  <div class='ocr_page' id='page_1' title='image "/cluster/home/n/w/nwhite01/storage/ocr_20150623/130/hvd.32044015471717/315.png"; bbox 0 0 3820 5318; ppageno 0'>
   <div class='ocr_carea' id='block_1_1' title="bbox 541 273 640 330">
    <p class='ocr_par' dir='ltr' id='par_1_1' title="bbox 541 273 640 330">
     <span class='ocr_line' id='line_1_1' title="bbox 541 273 640 330; baseline 0.01 -1"><span class='ocrx_word' id='word_1_1' title='bbox 541 273 640 330; x_wconf 76' lang='grc'><strong>571</strong></span> 
     </span>
    </p>
   </div>
   <div class='ocr_carea' id='block_1_2' title="bbox 1387 270 3744 390">
    <p class='ocr_par' dir='ltr' id='par_1_2' title="bbox 1387 270 3744 390">
     <span class='ocr_line' id='line_1_2' title="bbox 1387 270 3744 390; baseline 0.02 -47"><span class='ocrx_word' id='word_1_2' title='bbox 1387 289 1679 348; x_wconf 84' lang='lat' dir='ltr'><strong>APPEND.</strong></span> <span class='ocrx_word' id='word_1_3' title='bbox 1720 293 1811 349; x_wconf 79' lang='lat' dir='ltr'><strong>AD</strong></span> <span class='ocrx_word' id='word_1_4' title='bbox 1853 288 2023 346; x_wconf 64' lang='lat' dir='ltr'><strong>SJEC.</strong></span> <span class='ocrx_word' id='word_1_5' title='bbox 2065 291 2155 347; x_wconf 81' lang='lat' dir='ltr'><strong>IX.</strong></span> <span class='ocrx_word' id='word_1_6' title='bbox 2192 326 2262 339; x_wconf 86' lang='lat'><strong>-—</strong></span> <span class='ocrx_word' id='word_1_7' title='bbox 2299 299 2546 362; x_wconf 82' lang='lat' dir='ltr'><strong>lSlDORl</strong></span> <span class='ocrx_word' id='word_1_8' title='bbox 2578 308 3014 373; x_wconf 76' lang='lat' dir='ltr'><strong>MERCATORIS</strong></span> <span class='ocrx_word' id='word_1_9' title='bbox 3490 270 3501 285; x_wconf 24' lang='grc' dir='ltr'>ἱ</span> <span class='ocrx_word' id='word_1_10' title='bbox 3669 334 3744 390; x_wconf 72' lang='grc' dir='ltr'>5ἷέ</span> 
     </span>
    </p>
   </div>
   <div class='ocr_carea' id='block_1_3' title="bbox 610 387 3744 499">
    <p class='ocr_par' dir='ltr' id='par_1_3' title="bbox 610 387 3744 499">
     <span class='ocr_line' id='line_1_3' title="bbox 610 387 3744 499; baseline 0.018 -55"><span class='ocrx_word' id='word_1_11' title='bbox 610 387 854 445; x_wconf 79' lang='lat' dir='ltr'><strong>XXXIX.</strong></span> <span class='ocrx_word' id='word_1_12' title='bbox 896 392 1026 449; x_wconf 84' lang='lat' dir='ltr'><strong>Item</strong></span> <span class='ocrx_word' id='word_1_13' title='bbox 1051 394 1268 464; x_wconf 91' lang='lat' dir='ltr'><strong>placuit,</strong></span> <span class='ocrx_word' id='word_1_14' title='bbox 1292 407 1352 454; x_wconf 93' lang='lat' dir='ltr'><strong>ut</strong></span> <span class='ocrx_word' id='word_1_15' title='bbox 1370 401 1415 456; x_wconf 90' lang='lat' dir='ltr'><strong>si</strong></span> <span class='ocrx_word' id='word_1_16' title='bbox 1441 404 1570 473; x_wconf 89' lang='lat' dir='ltr'><strong>quid</strong></span> <span class='ocrx_word' id='word_1_17' title='bbox 1596 421 1662 460; x_wconf 81' lang='lat' dir='ltr'><strong>ex</strong></span> <span class='ocrx_word' id='word_1_18' title='bbox 1687 407 1972 466; x_wconf 80' lang='lat' dir='ltr'><strong>collatione</strong></span> <span class='ocrx_word' id='word_1_19' title='bbox 1998 409 2118 467; x_wconf 81' lang='lat' dir='ltr'><strong>ﬁde-</strong></span> <span class='ocrx_word' id='word_1_20' title='bbox 2148 415 2196 475; x_wconf 81' lang='grc' dir='ltr'><strong>Α</strong></span> <span class='ocrx_word' id='word_1_21' title='bbox 2225 426 2318 472; x_wconf 90' lang='lat' dir='ltr'><strong>aut</strong></span> <span class='ocrx_word' id='word_1_22' title='bbox 2354 421 2675 478; x_wconf 83' lang='lat' dir='ltr'><strong>monachum</strong></span> <span class='ocrx_word' id='word_1_23' title='bbox 2715 438 2863 482; x_wconf 76' lang='lat' dir='ltr'><strong>same</strong></span> <span class='ocrx_word' id='word_1_24' title='bbox 2903 426 3031 486; x_wconf 84' lang='lat' dir='ltr'><strong>huic</strong></span> <span class='ocrx_word' id='word_1_25' title='bbox 3055 429 3314 489; x_wconf 66' lang='lat' dir='ltr'><strong>doctrinae</strong></span> <span class='ocrx_word' id='word_1_26' title='bbox 3350 438 3668 497; x_wconf 77' lang='lat' dir='ltr'><strong>resistentem</strong></span> <span class='ocrx_word' id='word_1_27' title='bbox 3689 446 3744 499; x_wconf 61' lang='grc' dir='ltr'><strong>ὴ-</strong></span> 
     </span>
    </p>
   </div>
   <div class='ocr_carea' id='block_1_4' title="bbox 539 477 2120 571">
    <p class='ocr_par' dir='ltr' id='par_1_4' title="bbox 539 477 2120 571">
     <span class='ocr_line' id='line_1_4' title="bbox 539 477 2120 571; baseline 0.017 -39"><span class='ocrx_word' id='word_1_28' title='bbox 539 477 695 547; x_wconf 88' lang='lat' dir='ltr'><strong>lium,</strong></span> <span class='ocrx_word' id='word_1_29' title='bbox 735 491 829 538; x_wconf 91' lang='lat' dir='ltr'><strong>aut</strong></span> <span class='ocrx_word' id='word_1_30' title='bbox 866 498 966 553; x_wconf 83' lang='lat' dir='ltr'><strong>per</strong></span> <span class='ocrx_word' id='word_1_31' title='bbox 1002 485 1323 545; x_wconf 78' lang='lat' dir='ltr'><strong>festivitates</strong></span> <span class='ocrx_word' id='word_1_32' title='bbox 1362 503 1681 565; x_wconf 81' lang='lat' dir='ltr'><strong>martyrum,</strong></span> <span class='ocrx_word' id='word_1_33' title='bbox 1712 510 1806 553; x_wconf 89' lang='lat' dir='ltr'><strong>aut</strong></span> <span class='ocrx_word' id='word_1_34' title='bbox 1842 515 1939 571; x_wconf 87' lang='lat' dir='ltr'><strong>per</strong></span> <span class='ocrx_word' id='word_1_35' title='bbox 1971 516 2120 558; x_wconf 87' lang='lat' dir='ltr'><strong>com-</strong></span> 
     </span>
    </p>
   </div>
   <div class='ocr_carea' id='block_1_5' title="bbox 540 573 2124 657">
    <p class='ocr_par' dir='ltr' id='par_1_5' title="bbox 540 573 2124 657">
     <span class='ocr_line' id='line_1_5' title="bbox 540 573 2124 657; baseline 0.015 -32"><span class='ocrx_word' id='word_1_36' title='bbox 540 573 983 628; x_wconf 86' lang='lat' dir='ltr'><strong>memorationem</strong></span> <span class='ocrx_word' id='word_1_37' title='bbox 1008 574 1377 636; x_wconf 80' lang='lat' dir='ltr'><strong>defunctorum</strong></span> <span class='ocrx_word' id='word_1_38' title='bbox 1397 582 1640 652; x_wconf 75' lang='lat' dir='ltr'><strong>offertur,</strong></span> <span class='ocrx_word' id='word_1_39' title='bbox 1663 588 1804 657; x_wconf 89' lang='lat' dir='ltr'><strong>apud</strong></span> <span class='ocrx_word' id='word_1_40' title='bbox 1828 606 1991 647; x_wconf 90' lang='lat' dir='ltr'><strong>unum</strong></span> <span class='ocrx_word' id='word_1_41' title='bbox 2014 592 2124 648; x_wconf 62' lang='lat' dir='ltr'><strong>cleo</strong></span> 
     </span>
    </p>
   </div>
   <div class='ocr_carea' id='block_1_6' title="bbox 540 659 2122 751">
    <p class='ocr_par' dir='ltr' id='par_1_6' title="bbox 540 659 2122 751">
     <span class='ocr_line' id='line_1_6' title="bbox 540 659 2122 751; baseline 0.015 -36"><span class='ocrx_word' id='word_1_42' title='bbox 540 659 774 716; x_wconf 83' lang='lat' dir='ltr'><strong>ricorum</strong></span> <span class='ocrx_word' id='word_1_43' title='bbox 802 663 1034 721; x_wconf 82' lang='lat' dir='ltr'><strong>ﬁdeliter</strong></span> <span class='ocrx_word' id='word_1_44' title='bbox 1051 668 1350 740; x_wconf 77' lang='lat' dir='ltr'><strong>colligatur,</strong></span> <span class='ocrx_word' id='word_1_45' title='bbox 1365 682 1420 729; x_wconf 92' lang='lat' dir='ltr'><strong>et</strong></span> <span class='ocrx_word' id='word_1_46' title='bbox 1439 677 1731 734; x_wconf 88' lang='lat' dir='ltr'><strong>constituto</strong></span> <span class='ocrx_word' id='word_1_47' title='bbox 1757 688 2014 751; x_wconf 88' lang='lat' dir='ltr'><strong>tempore,</strong></span> <span class='ocrx_word' id='word_1_48' title='bbox 2031 692 2122 739; x_wconf 84' lang='lat' dir='ltr'><strong>aut</strong></span> 
     </span>
    </p>
   </div>
   <div class='ocr_carea' id='block_1_7' title="bbox 539 753 2125 830">
    <p class='ocr_par' dir='ltr' id='par_1_7' title="bbox 539 753 2125 830">
     <span class='ocr_line' id='line_1_7' title="bbox 539 753 2125 830; baseline 0.015 -23"><span class='ocrx_word' id='word_1_49' title='bbox 539 753 726 819; x_wconf 83' lang='lat' dir='ltr'><strong>semel,</strong></span> <span class='ocrx_word' id='word_1_50' title='bbox 756 764 848 810; x_wconf 91' lang='lat' dir='ltr'><strong>aut</strong></span> <span class='ocrx_word' id='word_1_51' title='bbox 884 756 966 813; x_wconf 87' lang='lat' dir='ltr'><strong>bis</strong></span> <span class='ocrx_word' id='word_1_52' title='bbox 1002 760 1053 814; x_wconf 92' lang='lat' dir='ltr'><strong>in</strong></span> <span class='ocrx_word' id='word_1_53' title='bbox 1092 776 1235 817; x_wconf 92' lang='lat' dir='ltr'><strong>anno</strong></span> <span class='ocrx_word' id='word_1_54' title='bbox 1274 765 1414 820; x_wconf 89' lang='lat' dir='ltr'><strong>inter</strong></span> <span class='ocrx_word' id='word_1_55' title='bbox 1450 782 1637 824; x_wconf 91' lang='lat' dir='ltr'><strong>omnes</strong></span> <span class='ocrx_word' id='word_1_56' title='bbox 1662 771 1888 827; x_wconf 88' lang='lat' dir='ltr'><strong>clericos</strong></span> <span class='ocrx_word' id='word_1_57' title='bbox 1914 774 2125 830; x_wconf 80' lang='lat' dir='ltr'><strong>divida-</strong></span> 
     </span>
    </p>
   </div>
   <div class='ocr_carea' id='block_1_8' title="bbox 538 850 2122 929">
    <p class='ocr_par' dir='ltr' id='par_1_8' title="bbox 538 850 2122 929">
     <span class='ocr_line' id='line_1_8' title="bbox 538 850 2122 929; baseline 0.017 -35"><span class='ocrx_word' id='word_1_58' title='bbox 538 850 656 908; x_wconf 86' lang='lat' dir='ltr'><strong>tur;</strong></span> <span class='ocrx_word' id='word_1_59' title='bbox 692 860 815 899; x_wconf 90' lang='lat' dir='ltr'><strong>nam</strong></span> <span class='ocrx_word' id='word_1_60' title='bbox 841 861 950 902; x_wconf 89' lang='lat' dir='ltr'><strong>non</strong></span> <span class='ocrx_word' id='word_1_61' title='bbox 990 851 1198 907; x_wconf 90' lang='lat' dir='ltr'><strong>modice</strong></span> <span class='ocrx_word' id='word_1_62' title='bbox 1223 868 1289 907; x_wconf 80' lang='lat' dir='ltr'><strong>ex</strong></span> <span class='ocrx_word' id='word_1_63' title='bbox 1325 855 1438 924; x_wconf 86' lang='lat' dir='ltr'><strong>ipsa</strong></span> <span class='ocrx_word' id='word_1_64' title='bbox 1463 858 1823 929; x_wconf 72' lang='lat' dir='ltr'><strong>inmqualitate</strong></span> <span class='ocrx_word' id='word_1_65' title='bbox 1843 863 2122 921; x_wconf 64' lang='lat' dir='ltr'><strong>discordiae</strong></span> 
     </span>
    </p>
   </div>
   <div class='ocr_carea' id='block_1_9' title="bbox 532 941 2120 1029">
    <p class='ocr_par' dir='ltr' id='par_1_9' title="bbox 532 941 2120 1029">
     <span class='ocr_line' id='line_1_9' title="bbox 532 941 2120 1029; baseline 0.018 -43"><span class='ocrx_word' id='word_1_66' title='bbox 532 944 878 1003; x_wconf 81' lang='lat' dir='ltr'><strong>generantur,</strong></span> <span class='ocrx_word' id='word_1_67' title='bbox 908 941 989 995; x_wconf 90' lang='lat' dir='ltr'><strong>sic</strong></span> <span class='ocrx_word' id='word_1_68' title='bbox 1018 945 1385 1017; x_wconf 82' lang='lat' dir='ltr'><strong>unusquisque</strong></span> <span class='ocrx_word' id='word_1_69' title='bbox 1415 948 1468 1003; x_wconf 93' lang='lat' dir='ltr'><strong>in</strong></span> <span class='ocrx_word' id='word_1_70' title='bbox 1500 965 1596 1006; x_wconf 91' lang='lat' dir='ltr'><strong>sua</strong></span> <span class='ocrx_word' id='word_1_71' title='bbox 1638 954 1954 1029; x_wconf 87' lang='lat' dir='ltr'><strong>septimana_</strong></span> <span class='ocrx_word' id='word_1_72' title='bbox 1977 958 2120 1028; x_wconf 90' lang='lat' dir='ltr'><strong>quod</strong></span> 
     </span>
    </p>
   </div>
   <div class='ocr_carea' id='block_1_10' title="bbox 530 1024 1410 1106">
    <p class='ocr_par' dir='ltr' id='par_1_10' title="bbox 530 1024 1410 1106">
     <span class='ocr_line' id='line_1_10' title="bbox 530 1024 1410 1106; baseline 0.017 -27"><span class='ocrx_word' id='word_1_73' title='bbox 530 1024 773 1081; x_wconf 90' lang='lat' dir='ltr'><strong>oblatum</strong></span> <span class='ocrx_word' id='word_1_74' title='bbox 804 1029 966 1085; x_wconf 88' lang='lat' dir='ltr'><strong>fuerit</strong></span> <span class='ocrx_word' id='word_1_75' title='bbox 993 1034 1094 1089; x_wconf 89' lang='lat' dir='ltr'><strong>sibi</strong></span> <span class='ocrx_word' id='word_1_76' title='bbox 1126 1036 1410 1106; x_wconf 84' lang='lat' dir='ltr'><strong>dependat.</strong></span> 
     </span>
    </p>
   </div>
   <div class='ocr_carea' id='block_1_11' title="bbox 604 1115 2121 1206">
    <p class='ocr_par' dir='ltr' id='par_1_11' title="bbox 604 1115 2121 1206">
     <span class='ocr_line' id='line_1_11' title="bbox 604 1115 2121 1206; baseline 0.019 -37"><span class='ocrx_word' id='word_1_77' title='bbox 604 1115 716 1171; x_wconf 78' lang='lat' dir='ltr'><strong>XL.</strong></span> <span class='ocrx_word' id='word_1_78' title='bbox 758 1119 888 1175; x_wconf 91' lang='lat' dir='ltr'><strong>ltcm</strong></span> <span class='ocrx_word' id='word_1_79' title='bbox 924 1122 1156 1193; x_wconf 89' lang='lat' dir='ltr'><strong>placuit,</strong></span> <span class='ocrx_word' id='word_1_80' title='bbox 1197 1137 1252 1183; x_wconf 94' lang='lat' dir='ltr'><strong>ut</strong></span> <span class='ocrx_word' id='word_1_81' title='bbox 1290 1140 1554 1201; x_wconf 68' lang='lat' dir='ltr'><strong>praecepta</strong></span> <span class='ocrx_word' id='word_1_82' title='bbox 1587 1136 1927 1206; x_wconf 89' lang='lat' dir='ltr'><strong>antiquorum</strong></span> <span class='ocrx_word' id='word_1_83' title='bbox 1959 1156 2121 1197; x_wconf 87' lang='lat' dir='ltr'><strong>cano-</strong></span> 
     </span>
    </p>
   </div>
   <div class='ocr_carea' id='block_1_12' title="bbox 529 1207 2121 1295">
    <p class='ocr_par' dir='ltr' id='par_1_12' title="bbox 529 1207 2121 1295">
     <span class='ocr_line' id='line_1_12' title="bbox 529 1207 2121 1295; baseline 0.016 -36"><span class='ocrx_word' id='word_1_84' title='bbox 529 1220 661 1260; x_wconf 92' lang='lat' dir='ltr'><strong>num</strong></span> <span class='ocrx_word' id='word_1_85' title='bbox 708 1207 998 1279; x_wconf 88' lang='lat' dir='ltr'><strong>(quomodo</strong></span> <span class='ocrx_word' id='word_1_86' title='bbox 1026 1212 1081 1268; x_wconf 91' lang='lat' dir='ltr'><strong>in</strong></span> <span class='ocrx_word' id='word_1_87' title='bbox 1122 1217 1350 1273; x_wconf 92' lang='lat' dir='ltr'><strong>concilio</strong></span> <span class='ocrx_word' id='word_1_88' title='bbox 1381 1222 1602 1277; x_wconf 85' lang='lat' dir='ltr'><strong>recitata</strong></span> <span class='ocrx_word' id='word_1_89' title='bbox 1634 1226 1780 1295; x_wconf 87' lang='lat' dir='ltr'><strong>sunt)</strong></span> <span class='ocrx_word' id='word_1_90' title='bbox 1825 1228 2004 1284; x_wconf 89' lang='lat' dir='ltr'><strong>nullus</strong></span> <span class='ocrx_word' id='word_1_91' title='bbox 2026 1246 2121 1284; x_wconf 85' lang='lat' dir='ltr'><strong>au-</strong></span> 
     </span>
    </p>
   </div>
   <div class='ocr_carea' id='block_1_13' title="bbox 531 1298 2120 1389">
    <p class='ocr_par' dir='ltr' id='par_1_13' title="bbox 531 1298 2120 1389">
     <span class='ocr_line' id='line_1_13' title="bbox 531 1298 2120 1389; baseline 0.016 -39"><span class='ocrx_word' id='word_1_92' title='bbox 531 1298 657 1352; x_wconf 87' lang='lat' dir='ltr'><strong>deat</strong></span> <span class='ocrx_word' id='word_1_93' title='bbox 683 1303 989 1369; x_wconf 84' lang='lat' dir='ltr'><strong>praeterire;</strong></span> <span class='ocrx_word' id='word_1_94' title='bbox 1011 1306 1054 1359; x_wconf 90' lang='lat' dir='ltr'><strong>si</strong></span> <span class='ocrx_word' id='word_1_95' title='bbox 1079 1308 1200 1375; x_wconf 88' lang='lat' dir='ltr'><strong>quis</strong></span> <span class='ocrx_word' id='word_1_96' title='bbox 1221 1318 1400 1365; x_wconf 90' lang='lat' dir='ltr'><strong>autem</strong></span> <span class='ocrx_word' id='word_1_97' title='bbox 1419 1321 1705 1369; x_wconf 84' lang='lat' dir='ltr'><strong>contumax</strong></span> <span class='ocrx_word' id='word_1_98' title='bbox 1731 1318 2120 1389; x_wconf 88' lang='lat' dir='ltr'><strong>transgreditur</strong></span> 
     </span>
    </p>
   </div>
   <div class='ocr_carea' id='block_1_14' title="bbox 530 1389 2118 1474">
    <p class='ocr_par' dir='ltr' id='par_1_14' title="bbox 530 1389 2118 1474">
     <span class='ocr_line' id='line_1_14' title="bbox 530 1389 2118 1474; baseline 0.016 -32"><span class='ocrx_word' id='word_1_99' title='bbox 530 1389 664 1454; x_wconf 87' lang='lat' dir='ltr'><strong>ista,</strong></span> <span class='ocrx_word' id='word_1_100' title='bbox 706 1407 926 1450; x_wconf 89' lang='lat' dir='ltr'><strong>necesse</strong></span> <span class='ocrx_word' id='word_1_101' title='bbox 959 1406 1042 1452; x_wconf 90' lang='lat' dir='ltr'><strong>est</strong></span> <span class='ocrx_word' id='word_1_102' title='bbox 1074 1408 1133 1453; x_wconf 95' lang='lat' dir='ltr'><strong>ut</strong></span> <span class='ocrx_word' id='word_1_103' title='bbox 1159 1400 1224 1455; x_wconf 90' lang='lat' dir='ltr'><strong>de</strong></span> <span class='ocrx_word' id='word_1_104' title='bbox 1260 1416 1358 1456; x_wconf 89' lang='lat' dir='ltr'><strong>suo</strong></span> <span class='ocrx_word' id='word_1_105' title='bbox 1382 1404 1705 1474; x_wconf 81' lang='lat' dir='ltr'><strong>degradetur</strong></span> <span class='ocrx_word' id='word_1_106' title='bbox 1737 1406 1931 1465; x_wconf 82' lang='lat' dir='ltr'><strong>ofﬁcio.</strong></span> <span class='ocrx_word' id='word_1_107' title='bbox 1962 1410 2118 1468; x_wconf 84' lang='lat' dir='ltr'><strong>Rele-</strong></span> 
     </span>
    </p>
   </div>
   <div class='ocr_carea' id='block_1_15' title="bbox 532 1479 2120 1570">
    <p class='ocr_par' dir='ltr' id='par_1_15' title="bbox 532 1479 2120 1570">
     <span class='ocr_line' id='line_1_15' title="bbox 532 1479 2120 1570; baseline 0.016 -40"><span class='ocrx_word' id='word_1_108' title='bbox 532 1479 635 1570; x_wconf 76' lang='lat' dir='ltr'><strong>ctis</strong></span> <span class='ocrx_word' id='word_1_109' title='bbox 666 1482 912 1551; x_wconf 90' lang='lat' dir='ltr'><strong>capitulis</strong></span> <span class='ocrx_word' id='word_1_110' title='bbox 940 1484 1223 1545; x_wconf 79' lang='lat' dir='ltr'><strong>Lucretius</strong></span> <span class='ocrx_word' id='word_1_111' title='bbox 1246 1492 1527 1563; x_wconf 90' lang='lat' dir='ltr'><strong>episcopus</strong></span> <span class='ocrx_word' id='word_1_112' title='bbox 1552 1495 1688 1550; x_wconf 78' lang='lat' dir='ltr'><strong>dixit</strong></span> <span class='ocrx_word' id='word_1_113' title='bbox 1723 1513 1736 1550; x_wconf 92' lang='lat'><strong>:</strong></span> <span class='ocrx_word' id='word_1_114' title='bbox 1780 1496 1914 1564; x_wconf 86' lang='lat' dir='ltr'><strong>Quia</strong></span> <span class='ocrx_word' id='word_1_115' title='bbox 1939 1500 2120 1570; x_wconf 91' lang='lat' dir='ltr'><strong>opitu-</strong></span> 
     </span>
    </p>
   </div>
   <div class='ocr_carea' id='block_1_16' title="bbox 530 1558 2116 1651">
    <p class='ocr_par' dir='ltr' id='par_1_16' title="bbox 530 1558 2116 1651">
     <span class='ocr_line' id='line_1_16' title="bbox 530 1558 2116 1651; baseline 0.018 -30"><span class='ocrx_word' id='word_1_116' title='bbox 530 1558 678 1626; x_wconf 78' lang='lat' dir='ltr'><strong>lante</strong></span> <span class='ocrx_word' id='word_1_117' title='bbox 701 1572 928 1631; x_wconf 91' lang='lat' dir='ltr'><strong>Domino</strong></span> <span class='ocrx_word' id='word_1_118' title='bbox 957 1577 1109 1634; x_wconf 89' lang='lat' dir='ltr'><strong>nobis</strong></span> <span class='ocrx_word' id='word_1_119' title='bbox 1134 1595 1195 1635; x_wconf 91' lang='lat' dir='ltr'><strong>ea</strong></span> <span class='ocrx_word' id='word_1_120' title='bbox 1224 1558 1344 1651; x_wconf 75' lang='lat' dir='ltr'><strong>qua:</strong></span> <span class='ocrx_word' id='word_1_121' title='bbox 1372 1558 1737 1643; x_wconf 84' lang='lat' dir='ltr'><strong>inﬁrmitatem</strong></span> <span class='ocrx_word' id='word_1_122' title='bbox 1763 1558 2040 1648; x_wconf 66' lang='lat' dir='ltr'><strong>catholica:</strong></span> <span class='ocrx_word' id='word_1_123' title='bbox 2061 1603 2116 1650; x_wconf 92' lang='lat' dir='ltr'><strong>et</strong></span> 
     </span>
    </p>
   </div>
   <div class='ocr_carea' id='block_1_17' title="bbox 531 1662 2110 1744">
    <p class='ocr_par' dir='ltr' id='par_1_17' title="bbox 531 1662 2110 1744">
     <span class='ocr_line' id='line_1_17' title="bbox 531 1662 2110 1744; baseline 0.018 -30"><span class='ocrx_word' id='word_1_124' title='bbox 531 1662 844 1721; x_wconf 74' lang='lat' dir='ltr'><strong>orthodoxae</strong></span> <span class='ocrx_word' id='word_1_125' title='bbox 875 1667 1017 1733; x_wconf 90' lang='lat' dir='ltr'><strong>ﬁdei,</strong></span> <span class='ocrx_word' id='word_1_126' title='bbox 1058 1670 1141 1728; x_wconf 95' lang='lat' dir='ltr'><strong>vel</strong></span> <span class='ocrx_word' id='word_1_127' title='bbox 1170 1690 1289 1743; x_wconf 66' lang='lat' dir='ltr'><strong>qua:</strong></span> <span class='ocrx_word' id='word_1_128' title='bbox 1326 1675 1391 1730; x_wconf 92' lang='lat' dir='ltr'><strong>ad</strong></span> <span class='ocrx_word' id='word_1_129' title='bbox 1430 1676 1659 1735; x_wconf 86' lang='lat' dir='ltr'><strong>oﬁicium</strong></span> <span class='ocrx_word' id='word_1_130' title='bbox 1701 1682 1906 1739; x_wconf 87' lang='lat' dir='ltr'><strong>ordinis</strong></span> <span class='ocrx_word' id='word_1_131' title='bbox 1934 1687 2110 1744; x_wconf 88' lang='lat' dir='ltr'><strong>eccle-</strong></span> 
     </span>
    </p>
   </div>
   <div class='ocr_carea' id='block_1_18' title="bbox 2224 509 3747 589">
    <p class='ocr_par' dir='ltr' id='par_1_18' title="bbox 2224 509 3747 589">
     <span class='ocr_line' id='line_1_18' title="bbox 2224 509 3747 589; baseline 0.02 -31"><span class='ocrx_word' id='word_1_132' title='bbox 2224 509 2452 575; x_wconf 91' lang='lat' dir='ltr'><strong>vcnerit,</strong></span> <span class='ocrx_word' id='word_1_133' title='bbox 2475 519 2568 565; x_wconf 88' lang='lat' dir='ltr'><strong>aut</strong></span> <span class='ocrx_word' id='word_1_134' title='bbox 2589 513 2644 567; x_wconf 93' lang='lat' dir='ltr'><strong>in</strong></span> <span class='ocrx_word' id='word_1_135' title='bbox 2672 513 2850 585; x_wconf 89' lang='lat' dir='ltr'><strong>aliquo</strong></span> <span class='ocrx_word' id='word_1_136' title='bbox 2873 518 3047 575; x_wconf 86' lang='lat' dir='ltr'><strong>adhuc</strong></span> <span class='ocrx_word' id='word_1_137' title='bbox 3066 519 3412 581; x_wconf 68' lang='lat' dir='ltr'><strong>Priscillianre</strong></span> <span class='ocrx_word' id='word_1_138' title='bbox 3434 538 3589 585; x_wconf 73' lang='lat' dir='ltr'><strong>secta:</strong></span> <span class='ocrx_word' id='word_1_139' title='bbox 3604 547 3747 589; x_wconf 80' lang='lat' dir='ltr'><strong>errore</strong></span> 
     </span>
    </p>
   </div>
   <div class='ocr_carea' id='block_1_19' title="bbox 2222 598 3746 678">
    <p class='ocr_par' dir='ltr' id='par_1_19' title="bbox 2222 598 3746 678">
     <span class='ocr_line' id='line_1_19' title="bbox 2222 598 3746 678; baseline 0.018 -26"><span class='ocrx_word' id='word_1_140' title='bbox 2222 598 2436 657; x_wconf 90' lang='lat' dir='ltr'><strong>latitare</strong></span> <span class='ocrx_word' id='word_1_141' title='bbox 2478 607 2828 673; x_wconf 88' lang='lat' dir='ltr'><strong>persenserit,</strong></span> <span class='ocrx_word' id='word_1_142' title='bbox 2870 618 2926 665; x_wconf 90' lang='lat' dir='ltr'><strong>et</strong></span> <span class='ocrx_word' id='word_1_143' title='bbox 2963 626 3070 668; x_wconf 91' lang='lat' dir='ltr'><strong>non</strong></span> <span class='ocrx_word' id='word_1_144' title='bbox 3111 615 3366 673; x_wconf 89' lang='lat' dir='ltr'><strong>continuo</strong></span> <span class='ocrx_word' id='word_1_145' title='bbox 3409 618 3556 674; x_wconf 90' lang='lat' dir='ltr'><strong>illum</strong></span> <span class='ocrx_word' id='word_1_146' title='bbox 3579 636 3746 678; x_wconf 74' lang='lat' dir='ltr'><strong>excom-</strong></span> 
     </span>
    </p>
   </div>
   <div class='ocr_carea' id='block_1_20' title="bbox 2222 692 3749 777">
    <p class='ocr_par' dir='ltr' id='par_1_20' title="bbox 2222 692 3749 777">
     <span class='ocr_line' id='line_1_20' title="bbox 2222 692 3749 777; baseline 0.016 -34"><span class='ocrx_word' id='word_1_147' title='bbox 2222 692 2552 747; x_wconf 85' lang='lat' dir='ltr'><strong>municatum</strong></span> <span class='ocrx_word' id='word_1_148' title='bbox 2589 703 2644 749; x_wconf 91' lang='lat' dir='ltr'><strong>et</strong></span> <span class='ocrx_word' id='word_1_149' title='bbox 2673 698 3184 758; x_wconf 84' lang='lat' dir='ltr'><strong>anatltematizatum</strong></span> <span class='ocrx_word' id='word_1_150' title='bbox 3225 706 3295 760; x_wconf 92' lang='lat' dir='ltr'><strong>de</strong></span> <span class='ocrx_word' id='word_1_151' title='bbox 3325 707 3549 763; x_wconf 83' lang='lat' dir='ltr'><strong>ecclesia</strong></span> <span class='ocrx_word' id='word_1_152' title='bbox 3574 711 3749 777; x_wconf 78' lang='lat' dir='ltr'><strong>eiecerit</strong></span> 
     </span>
    </p>
   </div>
   <div class='ocr_carea' id='block_1_21' title="bbox 2221 778 3746 863">
    <p class='ocr_par' dir='ltr' id='par_1_21' title="bbox 2221 778 3746 863">
     <span class='ocr_line' id='line_1_21' title="bbox 2221 778 3746 863; baseline 0.016 -29"><span class='ocrx_word' id='word_1_153' title='bbox 2221 778 2367 837; x_wconf 88' lang='lat' dir='ltr'><strong>foras</strong></span> <span class='ocrx_word' id='word_1_154' title='bbox 2389 784 2484 853; x_wconf 88' lang='lat' dir='ltr'><strong>(ita</strong></span> <span class='ocrx_word' id='word_1_155' title='bbox 2516 795 2576 840; x_wconf 92' lang='lat' dir='ltr'><strong>ut</strong></span> <span class='ocrx_word' id='word_1_156' title='bbox 2597 801 2721 842; x_wconf 91' lang='lat' dir='ltr'><strong>cum</strong></span> <span class='ocrx_word' id='word_1_157' title='bbox 2765 789 3068 859; x_wconf 74' lang='lat' dir='ltr'><strong>huiusmodi</strong></span> <span class='ocrx_word' id='word_1_158' title='bbox 3099 795 3338 863; x_wconf 86' lang='lat' dir='ltr'><strong>homine,</strong></span> <span class='ocrx_word' id='word_1_159' title='bbox 3368 814 3472 854; x_wconf 89' lang='lat' dir='ltr'><strong>nec</strong></span> <span class='ocrx_word' id='word_1_160' title='bbox 3496 800 3661 855; x_wconf 83' lang='lat' dir='ltr'><strong>cibum</strong></span> <span class='ocrx_word' id='word_1_161' title='bbox 3681 804 3746 857; x_wconf 68' lang='lat' dir='ltr'><strong>ai-</strong></span> 
     </span>
    </p>
   </div>
   <div class='ocr_carea' id='block_1_22' title="bbox 2221 870 3746 959">
    <p class='ocr_par' dir='ltr' id='par_1_22' title="bbox 2221 870 3746 959">
     <span class='ocr_line' id='line_1_22' title="bbox 2221 870 3746 959; baseline 0.015 -35"><span class='ocrx_word' id='word_1_162' title='bbox 2221 870 2340 940; x_wconf 90' lang='lat' dir='ltr'><strong>quis</strong></span> <span class='ocrx_word' id='word_1_163' title='bbox 2365 872 2536 928; x_wconf 88' lang='lat' dir='ltr'><strong>ﬁdelis</strong></span> <span class='ocrx_word' id='word_1_164' title='bbox 2563 890 2798 944; x_wconf 89' lang='lat' dir='ltr'><strong>sumere,</strong></span> <span class='ocrx_word' id='word_1_165' title='bbox 2823 893 2920 936; x_wconf 89' lang='lat' dir='ltr'><strong>nec</strong></span> <span class='ocrx_word' id='word_1_166' title='bbox 2945 885 3346 942; x_wconf 86' lang='lat' dir='ltr'><strong>communicare</strong></span> <span class='ocrx_word' id='word_1_167' title='bbox 3358 889 3746 959; x_wconf 57' lang='lat' dir='ltr'><strong>prmsumatml-</strong></span> 
     </span>
    </p>
   </div>
   <div class='ocr_carea' id='block_1_23' title="bbox 2218 962 3747 1045">
    <p class='ocr_par' dir='ltr' id='par_1_23' title="bbox 2218 962 3747 1045">
     <span class='ocr_line' id='line_1_23' title="bbox 2218 962 3747 1045; baseline 0.016 -32"><span class='ocrx_word' id='word_1_168' title='bbox 2218 962 2357 1016; x_wconf 88' lang='lat' dir='ltr'><strong>verit</strong></span> <span class='ocrx_word' id='word_1_169' title='bbox 2400 977 2460 1018; x_wconf 90' lang='lat' dir='ltr'><strong>se</strong></span> <span class='ocrx_word' id='word_1_170' title='bbox 2500 965 2566 1032; x_wconf 91' lang='lat' dir='ltr'><strong>is,</strong></span> <span class='ocrx_word' id='word_1_171' title='bbox 2610 967 2700 1037; x_wconf 91' lang='lat' dir='ltr'><strong>qui</strong></span> <span class='ocrx_word' id='word_1_172' title='bbox 2733 970 2894 1026; x_wconf 87' lang='lat' dir='ltr'><strong>talem</strong></span> <span class='ocrx_word' id='word_1_173' title='bbox 2939 976 3223 1045; x_wconf 88' lang='lat' dir='ltr'><strong>receperit,</strong></span> <span class='ocrx_word' id='word_1_174' title='bbox 3268 976 3522 1034; x_wconf 64' lang='lat' dir='ltr'><strong>fraterna:</strong></span> <span class='ocrx_word' id='word_1_175' title='bbox 3557 995 3747 1035; x_wconf 76' lang='lat' dir='ltr'><strong>esseet-</strong></span> 
     </span>
    </p>
   </div>
   <div class='ocr_carea' id='block_1_24' title="bbox 2220 1055 3750 1136">
    <p class='ocr_par' dir='ltr' id='par_1_24' title="bbox 2220 1055 3750 1136">
     <span class='ocr_line' id='line_1_24' title="bbox 2220 1055 3750 1136; baseline 0.013 -34"><span class='ocrx_word' id='word_1_176' title='bbox 2220 1055 2691 1111; x_wconf 90' lang='lat' dir='ltr'><strong>eommunieationi</strong></span> <span class='ocrx_word' id='word_1_177' title='bbox 2731 1059 3044 1130; x_wconf 80' lang='lat' dir='ltr'><strong>obnoxium,</strong></span> <span class='ocrx_word' id='word_1_178' title='bbox 3087 1072 3142 1118; x_wconf 89' lang='lat' dir='ltr'><strong>et</strong></span> <span class='ocrx_word' id='word_1_179' title='bbox 3187 1064 3383 1120; x_wconf 74' lang='lat' dir='ltr'><strong>divina:</strong></span> <span class='ocrx_word' id='word_1_180' title='bbox 3413 1067 3598 1136; x_wconf 81' lang='lat' dir='ltr'><strong>procul</strong></span> <span class='ocrx_word' id='word_1_181' title='bbox 3633 1067 3750 1122; x_wconf 74' lang='lat' dir='ltr'><strong>ditio</strong></span> 
     </span>
    </p>
   </div>
   <div class='ocr_carea' id='block_1_25' title="bbox 2218 1143 3746 1224">
    <p class='ocr_par' dir='ltr' id='par_1_25' title="bbox 2218 1143 3746 1224">
     <span class='ocr_line' id='line_1_25' title="bbox 2218 1143 3746 1224; baseline 0.011 -30"><span class='ocrx_word' id='word_1_182' title='bbox 2218 1143 2497 1198; x_wconf 67' lang='lat' dir='ltr'><strong>sententia:</strong></span> <span class='ocrx_word' id='word_1_183' title='bbox 2546 1161 2715 1202; x_wconf 90' lang='lat' dir='ltr'><strong>reum.</strong></span> <span class='ocrx_word' id='word_1_184' title='bbox 2751 1147 2952 1206; x_wconf 86' lang='lat' dir='ltr'><strong>Omnes</strong></span> <span class='ocrx_word' id='word_1_185' title='bbox 2996 1153 3231 1223; x_wconf 85' lang='lat' dir='ltr'><strong>episcopi</strong></span> <span class='ocrx_word' id='word_1_186' title='bbox 3282 1155 3540 1210; x_wconf 82' lang='lat' dir='ltr'><strong>dixerunt</strong></span> <span class='ocrx_word' id='word_1_187' title='bbox 3583 1174 3598 1209; x_wconf 88' lang='lat'><strong>:</strong></span> <span class='ocrx_word' id='word_1_188' title='bbox 3639 1156 3746 1224; x_wconf 64' lang='lat' dir='ltr'><strong>Qut</strong></span> 
     </span>
    </p>
   </div>
   <div class='ocr_carea' id='block_1_26' title="bbox 2218 1234 3745 1314">
    <p class='ocr_par' dir='ltr' id='par_1_26' title="bbox 2218 1234 3745 1314">
     <span class='ocr_line' id='line_1_26' title="bbox 2218 1234 3745 1314; baseline 0.011 -30"><span class='ocrx_word' id='word_1_189' title='bbox 2218 1244 2427 1299; x_wconf 89' lang='lat' dir='ltr'><strong>cunque</strong></span> <span class='ocrx_word' id='word_1_190' title='bbox 2470 1248 2499 1286; x_wconf 89' lang='lat' dir='ltr'><strong>a</strong></span> <span class='ocrx_word' id='word_1_191' title='bbox 2532 1234 2685 1290; x_wconf 91' lang='lat' dir='ltr'><strong>nobis</strong></span> <span class='ocrx_word' id='word_1_192' title='bbox 2714 1238 2864 1294; x_wconf 91' lang='lat' dir='ltr'><strong>unito</strong></span> <span class='ocrx_word' id='word_1_193' title='bbox 2892 1256 2988 1309; x_wconf 90' lang='lat' dir='ltr'><strong>per</strong></span> <span class='ocrx_word' id='word_1_194' title='bbox 3026 1242 3119 1297; x_wconf 89' lang='lat' dir='ltr'><strong>Dei</strong></span> <span class='ocrx_word' id='word_1_195' title='bbox 3147 1244 3377 1314; x_wconf 90' lang='lat' dir='ltr'><strong>gratiam</strong></span> <span class='ocrx_word' id='word_1_196' title='bbox 3408 1259 3661 1301; x_wconf 78' lang='lat' dir='ltr'><strong>consensn</strong></span> <span class='ocrx_word' id='word_1_197' title='bbox 3684 1246 3745 1300; x_wconf 68' lang='lat' dir='ltr'><strong>de-</strong></span> 
     </span>
    </p>
   </div>
   <div class='ocr_carea' id='block_1_27' title="bbox 2215 1330 3748 1399">
    <p class='ocr_par' dir='ltr' id='par_1_27' title="bbox 2215 1330 3748 1399">
     <span class='ocr_line' id='line_1_27' title="bbox 2215 1330 3748 1399; baseline 0.01 -22"><span class='ocrx_word' id='word_1_198' title='bbox 2215 1331 2364 1377; x_wconf 88' lang='lat' dir='ltr'><strong>creta</strong></span> <span class='ocrx_word' id='word_1_199' title='bbox 2398 1332 2542 1389; x_wconf 89' lang='lat' dir='ltr'><strong>sunt,</strong></span> <span class='ocrx_word' id='word_1_200' title='bbox 2570 1330 2812 1399; x_wconf 78' lang='lat' dir='ltr'><strong>pervigili</strong></span> <span class='ocrx_word' id='word_1_201' title='bbox 2854 1346 3074 1389; x_wconf 88' lang='lat' dir='ltr'><strong>necesse</strong></span> <span class='ocrx_word' id='word_1_202' title='bbox 3103 1344 3186 1389; x_wconf 90' lang='lat' dir='ltr'><strong>est</strong></span> <span class='ocrx_word' id='word_1_203' title='bbox 3214 1336 3577 1391; x_wconf 87' lang='lat' dir='ltr'><strong>sollicitudine</strong></span> <span class='ocrx_word' id='word_1_204' title='bbox 3610 1338 3748 1391; x_wconf 52' lang='lat' dir='ltr'><strong>obses</strong></span> 
     </span>
    </p>
   </div>
   <div class='ocr_carea' id='block_1_28' title="bbox 2216 1416 3750 1496">
    <p class='ocr_par' dir='ltr' id='par_1_28' title="bbox 2216 1416 3750 1496">
     <span class='ocr_line' id='line_1_28' title="bbox 2216 1416 3750 1496; baseline 0.012 -30"><span class='ocrx_word' id='word_1_205' title='bbox 2216 1422 2428 1470; x_wconf 90' lang='lat' dir='ltr'><strong>ventur.</strong></span> <span class='ocrx_word' id='word_1_206' title='bbox 2474 1416 2605 1483; x_wconf 65' lang='lat' dir='ltr'><strong>Quae</strong></span> <span class='ocrx_word' id='word_1_207' title='bbox 2651 1428 2711 1475; x_wconf 92' lang='lat' dir='ltr'><strong>ut</strong></span> <span class='ocrx_word' id='word_1_208' title='bbox 2756 1422 3104 1480; x_wconf 87' lang='lat' dir='ltr'><strong>stabilitatem</strong></span> <span class='ocrx_word' id='word_1_209' title='bbox 3141 1426 3359 1496; x_wconf 68' lang='lat' dir='ltr'><strong>placita:</strong></span> <span class='ocrx_word' id='word_1_210' title='bbox 3400 1429 3750 1484; x_wconf 69' lang='lat' dir='ltr'><strong>constitutimis</strong></span> 
     </span>
    </p>
   </div>
   <div class='ocr_carea' id='block_1_29' title="bbox 2214 1502 3752 1587">
    <p class='ocr_par' dir='ltr' id='par_1_29' title="bbox 2214 1502 3752 1587">
     <span class='ocr_line' id='line_1_29' title="bbox 2214 1502 3752 1587; baseline 0.012 -32"><span class='ocrx_word' id='word_1_211' title='bbox 2214 1502 2495 1560; x_wconf 89' lang='lat' dir='ltr'><strong>obtineant</strong></span> <span class='ocrx_word' id='word_1_212' title='bbox 2531 1506 2861 1578; x_wconf 87' lang='lat' dir='ltr'><strong>ﬁrmitatem,</strong></span> <span class='ocrx_word' id='word_1_213' title='bbox 2887 1515 3103 1585; x_wconf 91' lang='lat' dir='ltr'><strong>propria</strong></span> <span class='ocrx_word' id='word_1_214' title='bbox 3130 1518 3503 1587; x_wconf 85' lang='lat' dir='ltr'><strong>unusquisque</strong></span> <span class='ocrx_word' id='word_1_215' title='bbox 3532 1518 3616 1572; x_wconf 87' lang='lat' dir='ltr'><strong>bis</strong></span> <span class='ocrx_word' id='word_1_216' title='bbox 3632 1519 3752 1587; x_wconf 76' lang='lat' dir='ltr'><strong>gestis</strong></span> 
     </span>
    </p>
   </div>
   <div class='ocr_carea' id='block_1_30' title="bbox 2214 1596 3752 1678">
    <p class='ocr_par' dir='ltr' id='par_1_30' title="bbox 2214 1596 3752 1678">
     <span class='ocr_line' id='line_1_30' title="bbox 2214 1596 3752 1678; baseline 0.014 -32"><span class='ocrx_word' id='word_1_217' title='bbox 2214 1608 2375 1648; x_wconf 89' lang='lat' dir='ltr'><strong>manu</strong></span> <span class='ocrx_word' id='word_1_218' title='bbox 2421 1596 2742 1655; x_wconf 82' lang='lat' dir='ltr'><strong>subscribat.</strong></span> <span class='ocrx_word' id='word_1_219' title='bbox 2787 1601 2852 1657; x_wconf 86' lang='lat' dir='ltr'><strong>Et</strong></span> <span class='ocrx_word' id='word_1_220' title='bbox 2893 1612 3015 1674; x_wconf 90' lang='lat' dir='ltr'><strong>post</strong></span> <span class='ocrx_word' id='word_1_221' title='bbox 3054 1607 3432 1678; x_wconf 85' lang='lat' dir='ltr'><strong>episcoporum</strong></span> <span class='ocrx_word' id='word_1_222' title='bbox 3480 1609 3752 1677; x_wconf 74' lang='lat' dir='ltr'><strong>subscriptio</strong></span> 
     </span>
    </p>
   </div>
   <div class='ocr_carea' id='block_1_31' title="bbox 2215 1685 3753 1771">
    <p class='ocr_par' dir='ltr' id='par_1_31' title="bbox 2215 1685 3753 1771">
     <span class='ocr_line' id='line_1_31' title="bbox 2215 1685 3753 1771; baseline 0.01 -32"><span class='ocrx_word' id='word_1_223' title='bbox 2215 1685 2500 1743; x_wconf 86' lang='lat' dir='ltr'><strong>subsecuta</strong></span> <span class='ocrx_word' id='word_1_224' title='bbox 2542 1698 2642 1745; x_wconf 90' lang='lat' dir='ltr'><strong>est.</strong></span> <span class='ocrx_word' id='word_1_225' title='bbox 2676 1691 2956 1751; x_wconf 91' lang='lat' dir='ltr'><strong>Lucretius</strong></span> <span class='ocrx_word' id='word_1_226' title='bbox 2999 1699 3283 1768; x_wconf 90' lang='lat' dir='ltr'><strong>episcopus</strong></span> <span class='ocrx_word' id='word_1_227' title='bbox 3329 1700 3647 1771; x_wconf 84' lang='lat' dir='ltr'><strong>subscripsi.</strong></span> <span class='ocrx_word' id='word_1_228' title='bbox 3679 1700 3753 1754; x_wconf 67' lang='lat' dir='ltr'><strong>An-</strong></span> 
     </span>
    </p>
   </div>
   <div class='ocr_carea' id='block_1_32' title="bbox 529 1752 3752 1864">
    <p class='ocr_par' dir='ltr' id='par_1_32' title="bbox 529 1752 3752 1864">
     <span class='ocr_line' id='line_1_32' title="bbox 529 1752 3752 1864; baseline 0.014 -58"><span class='ocrx_word' id='word_1_229' title='bbox 529 1752 730 1810; x_wconf 85' lang='lat' dir='ltr'><strong>siastici</strong></span> <span class='ocrx_word' id='word_1_230' title='bbox 764 1760 1104 1828; x_wconf 89' lang='lat' dir='ltr'><strong>pertinebant</strong></span> <span class='ocrx_word' id='word_1_231' title='bbox 1143 1767 1382 1822; x_wconf 91' lang='lat' dir='ltr'><strong>unanimi</strong></span> <span class='ocrx_word' id='word_1_232' title='bbox 1415 1769 1575 1842; x_wconf 90' lang='lat' dir='ltr'><strong>(sicut</strong></span> <span class='ocrx_word' id='word_1_233' title='bbox 1601 1774 1904 1846; x_wconf 79' lang='lat' dir='ltr'><strong>oportebat)</strong></span> <span class='ocrx_word' id='word_1_234' title='bbox 1940 1776 2110 1834; x_wconf 87' lang='lat' dir='ltr'><strong>colla-</strong></span> <span class='ocrx_word' id='word_1_235' title='bbox 2142 1753 2188 1814; x_wconf 69' lang='grc' dir='ltr'><strong>Β</strong></span> <span class='ocrx_word' id='word_1_236' title='bbox 2217 1778 2374 1833; x_wconf 87' lang='lat' dir='ltr'><strong>dreas</strong></span> <span class='ocrx_word' id='word_1_237' title='bbox 2411 1781 2695 1853; x_wconf 88' lang='lat' dir='ltr'><strong>episcopus</strong></span> <span class='ocrx_word' id='word_1_238' title='bbox 2731 1752 3047 1859; x_wconf 65' lang='lat' dir='ltr'><strong>Subscripsi:</strong></span> <span class='ocrx_word' id='word_1_239' title='bbox 3086 1752 3310 1850; x_wconf 67' lang='lat' dir='ltr'><strong>Martius</strong></span> <span class='ocrx_word' id='word_1_240' title='bbox 3359 1752 3643 1864; x_wconf 67' lang='lat' dir='ltr'><strong>episcopus</strong></span> <span class='ocrx_word' id='word_1_241' title='bbox 3668 1796 3752 1849; x_wconf 53' lang='lat' dir='ltr'><strong>sui»</strong></span> 
     </span>
    </p>
   </div>
   <div class='ocr_carea' id='block_1_33' title="bbox 529 1843 2117 1927">
    <p class='ocr_par' dir='ltr' id='par_1_33' title="bbox 529 1843 2117 1927">
     <span class='ocr_line' id='line_1_33' title="bbox 529 1843 2117 1927; baseline 0.019 -31"><span class='ocrx_word' id='word_1_242' title='bbox 529 1843 675 1901; x_wconf 89' lang='lat' dir='ltr'><strong>tione</strong></span> <span class='ocrx_word' id='word_1_243' title='bbox 720 1847 1086 1920; x_wconf 78' lang='lat' dir='ltr'><strong>decrevimus;</strong></span> <span class='ocrx_word' id='word_1_244' title='bbox 1121 1866 1290 1914; x_wconf 84' lang='lat' dir='ltr'><strong>restat</strong></span> <span class='ocrx_word' id='word_1_245' title='bbox 1335 1877 1499 1927; x_wconf 90' lang='lat' dir='ltr'><strong>nunc,</strong></span> <span class='ocrx_word' id='word_1_246' title='bbox 1531 1872 1592 1918; x_wconf 93' lang='lat' dir='ltr'><strong>ut</strong></span> <span class='ocrx_word' id='word_1_247' title='bbox 1627 1880 1692 1919; x_wconf 86' lang='lat' dir='ltr'><strong>ex</strong></span> <span class='ocrx_word' id='word_1_248' title='bbox 1733 1868 1983 1924; x_wconf 88' lang='lat' dir='ltr'><strong>omnibus</strong></span> <span class='ocrx_word' id='word_1_249' title='bbox 2031 1870 2117 1927; x_wconf 87' lang='lat' dir='ltr'><strong>his</strong></span> 
     </span>
    </p>
   </div>
   <div class='ocr_carea' id='block_1_34' title="bbox 527 1937 2111 2030">
    <p class='ocr_par' dir='ltr' id='par_1_34' title="bbox 527 1937 2111 2030">
     <span class='ocr_line' id='line_1_34' title="bbox 527 1937 2111 2030; baseline 0.018 -42"><span class='ocrx_word' id='word_1_250' title='bbox 527 1948 647 2004; x_wconf 64' lang='lat' dir='ltr'><strong>quae</strong></span> <span class='ocrx_word' id='word_1_251' title='bbox 694 1937 787 1994; x_wconf 92' lang='lat' dir='ltr'><strong>Dei</strong></span> <span class='ocrx_word' id='word_1_252' title='bbox 833 1944 1004 2012; x_wconf 85' lang='lat' dir='ltr'><strong>gratia</strong></span> <span class='ocrx_word' id='word_1_253' title='bbox 1051 1946 1340 2006; x_wconf 84' lang='lat' dir='ltr'><strong>salubriter</strong></span> <span class='ocrx_word' id='word_1_254' title='bbox 1383 1952 1625 2010; x_wconf 90' lang='lat' dir='ltr'><strong>instituta</strong></span> <span class='ocrx_word' id='word_1_255' title='bbox 1668 1968 1797 2013; x_wconf 92' lang='lat' dir='ltr'><strong>sunt</strong></span> <span class='ocrx_word' id='word_1_256' title='bbox 1839 1962 2111 2030; x_wconf 86' lang='lat' dir='ltr'><strong>propriam</strong></span> 
     </span>
    </p>
   </div>
   <div class='ocr_carea' id='block_1_35' title="bbox 526 2031 2114 2120">
    <p class='ocr_par' dir='ltr' id='par_1_35' title="bbox 526 2031 2114 2120">
     <span class='ocr_line' id='line_1_35' title="bbox 526 2031 2114 2120; baseline 0.018 -41"><span class='ocrx_word' id='word_1_257' title='bbox 526 2031 895 2101; x_wconf 89' lang='lat' dir='ltr'><strong>unusquisque</strong></span> <span class='ocrx_word' id='word_1_258' title='bbox 952 2048 1193 2094; x_wconf 91' lang='lat' dir='ltr'><strong>nostrum</strong></span> <span class='ocrx_word' id='word_1_259' title='bbox 1236 2044 1448 2098; x_wconf 88' lang='lat' dir='ltr'><strong>studeat</strong></span> <span class='ocrx_word' id='word_1_260' title='bbox 1487 2045 1682 2101; x_wconf 87' lang='lat' dir='ltr'><strong>docere</strong></span> <span class='ocrx_word' id='word_1_261' title='bbox 1738 2057 1903 2120; x_wconf 89' lang='lat' dir='ltr'><strong>atque</strong></span> <span class='ocrx_word' id='word_1_262' title='bbox 1950 2052 2114 2107; x_wconf 79' lang='lat' dir='ltr'><strong>infor-</strong></span> 
     </span>
    </p>
   </div>
   <div class='ocr_carea' id='block_1_36' title="bbox 527 2122 2115 2210">
    <p class='ocr_par' dir='ltr' id='par_1_36' title="bbox 527 2122 2115 2210">
     <span class='ocr_line' id='line_1_36' title="bbox 527 2122 2115 2210; baseline 0.018 -40"><span class='ocrx_word' id='word_1_263' title='bbox 527 2132 678 2174; x_wconf 89' lang='lat' dir='ltr'><strong>mare</strong></span> <span class='ocrx_word' id='word_1_264' title='bbox 706 2122 999 2180; x_wconf 57' lang='lat' dir='ltr'><strong>dioecesim.</strong></span> <span class='ocrx_word' id='word_1_265' title='bbox 1037 2127 1093 2182; x_wconf 90' lang='lat' dir='ltr'><strong>Si</strong></span> <span class='ocrx_word' id='word_1_266' title='bbox 1124 2132 1244 2199; x_wconf 84' lang='lat' dir='ltr'><strong>quis</strong></span> <span class='ocrx_word' id='word_1_267' title='bbox 1269 2145 1447 2189; x_wconf 88' lang='lat' dir='ltr'><strong>autem</strong></span> <span class='ocrx_word' id='word_1_268' title='bbox 1474 2150 1538 2190; x_wconf 83' lang='lat' dir='ltr'><strong>ex</strong></span> <span class='ocrx_word' id='word_1_269' title='bbox 1572 2138 1725 2193; x_wconf 89' lang='lat' dir='ltr'><strong>nobis</strong></span> <span class='ocrx_word' id='word_1_270' title='bbox 1756 2141 1807 2193; x_wconf 88' lang='lat' dir='ltr'><strong>in</strong></span> <span class='ocrx_word' id='word_1_271' title='bbox 1845 2142 2115 2210; x_wconf 77' lang='lat' dir='ltr'><strong>parnehiis</strong></span> 
     </span>
    </p>
   </div>
   <div class='ocr_carea' id='block_1_37' title="bbox 527 2207 2108 2300">
    <p class='ocr_par' dir='ltr' id='par_1_37' title="bbox 527 2207 2108 2300">
     <span class='ocr_line' id='line_1_37' title="bbox 527 2207 2108 2300; baseline 0.015 -37"><span class='ocrx_word' id='word_1_272' title='bbox 527 2207 641 2263; x_wconf 85' lang='lat' dir='ltr'><strong>suis</strong></span> <span class='ocrx_word' id='word_1_273' title='bbox 663 2221 784 2281; x_wconf 92' lang='lat' dir='ltr'><strong>post</strong></span> <span class='ocrx_word' id='word_1_274' title='bbox 804 2216 985 2285; x_wconf 79' lang='lat' dir='ltr'><strong>agnita</strong></span> <span class='ocrx_word' id='word_1_275' title='bbox 1010 2218 1168 2287; x_wconf 91' lang='lat' dir='ltr'><strong>hujus</strong></span> <span class='ocrx_word' id='word_1_276' title='bbox 1192 2224 1405 2279; x_wconf 87' lang='lat' dir='ltr'><strong>concilii</strong></span> <span class='ocrx_word' id='word_1_277' title='bbox 1430 2225 1692 2295; x_wconf 90' lang='lat' dir='ltr'><strong>instituta,</strong></span> <span class='ocrx_word' id='word_1_278' title='bbox 1716 2239 1809 2284; x_wconf 92' lang='lat' dir='ltr'><strong>aut</strong></span> <span class='ocrx_word' id='word_1_279' title='bbox 1832 2207 2108 2300; x_wconf 77' lang='lat' dir='ltr'><strong>clericum,</strong></span> 
     </span>
    </p>
   </div>
   <div class='ocr_carea' id='block_1_38' title="bbox 2213 1870 3755 1956">
    <p class='ocr_par' dir='ltr' id='par_1_38' title="bbox 2213 1870 3755 1956">
     <span class='ocr_line' id='line_1_38' title="bbox 2213 1870 3755 1956; baseline 0.01 -31"><span class='ocrx_word' id='word_1_280' title='bbox 2213 1870 2425 1940; x_wconf 85' lang='lat' dir='ltr'><strong>scripsi.</strong></span> <span class='ocrx_word' id='word_1_281' title='bbox 2462 1873 2650 1932; x_wconf 87' lang='lat' dir='ltr'><strong>Cottus</strong></span> <span class='ocrx_word' id='word_1_282' title='bbox 2687 1879 2968 1951; x_wconf 90' lang='lat' dir='ltr'><strong>episcopus</strong></span> <span class='ocrx_word' id='word_1_283' title='bbox 2996 1883 3306 1954; x_wconf 85' lang='lat' dir='ltr'><strong>subscripsi.</strong></span> <span class='ocrx_word' id='word_1_284' title='bbox 3354 1886 3655 1942; x_wconf 75' lang='lat' dir='ltr'><strong>llildericus</strong></span> <span class='ocrx_word' id='word_1_285' title='bbox 3678 1887 3755 1956; x_wconf 74' lang='lat' dir='ltr'><strong>epi-</strong></span> 
     </span>
    </p>
   </div>
   <div class='ocr_carea' id='block_1_39' title="bbox 2214 1965 3753 2046">
    <p class='ocr_par' dir='ltr' id='par_1_39' title="bbox 2214 1965 3753 2046">
     <span class='ocr_line' id='line_1_39' title="bbox 2214 1965 3753 2046; baseline 0.011 -30"><span class='ocrx_word' id='word_1_286' title='bbox 2214 1976 2409 2032; x_wconf 88' lang='lat' dir='ltr'><strong>sc0pus</strong></span> <span class='ocrx_word' id='word_1_287' title='bbox 2451 1965 2762 2037; x_wconf 88' lang='lat' dir='ltr'><strong>subscripsi.</strong></span> <span class='ocrx_word' id='word_1_288' title='bbox 2811 1967 3101 2029; x_wconf 90' lang='lat' dir='ltr'><strong>Luccntius</strong></span> <span class='ocrx_word' id='word_1_289' title='bbox 3144 1977 3436 2046; x_wconf 77' lang='lat' dir='ltr'><strong>episcopus</strong></span> <span class='ocrx_word' id='word_1_290' title='bbox 3481 1977 3753 2044; x_wconf 54' lang='lat' dir='ltr'><strong>subscripsi</strong></span> 
     </span>
    </p>
   </div>
   <div class='ocr_carea' id='block_1_40' title="bbox 2216 2050 3754 2136">
    <p class='ocr_par' dir='ltr' id='par_1_40' title="bbox 2216 2050 3754 2136">
     <span class='ocr_line' id='line_1_40' title="bbox 2216 2050 3754 2136; baseline 0.014 -32"><span class='ocrx_word' id='word_1_291' title='bbox 2216 2050 2530 2110; x_wconf 75' lang='lat' dir='ltr'><strong>Timotheus</strong></span> <span class='ocrx_word' id='word_1_292' title='bbox 2555 2057 2836 2129; x_wconf 91' lang='lat' dir='ltr'><strong>episcopus</strong></span> <span class='ocrx_word' id='word_1_293' title='bbox 2873 2062 3187 2135; x_wconf 90' lang='lat' dir='ltr'><strong>subscripsi.</strong></span> <span class='ocrx_word' id='word_1_294' title='bbox 3229 2064 3491 2122; x_wconf 77' lang='lat' dir='ltr'><strong>Maliesus</strong></span> <span class='ocrx_word' id='word_1_295' title='bbox 3522 2065 3754 2136; x_wconf 73' lang='lat' dir='ltr'><strong>episcopis</strong></span> 
     </span>
    </p>
   </div>
   <div class='ocr_carea' id='block_1_41' title="bbox 2215 2143 2529 2213">
    <p class='ocr_par' dir='ltr' id='par_1_41' title="bbox 2215 2143 2529 2213">
     <span class='ocr_line' id='line_1_41' title="bbox 2215 2143 2529 2213; baseline 0.006 -16"><span class='ocrx_word' id='word_1_296' title='bbox 2215 2143 2529 2213; x_wconf 59' lang='lat' dir='ltr'><strong>subscripsi.</strong></span> 
     </span>
    </p>
   </div>
   <div class='ocr_carea' id='block_1_42' title="bbox 1160 2386 3749 2429">
    <p class='ocr_par' dir='ltr' id='par_1_42' title="bbox 1160 2386 3749 2429">
     <span class='ocr_line' id='line_1_42' title="bbox 1160 2386 3749 2429; baseline 0.012 -31"><span class='ocrx_word' id='word_1_297' title='bbox 1160 2386 3749 2429; x_wconf 57' lang='lat'><strong>-—————__.______._____._______________</strong></span> 
     </span>
    </p>
   </div>
   <div class='ocr_carea' id='block_1_43' title="bbox 610 2540 3698 2683">
    <p class='ocr_par' dir='ltr' id='par_1_43' title="bbox 610 2540 3698 2683">
     <span class='ocr_line' id='line_1_43' title="bbox 610 2540 3698 2683; baseline 0.011 -38"><span class='ocrx_word' id='word_1_298' title='bbox 610 2540 771 2615; x_wconf 72' lang='grc' dir='ltr'>ιω</span> <span class='ocrx_word' id='word_1_299' title='bbox 862 2564 1324 2655; x_wconf 80' lang='lat' dir='ltr'><strong>INCIPIT</strong></span> <span class='ocrx_word' id='word_1_300' title='bbox 1393 2571 2063 2664; x_wconf 85' lang='lat' dir='ltr'><strong>CONCILIUM</strong></span> <span class='ocrx_word' id='word_1_301' title='bbox 2136 2580 2953 2676; x_wconf 81' lang='lat' dir='ltr'><strong>BRACCARENSE</strong></span> <span class='ocrx_word' id='word_1_302' title='bbox 3024 2588 3698 2683; x_wconf 77' lang='lat' dir='ltr'><strong>SECUNDUM.</strong></span> 
     </span>
    </p>
   </div>
   <div class='ocr_carea' id='block_1_44' title="bbox 593 2820 2106 2889">
    <p class='ocr_par' dir='ltr' id='par_1_44' title="bbox 593 2820 2106 2889">
     <span class='ocr_line' id='line_1_44' title="bbox 593 2820 2106 2889; baseline 0.01 -15"><span class='ocrx_word' id='word_1_303' title='bbox 593 2820 875 2889; x_wconf 74' lang='lat' dir='ltr'><strong>Regnante</strong></span> <span class='ocrx_word' id='word_1_304' title='bbox 906 2821 1132 2880; x_wconf 90' lang='lat' dir='ltr'><strong>Domino</strong></span> <span class='ocrx_word' id='word_1_305' title='bbox 1178 2832 1363 2881; x_wconf 90' lang='lat' dir='ltr'><strong>nostro</strong></span> <span class='ocrx_word' id='word_1_306' title='bbox 1401 2824 1528 2883; x_wconf 79' lang='lat' dir='ltr'><strong>Jcsu</strong></span> <span class='ocrx_word' id='word_1_307' title='bbox 1581 2827 1797 2886; x_wconf 87' lang='lat' dir='ltr'><strong>Christo</strong></span> <span class='ocrx_word' id='word_1_308' title='bbox 1852 2842 2106 2889; x_wconf 90' lang='lat' dir='ltr'><strong>currente</strong></span> 
     </span>
    </p>
   </div>
   <div class='ocr_carea' id='block_1_45' title="bbox 525 2918 2105 2991">
    <p class='ocr_par' dir='ltr' id='par_1_45' title="bbox 525 2918 2105 2991">
     <span class='ocr_line' id='line_1_45' title="bbox 525 2918 2105 2991; baseline 0.008 -23"><span class='ocrx_word' id='word_1_309' title='bbox 525 2927 632 2968; x_wconf 63' lang='lat' dir='ltr'><strong>aera</strong></span> <span class='ocrx_word' id='word_1_310' title='bbox 664 2929 767 2970; x_wconf 81' lang='lat' dir='ltr'><strong>nox</strong></span> <span class='ocrx_word' id='word_1_311' title='bbox 787 2955 803 2978; x_wconf 84' lang='lat'><strong><em>.</em></strong></span> <span class='ocrx_word' id='word_1_312' title='bbox 838 2930 980 2971; x_wconf 90' lang='lat' dir='ltr'><strong>anno</strong></span> <span class='ocrx_word' id='word_1_313' title='bbox 1029 2918 1264 2974; x_wconf 90' lang='lat' dir='ltr'><strong>secundo</strong></span> <span class='ocrx_word' id='word_1_314' title='bbox 1301 2920 1445 2991; x_wconf 87' lang='lat' dir='ltr'><strong>regis</strong></span> <span class='ocrx_word' id='word_1_315' title='bbox 1475 2920 1754 2987; x_wconf 84' lang='lat' dir='ltr'><strong>Ariamiri,</strong></span> <span class='ocrx_word' id='word_1_316' title='bbox 1783 2923 1869 2980; x_wconf 90' lang='lat' dir='ltr'><strong>die</strong></span> <span class='ocrx_word' id='word_1_317' title='bbox 1892 2926 2105 2981; x_wconf 86' lang='lat' dir='ltr'><strong>decimo</strong></span> 
     </span>
    </p>
   </div>
   <div class='ocr_carea' id='block_1_46' title="bbox 524 3004 2105 3088">
    <p class='ocr_par' dir='ltr' id='par_1_46' title="bbox 524 3004 2105 3088">
     <span class='ocr_line' id='line_1_46' title="bbox 524 3004 2105 3088; baseline 0.009 -29"><span class='ocrx_word' id='word_1_318' title='bbox 524 3012 716 3061; x_wconf 90' lang='lat' dir='ltr'><strong>octavo</strong></span> <span class='ocrx_word' id='word_1_319' title='bbox 761 3005 1118 3063; x_wconf 86' lang='lat' dir='ltr'><strong>Kalendarum</strong></span> <span class='ocrx_word' id='word_1_320' title='bbox 1149 3008 1553 3081; x_wconf 83' lang='lat' dir='ltr'><strong>Januariarum,</strong></span> <span class='ocrx_word' id='word_1_321' title='bbox 1574 3004 1698 3070; x_wconf 84' lang='lat' dir='ltr'><strong>cum</strong></span> <span class='ocrx_word' id='word_1_322' title='bbox 1719 3014 1958 3072; x_wconf 73' lang='lat' dir='ltr'><strong>Gallieite</strong></span> <span class='ocrx_word' id='word_1_323' title='bbox 1980 3033 2105 3088; x_wconf 87' lang='lat' dir='ltr'><strong>pro-</strong></span> 
     </span>
    </p>
   </div>
   <div class='ocr_carea' id='block_1_47' title="bbox 522 3097 2105 3178">
    <p class='ocr_par' dir='ltr' id='par_1_47' title="bbox 522 3097 2105 3178">
     <span class='ocr_line' id='line_1_47' title="bbox 522 3097 2105 3178; baseline 0.01 -29"><span class='ocrx_word' id='word_1_324' title='bbox 522 3097 714 3153; x_wconf 64' lang='lat' dir='ltr'><strong>vinciae</strong></span> <span class='ocrx_word' id='word_1_325' title='bbox 746 3098 981 3170; x_wconf 82' lang='lat' dir='ltr'><strong>episcopi</strong></span> <span class='ocrx_word' id='word_1_326' title='bbox 1031 3110 1141 3155; x_wconf 90' lang='lat' dir='ltr'><strong>tam</strong></span> <span class='ocrx_word' id='word_1_327' title='bbox 1181 3117 1248 3157; x_wconf 80' lang='lat' dir='ltr'><strong>ex</strong></span> <span class='ocrx_word' id='word_1_328' title='bbox 1300 3104 1653 3162; x_wconf 88' lang='lat' dir='ltr'><strong>Braccarensi</strong></span> <span class='ocrx_word' id='word_1_329' title='bbox 1694 3123 1854 3178; x_wconf 91' lang='lat' dir='ltr'><strong>quam</strong></span> <span class='ocrx_word' id='word_1_330' title='bbox 1895 3126 1965 3166; x_wconf 72' lang='lat' dir='ltr'><strong>ex</strong></span> <span class='ocrx_word' id='word_1_331' title='bbox 1998 3109 2105 3166; x_wconf 91' lang='lat' dir='ltr'><strong>Lu-</strong></span> 
     </span>
    </p>
   </div>
   <div class='ocr_carea' id='block_1_48' title="bbox 2210 2838 3755 2917">
    <p class='ocr_par' dir='ltr' id='par_1_48' title="bbox 2210 2838 3755 2917">
     <span class='ocr_line' id='line_1_48' title="bbox 2210 2838 3755 2917; baseline 0.011 -29"><span class='ocrx_word' id='word_1_332' title='bbox 2210 2850 2337 2888; x_wconf 81' lang='lat' dir='ltr'><strong>nmn</strong></span> <span class='ocrx_word' id='word_1_333' title='bbox 2387 2838 2664 2895; x_wconf 64' lang='lat' dir='ltr'><strong>continent</strong></span> <span class='ocrx_word' id='word_1_334' title='bbox 2714 2842 3089 2900; x_wconf 89' lang='lat' dir='ltr'><strong>discretionem</strong></span> <span class='ocrx_word' id='word_1_335' title='bbox 3141 2845 3512 2904; x_wconf 86' lang='lat' dir='ltr'><strong>ﬁrmavimus.</strong></span> <span class='ocrx_word' id='word_1_336' title='bbox 3560 2848 3755 2917; x_wconf 72' lang='lat' dir='ltr'><strong>Quorum</strong></span> 
     </span>
    </p>
   </div>
   <div class='ocr_carea' id='block_1_49' title="bbox 2207 2928 3754 3001">
    <p class='ocr_par' dir='ltr' id='par_1_49' title="bbox 2207 2928 3754 3001">
     <span class='ocr_line' id='line_1_49' title="bbox 2207 2928 3754 3001; baseline 0.014 -20"><span class='ocrx_word' id='word_1_337' title='bbox 2207 2928 2414 2985; x_wconf 87' lang='lat' dir='ltr'><strong>utilitas</strong></span> <span class='ocrx_word' id='word_1_338' title='bbox 2443 2938 2499 2984; x_wconf 89' lang='lat' dir='ltr'><strong>ut</strong></span> <span class='ocrx_word' id='word_1_339' title='bbox 2532 2932 2703 3001; x_wconf 90' lang='lat' dir='ltr'><strong>possit</strong></span> <span class='ocrx_word' id='word_1_340' title='bbox 2729 2934 3034 2991; x_wconf 86' lang='lat' dir='ltr'><strong>evidentius</strong></span> <span class='ocrx_word' id='word_1_341' title='bbox 3067 2937 3122 2991; x_wconf 91' lang='lat' dir='ltr'><strong>in</strong></span> <span class='ocrx_word' id='word_1_342' title='bbox 3162 2939 3495 2993; x_wconf 88' lang='lat' dir='ltr'><strong>memoriam</strong></span> <span class='ocrx_word' id='word_1_343' title='bbox 3533 2940 3754 3001; x_wconf 65' lang='lat' dir='ltr'><strong>revocari.</strong></span> 
     </span>
    </p>
   </div>
   <div class='ocr_carea' id='block_1_50' title="bbox 2208 3015 3755 3096">
    <p class='ocr_par' dir='ltr' id='par_1_50' title="bbox 2208 3015 3755 3096">
     <span class='ocr_line' id='line_1_50' title="bbox 2208 3015 3755 3096; baseline 0.008 -26"><span class='ocrx_word' id='word_1_344' title='bbox 2208 3015 2348 3087; x_wconf 88' lang='lat' dir='ltr'><strong>ipsa,</strong></span> <span class='ocrx_word' id='word_1_345' title='bbox 2375 3019 2422 3074; x_wconf 89' lang='lat' dir='ltr'><strong>si</strong></span> <span class='ocrx_word' id='word_1_346' title='bbox 2443 3019 2594 3075; x_wconf 87' lang='lat' dir='ltr'><strong>vobis</strong></span> <span class='ocrx_word' id='word_1_347' title='bbox 2621 3020 2813 3091; x_wconf 88' lang='lat' dir='ltr'><strong>placet,</strong></span> <span class='ocrx_word' id='word_1_348' title='bbox 2837 3024 3065 3093; x_wconf 90' lang='lat' dir='ltr'><strong>epistola</strong></span> <span class='ocrx_word' id='word_1_349' title='bbox 3091 3038 3269 3081; x_wconf 87' lang='lat' dir='ltr'><strong>vestra</strong></span> <span class='ocrx_word' id='word_1_350' title='bbox 3299 3027 3355 3081; x_wconf 92' lang='lat' dir='ltr'><strong>in</strong></span> <span class='ocrx_word' id='word_1_351' title='bbox 3389 3030 3671 3096; x_wconf 66' lang='lat' dir='ltr'><strong>praesentia</strong></span> <span class='ocrx_word' id='word_1_352' title='bbox 3694 3043 3755 3082; x_wconf 83' lang='lat' dir='ltr'><strong>re-</strong></span> 
     </span>
    </p>
   </div>
   <div class='ocr_carea' id='block_1_51' title="bbox 2207 3105 3755 3188">
    <p class='ocr_par' dir='ltr' id='par_1_51' title="bbox 2207 3105 3755 3188">
     <span class='ocr_line' id='line_1_51' title="bbox 2207 3105 3755 3188; baseline 0.008 -27"><span class='ocrx_word' id='word_1_353' title='bbox 2207 3105 2436 3178; x_wconf 84' lang='lat' dir='ltr'><strong>legatur.</strong></span> <span class='ocrx_word' id='word_1_354' title='bbox 2480 3108 2681 3166; x_wconf 90' lang='lat' dir='ltr'><strong>Omnes</strong></span> <span class='ocrx_word' id='word_1_355' title='bbox 2732 3114 2966 3183; x_wconf 89' lang='lat' dir='ltr'><strong>episcopi</strong></span> <span class='ocrx_word' id='word_1_356' title='bbox 3015 3116 3316 3171; x_wconf 75' lang='lat' dir='ltr'><strong>dixerunt:</strong></span> <span class='ocrx_word' id='word_1_357' title='bbox 3363 3116 3598 3188; x_wconf 82' lang='lat' dir='ltr'><strong>Oportet</strong></span> <span class='ocrx_word' id='word_1_358' title='bbox 3619 3118 3755 3173; x_wconf 78' lang='lat' dir='ltr'><strong>oraui-</strong></span> 
     </span>
    </p>
   </div>
   <div class='ocr_carea' id='block_1_52' title="bbox 521 3192 3755 3282">
    <p class='ocr_par' dir='ltr' id='par_1_52' title="bbox 521 3192 3755 3282">
     <span class='ocr_line' id='line_1_52' title="bbox 521 3192 3755 3282; baseline 0.005 -39"><span class='ocrx_word' id='word_1_359' title='bbox 521 3192 668 3248; x_wconf 87' lang='lat' dir='ltr'><strong>censi</strong></span> <span class='ocrx_word' id='word_1_360' title='bbox 698 3194 901 3264; x_wconf 80' lang='lat' dir='ltr'><strong>synodo</strong></span> <span class='ocrx_word' id='word_1_361' title='bbox 921 3208 1042 3249; x_wconf 89' lang='lat' dir='ltr'><strong>cum</strong></span> <span class='ocrx_word' id='word_1_362' title='bbox 1074 3196 1649 3266; x_wconf 76' lang='lat' dir='ltr'><strong>suis,melropolitanis</strong></span> <span class='ocrx_word' id='word_1_363' title='bbox 1668 3212 1938 3274; x_wconf 54' lang='lat' dir='ltr'><strong>praecepto</strong></span> <span class='ocrx_word' id='word_1_364' title='bbox 1968 3219 2105 3273; x_wconf 66' lang='lat' dir='ltr'><strong>pm.</strong></span> <span class='ocrx_word' id='word_1_365' title='bbox 2132 3220 2176 3282; x_wconf 67' lang='grc' dir='ltr'><strong>ρ</strong></span> <span class='ocrx_word' id='word_1_366' title='bbox 2210 3198 2363 3253; x_wconf 90' lang='lat' dir='ltr'><strong>mode</strong></span> <span class='ocrx_word' id='word_1_367' title='bbox 2388 3207 2446 3254; x_wconf 93' lang='lat' dir='ltr'><strong>ut</strong></span> <span class='ocrx_word' id='word_1_368' title='bbox 2475 3201 2527 3255; x_wconf 92' lang='lat' dir='ltr'><strong>in</strong></span> <span class='ocrx_word' id='word_1_369' title='bbox 2553 3201 2794 3257; x_wconf 89' lang='lat' dir='ltr'><strong>omnium</strong></span> <span class='ocrx_word' id='word_1_370' title='bbox 2833 3205 3054 3260; x_wconf 90' lang='lat' dir='ltr'><strong>auribus</strong></span> <span class='ocrx_word' id='word_1_371' title='bbox 3088 3206 3180 3276; x_wconf 88' lang='lat' dir='ltr'><strong>qui</strong></span> <span class='ocrx_word' id='word_1_372' title='bbox 3224 3206 3319 3261; x_wconf 87' lang='lat' dir='ltr'><strong>hic</strong></span> <span class='ocrx_word' id='word_1_373' title='bbox 3358 3208 3628 3263; x_wconf 87' lang='lat' dir='ltr'><strong>assistunt</strong></span> <span class='ocrx_word' id='word_1_374' title='bbox 3654 3205 3755 3260; x_wconf 76' lang='lat' dir='ltr'><strong>reci-</strong></span> 
     </span>
    </p>
   </div>
   <div class='ocr_carea' id='block_1_53' title="bbox 524 3282 2103 3362">
    <p class='ocr_par' dir='ltr' id='par_1_53' title="bbox 524 3282 2103 3362">
     <span class='ocr_line' id='line_1_53' title="bbox 524 3282 2103 3362; baseline 0.009 -24"><span class='ocrx_word' id='word_1_375' title='bbox 524 3282 620 3339; x_wconf 87' lang='lat' dir='ltr'><strong>fati</strong></span> <span class='ocrx_word' id='word_1_376' title='bbox 648 3284 1021 3356; x_wconf 86' lang='lat' dir='ltr'><strong>gloriosissimi</strong></span> <span class='ocrx_word' id='word_1_377' title='bbox 1052 3287 1194 3359; x_wconf 83' lang='lat' dir='ltr'><strong>regis</strong></span> <span class='ocrx_word' id='word_1_378' title='bbox 1231 3288 1392 3344; x_wconf 90' lang='lat' dir='ltr'><strong>simul</strong></span> <span class='ocrx_word' id='word_1_379' title='bbox 1422 3290 1473 3345; x_wconf 92' lang='lat' dir='ltr'><strong>in</strong></span> <span class='ocrx_word' id='word_1_380' title='bbox 1490 3293 1901 3362; x_wconf 89' lang='lat' dir='ltr'><strong>metropolitana</strong></span> <span class='ocrx_word' id='word_1_381' title='bbox 1937 3294 2103 3352; x_wconf 88' lang='lat' dir='ltr'><strong>Brac-</strong></span> 
     </span>
    </p>
   </div>
   <div class='ocr_carea' id='block_1_54' title="bbox 520 3375 2102 3457">
    <p class='ocr_par' dir='ltr' id='par_1_54' title="bbox 520 3375 2102 3457">
     <span class='ocr_line' id='line_1_54' title="bbox 520 3375 2102 3457; baseline 0.008 -28"><span class='ocrx_word' id='word_1_382' title='bbox 520 3375 728 3430; x_wconf 85' lang='lat' dir='ltr'><strong>carensi</strong></span> <span class='ocrx_word' id='word_1_383' title='bbox 743 3375 971 3431; x_wconf 85' lang='lat' dir='ltr'><strong>ecclesia</strong></span> <span class='ocrx_word' id='word_1_384' title='bbox 983 3379 1382 3445; x_wconf 84' lang='lat' dir='ltr'><strong>convenissent,</strong></span> <span class='ocrx_word' id='word_1_385' title='bbox 1398 3380 1450 3435; x_wconf 91' lang='lat' dir='ltr'><strong>id</strong></span> <span class='ocrx_word' id='word_1_386' title='bbox 1463 3390 1568 3447; x_wconf 91' lang='lat' dir='ltr'><strong>est,</strong></span> <span class='ocrx_word' id='word_1_387' title='bbox 1583 3382 1866 3450; x_wconf 80' lang='lat' dir='ltr'><strong>Martinus,</strong></span> <span class='ocrx_word' id='word_1_388' title='bbox 1886 3385 2102 3457; x_wconf 83' lang='lat' dir='ltr'><strong>Nitigis,</strong></span> 
     </span>
    </p>
   </div>
   <div class='ocr_carea' id='block_1_55' title="bbox 522 3467 2099 3548">
    <p class='ocr_par' dir='ltr' id='par_1_55' title="bbox 522 3467 2099 3548">
     <span class='ocr_line' id='line_1_55' title="bbox 522 3467 2099 3548; baseline 0.009 -26"><span class='ocrx_word' id='word_1_389' title='bbox 522 3467 786 3533; x_wconf 82' lang='lat' dir='ltr'><strong>Remisol,</strong></span> <span class='ocrx_word' id='word_1_390' title='bbox 829 3467 1092 3536; x_wconf 81' lang='lat' dir='ltr'><strong>Andreas,</strong></span> <span class='ocrx_word' id='word_1_391' title='bbox 1135 3471 1449 3541; x_wconf 88' lang='lat' dir='ltr'><strong>Luccntius,</strong></span> <span class='ocrx_word' id='word_1_392' title='bbox 1487 3476 1774 3544; x_wconf 84' lang='lat' dir='ltr'><strong>Adoriens,</strong></span> <span class='ocrx_word' id='word_1_393' title='bbox 1807 3477 2099 3548; x_wconf 80' lang='lat' dir='ltr'><strong>Vectimer,</strong></span> 
     </span>
    </p>
   </div>
   <div class='ocr_carea' id='block_1_56' title="bbox 520 3551 2101 3635">
    <p class='ocr_par' dir='ltr' id='par_1_56' title="bbox 520 3551 2101 3635">
     <span class='ocr_line' id='line_1_56' title="bbox 520 3551 2101 3635; baseline 0.011 -27"><span class='ocrx_word' id='word_1_394' title='bbox 520 3551 887 3625; x_wconf 89' lang='lat' dir='ltr'><strong>Sardinarius,</strong></span> <span class='ocrx_word' id='word_1_395' title='bbox 935 3558 1142 3626; x_wconf 83' lang='lat' dir='ltr'><strong>Viator,</strong></span> <span class='ocrx_word' id='word_1_396' title='bbox 1181 3560 1361 3629; x_wconf 87' lang='lat' dir='ltr'><strong>Avila,</strong></span> <span class='ocrx_word' id='word_1_397' title='bbox 1410 3563 1683 3632; x_wconf 84' lang='lat' dir='ltr'><strong>Polemus,</strong></span> <span class='ocrx_word' id='word_1_398' title='bbox 1723 3566 1936 3635; x_wconf 82' lang='lat' dir='ltr'><strong>Mailoc,</strong></span> <span class='ocrx_word' id='word_1_399' title='bbox 1967 3584 2101 3625; x_wconf 80' lang='lat' dir='ltr'><strong>con-</strong></span> 
     </span>
    </p>
   </div>
   <div class='ocr_carea' id='block_1_57' title="bbox 500 3646 2101 3727">
    <p class='ocr_par' dir='ltr' id='par_1_57' title="bbox 500 3646 2101 3727">
     <span class='ocr_line' id='line_1_57' title="bbox 500 3646 2101 3727; baseline 0.011 -27"><span class='ocrx_word' id='word_1_400' title='bbox 500 3646 817 3704; x_wconf 82' lang='lat' dir='ltr'><strong>sidentibus</strong></span> <span class='ocrx_word' id='word_1_401' title='bbox 868 3650 1029 3705; x_wconf 91' lang='lat' dir='ltr'><strong>simul</strong></span> <span class='ocrx_word' id='word_1_402' title='bbox 1087 3653 1374 3725; x_wconf 87' lang='lat' dir='ltr'><strong>episcopis,</strong></span> <span class='ocrx_word' id='word_1_403' title='bbox 1434 3665 1599 3727; x_wconf 90' lang='lat' dir='ltr'><strong>atque</strong></span> <span class='ocrx_word' id='word_1_404' title='bbox 1647 3658 1900 3716; x_wconf 89' lang='lat' dir='ltr'><strong>universo</strong></span> <span class='ocrx_word' id='word_1_405' title='bbox 1955 3661 2101 3717; x_wconf 87' lang='lat' dir='ltr'><strong>clero</strong></span> 
     </span>
    </p>
   </div>
   <div class='ocr_carea' id='block_1_58' title="bbox 518 3738 2102 3823">
    <p class='ocr_par' dir='ltr' id='par_1_58' title="bbox 518 3738 2102 3823">
     <span class='ocr_line' id='line_1_58' title="bbox 518 3738 2102 3823; baseline 0.011 -33"><span class='ocrx_word' id='word_1_406' title='bbox 518 3746 811 3805; x_wconf 60' lang='lat' dir='ltr'><strong>praesente,</strong></span> <span class='ocrx_word' id='word_1_407' title='bbox 849 3738 1110 3798; x_wconf 86' lang='lat' dir='ltr'><strong>Martinus</strong></span> <span class='ocrx_word' id='word_1_408' title='bbox 1141 3742 1525 3801; x_wconf 89' lang='lat' dir='ltr'><strong>Braccarensis</strong></span> <span class='ocrx_word' id='word_1_409' title='bbox 1552 3746 1797 3804; x_wconf 59' lang='lat' dir='ltr'><strong>ecclesia</strong></span> <span class='ocrx_word' id='word_1_410' title='bbox 1819 3750 2102 3823; x_wconf 91' lang='lat' dir='ltr'><strong>episcopus</strong></span> 
     </span>
    </p>
   </div>
   <div class='ocr_carea' id='block_1_59' title="bbox 517 3827 2097 3914">
    <p class='ocr_par' dir='ltr' id='par_1_59' title="bbox 517 3827 2097 3914">
     <span class='ocr_line' id='line_1_59' title="bbox 517 3827 2097 3914; baseline 0.013 -32"><span class='ocrx_word' id='word_1_411' title='bbox 517 3827 656 3885; x_wconf 83' lang='lat' dir='ltr'><strong>dixit</strong></span> <span class='ocrx_word' id='word_1_412' title='bbox 700 3848 714 3885; x_wconf 90' lang='lat'><strong>:</strong></span> <span class='ocrx_word' id='word_1_413' title='bbox 778 3831 1138 3903; x_wconf 90' lang='lat' dir='ltr'><strong>Inspiratione</strong></span> <span class='ocrx_word' id='word_1_414' title='bbox 1187 3836 1290 3893; x_wconf 87' lang='lat' dir='ltr'><strong>hoc</strong></span> <span class='ocrx_word' id='word_1_415' title='bbox 1336 3838 1432 3894; x_wconf 93' lang='lat' dir='ltr'><strong>Dei</strong></span> <span class='ocrx_word' id='word_1_416' title='bbox 1481 3841 1698 3896; x_wconf 91' lang='lat' dir='ltr'><strong>credam</strong></span> <span class='ocrx_word' id='word_1_417' title='bbox 1751 3846 2097 3914; x_wconf 89' lang='lat' dir='ltr'><strong>provenisse,</strong></span> 
     </span>
    </p>
   </div>
   <div class='ocr_carea' id='block_1_60' title="bbox 506 3918 2099 4003">
    <p class='ocr_par' dir='ltr' id='par_1_60' title="bbox 506 3918 2099 4003">
     <span class='ocr_line' id='line_1_60' title="bbox 506 3918 2099 4003; baseline 0.013 -33"><span class='ocrx_word' id='word_1_418' title='bbox 506 3918 849 3976; x_wconf 78' lang='lat' dir='ltr'><strong>sanctissimi</strong></span> <span class='ocrx_word' id='word_1_419' title='bbox 873 3921 1084 3990; x_wconf 88' lang='lat' dir='ltr'><strong>Patres,</strong></span> <span class='ocrx_word' id='word_1_420' title='bbox 1111 3935 1174 3980; x_wconf 91' lang='lat' dir='ltr'><strong>ut</strong></span> <span class='ocrx_word' id='word_1_421' title='bbox 1188 3941 1286 3997; x_wconf 89' lang='lat' dir='ltr'><strong>per</strong></span> <span class='ocrx_word' id='word_1_422' title='bbox 1307 3927 1708 3986; x_wconf 87' lang='lat' dir='ltr'><strong>ordinationem</strong></span> <span class='ocrx_word' id='word_1_423' title='bbox 1725 3932 2099 4003; x_wconf 80' lang='lat' dir='ltr'><strong>gloriosissimi</strong></span> 
     </span>
    </p>
   </div>
   <div class='ocr_carea' id='block_1_61' title="bbox 521 4006 2098 4089">
    <p class='ocr_par' dir='ltr' id='par_1_61' title="bbox 521 4006 2098 4089">
     <span class='ocr_line' id='line_1_61' title="bbox 521 4006 2098 4089; baseline 0.014 -28"><span class='ocrx_word' id='word_1_424' title='bbox 521 4006 613 4062; x_wconf 91' lang='lat' dir='ltr'><strong>ﬁlii</strong></span> <span class='ocrx_word' id='word_1_425' title='bbox 642 4012 811 4067; x_wconf 90' lang='lat' dir='ltr'><strong>nostri</strong></span> <span class='ocrx_word' id='word_1_426' title='bbox 861 4014 1005 4085; x_wconf 86' lang='lat' dir='ltr'><strong>regis</strong></span> <span class='ocrx_word' id='word_1_427' title='bbox 1051 4031 1119 4071; x_wconf 79' lang='lat' dir='ltr'><strong>ex</strong></span> <span class='ocrx_word' id='word_1_428' title='bbox 1151 4024 1384 4089; x_wconf 89' lang='lat' dir='ltr'><strong>utroque</strong></span> <span class='ocrx_word' id='word_1_429' title='bbox 1424 4020 1656 4077; x_wconf 89' lang='lat' dir='ltr'><strong>concilio</strong></span> <span class='ocrx_word' id='word_1_430' title='bbox 1685 4026 2098 4083; x_wconf 89' lang='lat' dir='ltr'><strong>conveniremus</strong></span> 
     </span>
    </p>
   </div>
   <div class='ocr_carea' id='block_1_62' title="bbox 517 4096 2095 4186">
    <p class='ocr_par' dir='ltr' id='par_1_62' title="bbox 517 4096 2095 4186">
     <span class='ocr_line' id='line_1_62' title="bbox 517 4096 2095 4186; baseline 0.014 -34"><span class='ocrx_word' id='word_1_431' title='bbox 517 4096 573 4153; x_wconf 92' lang='lat' dir='ltr'><strong>in</strong></span> <span class='ocrx_word' id='word_1_432' title='bbox 601 4114 785 4167; x_wconf 92' lang='lat' dir='ltr'><strong>unum,</strong></span> <span class='ocrx_word' id='word_1_433' title='bbox 814 4112 874 4158; x_wconf 95' lang='lat' dir='ltr'><strong>ut</strong></span> <span class='ocrx_word' id='word_1_434' title='bbox 905 4119 1012 4160; x_wconf 92' lang='lat' dir='ltr'><strong>non</strong></span> <span class='ocrx_word' id='word_1_435' title='bbox 1047 4107 1220 4163; x_wconf 84' lang='lat' dir='ltr'><strong>solum</strong></span> <span class='ocrx_word' id='word_1_436' title='bbox 1248 4109 1316 4165; x_wconf 90' lang='lat' dir='ltr'><strong>de</strong></span> <span class='ocrx_word' id='word_1_437' title='bbox 1343 4110 1548 4178; x_wconf 83' lang='lat' dir='ltr'><strong>visione</strong></span> <span class='ocrx_word' id='word_1_438' title='bbox 1572 4112 1834 4171; x_wconf 87' lang='lat' dir='ltr'><strong>alterutra</strong></span> <span class='ocrx_word' id='word_1_439' title='bbox 1856 4119 2095 4186; x_wconf 87' lang='lat' dir='ltr'><strong>gratula-</strong></span> 
     </span>
    </p>
   </div>
   <div class='ocr_carea' id='block_1_63' title="bbox 518 4195 2096 4271">
    <p class='ocr_par' dir='ltr' id='par_1_63' title="bbox 518 4195 2096 4271">
     <span class='ocr_line' id='line_1_63' title="bbox 518 4195 2096 4271; baseline 0.013 -28"><span class='ocrx_word' id='word_1_440' title='bbox 518 4204 721 4257; x_wconf 88' lang='lat' dir='ltr'><strong>remur,</strong></span> <span class='ocrx_word' id='word_1_441' title='bbox 756 4195 850 4250; x_wconf 89' lang='lat' dir='ltr'><strong>sed</strong></span> <span class='ocrx_word' id='word_1_442' title='bbox 877 4195 1040 4252; x_wconf 90' lang='lat' dir='ltr'><strong>etiam</strong></span> <span class='ocrx_word' id='word_1_443' title='bbox 1071 4213 1135 4255; x_wconf 92' lang='lat' dir='ltr'><strong>ea</strong></span> <span class='ocrx_word' id='word_1_444' title='bbox 1180 4215 1301 4271; x_wconf 72' lang='lat' dir='ltr'><strong>quae</strong></span> <span class='ocrx_word' id='word_1_445' title='bbox 1328 4202 1395 4259; x_wconf 91' lang='lat' dir='ltr'><strong>ad</strong></span> <span class='ocrx_word' id='word_1_446' title='bbox 1419 4204 1817 4263; x_wconf 89' lang='lat' dir='ltr'><strong>ordinationem</strong></span> <span class='ocrx_word' id='word_1_447' title='bbox 1844 4218 1901 4265; x_wconf 91' lang='lat' dir='ltr'><strong>et</strong></span> <span class='ocrx_word' id='word_1_448' title='bbox 1934 4210 2096 4267; x_wconf 79' lang='lat' dir='ltr'><strong>disci-</strong></span> 
     </span>
    </p>
   </div>
   <div class='ocr_carea' id='block_1_64' title="bbox 516 4278 2094 4372">
    <p class='ocr_par' dir='ltr' id='par_1_64' title="bbox 516 4278 2094 4372">
     <span class='ocr_line' id='line_1_64' title="bbox 516 4278 2094 4372; baseline 0.017 -40"><span class='ocrx_word' id='word_1_449' title='bbox 516 4278 715 4349; x_wconf 89' lang='lat' dir='ltr'><strong>plinam</strong></span> <span class='ocrx_word' id='word_1_450' title='bbox 757 4284 1177 4345; x_wconf 85' lang='lat' dir='ltr'><strong>ecclesiasticam</strong></span> <span class='ocrx_word' id='word_1_451' title='bbox 1231 4293 1536 4363; x_wconf 90' lang='lat' dir='ltr'><strong>pertinent,</strong></span> <span class='ocrx_word' id='word_1_452' title='bbox 1577 4298 1782 4368; x_wconf 88' lang='lat' dir='ltr'><strong>pariter</strong></span> <span class='ocrx_word' id='word_1_453' title='bbox 1819 4300 2094 4372; x_wconf 88' lang='lat' dir='ltr'><strong>colloqua-</strong></span> 
     </span>
    </p>
   </div>
   <div class='ocr_carea' id='block_1_65' title="bbox 2210 3291 3755 3368">
    <p class='ocr_par' dir='ltr' id='par_1_65' title="bbox 2210 3291 3755 3368">
     <span class='ocr_line' id='line_1_65' title="bbox 2210 3291 3755 3368; baseline 0.005 -25"><span class='ocrx_word' id='word_1_454' title='bbox 2210 3296 2371 3344; x_wconf 87' lang='lat' dir='ltr'><strong>tetur.</strong></span> <span class='ocrx_word' id='word_1_455' title='bbox 2420 3291 2681 3349; x_wconf 82' lang='lat' dir='ltr'><strong>Recitatis</strong></span> <span class='ocrx_word' id='word_1_456' title='bbox 2724 3310 2853 3366; x_wconf 86' lang='lat' dir='ltr'><strong>ergo</strong></span> <span class='ocrx_word' id='word_1_457' title='bbox 2891 3297 3144 3366; x_wconf 90' lang='lat' dir='ltr'><strong>capitulis</strong></span> <span class='ocrx_word' id='word_1_458' title='bbox 3199 3299 3513 3368; x_wconf 89' lang='lat' dir='ltr'><strong>superioris</strong></span> <span class='ocrx_word' id='word_1_459' title='bbox 3559 3297 3755 3361; x_wconf 82' lang='lat' dir='ltr'><strong>concilii,</strong></span> 
     </span>
    </p>
   </div>
   <div class='ocr_carea' id='block_1_66' title="bbox 2206 3384 3757 3459">
    <p class='ocr_par' dir='ltr' id='par_1_66' title="bbox 2206 3384 3757 3459">
     <span class='ocr_line' id='line_1_66' title="bbox 2206 3384 3757 3459; baseline 0.003 -24"><span class='ocrx_word' id='word_1_460' title='bbox 2206 3398 2325 3452; x_wconf 78' lang='lat' dir='ltr'><strong>quae</strong></span> <span class='ocrx_word' id='word_1_461' title='bbox 2371 3398 2439 3438; x_wconf 87' lang='lat' dir='ltr'><strong>ne</strong></span> <span class='ocrx_word' id='word_1_462' title='bbox 2469 3384 2836 3453; x_wconf 79' lang='lat' dir='ltr'><strong>prolixitatem</strong></span> <span class='ocrx_word' id='word_1_463' title='bbox 2882 3385 3127 3442; x_wconf 81' lang='lat' dir='ltr'><strong>facerent</strong></span> <span class='ocrx_word' id='word_1_464' title='bbox 3178 3388 3264 3444; x_wconf 79' lang='lat' dir='ltr'><strong>liis</strong></span> <span class='ocrx_word' id='word_1_465' title='bbox 3318 3390 3499 3459; x_wconf 82' lang='lat' dir='ltr'><strong>gestis</strong></span> <span class='ocrx_word' id='word_1_466' title='bbox 3546 3398 3664 3444; x_wconf 87' lang='lat' dir='ltr'><strong>sunt</strong></span> <span class='ocrx_word' id='word_1_467' title='bbox 3697 3387 3757 3440; x_wconf 78' lang='lat' dir='ltr'><strong>in-</strong></span> 
     </span>
    </p>
   </div>
   <div class='ocr_carea' id='block_1_67' title="bbox 2204 3472 3759 3551">
    <p class='ocr_par' dir='ltr' id='par_1_67' title="bbox 2204 3472 3759 3551">
     <span class='ocr_line' id='line_1_67' title="bbox 2204 3472 3759 3551; baseline 0.003 -24"><span class='ocrx_word' id='word_1_468' title='bbox 2204 3481 2371 3539; x_wconf 88' lang='lat' dir='ltr'><strong>serta,</strong></span> <span class='ocrx_word' id='word_1_469' title='bbox 2396 3472 2656 3530; x_wconf 84' lang='lat' dir='ltr'><strong>Martinus</strong></span> <span class='ocrx_word' id='word_1_470' title='bbox 2691 3476 2974 3548; x_wconf 89' lang='lat' dir='ltr'><strong>episcopus</strong></span> <span class='ocrx_word' id='word_1_471' title='bbox 2999 3478 3137 3532; x_wconf 82' lang='lat' dir='ltr'><strong>dixit</strong></span> <span class='ocrx_word' id='word_1_472' title='bbox 3162 3495 3175 3532; x_wconf 88' lang='lat'><strong>:</strong></span> <span class='ocrx_word' id='word_1_473' title='bbox 3207 3477 3337 3533; x_wconf 70' lang='lat' dir='ltr'><strong>Haec</strong></span> <span class='ocrx_word' id='word_1_474' title='bbox 3359 3494 3499 3551; x_wconf 77' lang='lat' dir='ltr'><strong>ergo</strong></span> <span class='ocrx_word' id='word_1_475' title='bbox 3528 3495 3645 3549; x_wconf 66' lang='lat' dir='ltr'><strong>qua</strong></span> <span class='ocrx_word' id='word_1_476' title='bbox 3669 3491 3759 3531; x_wconf 79' lang='lat' dir='ltr'><strong>mo-</strong></span> 
     </span>
    </p>
   </div>
   <div class='ocr_carea' id='block_1_68' title="bbox 2204 3563 3755 3635">
    <p class='ocr_par' dir='ltr' id='par_1_68' title="bbox 2204 3563 3755 3635">
     <span class='ocr_line' id='line_1_68' title="bbox 2204 3563 3755 3635; baseline 0.001 -16"><span class='ocrx_word' id='word_1_477' title='bbox 2204 3563 2275 3619; x_wconf 92' lang='lat' dir='ltr'><strong>do</strong></span> <span class='ocrx_word' id='word_1_478' title='bbox 2294 3573 2419 3618; x_wconf 90' lang='lat' dir='ltr'><strong>sunt</strong></span> <span class='ocrx_word' id='word_1_479' title='bbox 2450 3566 2673 3620; x_wconf 84' lang='lat' dir='ltr'><strong>recitata</strong></span> <span class='ocrx_word' id='word_1_480' title='bbox 2690 3581 2807 3635; x_wconf 85' lang='lat' dir='ltr'><strong>quae</strong></span> <span class='ocrx_word' id='word_1_481' title='bbox 2838 3568 2992 3622; x_wconf 90' lang='lat' dir='ltr'><strong>nobis</strong></span> <span class='ocrx_word' id='word_1_482' title='bbox 3010 3576 3137 3623; x_wconf 88' lang='lat' dir='ltr'><strong>tunc</strong></span> <span class='ocrx_word' id='word_1_483' title='bbox 3163 3577 3258 3623; x_wconf 90' lang='lat' dir='ltr'><strong>aut</strong></span> <span class='ocrx_word' id='word_1_484' title='bbox 3278 3569 3458 3633; x_wconf 87' lang='lat' dir='ltr'><strong>varia,</strong></span> <span class='ocrx_word' id='word_1_485' title='bbox 3483 3578 3580 3624; x_wconf 83' lang='lat' dir='ltr'><strong>aut</strong></span> <span class='ocrx_word' id='word_1_486' title='bbox 3606 3568 3755 3629; x_wconf 80' lang='lat' dir='ltr'><strong>dubia,</strong></span> 
     </span>
    </p>
   </div>
   <div class='ocr_carea' id='block_1_69' title="bbox 2203 3656 3755 3724">
    <p class='ocr_par' dir='ltr' id='par_1_69' title="bbox 2203 3656 3755 3724">
     <span class='ocr_line' id='line_1_69' title="bbox 2203 3656 3755 3724; baseline -0.001 -14"><span class='ocrx_word' id='word_1_487' title='bbox 2203 3664 2298 3710; x_wconf 89' lang='lat' dir='ltr'><strong>aut</strong></span> <span class='ocrx_word' id='word_1_488' title='bbox 2320 3656 2623 3711; x_wconf 88' lang='lat' dir='ltr'><strong>inordinata</strong></span> <span class='ocrx_word' id='word_1_489' title='bbox 2647 3668 2772 3712; x_wconf 89' lang='lat' dir='ltr'><strong>sunt</strong></span> <span class='ocrx_word' id='word_1_490' title='bbox 2797 3656 2934 3723; x_wconf 85' lang='lat' dir='ltr'><strong>visa,</strong></span> <span class='ocrx_word' id='word_1_491' title='bbox 2960 3658 3255 3714; x_wconf 82' lang='lat' dir='ltr'><strong>auxiliante</strong></span> <span class='ocrx_word' id='word_1_492' title='bbox 3282 3658 3419 3724; x_wconf 86' lang='lat' dir='ltr'><strong>Deo,</strong></span> <span class='ocrx_word' id='word_1_493' title='bbox 3444 3658 3755 3717; x_wconf 85' lang='lat' dir='ltr'><strong>ordinentur,</strong></span> 
     </span>
    </p>
   </div>
   <div class='ocr_carea' id='block_1_70' title="bbox 2200 3745 3758 3817">
    <p class='ocr_par' dir='ltr' id='par_1_70' title="bbox 2200 3745 3758 3817">
     <span class='ocr_line' id='line_1_70' title="bbox 2200 3745 3758 3817; baseline 0.003 -18"><span class='ocrx_word' id='word_1_494' title='bbox 2200 3752 2257 3799; x_wconf 87' lang='lat' dir='ltr'><strong>et</strong></span> <span class='ocrx_word' id='word_1_495' title='bbox 2309 3759 2463 3800; x_wconf 87' lang='lat' dir='ltr'><strong>suam</strong></span> <span class='ocrx_word' id='word_1_496' title='bbox 2517 3745 2861 3801; x_wconf 88' lang='lat' dir='ltr'><strong>immobiliter</strong></span> <span class='ocrx_word' id='word_1_497' title='bbox 2922 3746 3206 3802; x_wconf 85' lang='lat' dir='ltr'><strong>obtineant</strong></span> <span class='ocrx_word' id='word_1_498' title='bbox 3263 3749 3617 3814; x_wconf 83' lang='lat' dir='ltr'><strong>ﬁrmitatem;</strong></span> <span class='ocrx_word' id='word_1_499' title='bbox 3668 3761 3758 3817; x_wconf 66' lang='lat' dir='ltr'><strong>qu</strong></span> 
     </span>
    </p>
   </div>
   <div class='ocr_carea' id='block_1_71' title="bbox 2200 3837 3753 3895">
    <p class='ocr_par' dir='ltr' id='par_1_71' title="bbox 2200 3837 3753 3895">
     <span class='ocr_line' id='line_1_71' title="bbox 2200 3837 3753 3895; baseline 0.001 -3"><span class='ocrx_word' id='word_1_500' title='bbox 2200 3846 2379 3893; x_wconf 90' lang='lat' dir='ltr'><strong>autem</strong></span> <span class='ocrx_word' id='word_1_501' title='bbox 2411 3846 2535 3893; x_wconf 91' lang='lat' dir='ltr'><strong>tunc</strong></span> <span class='ocrx_word' id='word_1_502' title='bbox 2570 3837 2623 3892; x_wconf 92' lang='lat' dir='ltr'><strong>in</strong></span> <span class='ocrx_word' id='word_1_503' title='bbox 2651 3839 2966 3893; x_wconf 86' lang='lat' dir='ltr'><strong>memoriam</strong></span> <span class='ocrx_word' id='word_1_504' title='bbox 3017 3854 3123 3894; x_wconf 92' lang='lat' dir='ltr'><strong>non</strong></span> <span class='ocrx_word' id='word_1_505' title='bbox 3155 3848 3429 3895; x_wconf 86' lang='lat' dir='ltr'><strong>venerunt</strong></span> <span class='ocrx_word' id='word_1_506' title='bbox 3452 3851 3554 3895; x_wconf 84' lang='lat' dir='ltr'><strong>aut</strong></span> <span class='ocrx_word' id='word_1_507' title='bbox 3586 3853 3753 3895; x_wconf 80' lang='lat' dir='ltr'><strong>ouerc-</strong></span> 
     </span>
    </p>
   </div>
   <div class='ocr_carea' id='block_1_72' title="bbox 2200 3927 3757 3997">
    <p class='ocr_par' dir='ltr' id='par_1_72' title="bbox 2200 3927 3757 3997">
     <span class='ocr_line' id='line_1_72' title="bbox 2200 3927 3757 3997; baseline -0.001 -12"><span class='ocrx_word' id='word_1_508' title='bbox 2200 3944 2319 3985; x_wconf 90' lang='lat' dir='ltr'><strong>sum</strong></span> <span class='ocrx_word' id='word_1_509' title='bbox 2350 3927 2450 3983; x_wconf 92' lang='lat' dir='ltr'><strong>fuit</strong></span> <span class='ocrx_word' id='word_1_510' title='bbox 2484 3929 2537 3982; x_wconf 94' lang='lat' dir='ltr'><strong>in</strong></span> <span class='ocrx_word' id='word_1_511' title='bbox 2583 3927 2675 3982; x_wconf 92' lang='lat' dir='ltr'><strong>illo</strong></span> <span class='ocrx_word' id='word_1_512' title='bbox 2702 3928 2874 3997; x_wconf 89' lang='lat' dir='ltr'><strong>primo</strong></span> <span class='ocrx_word' id='word_1_513' title='bbox 2901 3928 3129 3984; x_wconf 91' lang='lat' dir='ltr'><strong>concilio</strong></span> <span class='ocrx_word' id='word_1_514' title='bbox 3157 3928 3328 3984; x_wconf 89' lang='lat' dir='ltr'><strong>multa</strong></span> <span class='ocrx_word' id='word_1_515' title='bbox 3358 3930 3615 3984; x_wconf 80' lang='lat' dir='ltr'><strong>similiter</strong></span> <span class='ocrx_word' id='word_1_516' title='bbox 3640 3929 3757 3997; x_wconf 75' lang='lat' dir='ltr'><strong>inge-</strong></span> 
     </span>
    </p>
   </div>
   <div class='ocr_carea' id='block_1_73' title="bbox 2200 4017 3754 4084">
    <p class='ocr_par' dir='ltr' id='par_1_73' title="bbox 2200 4017 3754 4084">
     <span class='ocr_line' id='line_1_73' title="bbox 2200 4017 3754 4084; baseline -0.001 -11"><span class='ocrx_word' id='word_1_517' title='bbox 2200 4032 2338 4084; x_wconf 92' lang='lat' dir='ltr'><strong>rere,</strong></span> <span class='ocrx_word' id='word_1_518' title='bbox 2368 4018 2732 4073; x_wconf 87' lang='lat' dir='ltr'><strong>necessarium</strong></span> <span class='ocrx_word' id='word_1_519' title='bbox 2761 4017 2996 4083; x_wconf 88' lang='lat' dir='ltr'><strong>videtur,</strong></span> <span class='ocrx_word' id='word_1_520' title='bbox 3041 4018 3197 4074; x_wconf 89' lang='lat' dir='ltr'><strong>modo</strong></span> <span class='ocrx_word' id='word_1_521' title='bbox 3250 4018 3320 4074; x_wconf 89' lang='lat' dir='ltr'><strong>ad</strong></span> <span class='ocrx_word' id='word_1_522' title='bbox 3371 4019 3626 4074; x_wconf 86' lang='lat' dir='ltr'><strong>notitiam</strong></span> <span class='ocrx_word' id='word_1_523' title='bbox 3660 4033 3754 4071; x_wconf 81' lang='lat' dir='ltr'><strong>sau-</strong></span> 
     </span>
    </p>
   </div>
   <div class='ocr_carea' id='block_1_74' title="bbox 2201 4105 3755 4178">
    <p class='ocr_par' dir='ltr' id='par_1_74' title="bbox 2201 4105 3755 4178">
     <span class='ocr_line' id='line_1_74' title="bbox 2201 4105 3755 4178; baseline -0.004 -15"><span class='ocrx_word' id='word_1_524' title='bbox 2201 4115 2303 4163; x_wconf 70' lang='lat' dir='ltr'><strong>cttc</strong></span> <span class='ocrx_word' id='word_1_525' title='bbox 2341 4106 2625 4162; x_wconf 88' lang='lat' dir='ltr'><strong>charitatis</strong></span> <span class='ocrx_word' id='word_1_526' title='bbox 2658 4105 2880 4172; x_wconf 82' lang='lat' dir='ltr'><strong>deferri,</strong></span> <span class='ocrx_word' id='word_1_527' title='bbox 2928 4108 3007 4162; x_wconf 93' lang='lat' dir='ltr'><strong>eis</strong></span> <span class='ocrx_word' id='word_1_528' title='bbox 3040 4107 3349 4178; x_wconf 88' lang='lat' dir='ltr'><strong>specialiter</strong></span> <span class='ocrx_word' id='word_1_529' title='bbox 3373 4109 3690 4178; x_wconf 86' lang='lat' dir='ltr'><strong>prospectis,</strong></span> <span class='ocrx_word' id='word_1_530' title='bbox 3713 4114 3755 4157; x_wconf 73' lang='lat' dir='ltr'><strong>ut</strong></span> 
     </span>
    </p>
   </div>
   <div class='ocr_carea' id='block_1_75' title="bbox 2196 4196 3750 4271">
    <p class='ocr_par' dir='ltr' id='par_1_75' title="bbox 2196 4196 3750 4271">
     <span class='ocr_line' id='line_1_75' title="bbox 2196 4196 3750 4271; baseline -0.002 -18"><span class='ocrx_word' id='word_1_531' title='bbox 2196 4196 2462 4267; x_wconf 86' lang='lat' dir='ltr'><strong>spirituali</strong></span> <span class='ocrx_word' id='word_1_532' title='bbox 2487 4197 2739 4252; x_wconf 87' lang='lat' dir='ltr'><strong>ventilata</strong></span> <span class='ocrx_word' id='word_1_533' title='bbox 2767 4199 3015 4254; x_wconf 81' lang='lat' dir='ltr'><strong>examine</strong></span> <span class='ocrx_word' id='word_1_534' title='bbox 3046 4208 3344 4271; x_wconf 80' lang='lat' dir='ltr'><strong>purgentur</strong></span> <span class='ocrx_word' id='word_1_535' title='bbox 3368 4216 3384 4265; x_wconf 91' lang='lat'><strong>;</strong></span> <span class='ocrx_word' id='word_1_536' title='bbox 3431 4202 3605 4256; x_wconf 88' lang='lat' dir='ltr'><strong>sancti</strong></span> <span class='ocrx_word' id='word_1_537' title='bbox 3634 4200 3750 4254; x_wconf 78' lang='lat' dir='ltr'><strong>enim</strong></span> 
     </span>
    </p>
   </div>
   <div class='ocr_carea' id='block_1_76' title="bbox 2196 4288 3749 4361">
    <p class='ocr_par' dir='ltr' id='par_1_76' title="bbox 2196 4288 3749 4361">
     <span class='ocr_line' id='line_1_76' title="bbox 2196 4288 3749 4361; baseline -0.002 -17"><span class='ocrx_word' id='word_1_538' title='bbox 2196 4288 2385 4345; x_wconf 87' lang='lat' dir='ltr'><strong>Patres</strong></span> <span class='ocrx_word' id='word_1_539' title='bbox 2417 4304 2773 4360; x_wconf 83' lang='lat' dir='ltr'><strong>praecessores</strong></span> <span class='ocrx_word' id='word_1_540' title='bbox 2821 4291 3026 4356; x_wconf 90' lang='lat' dir='ltr'><strong>nostri,</strong></span> <span class='ocrx_word' id='word_1_541' title='bbox 3070 4298 3168 4344; x_wconf 92' lang='lat' dir='ltr'><strong>aut</strong></span> <span class='ocrx_word' id='word_1_542' title='bbox 3213 4290 3506 4360; x_wconf 84' lang='lat' dir='ltr'><strong>generales</strong></span> <span class='ocrx_word' id='word_1_543' title='bbox 3550 4291 3749 4361; x_wconf 77' lang='lat' dir='ltr'><strong>synodos</strong></span> 
     </span>
    </p>
   </div>
   <div class='ocr_carea' id='block_1_77' title="bbox 517 4371 3752 4458">
    <p class='ocr_par' dir='ltr' id='par_1_77' title="bbox 517 4371 3752 4458">
     <span class='ocr_line' id='line_1_77' title="bbox 517 4371 3752 4458; baseline 0.001 -28"><span class='ocrx_word' id='word_1_544' title='bbox 517 4384 656 4424; x_wconf 79' lang='lat' dir='ltr'><strong>mur.</strong></span> <span class='ocrx_word' id='word_1_545' title='bbox 717 4371 989 4445; x_wconf 86' lang='lat' dir='ltr'><strong>Scriptum</strong></span> <span class='ocrx_word' id='word_1_546' title='bbox 1043 4387 1128 4435; x_wconf 86' lang='lat' dir='ltr'><strong>est</strong></span> <span class='ocrx_word' id='word_1_547' title='bbox 1176 4382 1322 4438; x_wconf 82' lang='lat' dir='ltr'><strong>enim</strong></span> <span class='ocrx_word' id='word_1_548' title='bbox 1384 4384 1438 4438; x_wconf 85' lang='lat' dir='ltr'><strong>in</strong></span> <span class='ocrx_word' id='word_1_549' title='bbox 1498 4384 1825 4458; x_wconf 68' lang='lat' dir='ltr'><strong>Evangelia,</strong></span> <span class='ocrx_word' id='word_1_550' title='bbox 1883 4371 2094 4449; x_wconf 63' lang='grc' dir='ltr'><strong>ἀίοειιε</strong></span> <span class='ocrx_word' id='word_1_551' title='bbox 2196 4379 2435 4449; x_wconf 87' lang='lat' dir='ltr'><strong>undique</strong></span> <span class='ocrx_word' id='word_1_552' title='bbox 2460 4378 2637 4449; x_wconf 92' lang='lat' dir='ltr'><strong>colligi</strong></span> <span class='ocrx_word' id='word_1_553' title='bbox 2657 4394 2753 4448; x_wconf 90' lang='lat' dir='ltr'><strong>pro</strong></span> <span class='ocrx_word' id='word_1_554' title='bbox 2779 4379 2984 4434; x_wconf 88' lang='lat' dir='ltr'><strong>unitate</strong></span> <span class='ocrx_word' id='word_1_555' title='bbox 3007 4387 3167 4434; x_wconf 82' lang='lat' dir='ltr'><strong>rectae</strong></span> <span class='ocrx_word' id='word_1_556' title='bbox 3188 4379 3314 4435; x_wconf 88' lang='lat' dir='ltr'><strong>ﬁdei</strong></span> <span class='ocrx_word' id='word_1_557' title='bbox 3337 4380 3752 4435; x_wconf 75' lang='lat' dir='ltr'><strong>feceruntzsicut</strong></span> 
     </span>
    </p>
   </div>
   <div class='ocr_carea' id='block_1_78' title="bbox 518 4456 2106 4538">
    <p class='ocr_par' dir='ltr' id='par_1_78' title="bbox 518 4456 2092 4538">
     <span class='ocr_line' id='line_1_78' title="bbox 518 4456 2092 4538; baseline 0.016 -26"><span class='ocrx_word' id='word_1_558' title='bbox 518 4456 773 4517; x_wconf 88' lang='lat' dir='ltr'><strong>Domino:</strong></span> <span class='ocrx_word' id='word_1_559' title='bbox 805 4481 823 4514; x_wconf 74' lang='grc' dir='ltr'>ι</span> <span class='ocrx_word' id='word_1_560' title='bbox 856 4462 1171 4538; x_wconf 90' lang='lat' dir='ltr'><strong>Ubicunque</strong></span> <span class='ocrx_word' id='word_1_561' title='bbox 1197 4470 1397 4527; x_wconf 89' lang='lat' dir='ltr'><strong>fuerint</strong></span> <span class='ocrx_word' id='word_1_562' title='bbox 1420 4473 1524 4531; x_wconf 93' lang='lat' dir='ltr'><strong>duo</strong></span> <span class='ocrx_word' id='word_1_563' title='bbox 1552 4475 1637 4531; x_wconf 88' lang='lat' dir='ltr'><strong>vel</strong></span> <span class='ocrx_word' id='word_1_564' title='bbox 1664 4456 1773 4534; x_wconf 79' lang='lat' dir='ltr'><strong>tres</strong></span> <span class='ocrx_word' id='word_1_565' title='bbox 1804 4478 1857 4533; x_wconf 93' lang='lat' dir='ltr'><strong>in</strong></span> <span class='ocrx_word' id='word_1_566' title='bbox 1878 4481 2092 4537; x_wconf 91' lang='lat' dir='ltr'><strong>nomine</strong></span> 
     </span>
    </p>
   </div>
   <div class='ocr_carea' id='block_1_79' title="bbox 2210 4456 3748 4538">
    <p class='ocr_par' dir='ltr' id='par_1_79' title="bbox 2210 4468 3748 4535">
     <span class='ocr_line' id='line_1_79' title="bbox 2210 4468 3748 4535; baseline 0.002 -13"><span class='ocrx_word' id='word_1_567' title='bbox 2210 4486 2249 4525; x_wconf 90' lang='lat' dir='ltr'><strong>n</strong></span> <span class='ocrx_word' id='word_1_568' title='bbox 2275 4468 2452 4526; x_wconf 66' lang='lat' dir='ltr'><strong>Nicaza</strong></span> <span class='ocrx_word' id='word_1_569' title='bbox 2471 4477 2658 4525; x_wconf 89' lang='lat' dir='ltr'><strong>contra</strong></span> <span class='ocrx_word' id='word_1_570' title='bbox 2685 4468 2873 4523; x_wconf 87' lang='lat' dir='ltr'><strong>Arium</strong></span> <span class='ocrx_word' id='word_1_571' title='bbox 2913 4470 3139 4526; x_wconf 90' lang='lat' dir='ltr'><strong>trecenti</strong></span> <span class='ocrx_word' id='word_1_572' title='bbox 3186 4469 3377 4525; x_wconf 90' lang='lat' dir='ltr'><strong>decem</strong></span> <span class='ocrx_word' id='word_1_573' title='bbox 3425 4480 3484 4527; x_wconf 91' lang='lat' dir='ltr'><strong>et</strong></span> <span class='ocrx_word' id='word_1_574' title='bbox 3526 4482 3677 4535; x_wconf 87' lang='lat' dir='ltr'><strong>octo,</strong></span> <span class='ocrx_word' id='word_1_575' title='bbox 3707 4479 3748 4525; x_wconf 83' lang='lat' dir='ltr'><strong>et</strong></span> 
     </span>
    </p>
   </div>
   <div class='ocr_carea' id='block_1_80' title="bbox 515 4556 3749 4665">
    <p class='ocr_par' dir='ltr' id='par_1_80' title="bbox 515 4556 3749 4665">
     <span class='ocr_line' id='line_1_80' title="bbox 515 4556 3749 4665; baseline 0.006 -62"><span class='ocrx_word' id='word_1_576' title='bbox 515 4563 641 4604; x_wconf 88' lang='lat' dir='ltr'><strong>meo</strong></span> <span class='ocrx_word' id='word_1_577' title='bbox 667 4556 1001 4627; x_wconf 85' lang='lat' dir='ltr'><strong>congregati,</strong></span> <span class='ocrx_word' id='word_1_578' title='bbox 1041 4559 1115 4614; x_wconf 89' lang='lat' dir='ltr'><strong>ibi</strong></span> <span class='ocrx_word' id='word_1_579' title='bbox 1164 4576 1259 4617; x_wconf 91' lang='lat' dir='ltr'><strong>ero</strong></span> <span class='ocrx_word' id='word_1_580' title='bbox 1310 4562 1365 4617; x_wconf 91' lang='lat' dir='ltr'><strong>in</strong></span> <span class='ocrx_word' id='word_1_581' title='bbox 1416 4565 1593 4621; x_wconf 91' lang='lat' dir='ltr'><strong>medio</strong></span> <span class='ocrx_word' id='word_1_582' title='bbox 1639 4582 1827 4623; x_wconf 92' lang='lat' dir='ltr'><strong>eorum</strong></span> <span class='ocrx_word' id='word_1_583' title='bbox 1872 4568 2089 4641; x_wconf 78' lang='lat' dir='ltr'><strong>(Matth.</strong></span> <span class='ocrx_word' id='word_1_584' title='bbox 2125 4570 2170 4627; x_wconf 84' lang='grc' dir='ltr'><strong>ι)</strong></span> <span class='ocrx_word' id='word_1_585' title='bbox 2197 4562 2251 4618; x_wconf 90' lang='lat' dir='ltr'><strong>in</strong></span> <span class='ocrx_word' id='word_1_586' title='bbox 2272 4560 2733 4665; x_wconf 57' lang='lat' dir='ltr'><strong>Constantinopoli</strong></span> <span class='ocrx_word' id='word_1_587' title='bbox 2750 4571 2985 4665; x_wconf 50' lang='lat' dir='ltr'><strong>locutum</strong></span> <span class='ocrx_word' id='word_1_588' title='bbox 3030 4562 3431 4665; x_wconf 58' lang='lat' dir='ltr'><strong>quinquaginta</strong></span> <span class='ocrx_word' id='word_1_589' title='bbox 3453 4566 3749 4665; x_wconf 30' lang='lat' dir='ltr'><strong>contrahat</strong></span> 
     </span>
    </p>
   </div>
   <div class='ocr_carea' id='block_1_81' title="bbox 511 4646 2106 4734">
    <p class='ocr_par' dir='ltr' id='par_1_81' title="bbox 511 4646 2090 4734">
     <span class='ocr_line' id='line_1_81' title="bbox 511 4646 2090 4734; baseline 0.015 -37"><span class='ocrx_word' id='word_1_590' title='bbox 511 4656 648 4699; x_wconf 78' lang='lat' dir='ltr'><strong>xvm</strong></span> <span class='ocrx_word' id='word_1_591' title='bbox 672 4685 687 4711; x_wconf 94' lang='lat'><strong>,</strong></span> <span class='ocrx_word' id='word_1_592' title='bbox 727 4646 798 4702; x_wconf 77' lang='lat'><strong>20</strong></span> <span class='ocrx_word' id='word_1_593' title='bbox 816 4648 860 4720; x_wconf 91' lang='lat'><strong>).</strong></span> <span class='ocrx_word' id='word_1_594' title='bbox 899 4668 918 4703; x_wconf 79' lang='grc' dir='ltr'><strong><em>ι</em></strong></span> <span class='ocrx_word' id='word_1_595' title='bbox 954 4650 1172 4722; x_wconf 70' lang='lat' dir='ltr'><strong>iNitigis</strong></span> <span class='ocrx_word' id='word_1_596' title='bbox 1216 4653 1475 4713; x_wconf 90' lang='lat' dir='ltr'><strong>Lucensis</strong></span> <span class='ocrx_word' id='word_1_597' title='bbox 1518 4659 1760 4716; x_wconf 75' lang='lat' dir='ltr'><strong>ecclesia:</strong></span> <span class='ocrx_word' id='word_1_598' title='bbox 1808 4662 2090 4734; x_wconf 87' lang='lat' dir='ltr'><strong>episcopus</strong></span> 
     </span>
    </p>
   </div>
   <div class='ocr_carea' id='block_1_82' title="bbox 2210 4646 3747 4734">
    <p class='ocr_par' dir='ltr' id='par_1_82' title="bbox 2210 4649 3747 4723">
     <span class='ocr_line' id='line_1_82' title="bbox 2210 4649 3747 4723; baseline -0.002 -15"><span class='ocrx_word' id='word_1_599' title='bbox 2210 4652 2499 4717; x_wconf 77' lang='lat' dir='ltr'><strong>&gt;edonium,</strong></span> <span class='ocrx_word' id='word_1_600' title='bbox 2520 4659 2575 4707; x_wconf 91' lang='lat' dir='ltr'><strong>et</strong></span> <span class='ocrx_word' id='word_1_601' title='bbox 2595 4651 2649 4704; x_wconf 90' lang='lat' dir='ltr'><strong>in</strong></span> <span class='ocrx_word' id='word_1_602' title='bbox 2667 4649 3082 4723; x_wconf 60' lang='lat' dir='ltr'><strong>Epheso§contra</strong></span> <span class='ocrx_word' id='word_1_603' title='bbox 3116 4650 3433 4708; x_wconf 82' lang='lat' dir='ltr'><strong>Nestorium</strong></span> <span class='ocrx_word' id='word_1_604' title='bbox 3456 4654 3682 4719; x_wconf 85' lang='lat' dir='ltr'><strong>ducenti,</strong></span> <span class='ocrx_word' id='word_1_605' title='bbox 3707 4662 3747 4705; x_wconf 74' lang='lat' dir='ltr'><strong>et</strong></span> 
     </span>
    </p>
   </div>
   <div class='ocr_carea' id='block_1_83' title="bbox 513 4734 3748 4824">
    <p class='ocr_par' dir='ltr' id='par_1_83' title="bbox 513 4734 3748 4824">
     <span class='ocr_line' id='line_1_83' title="bbox 513 4734 3748 4824; baseline 0.008 -42"><span class='ocrx_word' id='word_1_606' title='bbox 513 4734 690 4791; x_wconf 73' lang='lat' dir='ltr'><strong>dixit:</strong></span> <span class='ocrx_word' id='word_1_607' title='bbox 735 4737 845 4795; x_wconf 86' lang='lat' dir='ltr'><strong>Nec</strong></span> <span class='ocrx_word' id='word_1_608' title='bbox 880 4740 1023 4797; x_wconf 82' lang='lat' dir='ltr'><strong>aliud</strong></span> <span class='ocrx_word' id='word_1_609' title='bbox 1060 4754 1242 4814; x_wconf 68' lang='lat' dir='ltr'><strong>potest</strong></span> <span class='ocrx_word' id='word_1_610' title='bbox 1279 4749 1449 4813; x_wconf 67' lang='lat' dir='ltr'><strong>credi,</strong></span> <span class='ocrx_word' id='word_1_611' title='bbox 1488 4750 1589 4806; x_wconf 82' lang='lat' dir='ltr'><strong>nisi</strong></span> <span class='ocrx_word' id='word_1_612' title='bbox 1618 4766 1680 4807; x_wconf 75' lang='lat' dir='ltr'><strong>ea</strong></span> <span class='ocrx_word' id='word_1_613' title='bbox 1711 4767 1831 4822; x_wconf 64' lang='lat' dir='ltr'><strong>qua}</strong></span> <span class='ocrx_word' id='word_1_614' title='bbox 1855 4756 1922 4810; x_wconf 83' lang='lat' dir='ltr'><strong>ad</strong></span> <span class='ocrx_word' id='word_1_615' title='bbox 1949 4757 2092 4811; x_wconf 63' lang='lat' dir='ltr'><strong>utili-</strong></span> <span class='ocrx_word' id='word_1_616' title='bbox 2193 4749 2247 4803; x_wconf 90' lang='lat' dir='ltr'><strong>in</strong></span> <span class='ocrx_word' id='word_1_617' title='bbox 2271 4747 2610 4807; x_wconf 75' lang='lat' dir='ltr'><strong>Chalcedona</strong></span> <span class='ocrx_word' id='word_1_618' title='bbox 2638 4751 2971 4808; x_wconf 87' lang='lat' dir='ltr'><strong>Eutiehetem</strong></span> <span class='ocrx_word' id='word_1_619' title='bbox 2990 4751 3232 4808; x_wconf 76' lang='lat' dir='ltr'><strong>sexcenti</strong></span> <span class='ocrx_word' id='word_1_620' title='bbox 3258 4753 3615 4824; x_wconf 77' lang='lat' dir='ltr'><strong>triginta,aut</strong></span> <span class='ocrx_word' id='word_1_621' title='bbox 3631 4760 3748 4808; x_wconf 76' lang='lat' dir='ltr'><strong>certe</strong></span> 
     </span>
    </p>
   </div>
   <div class='ocr_carea' id='block_1_84' title="bbox 515 4831 3747 4916">
    <p class='ocr_par' dir='ltr' id='par_1_84' title="bbox 515 4831 3747 4916">
     <span class='ocr_line' id='line_1_84' title="bbox 515 4831 3747 4916; baseline 0.009 -39"><span class='ocrx_word' id='word_1_622' title='bbox 515 4831 680 4881; x_wconf 90' lang='lat' dir='ltr'><strong>tatem</strong></span> <span class='ocrx_word' id='word_1_623' title='bbox 710 4839 1014 4887; x_wconf 88' lang='lat' dir='ltr'><strong>nostrarum</strong></span> <span class='ocrx_word' id='word_1_624' title='bbox 1053 4835 1326 4904; x_wconf 87' lang='lat' dir='ltr'><strong>pertinent</strong></span> <span class='ocrx_word' id='word_1_625' title='bbox 1369 4839 1673 4896; x_wconf 90' lang='lat' dir='ltr'><strong>animarum</strong></span> <span class='ocrx_word' id='word_1_626' title='bbox 1709 4843 1887 4899; x_wconf 90' lang='lat' dir='ltr'><strong>divina</strong></span> <span class='ocrx_word' id='word_1_627' title='bbox 1921 4845 2091 4902; x_wconf 91' lang='lat' dir='ltr'><strong>insoi-</strong></span> <span class='ocrx_word' id='word_1_628' title='bbox 2192 4842 2456 4913; x_wconf 88' lang='lat' dir='ltr'><strong>speciales</strong></span> <span class='ocrx_word' id='word_1_629' title='bbox 2484 4842 2719 4914; x_wconf 87' lang='lat' dir='ltr'><strong>synodos</strong></span> <span class='ocrx_word' id='word_1_630' title='bbox 2753 4859 2851 4914; x_wconf 90' lang='lat' dir='ltr'><strong>per</strong></span> <span class='ocrx_word' id='word_1_631' title='bbox 2896 4858 3024 4899; x_wconf 88' lang='lat' dir='ltr'><strong>suas</strong></span> <span class='ocrx_word' id='word_1_632' title='bbox 3054 4845 3437 4915; x_wconf 86' lang='lat' dir='ltr'><strong>unusquisque</strong></span> <span class='ocrx_word' id='word_1_633' title='bbox 3475 4842 3747 4916; x_wconf 51' lang='lat' dir='ltr'><strong>provincia5</strong></span> 
     </span>
    </p>
   </div>
   <div class='ocr_carea' id='block_1_85' title="bbox 515 4915 3820 5031">
    <p class='ocr_par' dir='ltr' id='par_1_85' title="bbox 515 4915 3820 5031">
     <span class='ocr_line' id='line_1_85' title="bbox 515 4915 3820 5031; baseline 0.006 -62"><span class='ocrx_word' id='word_1_634' title='bbox 515 4915 728 4973; x_wconf 86' lang='lat' dir='ltr'><strong>ratione</strong></span> <span class='ocrx_word' id='word_1_635' title='bbox 748 4927 803 4973; x_wconf 90' lang='lat' dir='ltr'><strong>et</strong></span> <span class='ocrx_word' id='word_1_636' title='bbox 833 4917 1076 4979; x_wconf 80' lang='lat' dir='ltr'><strong>inchoari</strong></span> <span class='ocrx_word' id='word_1_637' title='bbox 1103 4933 1157 4981; x_wconf 91' lang='lat' dir='ltr'><strong>et</strong></span> <span class='ocrx_word' id='word_1_638' title='bbox 1186 4926 1380 4995; x_wconf 89' lang='lat' dir='ltr'><strong>perﬁci</strong></span> <span class='ocrx_word' id='word_1_639' title='bbox 1410 4938 1681 4999; x_wconf 89' lang='lat' dir='ltr'><strong>oportere.</strong></span> <span class='ocrx_word' id='word_1_640' title='bbox 2169 4949 2290 5004; x_wconf 90' lang='lat' dir='ltr'><strong>.pro</strong></span> <span class='ocrx_word' id='word_1_641' title='bbox 2310 4936 2615 4991; x_wconf 89' lang='lat' dir='ltr'><strong>resecandis</strong></span> <span class='ocrx_word' id='word_1_642' title='bbox 2648 4937 3106 5003; x_wconf 91' lang='lat' dir='ltr'><strong>contentionibus,</strong></span> <span class='ocrx_word' id='word_1_643' title='bbox 3143 4936 3229 4991; x_wconf 85' lang='lat' dir='ltr'><strong>vel</strong></span> <span class='ocrx_word' id='word_1_644' title='bbox 3281 4936 3636 4992; x_wconf 86' lang='lat' dir='ltr'><strong>emendandis</strong></span> <span class='ocrx_word' id='word_1_645' title='bbox 3665 4932 3741 4988; x_wconf 67' lang='grc' dir='ltr'><strong>διὶ-</strong></span> 
     </span>
     <span class='ocr_line' id='line_1_86' title="bbox 585 5003 2940 5031; baseline 0 0"><span class='ocrx_word' id='word_1_646' title='bbox 585 5003 649 5031; x_wconf 71' lang='grc' dir='ltr'><strong>π.</strong></span> <span class='ocrx_word' id='word_1_647' title='bbox 682 5006 798 5031; x_wconf 64' lang='lat' dir='ltr'><strong>LI-..</strong></span> <span class='ocrx_word' id='word_1_648' title='bbox 844 5012 1041 5031; x_wconf 35' lang='grc' dir='ltr'><strong>---Αηρνη</strong></span> <span class='ocrx_word' id='word_1_649' title='bbox 1074 5029 1113 5031; x_wconf 69' lang='lat'><strong>_-</strong></span> <span class='ocrx_word' id='word_1_650' title='bbox 1162 5030 1169 5031; x_wconf 60' lang='lat'><strong><em>,</em></strong></span> <span class='ocrx_word' id='word_1_651' title='bbox 1192 5025 1203 5031; x_wconf 89' lang='lat'><strong>-</strong></span> <span class='ocrx_word' id='word_1_652' title='bbox 1351 5017 1363 5030; x_wconf 75' lang='grc' dir='ltr'>ι</span> <span class='ocrx_word' id='word_1_653' title='bbox 1390 5019 1420 5031; x_wconf 83' lang='grc'><strong>..</strong></span> <span class='ocrx_word' id='word_1_654' title='bbox 1619 5021 1631 5031; x_wconf 91' lang='grc'>.</span> <span class='ocrx_word' id='word_1_655' title='bbox 1718 5021 1748 5031; x_wconf 84' lang='grc'><strong>..</strong></span> <span class='ocrx_word' id='word_1_656' title='bbox 1852 5024 1866 5031; x_wconf 89' lang='grc'><strong>-</strong></span> <span class='ocrx_word' id='word_1_657' title='bbox 2576 5030 2585 5031; x_wconf 58' lang='lat'><strong><em>,</em></strong></span> <span class='ocrx_word' id='word_1_658' title='bbox 2767 5029 2775 5031; x_wconf 95' lang='lat'><em>_</em></span> <span class='ocrx_word' id='word_1_659' title='bbox 2914 5029 2940 5031; x_wconf 30' lang='grc' dir='ltr'><strong>κ.</strong></span> 
     </span>
    </p>
   </div>
   <div class='ocr_carea' id='block_1_86' title="bbox 584 5003 3820 5101">
    <p class='ocr_par' dir='ltr' id='par_1_86' title="bbox 584 5003 3820 5101">
     <span class='ocr_line' id='line_1_87' title="bbox 584 5003 3820 5101; baseline 0.008 -43"><span class='ocrx_word' id='word_1_660' title='bbox 584 5003 653 5059; x_wconf 85' lang='grc' dir='ltr'><strong>Ει</strong></span> <span class='ocrx_word' id='word_1_661' title='bbox 682 5006 802 5063; x_wconf 89' lang='lat' dir='ltr'><strong>ideo</strong></span> <span class='ocrx_word' id='word_1_662' title='bbox 844 5012 1124 5070; x_wconf 87' lang='lat' dir='ltr'><strong>unanimes</strong></span> <span class='ocrx_word' id='word_1_663' title='bbox 1153 5025 1316 5086; x_wconf 90' lang='lat' dir='ltr'><strong>atque</strong></span> <span class='ocrx_word' id='word_1_664' title='bbox 1350 5017 1578 5088; x_wconf 90' lang='lat' dir='ltr'><strong>idipsum</strong></span> <span class='ocrx_word' id='word_1_665' title='bbox 1617 5021 1671 5077; x_wconf 93' lang='lat' dir='ltr'><strong>in</strong></span> <span class='ocrx_word' id='word_1_666' title='bbox 1716 5021 1943 5081; x_wconf 91' lang='lat' dir='ltr'><strong>Domino</strong></span> <span class='ocrx_word' id='word_1_667' title='bbox 1967 5040 2089 5082; x_wconf 75' lang='lat' dir='ltr'><strong>sen-</strong></span> <span class='ocrx_word' id='word_1_668' title='bbox 2190 5045 2423 5100; x_wconf 88' lang='lat' dir='ltr'><strong>quorum</strong></span> <span class='ocrx_word' id='word_1_669' title='bbox 2467 5029 2811 5101; x_wconf 88' lang='lat' dir='ltr'><strong>negligentiis</strong></span> <span class='ocrx_word' id='word_1_670' title='bbox 2842 5029 3211 5101; x_wconf 83' lang='lat' dir='ltr'><strong>collegerunt;</strong></span> <span class='ocrx_word' id='word_1_671' title='bbox 3245 5039 3302 5086; x_wconf 89' lang='lat' dir='ltr'><strong>et</strong></span> <span class='ocrx_word' id='word_1_672' title='bbox 3343 5038 3513 5099; x_wconf 88' lang='lat' dir='ltr'><strong>prout</strong></span> <span class='ocrx_word' id='word_1_673' title='bbox 3555 5035 3743 5085; x_wconf 73' lang='lat' dir='ltr'><strong>eventus</strong></span> <span class='ocrx_word' id='word_1_674' title='bbox 3818 5016 3820 5091; x_wconf 73' lang='grc' dir='ltr'><strong>Ῐ</strong></span> 
     </span>
    </p>
   </div>
   <div class='ocr_carea' id='block_1_87' title="bbox 513 5093 3820 5189">
    <p class='ocr_par' dir='ltr' id='par_1_87' title="bbox 513 5093 3820 5189">
     <span class='ocr_line' id='line_1_88' title="bbox 513 5093 3820 5189; baseline 0.011 -43"><span class='ocrx_word' id='word_1_675' title='bbox 513 5093 730 5163; x_wconf 89' lang='lat' dir='ltr'><strong>tientes,</strong></span> <span class='ocrx_word' id='word_1_676' title='bbox 759 5113 1093 5171; x_wconf 81' lang='lat' dir='ltr'><strong>quaecunque</strong></span> <span class='ocrx_word' id='word_1_677' title='bbox 1122 5107 1188 5161; x_wconf 91' lang='lat' dir='ltr'><strong>ad</strong></span> <span class='ocrx_word' id='word_1_678' title='bbox 1237 5108 1646 5167; x_wconf 90' lang='lat' dir='ltr'><strong>instructionem</strong></span> <span class='ocrx_word' id='word_1_679' title='bbox 1699 5122 1934 5170; x_wconf 90' lang='lat' dir='ltr'><strong>nostram</strong></span> <span class='ocrx_word' id='word_1_680' title='bbox 1966 5132 2089 5187; x_wconf 88' lang='lat' dir='ltr'><strong>per-</strong></span> <span class='ocrx_word' id='word_1_681' title='bbox 2188 5093 2466 5189; x_wconf 75' lang='lat' dir='ltr'><strong>culparum</strong></span> <span class='ocrx_word' id='word_1_682' title='bbox 2526 5128 2620 5174; x_wconf 90' lang='lat' dir='ltr'><strong>aut</strong></span> <span class='ocrx_word' id='word_1_683' title='bbox 2681 5119 3066 5189; x_wconf 88' lang='lat' dir='ltr'><strong>qualiscunque</strong></span> <span class='ocrx_word' id='word_1_684' title='bbox 3111 5134 3375 5174; x_wconf 83' lang='lat' dir='ltr'><strong>excessus</strong></span> <span class='ocrx_word' id='word_1_685' title='bbox 3423 5119 3622 5189; x_wconf 70' lang='lat' dir='ltr'><strong>exegit.</strong></span> <span class='ocrx_word' id='word_1_686' title='bbox 3662 5127 3741 5184; x_wconf 57' lang='lat' dir='ltr'><strong>Per</strong></span> <span class='ocrx_word' id='word_1_687' title='bbox 3818 5154 3820 5183; x_wconf 78' lang='grc' dir='ltr'><strong>ε</strong></span> 
     </span>
    </p>
   </div>
   <div class='ocr_carea' id='block_1_88' title="bbox 515 5184 3820 5283">
    <p class='ocr_par' dir='ltr' id='par_1_88' title="bbox 515 5184 3820 5283">
     <span class='ocr_line' id='line_1_89' title="bbox 515 5184 3820 5283; baseline 0.006 -43"><span class='ocrx_word' id='word_1_688' title='bbox 515 5184 709 5254; x_wconf 90' lang='lat' dir='ltr'><strong>tinent,</strong></span> <span class='ocrx_word' id='word_1_689' title='bbox 745 5188 803 5243; x_wconf 89' lang='lat' dir='ltr'><strong>in</strong></span> <span class='ocrx_word' id='word_1_690' title='bbox 845 5193 1078 5249; x_wconf 91' lang='lat' dir='ltr'><strong>medium</strong></span> <span class='ocrx_word' id='word_1_691' title='bbox 1129 5197 1335 5266; x_wconf 88' lang='lat' dir='ltr'><strong>prolata</strong></span> <span class='ocrx_word' id='word_1_692' title='bbox 1373 5201 1743 5258; x_wconf 85' lang='lat' dir='ltr'><strong>desideramus</strong></span> <span class='ocrx_word' id='word_1_693' title='bbox 1770 5184 2084 5275; x_wconf 79' lang='lat' dir='ltr'><strong>agnoscere.</strong></span> <span class='ocrx_word' id='word_1_694' title='bbox 2191 5184 2429 5280; x_wconf 72' lang='lat' dir='ltr'><strong>singulas</strong></span> <span class='ocrx_word' id='word_1_695' title='bbox 2456 5223 2698 5279; x_wconf 88' lang='lat' dir='ltr'><strong>quasque</strong></span> <span class='ocrx_word' id='word_1_696' title='bbox 2747 5209 2957 5265; x_wconf 88' lang='lat' dir='ltr'><strong>divinas</strong></span> <span class='ocrx_word' id='word_1_697' title='bbox 3000 5223 3270 5264; x_wconf 89' lang='lat' dir='ltr'><strong>canonum</strong></span> <span class='ocrx_word' id='word_1_698' title='bbox 3300 5209 3625 5269; x_wconf 87' lang='lat' dir='ltr'><strong>sententias.</strong></span> <span class='ocrx_word' id='word_1_699' title='bbox 3649 5219 3738 5259; x_wconf 82' lang='lat' dir='ltr'><strong>me-</strong></span> <span class='ocrx_word' id='word_1_700' title='bbox 3818 5204 3820 5283; x_wconf 70' lang='grc' dir='ltr'><strong>ξ</strong></span> 
     </span>
    </p>
   </div>
   <div class='ocr_carea' id='block_1_89' title="bbox 500 5275 1283 5318">
    <p class='ocr_par' dir='ltr' id='par_1_89' title="bbox 500 5275 1283 5318">
     <span class='ocr_line' id='line_1_90' title="bbox 500 5275 1283 5318; baseline 0 0"><span class='ocrx_word' id='word_1_701' title='bbox 500 5275 780 5318; x_wconf 60' lang='grc' dir='ltr'><strong>λΜειΜῖηηα</strong></span> <span class='ocrx_word' id='word_1_702' title='bbox 805 5282 1085 5318; x_wconf 69' lang='grc' dir='ltr'><strong>οηῖαιιηῃηο</strong></span> <span class='ocrx_word' id='word_1_703' title='bbox 1111 5289 1241 5318; x_wconf 66' lang='grc' dir='ltr'><strong>,ιζ-,ιι</strong></span> <span class='ocrx_word' id='word_1_704' title='bbox 1270 5308 1283 5318; x_wconf 92' lang='grc'><em>.</em></span> 
     </span>
    </p>
   </div>
   <div class='ocr_carea' id='block_1_90' title="bbox 1336 5292 2106 5318">
    <p class='ocr_par' dir='ltr' id='par_1_90' title="bbox 1336 5292 2045 5318">
     <span class='ocr_line' id='line_1_91' title="bbox 1336 5292 2045 5318; baseline 0 0"><span class='ocrx_word' id='word_1_705' title='bbox 1336 5292 1357 5318; x_wconf 63' lang='grc' dir='ltr'><strong>Α</strong></span> <span class='ocrx_word' id='word_1_706' title='bbox 1375 5292 1669 5318; x_wconf 52' lang='grc' dir='ltr'><strong>...εει-ΑΜ..-</strong></span> <span class='ocrx_word' id='word_1_707' title='bbox 1698 5303 1925 5318; x_wconf 62' lang='grc' dir='ltr'><strong>..ΑρΙ--.μ</strong></span> <span class='ocrx_word' id='word_1_708' title='bbox 1953 5298 1980 5318; x_wconf 75' lang='grc'>1.</span> <span class='ocrx_word' id='word_1_709' title='bbox 1998 5313 2045 5318; x_wconf 58' lang='grc' dir='ltr'><strong>Α-</strong></span> 
     </span>
    </p>
   </div>
   <div class='ocr_carea' id='block_1_91' title="bbox 2210 5292 3734 5318">
    <p class='ocr_par' dir='ltr' id='par_1_91' title="bbox 2210 5296 3734 5318">
     <span class='ocr_line' id='line_1_92' title="bbox 2210 5296 3734 5318; baseline 0 0"><span class='ocrx_word' id='word_1_710' title='bbox 2210 5298 2360 5318; x_wconf 68' lang='lat' dir='ltr'><strong>I!-_.-.-</strong></span> <span class='ocrx_word' id='word_1_711' title='bbox 2397 5297 2535 5318; x_wconf 61' lang='lat'><strong>2...-..</strong></span> <span class='ocrx_word' id='word_1_712' title='bbox 2590 5312 2673 5318; x_wconf 70' lang='grc'><strong>---</strong></span> <span class='ocrx_word' id='word_1_713' title='bbox 2736 5297 2825 5318; x_wconf 67' lang='grc' dir='ltr'><strong>“.Ξ</strong></span> <span class='ocrx_word' id='word_1_714' title='bbox 2874 5296 3058 5318; x_wconf 72' lang='grc' dir='ltr'><strong>-..ε..ε.--</strong></span> <span class='ocrx_word' id='word_1_715' title='bbox 3120 5297 3457 5318; x_wconf 63' lang='lat'><strong>_-_._-_!_--__</strong></span> <span class='ocrx_word' id='word_1_716' title='bbox 3488 5307 3561 5318; x_wconf 63' lang='grc' dir='ltr'><strong>...Α</strong></span> <span class='ocrx_word' id='word_1_717' title='bbox 3635 5307 3734 5318; x_wconf 58' lang='grc' dir='ltr'><strong>...με</strong></span> 
     </span>
    </p>
   </div>
  </div>
