3888 6474
131 364 229 423 575

1259 354 1745 417 DECRETALIUM
1779 356 2175 418 COLLECTIO.

3254 374 3360 431 574

130 478 261 549 plina
293 487 390 545 per
428 471 788 545 ignorantiam
824 478 916 526 aut
951 485 1046 540 per
1086 469 1467 542 negligentiam
1505 480 1688 537 repre-
1720 469 1771 527 Α
1798 465 1898 522 sibi
1923 467 2060 534 fieri,
2095 469 2248 525 alteri
2284 486 2391 527 non
2426 472 2645 542 faciant,
2673 483 2730 532 et
2758 485 2819 532 ut
2851 477 3072 533 credant
3115 494 3358 537 resurre-

131 564 377 621 bensibile
427 563 698 618 invenitur
738 562 791 616 in
837 561 1010 625 nobis,
1054 568 1395 617 recurrentes
1423 559 1488 612 ad
1522 557 1676 612 testi-

130 656 292 713 monia
348 661 661 709 sanctarum
712 652 1111 720 Scripturarum
1178 651 1263 706 vel
1334 651 1675 720 antiquorum

125 761 377 803 canonum
406 745 673 808 instituta,
705 743 945 799 adhibito
982 742 1251 797 communi
1276 756 1538 798 consensu
1561 741 1677 795 ani-

127 838 212 904 mi,
237 851 353 905 quae
375 835 746 905 displicuerint
766 833 1064 889 rationabili
1088 831 1292 901 judicio
1321 831 1673 901 corrigamus.

128 929 185 982 Et
207 928 461 997 primum,
487 926 535 982 si
560 926 754 996 placet,
784 926 838 979 in
870 924 1081 979 reiectis
1104 924 1244 978 beati
1280 922 1421 977 Petri
1447 920 1674 991 apostoli

125 1016 526 1088 praeceptisquae
554 1030 649 1086 pro
677 1014 856 1084 regula
883 1014 1217 1069 sacerdotum
1249 1012 1301 1067 in
1333 1027 1428 1067 sua
1449 1009 1675 1081 epistola

123 1109 383 1163 evidenter
430 1105 740 1175 adscripsit,
789 1103 1048 1174 quidquid
1101 1118 1206 1157 non
1264 1103 1452 1157 eodem
1488 1109 1673 1155 tenore

122 1200 244 1254 sicut
291 1197 549 1267 princeps
596 1194 959 1266 apostolorum
985 1192 1217 1255 edocuit,
1250 1191 1333 1261 agi
1382 1191 1612 1254 videtur,
1641 1204 1673 1243 a

122 1287 256 1342 nobis
284 1287 400 1341 sine
427 1285 541 1340 ulla
575 1283 915 1340 cunctatione
946 1282 1012 1337 ad
1042 1278 1471 1335 emendationem
1510 1278 1674 1334 dedu-

121 1392 228 1433 cere
272 1376 616 1441 festihemus,
669 1389 737 1429 ne
785 1371 925 1428 forte
968 1371 1092 1427 dum
1156 1369 1275 1425 aliis
1317 1369 1673 1440 prmdicamus

120 1468 207 1538 ipsi
231 1465 441 1536 reprobi
465 1463 644 1521 eﬁ‘ecti
662 1463 844 1519 divino
870 1461 959 1516 illo
979 1458 1398 1515 condemnemur
1434 1459 1668 1527 eloquio,

119 1561 311 1614 dicente
341 1576 356 1613 :
391 1576 410 1609 ι
443 1558 528 1612 Tu
558 1571 688 1613 vero
719 1554 879 1611 odisti
920 1551 1278 1621 disciplinam,
1314 1558 1368 1605 et
1399 1548 1671 1619 projecisti

121 1665 376 1707 sermones
419 1665 579 1706 meos
617 1656 736 1719 post
775 1656 826 1702 te
871 1645 1020 1718 (Psai
1082 1661 1233 1709 χιιι,
1276 1643 1384 1715 l7).
1421 1662 1440 1695 ι
1474 1643 1673 1698 Omnes

119 1739 331 1810 episcopi
373 1738 631 1794 dixerunt
669 1756 682 1792 :
720 1736 975 1806 Cupimus
1036 1743 1389 1790 memoratam
1443 1733 1670 1805 apostoli

1780 560 2011 614 ctionem
2064 564 2301 618 omnium
2349 567 2650 634 hominum,
2680 578 2736 625 et
2769 572 2908 626 diem
2947 571 3136 642 judicii
3171 573 3221 628 in
3250 590 3358 645 quo

1779 654 2141 722 unusquisque
2164 657 2453 712 secundum
2476 675 2636 729 opera
2659 676 2753 716 sua
2768 672 3080 733 recepturus
3094 664 3180 718 sit.
3198 664 3264 719 Et
3278 668 3358 723 sic

1776 752 1959 812 postea
1972 747 2250 817 episcopus
2269 748 2335 803 de
2351 750 2575 805 ecclesia
2594 752 2682 806 illa
2702 753 3070 822 proﬁciscatur
3089 757 3155 809 ad
3171 757 3353 811 aliam.

1846 835 1910 890 li.
1946 835 2150 891 Placuit
2181 846 2237 893 ut
2271 839 2448 894 nullus
2469 841 2838 911 episcoporum
2877 858 2973 912 per
2994 858 3120 898 suas
3147 844 3349 900 dioece-

1780 940 1867 982 ses
1896 928 2179 984 ambulans
2205 940 2401 999 praeter
2426 931 2683 987 honorem
2708 932 2979 988 cathedrae
3014 948 3143 997 sum,
3171 934 3223 989 id
3245 944 3350 1001 est,

1775 1017 1974 1072 solidos
1995 1018 2148 1084 duos,
2171 1019 2371 1088 aliquid
2392 1021 2537 1075 aliud
2560 1037 2658 1091 per
2681 1022 2934 1076 ecclesias
2965 1022 3147 1088 tollat;
3174 1037 3352 1092 neque

1777 1106 1987 1161 tertiam
2038 1117 2244 1179 partem
2294 1125 2360 1164 ex
2403 1126 2722 1182 quacunque
2768 1111 3038 1167 oblatione
3068 1112 3249 1182 populi
3295 1113 3351 1168 in

1775 1196 2018 1252 ecclesiis
2052 1198 2451 1266 parochialibus
2477 1202 2752 1270 requirat;
2783 1202 2875 1256 sed
2900 1201 3007 1255 illic
3040 1202 3198 1256 tertia
3225 1214 3351 1272 pars

1773 1300 1871 1355 pro
1895 1285 2247 1341 luminarihus
2270 1287 2510 1342 ecclesia:
2537 1288 2617 1343 vel
2641 1290 3046 1357 recuperationc
3075 1298 3349 1350 servetur,

1776 1381 1830 1429 et
1854 1390 1952 1444 per
1980 1376 2221 1444 singulos
2249 1393 2421 1433 annos
2467 1379 2718 1448 episcOpo
2753 1378 2875 1433 inde
2900 1379 3038 1433 ratio
3068 1379 3179 1432 fiat.
3217 1377 3351 1431 Nam

1774 1466 1819 1521 si
1854 1467 2067 1522 tertiam
2108 1477 2316 1538 partem
2363 1470 2507 1524 illam
2559 1472 2842 1542 episcopus
2885 1470 3054 1536 tollat,
3092 1470 3273 1525 lumen
3294 1478 3352 1524 et

1773 1571 1927 1612 sacra
1959 1568 2096 1614 tecta
2126 1560 2347 1615 abstulit
2375 1562 2633 1617 ecclesia).
2669 1562 2930 1617 Similiter
2961 1570 3020 1616 ut
3055 1561 3341 1632 parochia—

1772 1642 1853 1699 les
1876 1644 2055 1700 clerici
2079 1647 2259 1701 servili
2297 1662 2447 1703 more
2470 1649 2522 1702 in
2556 1649 2823 1718 aliquibus
2851 1650 3103 1719 Oper-ibus
3140 1649 3352 1718 episco-

1771 1734 1856 1804 pis
1883 1736 2087 1792 servire
2114 1753 2220 1792 non
2259 1749 2537 1810 cogantur,
2571 1740 2695 1809 quia
2724 1740 2980 1810 scriptum
3016 1748 3135 1794 est:
3165 1738 3350 1809 Neque

119 1827 242 1884 Petri
265 1828 550 1897 epistolam
594 1828 662 1883 ad
694 1827 868 1882 locum
903 1824 1081 1880 afferri
1107 1825 1277 1894 ipsum
1304 1824 1395 1880 ubi
1421 1825 1668 1880 sacerdo-
1697 1828 1744 1889 Β
1771 1825 1823 1879 vi
1851 1824 2189 1881 dominantes
2220 1828 2271 1880 in
2294 1828 2457 1883 clero.

120 1929 186 1975 tes
223 1920 370 1975 decet
403 1918 618 1975 audire.
649 1916 800 1973 Tunc
847 1917 1007 1973 aliato
1036 1917 1171 1972 libro
1208 1917 1326 1972 inec
1370 1929 1436 1970 ex
1479 1916 1668 1971 eadem

118 2009 316 2081 epistola
343 2010 576 2066 recitata
605 2016 729 2066 sunt
753 2027 766 2063 :
801 2027 821 2062 ε
848 2008 1103 2064 Seniores
1120 2008 1346 2063 obsecro
1363 2004 1665 2071 consenior,

118 2101 296 2170 pascite
323 2100 411 2170 qui
437 2100 494 2155 in
518 2098 671 2156 vobis
689 2110 773 2155 est
798 2112 1013 2169 gregem
1040 2097 1156 2163 Dei,
1183 2096 1525 2166 providentes
1563 2111 1668 2150 non

119 2198 295 2256 coacte,
330 2190 426 2245 sed
475 2196 773 2261 spontanee
815 2188 1105 2244 secundum
1160 2186 1464 2253 Domimun,
1496 2200 1669 2256 neque

121 2280 268 2350 turpis
290 2279 425 2335 lucri
456 2280 661 2352 gratia,
690 2281 783 2335 sed
815 2279 1135 2344 voluntarie,
1189 2292 1361 2348 neque
1392 2277 1667 2333 dominari.-

119 2377 185 2424 tes
203 2370 249 2423 in
274 2370 507 2437 clericis,
547 2372 642 2427 sed
662 2371 833 2426 forma
858 2369 987 2425 facti
1025 2368 1170 2439 gregi
1195 2378 1248 2423 et
1283 2384 1349 2424 ex
1385 2368 1585 2433 animo,
1608 2375 1665 2422 ut

118 2472 219 2511 cum
246 2459 558 2528 apparuerit
605 2460 854 2531 princeps
894 2466 1171 2530 pastorum
1213 2458 1521 2529 percipiatis
1560 2458 1663 2512 im-

119 2547 727 2620 marcessibilenglorize
747 2563 1019 2603 coronam.
1051 2568 1069 2601 ι
1100 2548 1193 2603 llis
1216 2547 1447 2612 reiectis,
1476 2561 1664 2603 omnes

118 2636 323 2708 episcopi
376 2638 636 2693 dixerunt
699 2656 713 2692 :
753 2637 992 2710 Cognitis
1032 2639 1115 2696 his
1154 2654 1273 2710 quae
1315 2654 1382 2694 ex
1437 2638 1664 2708 epistola

114 2724 231 2779 beati
248 2724 385 2782 Petri
406 2727 639 2798 apostoli
685 2736 809 2783 sunt
837 2729 1077 2797 recitata,
1101 2729 1485 2795 desideramus,
1511 2728 1666 2782 ausi-

115 2813 251 2871 liante
273 2817 362 2872 Dei
395 2819 599 2888 gratia,
630 2819 824 2875 divinis
866 2819 1086 2875 obedire
1125 2820 1429 2891 praeceptis,
1453 2827 1508 2873 et
1529 2833 1660 2890 apo-

113 2906 285 2962 stolica:
310 2908 557 2978 epistola:
582 2925 701 2980 qua:
743 2910 896 2966 nobis
931 2910 1153 2966 recitata
1181 2920 1263 2966 est
1289 2910 1342 2965 in
1372 2910 1456 2965 his
1477 2909 1656 2965 omni-

111 2994 194 3051 bus
216 2995 492 3053 formulam
537 2998 759 3065 imitari,
804 3016 872 3057 ne
905 2999 1047 3057 forte
1076 3000 1129 3056 in
1157 3000 1426 3070 aliquibus
1456 2998 1659 3055 inordi-

114 3095 215 3142 nate
238 3090 577 3146 ambulantes
616 3091 797 3147 divino
853 3093 1017 3164 (quod
1073 3091 1234 3165 absit)
1280 3092 1487 3162 judicio
1527 3107 1657 3147 con-

1844 1916 1929 1970 ill.
1970 1916 2179 1972 Placuit
2209 1926 2265 1971 ut
2310 1921 2374 1973 de
2405 1919 2744 1976 ordinatione
2764 1920 3082 1976 clericorum
3109 1921 3346 1991 episcopi

1774 2021 2002 2060 munera
2033 2005 2175 2060 nulla
2198 2007 2479 2078 accipiant,
2505 2009 2597 2063 sed
2624 2009 2761 2064 sicut
2786 2010 3046 2079 scriptum
3076 2019 3180 2075 est,
3203 2010 3346 2080 quod

1772 2093 1940 2164 gratis
1966 2093 2201 2148 donante
2251 2096 2360 2150 Deo
2414 2096 2707 2165 accipiunt,
2757 2097 2924 2167 gratis
2952 2097 3096 2152 dent.
3138 2097 3255 2152 Non
3291 2099 3345 2152 iu

1775 2183 1956 2253 aliquo
1980 2185 2153 2253 pretio
2181 2186 2355 2255 gratia
2389 2185 2509 2251 Dei,
2555 2195 2608 2240 et
2662 2187 2932 2257 impositio
2965 2203 3220 2243 manuum
3249 2204 3348 2243 ve-

1768 2274 2067 2340 nundetur;
2120 2276 2245 2345 quia
2294 2275 2512 2345 antiqua
2549 2275 2790 2332 deﬁnitio
2841 2277 3096 2345 Patrutn,
3153 2280 3226 2334 ita
3281 2280 3348 2335 de

1767 2362 2151 2418 ecclesiasticis
2203 2363 2630 2420 ordinationibus
2686 2367 2893 2432 statuit,
2944 2366 3167 2423 dicens:
3202 2369 3345 2422 Ana-

1769 2455 1943 2510 thema
1986 2454 2055 2510 sit
2100 2455 2246 2509 danti
2294 2465 2349 2511 et
2395 2457 2696 2526 accipienti.
2748 2456 3039 2527 Propterea
3084 2459 3217 2528 quia
3248 2458 3343 2512 ali-

1767 2545 1954 2615 quanti
1992 2544 2174 2598 multis
2213 2544 2506 2600 sceleribus
2532 2547 2749 2601 obnoxii
2783 2556 2972 2601 sancto
3007 2547 3208 2621 indigni
3240 2548 3343 2602 mi-

1766 2638 2064 2692 nistrantes
2116 2636 2275 2690 altari
2309 2653 2414 2691 non
2459 2639 2563 2692 hoc
2611 2639 2919 2692 testiruonio
2958 2639 3220 2693 bonorum
3248 2654 3338 2693 ac-

1766 2737 1933 2793 tuum,
1960 2728 2054 2784 sed
2099 2726 2408 2798 profusione
2469 2744 2749 2783 munerum
2798 2730 3076 2795 obtinent,
3127 2737 3340 2800 oportet

1763 2835 1892 2890 ergo
1917 2835 2021 2873 non
2052 2834 2149 2889 per
2177 2819 2404 2889 gratiam
2438 2836 2742 2884 nittnerum.
2774 2822 2867 2876 sed
2901 2836 2999 2892 per
3029 2822 3339 2893 diligentem

1763 2907 1914 2981 prius
1942 2910 2353 2975 discussionem,
2391 2910 2583 2966 deinde
2629 2927 2725 2966 uer
2767 2912 3057 2968 multorum
3095 2914 3340 2969 testiino-

1762 3000 1908 3055 nium
1935 3000 2161 3056 clericos
2186 3002 2457 3057 ordinare.

1832 3088 1919 3143 lV.
1962 3089 2172 3145 Placuit
2192 3099 2249 3143 ut
2276 3090 2550 3145 modicum
2568 3090 2788 3145 balsami
2814 3091 2956 3161 quod
2986 3091 3330 3148 benedictum

115 3175 422 3247 demnemur,
447 3183 545 3237 sed
590 3190 899 3238 sanctorum
947 3182 1167 3238 Patrum
1210 3185 1437 3255 vestigia
1476 3185 1657 3241 subse-
1686 3193 1863 3257 apro
1890 3180 2141 3249 baptismi
2176 3192 2514 3236 sacramento
2544 3197 2638 3251 per
2687 3181 2947 3235 ecclesias
2979 3185 3155 3249 datur,
3205 3183 3332 3251 quia

116 3275 307 3335 quentes
329 3269 379 3325 in
407 3271 650 3342 ipsorum
668 3272 853 3341 requie
875 3286 1179 3328 mereamur
1195 3285 1314 3328 esse
1334 3273 1649 3343 participes,

115 3366 158 3412 et
179 3360 661 3420 immarcessibilem
701 3365 848 3419 illam
873 3365 1079 3434 gloria:
1118 3380 1396 3432 coronam,
1421 3381 1540 3435 quae
1572 3381 1655 3420 re-

115 3450 342 3515 promissa
387 3462 493 3519 est,
539 3469 664 3510 cum
722 3454 853 3523 ipsis
891 3454 1168 3524 percipere
1218 3469 1538 3508 mereamur.
1570 3453 1651 3509 Ob

114 3534 197 3592 hoc
218 3552 337 3611 ergo
364 3549 513 3596 tuam
544 3541 704 3596 simul
724 3557 913 3597 omnes
939 3541 1278 3611 deposcimus
1310 3542 1651 3608 charitate'm,

117 3634 162 3679 ut
178 3626 263 3685 has
282 3645 466 3689 omnes
488 3646 685 3688 causas
711 3630 933 3702 singulis
975 3630 1223 3701 capitulis
1260 3631 1495 3686 breviter
1514 3646 1656 3688 coru-

116 3719 374 3785 prehensas
389 3724 505 3789 ,vel
519 3723 748 3794 qualiter
761 3723 953 3793 corrigi
973 3723 1220 3789 debeant,
1241 3724 1325 3779 his
1346 3725 1510 3796 gestis
1532 3725 1657 3780 sub-

118 3812 185 3860 ter
202 3820 463 3868 annectas.
490 3812 623 3880 Quae
645 3828 766 3868 cum
802 3814 1093 3868 studiosius
1138 3814 1333 3869 relecta
1360 3825 1412 3869 et
1438 3818 1491 3869 iu
1515 3815 1654 3870 noti—

120 3894 225 3951 tiam
263 3902 494 3956 omnium
551 3910 792 3956 nostrum
832 3902 1108 3957 evidenter
1146 3902 1346 3958 fuerint
1373 3905 1650 3975 perducta,

116 3991 301 4060 propria
327 3994 698 4066 unusquisque
725 4008 885 4048 manu
935 4008 1035 4063 pro
1071 4009 1255 4051 eorum
1277 3997 1655 4052 emendatione

118 4087 162 4133 et
180 4085 573 4144 conﬁrmatione
594 4085 919 4153 subscribat,
940 4097 1125 4142 utnon
1160 4087 1331 4144 solum
1364 4089 1519 4144 nobis
1558 4088 1653 4144 sed

119 4172 251 4230 etiam
288 4179 684 4235 successoribus
719 4180 939 4241 nostris,
988 4179 1103 4235 htec
1147 4180 1215 4235 ad
1265 4179 1654 4252 perfectionem

120 4265 398 4340 episcopalis
419 4272 580 4327 cilicii
606 4274 817 4327 decreta
847 4272 1149 4342 proﬁciant.

174 4356 284 4413 CAP.
322 4361 361 4416 l.
400 4361 613 4418 Placuit
655 4362 904 4417 omnibus
935 4362 1198 4433 episcopis
1248 4370 1410 4433 atque
1458 4376 1653 4418 conve-

122 4445 197 4510 ιιίί,
218 4457 267 4503 ιιι
291 4467 382 4522 per
403 4453 642 4523 singulas
655 4453 913 4509 ecclesias
930 4454 1186 4523 episcopi,
1202 4462 1257 4508 et
1275 4470 1370 4524 per
1389 4454 1651 4510 diteceses

1757 3287 1788 3326 a
1838 3271 2063 3342 singulis
2109 3274 2383 3327 tremisses
2424 3289 2522 3343 pro
2574 3273 2688 3341 ipso
2735 3272 2878 3340 exigi
2931 3271 3105 3327 solent
3134 3312 3150 3338 ,
3200 3273 3336 3329 nihil

1758 3362 1984 3417 ulterius
2009 3363 2296 3434 exigatur:
2330 3378 2396 3416 ne
2436 3362 2573 3417 forte
2621 3362 2763 3431 quod
2804 3377 2900 3431 pro
2925 3362 3095 3418 salute
3130 3364 3338 3419 anima-

1758 3470 1876 3509 rum
1916 3471 2012 3525 per
2044 3455 2442 3511 invocationem
2488 3455 2660 3510 sancti
2698 3454 2936 3523 Spiritus
2963 3467 3333 3522 consecratur,

1757 3544 1897 3599 sicut
1951 3542 2139 3599 Simon
2211 3558 2399 3613 magus
2474 3543 2673 3597 donum
2734 3542 2830 3597 Dei
2880 3544 3106 3612 pecunia
3166 3545 3338 3600 voluit

1757 3650 1937 3691 emere
1968 3675 1983 3701 ,
2019 3635 2093 3690 ita
2151 3649 2249 3690 nos
2286 3634 2657 3690 venundantes
2702 3633 3084 3690 damnabiliter
3129 3651 3337 3692 venun-

1758 3726 1967 3780 demur.

1828 3817 1891 3870 ν.
1954 3815 2159 3870 Placuit
2207 3823 2266 3871 ut
2316 3817 2567 3885 quotiens
2621 3818 2689 3873 ab
2754 3818 2933 3888 aliquo
2983 3818 3220 3874 ﬁdelium
3266 3818 3335 3874 ad

1756 3905 2150 3961 eousecrandas
2196 3906 2454 3962 ecclesias
2502 3908 2739 3979 episcopi
2809 3910 3144 3974 invitantur,
3222 3925 3329 3965 non

1756 3996 1911 4066 quasi
1950 4010 2017 4051 ex
2052 3995 2233 4051 debito
2265 4013 2459 4052 munus
2498 3998 2713 4067 aliquod
2752 4014 2784 4053 a
2830 3999 3117 4055 fundatore
3150 4002 3332 4070 requi-

1756 4094 1900 4152 rant,
1931 4086 2025 4141 sed
2046 4087 2091 4141 si
2116 4086 2229 4153 ipse
2250 4087 2462 4156 quidem
2510 4089 2712 4158 aliquid
2743 4103 2810 4143 ex
2839 4103 2937 4145 suo
2964 4100 3089 4145 voto
3128 4091 3337 4146 obtule-

1757 4177 1850 4242 rit,
1882 4189 1986 4228 non
2009 4183 2310 4243 respuatur.
2344 4173 2401 4230 Si
2428 4190 2555 4231 vero
2585 4186 2681 4232 aut
2706 4189 2995 4249 paupertas
3024 4179 3198 4244 illum,
3230 4187 3325 4234 aut

1755 4267 2051 4323 necessitas
2080 4266 2300 4332 retinet,
2342 4268 2478 4323 nihil
2530 4270 2778 4339 exigatur
2817 4271 2885 4326 ab
2940 4271 3048 4325 illo.
3078 4271 3331 4326 Attamen

1756 4355 2120 4424 unusquisque
2164 4356 2538 4424 episcoporum
2592 4358 2917 4422 meminerit,
2949 4368 3007 4413 ut
3045 4374 3148 4413 non
3181 4360 3332 4428 prius

1754 4442 1966 4499 dedicet
1987 4443 2291 4507 ecclesiam,
2321 4444 2423 4498 nisi
2456 4453 2614 4498 antea
2655 4447 2833 4505 dotem
2876 4446 3112 4501 basilica:
3141 4460 3192 4501 et
3226 4450 3329 4501 ob-

121 4536 413 4599 ambulantes
460 4545 711 4615 primum
734 4544 1040 4614 piscarium
1091 4543 1334 4609 clericos,
1382 4545 1650 4614 quomodo
1675 4531 1733 4594 υ
1755 4533 2001 4603 sequium
2039 4532 2207 4601 ipsius
2237 4546 2333 4602 per
2360 4532 2703 4588 donationem
2735 4534 2996 4588 chartula:
3044 4533 3304 4589 confirma

122 4627 327 4685 ordinent
370 4633 621 4705 baptismi
671 4643 908 4701 teneant,
954 4634 1040 4689 vel
1090 4635 1375 4690 missarum
1421 4636 1650 4705 qualiter

122 4716 264 4777 oﬁicia
289 4724 335 4779 in
357 4727 583 4783 ecclesia
611 4735 888 4799 peragant,
921 4735 974 4782 et
1001 4727 1046 4782 si
1072 4736 1216 4782 recte
1247 4728 1466 4798 quidem
1495 4729 1648 4785 inve-

124 4813 291 4880 nerint,
323 4817 429 4874 Deo
457 4820 683 4891 gratias,
722 4819 803 4875 sin
845 4827 1025 4876 autem
1070 4819 1314 4886 minime,
1342 4821 1536 4876 docere
1557 4822 1651 4875 deo

124 4894 226 4957 bent
243 4905 464 4975 ignaros.
494 4910 561 4964 Et
580 4911 681 4965 hoc
707 4910 881 4965 modis
903 4910 1153 4965 omnibus
1193 4911 1469 4982 prmcipite
1502 4912 1644 4968 sicut

126 4990 294 5061 antiqui
318 5012 548 5055 canones
564 4999 772 5068 iubent,
801 5008 859 5054 ut
887 5008 1011 5054 ante
1039 5001 1154 5055 dies
1179 5001 1369 5071 viginti
1398 5003 1651 5072 baptismi

126 5082 179 5136 ad
198 5092 540 5158 purgationem
581 5093 865 5149 exorcismi
898 5101 1228 5148 concurrant
1255 5091 1647 5157 catechumeni,

129 5167 359 5242 inquibus
386 5182 572 5253 viginti
596 5182 781 5237 diebus
818 5197 1004 5237 omnes
1034 5181 1407 5237 eatechumeni
1437 5181 1652 5252 symbo-

130 5256 216 5315 lum
240 5270 505 5335 quodest:
547 5270 719 5327 Credo
762 5271 817 5325 in
864 5272 1027 5326 Deum
1076 5272 1290 5325 Patrem
1318 5270 1652 5338 omnipoten-

133 5356 236 5419 iem,
261 5361 548 5427 specialiter
568 5362 881 5416 doceantur.
920 5361 1208 5431 Postquam
1233 5375 1360 5429 ergo
1384 5361 1503 5415 htec
1541 5359 1653 5414 suis

132 5439 306 5503 clericis
328 5452 669 5510 discusserint
693 5452 777 5508 vel
807 5453 1084 5509 docuerint
1125 5453 1393 5524 episcopi,
1434 5453 1535 5507 alia
1565 5453 1652 5507 die

133 5543 380 5595 convocata
400 5544 548 5613 plebe
572 5545 738 5615 ipsius
769 5544 1012 5600 ecclesiae
1050 5544 1276 5600 doceant
1319 5544 1455 5608 illos,
1483 5552 1540 5597 ut
1566 5557 1647 5596 ει·-

138 5637 259 5684 rores
282 5631 472 5705 fugiant
490 5637 771 5703 idolorum,
809 5636 895 5691 vel
930 5626 1143 5691 diversa
1172 5636 1416 5699 crimina,
1452 5634 1504 5689 id
1548 5642 1649 5699 est,

135 5713 456 5792 homicidium,
475 5728 814 5793 adulterium,
840 5726 1163 5800 periurium,
1193 5726 1380 5780 falsum
1411 5726 1651 5780 testimoo

140 5803 278 5876 nium,
313 5823 362 5869 et
386 5817 576 5889 reliqua
606 5826 823 5889 peccata
871 5815 1171 5883 mortifera,
1219 5822 1274 5869 et
1304 5813 1444 5884 quod
1469 5813 1655 5868 nolunt

1757 4633 1869 4679 tum
1891 4624 2138 4693 accipiat.
2167 4621 2300 4677 Nam
2341 4638 2445 4678 non
2487 4624 2620 4679 levis
2643 4634 2724 4681 est
2760 4624 2864 4679 ista
2892 4625 3165 4679 temeritas
3212 4625 3331 4680 sine

1754 4715 2110 4771 luminarihus
2133 4756 2148 4781 ,
2177 4716 2263 4770 vel
2300 4716 2417 4770 sine
2446 4716 2786 4772 substantiaii
2829 4717 3219 4771 sustentatione
3240 4731 3330 4771 eo-

1756 4826 1877 4865 rum
1910 4810 2001 4880 qui
2050 4809 2249 4864 ibidem
2306 4809 2561 4864 servituri
2605 4816 2767 4873 sunt,
2832 4817 3087 4876 tanquam
3138 4807 3329 4861 domus

1755 4903 1964 4973 privata
1993 4909 2339 4958 consecretur
2364 4900 2609 4956 ecclesia.

1828 4993 1914 5047 Vl.
1950 4993 2157 5047 Placuit
2192 4993 2235 5047 si
2263 4993 2386 5062 quis
2431 4992 2709 5046 basilicam
2754 5004 2858 5045 non
2910 5003 3006 5058 pro
3043 4989 3327 5043 devotione

1754 5082 1900 5146 fidei,
1938 5083 2029 5136 sed
2074 5096 2171 5150 pro
2208 5091 2414 5150 quaestu
2465 5080 2774 5148 cupiditatis
2801 5078 3051 5141 :ediﬁcat,
3083 5085 3141 5130 ut
3173 5077 3327 5145 quid-

1755 5174 1883 5243 quid
1920 5173 1992 5227 ibi
2019 5172 2086 5225 de
2115 5172 2385 5227 oblatione
2408 5170 2585 5240 populi
2621 5168 2908 5238 colligitur,
2943 5168 3174 5225 medium
3203 5181 3324 5219 cum

1754 5263 1963 5319 clericis
2016 5262 2237 5324 dividat,
2293 5276 2357 5317 eo
2405 5261 2545 5331 quod
2604 5260 2880 5315 basilicam
2938 5260 2989 5312 in
3042 5267 3181 5312 terra
3226 5272 3323 5309 sua

1754 5362 1990 5423 quzestus
2041 5367 2202 5407 causa
2238 5351 2575 5412 condiderit,
2617 5350 2757 5418 quod
2799 5350 2852 5402 in
2883 5346 3150 5415 aliquibus
3192 5344 3323 5398 locis

1755 5458 1926 5512 usque
1957 5442 2113 5497 modo
2140 5440 2336 5495 dicitur
2367 5440 2499 5494 fieri.
2527 5438 2638 5493 Hoc
2663 5454 2790 5509 ergo
2823 5439 2888 5493 de
2911 5447 3106 5491 cietero
3133 5436 3319 5488 obser-

1753 5535 1869 5587 vari
1897 5535 2070 5597 debet,
2111 5541 2171 5586 ut
2215 5532 2392 5586 nullus
2426 5533 2801 5601 episcoporum
2835 5539 2943 5597 tam
2975 5525 3319 5581 ahominaltili

1752 5636 1878 5682 voto
1907 5626 2226 5689 causentiat,
2254 5640 2354 5679 nec
2391 5626 2667 5680 basilicam
2701 5639 2821 5693 quae
2849 5637 2951 5675 non
2983 5634 3082 5688 pro
3105 5623 3319 5670 sancto-

1754 5733 1872 5773 rum
1905 5717 2221 5787 patrocinio,
2252 5719 2344 5773 sed
2377 5718 2548 5788 magis
2576 5716 2676 5772 sub
2707 5712 2991 5771 tributaria
3019 5705 3324 5764 conditione
3400 5709 3407 5713 '

1761 5819 1843 5868 est
1878 5811 2113 5879 condita,
2140 5812 2331 5869 audeat
2358 5826 2696 5868 consecrare.
