3888 6432
585 359 688 418 575

1390 350 1677 406 APPEND.
1720 348 1810 402 AD
1850 346 2022 402 Sz’EC.
2065 346 2154 400 IX.
2196 375 2265 386 —
2302 346 2552 404 [SIDORI
2591 335 3031 403 MERCATORIS
3710 355 3785 412 575

655 469 764 526 VII.
789 465 994 521 Placuit
1011 471 1068 518 ut
1089 475 1452 530 unusquisque
1472 460 1755 529 episeOpus
1777 472 1876 526 per
1902 455 2158 510 ecclesias
2189 461 2234 517 Λ
2265 473 2434 527 nuper
2453 458 2674 523 erroris,
2697 466 2789 513 aut
2807 469 2955 514 certe
2976 473 3043 514 ex
3070 459 3266 513 veteris
3283 458 3626 517 Priscillianae
3649 466 3784 526 adhuc

590 578 717 618 suas
735 563 840 615 hoc
878 556 1172 629 praecipiat,
1196 562 1256 607 ut
1298 553 1351 607 hi
1399 553 1489 621 qui
1535 550 1766 604 infantes
1802 563 1928 603 suos
1973 550 2038 604 ad
2063 549 2159 602 ba-

584 655 837 723 ptismum
866 648 1114 709 offerunt,
1168 645 1212 700 si
1267 643 1396 712 quid
1435 641 1734 696 voluntarie
1763 655 1861 709 pro
1913 655 2010 694 suo
2037 637 2162 695 olfe-

585 749 710 796 runt
743 748 886 802 voto,
914 735 1238 803 suscipiatur
1257 733 1324 786 ab
1355 731 1454 785 eis.
1490 729 1545 784 Si
1572 745 1700 784 vero
1737 745 1834 798 per
1861 728 2158 784 necessita-

585 845 689 887 tem
720 827 1052 900 paupertatis
1075 825 1274 894 aliquid
1323 839 1426 878 non
1469 823 1670 876 habent
1712 823 1853 890 quod
1909 821 2158 883 offerant,

584 921 784 974 nullum
818 919 890 971 illi
921 918 1112 987 pignus
1150 913 1410 967 violenter
1453 911 1671 966 tollatur
1707 925 1738 964 a
1763 911 1999 965 clericis.
2026 909 2160 963 Nam

582 1011 734 1065 multi
781 1023 1043 1078 pauperes
1083 1007 1186 1060 hoc
1217 1005 1471 1058 timentes
1517 1003 1657 1057 filios
1695 1016 1724 1054 a
1771 1001 2038 1070 baptismo
2077 1017 2162 1055 re-

584 1101 818 1162 trabunt,
852 1098 944 1166 qui
975 1097 1113 1150 forte
1145 1092 1415 1148 diflcrunt.
1467 1092 1524 1146 Si
1571 1092 1687 1146 sine
1710 1092 1883 1162 gratia
1911 1091 2159 1158 baptismi

581 1187 646 1243 de
676 1189 777 1241 hac
802 1190 910 1240 vita
963 1184 1310 1248 recesserint,
1344 1196 1568 1236 necesse
1611 1189 1695 1235 est
1745 1189 1801 1234 ιιι
1843 1179 1910 1234 ab
1942 1180 2046 1234 illis
2071 1194 2162 1233 eo-

582 1296 699 1334 rum
724 1279 952 1348 perditio
967 1277 1295 1346 requiratur,
1321 1289 1550 1344 quorum
1574 1272 1741 1342 spolia
1771 1272 2162 1340 pertimescen-

583 1378 662 1424 tes
693 1385 720 1422 a
753 1369 1002 1438 baptismi
1030 1368 1204 1436 gratia
1233 1381 1290 1420 se
1321 1373 1690 1419 retraxerunt.

652 1458 780 1511 V'lll.
840 1458 1046 1510 Placuit
1091 1466 1152 1511 ut
1192 1456 1235 1510 si
1283 1455 1404 1524 quis
1446 1454 1678 1524 aliquem
1737 1453 2060 1508 clericorum
2107 1467 2161 1506 ιη

581 1548 926 1602 accusatione
971 1545 1343 1601 fornicationis
1382 1545 1623 1614 impetit,
1686 1543 1980 1596 secundum
2027 1556 2166 1610 prm-

581 1647 793 1707 ceptum
827 1637 975 1690 Pauli
1001 1636 1227 1706 apostoli
1251 1636 1356 1690 duo
1379 1635 1463 1690 vel
1491 1634 1591 1688 tria
1635 1633 1936 1688 testimonia
1984 1631 2164 1701 requi-s

582 1741 773 1783 rantur
802 1731 869 1784 ab
901 1729 1010 1784 illo.
1047 1729 1198 1794 Quod
1227 1727 1272 1782 si
1322 1742 1427 1781 non
1469 1725 1722 1795 potuerit,
1753 1725 1892 1778 datis
1923 1724 2164 1778 testinto-
2211 1742 2224 1748 ·

2263 548 2484 603 haeresis
2526 547 2698 602 fetore
2736 559 2990 618 corrupto
3034 550 3379 619 cognovimus
3423 554 3669 620 quosdam
3696 572 3786 625 pre-

2263 638 2508 709 sbyteros
2562 640 2614 693 in
2654 641 2812 710 hujus
2848 641 3282 710 praesumptionis
3319 643 3544 696 audacia
3581 647 3786 717 retineri,

2263 737 2324 782 ut
2353 731 2547 785 missas
2575 740 2910 786 mortuorum
2944 732 3105 786 etiam
3136 742 3257 802 post
3293 743 3574 802 acceptum
3626 752 3787 794 merum

2262 818 2348 874 vel
2389 820 2717 874 oblationem
2755 821 2869 875 ausi
2915 829 3038 875 sunt
3075 836 3436 879 consecraret:
3471 824 3680 894 ideoque
3718 829 3790 886 hoc

2263 908 2494 978 praefixa:
2534 910 2800 965 evidentis
2843 912 3124 966 sententiae
3171 913 3537 969 admonitione
3577 927 3787 985 servetur,

2265 1007 2322 1051 ut
2349 998 2393 1053 si
2423 999 2542 1068 quis
2570 1001 2850 1070 presbyter
2879 1009 2999 1069 post
3035 1002 3134 1056 hoc
3168 1002 3409 1056 edictum
3449 1011 3677 1058 nostrum
3702 1021 3788 1060 am-

2263 1091 2403 1160 plius
2427 1092 2478 1146 in
2505 1092 2606 1147 hac
2643 1094 2857 1147 vesania
2886 1093 3049 1148 fuerit
3075 1095 3476 1164 deprehensus,
3502 1097 3600 1152 hoc
3623 1108 3788 1155 estnon

2256 1183 2493 1255 jejunus,
2542 1185 2635 1239 sed
2666 1201 2986 1255 quocunque
3015 1187 3134 1240 cibo
3162 1195 3493 1257 przesumpto
3523 1187 3789 1244 oblationem

2264 1278 2662 1332 consecraverit
2693 1277 2745 1330 in
2784 1277 2972 1343 altari,
3007 1278 3260 1332 continuo
3295 1279 3364 1332 ab
3405 1277 3578 1332 officio
3611 1295 3692 1333 suo
3712 1281 3792 1349 pri-

2262 1382 2419 1427 vatus
2450 1386 2480 1424 a
2511 1371 2731 1442 proprio
2769 1370 3072 1441 deponatur
3115 1371 3390 1440 episeopo.
3438 1369 3534 1424 His
3564 1371 3631 1424 ita
3653 1372 3789 1439 gestis,

2263 1465 2466 1536 placuit
2489 1465 2738 1519 omnibus
2764 1479 2860 1534 pro
2899 1464 3267 1519 confirmanda
3313 1465 3511 1518 horum
3550 1465 3789 1520 observan-

2268 1557 2337 1611 tia
2385 1569 2821 1625 unumquemque
2882 1556 3097 1625 propria
3167 1572 3326 1609 manu
3395 1555 3710 1610 subscribere
3748 1570 3792 1609 eo

2263 1653 2584 1723 placitorum
2613 1652 2790 1717 facto,
2822 1660 2881 1704 ut
2923 1651 2966 1704 si
2997 1651 3116 1720 quis
3142 1665 3328 1705 eorum
3359 1648 3695 1720 capitulorum
3715 1657 3787 1702 ter-

2267 1742 2472 1796 minum
2521 1752 2889 1812 transgressus
2936 1741 3005 1796 ad
3058 1741 3394 1796 inordinatas
3434 1739 3787 1794 consuetudines

508 1849 516 1858 ’
581 1821 708 1886 ιιίίεν
737 1821 1021 1891 aPPmbi‘ri
1049 1819 1191 1888 fl"0d
1220 1819 1372 1880 δίκην
1403 1816 2021 1871 “communicationem
2065 1828 2160 1868 ³ο·
2191 1809 2237 1867 Β
2267 1832 2463 1887 reverti
2505 1809 2776 1894 voluerit,
2819 1831 2984 1886 totius
3027 1830 3239 1886 concilii
3295 1827 3788 1885 excommunicatione

579 1913 751 1966 eusati
784 1923 1066 1966 accusator
1098 1911 1350 1980 accipiat.

649 2001 739 2055 ιχ.
781 2001 988 2056 Placuit
1027 2010 1084 2056 ut
1138 2003 1452 2072 priusquam
1485 1999 1665 2056 omnia
1716 1999 1768 2054 in
1809 1999 2035 2054 concilio
2078 1995 2164 2054 sa-

575 2095 856 2148 cerdotum
903 2092 1103 2148 fuerint
1149 2092 1419 2158 ordinata,
1455 2092 1584 2146 illud
1631 2093 1950 2148 observetur
1981 2099 2037 2144 ut
2067 2106 2161 2145 su-

576 2194 958 2255 perventurum
1011 2185 1180 2254 ipsius
1225 2184 1350 2238 anni
1399 2183 1608 2238 Pascha
1657 2197 1765 2252 quo
1797 2180 2161 2236 Kalendarum

579 2277 665 2331 die
699 2277 781 2331 vel
831 2285 995 2346 quota
1035 2277 1163 2331 luna
1211 2276 1372 2333 debet
1415 2275 1636 2346 suscipi,
1679 2291 1709 2331 a
1744 2275 2162 2344 metropolitano

577 2367 828 2436 episcopo
858 2369 1157 2435 nuntietur,
1185 2369 1327 2439 quod
1376 2369 1557 2424 cceteri
1586 2368 1843 2438 episcopi,
1873 2367 1959 2422 vel
1986 2368 2162 2423 clerus

578 2459 817 2529 reliquus
848 2461 1123 2516 breviculo
1161 2462 1538 2526 subnotantes,
1576 2461 1945 2529 unusquisque
1979 2460 2034 2514 in
2063 2475 2160 2514 sua

576 2551 803 2606 ecclesia
830 2552 1145 2608 adveniente
1194 2553 1391 2608 natalis
1418 2552 1630 2607 Domini
1678 2552 1785 2618 die,
1826 2559 2036 2608 astante
2066 2566 2165 2622 po—

576 2642 726 2711 pulo,
750 2653 868 2713 post
890 2643 1172 2699 lectionem
1208 2644 1586 2715 Evangelieam
1635 2644 1878 2710 nuntiet;
1916 2645 1970 2698 in
2011 2643 2163 2714 cujus

577 2731 843 2800 principio
865 2735 1244 2788 convenientes
1289 2734 1342 2788 in
1374 2750 1540 2788 unum
1568 2734 1760 2789 vicinae
1794 2735 2037 2790 ecclesiae
2065 2749 2162 2804 per

579 2821 813 2875 triduum
837 2839 957 2876 cum
983 2825 1226 2894 psalmis,
1275 2839 1373 2895 per
1417 2835 1728 2881 sanctorum
1768 2826 2018 2882 basilicas
2042 2841 2160 2880 am-

577 2913 832 2966 bulantes
886 2915 1162 2969 celebrent
1190 2916 1426 2971 litanias.
1458 2916 1642 2972 Tertio
1667 2926 1849 2972 autem
1886 2917 1992 2981 die,
2018 2917 2161 2972 cele-

579 3000 745 3057 bratis
774 3003 905 3057 hora
933 3020 1071 3058 nona
1100 3006 1212 3060 sive
1238 3007 1445 3062 decima
1488 3009 1690 3074 missis,
1725 3009 1943 3064 dimisso
1968 3008 2162 3078 populo

574 3089 890 3164 praecipiant
930 3095 1363 3170 Quadragesima:
1405 3101 1625 3171 jejuniis
1674 3102 1898 3168 servire,
1948 3109 2004 3155 et
2049 3118 2161 3156 me-

2263 1911 2580 1995 correptus,
2631 1923 2971 1977 verissimam
3007 1923 3108 1976 sibi
3151 1922 3218 1976 de
3253 1921 3338 1976 sui
3374 1919 3576 1975 ordinis
3619 1918 3788 1972 inclina-

2263 2015 2411 2070 tione
2439 2014 2649 2069 noverit
2690 2013 2974 2067 imminere
3017 2011 3360 2066 sententiam.
3398 2009 3650 2063 Martinus
3673 2007 3788 2061 Brac-

2264 2107 2504 2164 Carensis
2534 2106 2965 2175 metropolitanm
2992 2104 3236 2160 ecclesiae
3261 2105 3548 2173 episcopus
3568 2101 3644 2155 his
3665 2100 3784 2170 gestis

2264 2199 2578 2269 subscripsi.
2621 2197 2860 2252 Remisol
2897 2195 3145 2251 Besensis
3167 2194 3415 2250 ecclesiae
3445 2193 3701 2263 episcopus
3730 2189 3786 2242 his

2263 2293 2427 2364 gestis
2454 2290 2769 2361 subscripsi.
2803 2288 3096 2343 Lucentius
3125 2285 3585 2356 Conimbrigensis
3607 2281 3786 2336 ecclesia

2263 2388 2547 2456 episcopus
2575 2384 2658 2438 his
2686 2383 2852 2454 gestis
2873 2381 3188 2450 subscripsi.
3221 2380 3489 2434 Adorieus
3517 2377 3709 2432 Getanze
3723 2389 3784 2428 ec-

2264 2475 2441 2532 clesia:
2476 2475 2763 2544 cpiscopus
2795 2472 2880 2527 his
2913 2470 3079 2542 gestis
3111 2471 3230 2524 sub.
3275 2467 3613 2523 Sardinarius
3641 2465 3782 2519 Lamu-

2265 2567 2440 2621 censis
2461 2563 2996 2633 eeclesizeepiscopus
3012 2561 3097 2615 his
3120 2561 3282 2630 gestis
3298 2559 3422 2613 sub.
3441 2557 3615 2612 Viator
3627 2554 3785 2624 Magna-

2265 2657 2434 2711 tensis
2475 2654 2722 2709 ecclesia:
2754 2653 3038 2723 episcopus
3084 2651 3169 2706 his
3212 2649 3383 2720 gestis
3429 2648 3543 2704 sub.
3587 2645 3783 2714 Alitigilis

2263 2746 2522 2800 Lucensis
2547 2743 2992 2812 metrOpolitanus
3013 2739 3253 2795 ecclesia:
3276 2739 3561 2807 episcopus
3574 2735 3648 2789 his
3665 2732 3783 2802 gestis

2265 2836 2384 2889 sub.
2428 2833 2672 2887 Andreas
2703 2831 2959 2886 Herensis
2997 2829 3237 2884 ecclesia:
3261 2828 3542 2896 episcopus
3568 2824 3642 2878 his
3664 2821 3783 2892 gestis

2265 2926 2385 2981 sub.
2403 2924 2560 2978 Anila
2581 2923 2844 2978 Tudensis
2861 2920 3102 2976 ecclesiae
3127 2920 3416 2989 episcopus
3433 2919 3514 2971 his
3536 2915 3681 2986 gestis
3697 2912 3782 2966 sub-

2264 3016 2475 3086 scripsi.
2510 3013 2779 3069 Pulensus
2807 3009 3442 3066 Asturicensis‘eeelesim
3463 3007 3709 3077 episcopus
3725 3000 3781 3055 his

2263 3107 2430 3178 gestis
2450 3107 2569 3162 sub.
2601 3104 2791 3159 Mailoc
2816 3103 3169 3176 Brittinorum
3189 3100 3434 3155 ecclesia:
3461 3097 3708 3168 episcOpus
3723 3091 3781 3145 his

575 3182 1202 3258 dinnte'Quadragesima
1230 3205 1296 3244 ex
1337 3189 1525 3261 viginti
1568 3191 1758 3247 diebus
1801 3191 2152 3262 baptizandos
2185 3179 2226 3240 (ἶ
2261 3197 2428 3270 gestis
2477 3197 2594 3251 sub.
2644 3194 2905 3252 Victimcr
2949 3191 3231 3246 Aurieusis
3277 3188 3521 3245 ecclesiae
3564 3185 3780 3257 episcopus

576 3275 811 3332 infantes
835 3279 904 3332 ad
933 3282 1220 3336 exoreismi
1245 3284 1616 3352 purgationem
1649 3283 1864 3338 offerre.

649 3366 801 3438 1E1
830 3367 896 3421 X.
935 3369 1164 3438 Placuit,
1197 3381 1255 3426 ut
1280 3373 1404 3444 quia
1429 3388 1526 3446 per
1547 3374 1826 3429 stultitiam
1850 3375 2157 3446 praesumpti

2263 3285 2576 3355 subscripsi.

635 3467 3780 3506 ._______._____________________._______—-

578 3550 825 3627 INClPlT
860 3573 1236 3634 ΡΒᾸΞῈΑΤΙΟ
1276 3576 1522 3635 SANCTI
1562 3579 1849 3634 MARTINI
1908 3577 2428 3634 BRACCARENSIS
2468 3577 2772 3634 EPISCOPI
2835 3576 2901 3632 ΙΝ
2957 3574 3160 3631 LIBRO
3220 3561 3683 3629 CAPITULORUM
3713 3553 3774 3615 ΕΙ

1552 3648 1961 3705 ΟΒᾹΞΟΟΚΗΜ
2002 3648 2295 3704 SYNODIS
2332 3646 2867 3705 COLLECTORUM.

644 3755 876 3812 Domino
922 3772 1045 3812 meo
1092 3759 1404 3816 beatissimo
1450 3770 1613 3831 atque
1649 3761 1956 3830 apostolicae
2007 3761 2162 3816 Sedis

574 3846 777 3902 honore
791 3847 1133 3916 suscipiendo
1150 3849 1202 3903 in
1222 3849 1437 3906 Christo
1472 3851 1623 3906 fratri
1651 3851 1867 3922 Nigesio
1887 3854 2158 3924 episcopo,

573 3937 659 3993 vel
709 3939 962 3994 universo
1008 3939 1247 3996 Concilio
1291 3942 1551 3998 Lucensis
1589 3944 1832 3998 ecclesiae
1878 3945 2162 4014 episcopus

573 4029 863 4087 Martinus.
889 4033 1134 4089 Canones
1165 4036 1255 4104 qui
1285 4036 1338 4090 in
1369 4038 1613 4106 partibus
1659 4038 1882 4095 orientis
1916 4041 1984 4096 ab
2012 4041 2158 4095 anti-

573 4124 695 4192 quis
718 4123 971 4180 Patribus
1001 4127 1278 4182 constituti
1313 4138 1469 4194 sunt,
1500 4129 1686 4186 Graeco
1719 4131 1866 4201 prius
1909 4147 2158 4190 sermone

579 4212 873 4281 conscripti
902 4222 1056 4280 sunt,
1082 4225 1266 4284 postea
1297 4227 1475 4273 autem
1502 4221 1811 4277 succedenti
1841 4231 2080 4292 tempore
2101 4224 2157 4278 in

573 4299 823 4356 Latinam
849 4303 1082 4373 linguam
1114 4306 1358 4362 translati
1387 4319 1530 4363 sunt.
1561 4310 1628 4364 Et
1654 4312 1779 4381 quia
1807 4311 2021 4368 difﬁcile
2041 4315 2154 4382 est},

572 4397 635 4443 ut.
663 4391 960 4461 simplicius
997 4395 1197 4464 aliquid
1239 4413 1304 4452 ex
1344 4398 1448 4454 alia
1485 4400 1663 4472 lingua
1707 4403 2063 4460 transferatur
2097 4405 2152 4460 in

2267 3771 2347 3818 tes
2366 3762 2531 3816 multa
2560 3762 2974 3831 praetermittam
2997 3800 3012 3825 ,
3045 3769 3098 3816 et
3127 3767 3414 3830 propterea
3450 3757 3501 3811 in
3530 3753 3642 3825 ipsis
3663 3761 3776 3804 cano-

2264 3854 2424 3921 nibus
2452 3853 2632 3922 aliqua
2663 3853 3080 3923 simplicioribus
3125 3851 3412 3906 videantur
3434 3850 3639 3906 obscura
3660 3861 3670 3895 :
3690 3840 3774 3894 ideo

2261 3943 2434 3998 visum
2463 3953 2546 3997 est
2585 3949 2644 3996 ut
2671 3958 2793 3996 eum
2817 3942 2962 3996 omni
2989 3941 3265 4011 diligentia
3283 3981 3296 4004 ,
3322 3949 3380 3996 et
3407 3955 3520 4010 quae
3540 3952 3624 4007 per
3645 3941 3773 3986 trans-

2261 4033 2459 4100 latores
2480 4034 2764 4090 obscurius
2787 4035 2928 4088 dicta
2952 4041 3078 4088 sunt
3093 4073 3107 4097 ,
3134 4040 3188 4086 et
3205 4047 3266 4086 ea
3289 4047 3411 4102 quae
3432 4046 3523 4102 per
3546 4027 3772 4094 scriptores

2260 4134 2385 4180 sunt
2402 4128 2679 4180 immutata
2708 4123 3002 4193 simplicius
3024 4131 3078 4177 et
3098 4122 3435 4178 emendatius
3459 4122 3769 4173 restaurarem,

2260 4221 2315 4276 id
2344 4221 2577 4291 primum
2600 4220 2894 4275 observans
2917 4259 2931 4284 ,
2959 4228 3018 4273 ut
3045 4217 3133 4272 illa
3169 4233 3289 4286 quae
3323 4217 3392 4270 ad
3421 4214 3694 4286 episcopos,
3713 4199 3769 4254 vel

2260 4314 2570 4368 universum
2598 4311 2803 4368 elerum
2831 4310 3106 4381 pertinent
3136 4324 3240 4363 una
3273 4309 3327 4363 in
3354 4315 3502 4378 parte
3530 4295 3765 4364 conscripta

2259 4403 2396 4470 sint,
2437 4403 2686 4458 similiter
2716 4410 2770 4456 et
2804 4416 2924 4472 quae
2947 4401 3014 4454 ad
3041 4399 3208 4455 laicos
3231 4399 3498 4468 pertinent
3529 4386 3665 4447 simul
3693 4382 3767 4434 sint

572 4480 765 4547 aliam,
796 4483 1064 4555 simulque
1092 4496 1146 4542 ct
1168 4488 1298 4544 illud
1335 4471 1651 4560 accidit,iut
1682 4495 1734 4549 in
1759 4496 1919 4551 tantis
1951 4505 2156 4566 tempo-
2183 4471 2234 4530 Ῑ)
2261 4496 2496 4550 adunata
2520 4534 2535 4560 ,
2565 4503 2624 4549 ut
2656 4495 2722 4549 de
2752 4471 2860 4563 quo
2905 4491 3138 4564 capitulo
3182 4490 3322 4546 scire
3357 4486 3541 4557 aliquis
3566 4472 3764 4536 voluerit.

575 4570 727 4628 ribus
751 4574 1043 4654 scriptores
1073 4585 1166 4632 aut
1197 4593 1303 4634 non
1329 4581 1716 4654 intelligentes,
1743 4594 1834 4640 aut
1861 4586 2156 4642 dormitan-

2260 4586 2434 4657 possit
2461 4585 2689 4642 celerius
2719 4583 2979 4640 invenire.

2008 4701 2378 4723 *-

645 4755 698 4808 1.
728 4753 804 4809 De
833 4767 1094 4813 eiectione
1118 4772 1377 4831 episcopi.

640 4843 696 4897 2.
730 4842 806 4898 De
841 4847 1180 4904 ordinatione
1209 4852 1469 4922 episcopi.

638 4932 694 4986 3.
727 4934 804 4988 De
829 4939 1140 4992 evacuanda
1167 4941 1506 5000 ordinatione
1527 4960 1644 5016 qua:
1679 4946 1903 5006 absente
1943 4960 2146 5007 metro~

562 5020 809 5091 politano
841 5025 1001 5082 fuerit
1029 5027 1193 5084 facta.

641 5110 696 5164 4.
729 5112 802 5167 De
825 5116 1056 5183 primatu
1093 5123 1511 5193 metropolitani.

640 5200 694 5254 5.
723 5201 800 5257 De
829 5217 894 5259 eo
916 5209 1006 5275 qui
1046 5226 1143 5279 per
1164 5215 1515 5274 ambitionem
1553 5220 1618 5277 de
1655 5221 1897 5280 inferiori
1929 5226 2150 5284 civitate

561 5289 626 5343 ad
662 5291 921 5361 majorem
950 5303 1177 5359 transire
1197 5307 1445 5364 voluerit.

641 5383 694 5438 6.
726 5384 803 5440 De
840 5404 945 5442 non
980 5398 1252 5452 mutandis
1281 5404 1579 5470 parochiis.

637 5471 693 5528 7.
725 5475 802 5530 De
826 5485 1244 5551 praesumptione
1274 5489 1462 5548 alienae
1493 5494 1786 5553 dioecesls.'

637 5563 691 5657 ξ.
724 5565 798 5657 l)e
826 5584 934 5624 non
963 5575 1338 5635 constituendo
1365 5583 1620 5657 episcopo
1664 5603 1997 5648 successore.

640 5653 694 5711 9.
729 5655 805 5714 De
837 5660 1137 5735 irruptione
1165 5673 1408 5730 vacantis
1430 5653 1692 5734 ecclesiae.

2333 4775 2419 4831 10.
2453 4775 2529 4830 De
2564 4773 2815 4844 episcopo
2838 4786 2938 4840 per
2966 4767 3344 4825 necessitatem
3367 4766 3593 4819 vacante.

2329 4867 2416 4922 11.
2449 4865 2526 4919 De
2547 4871 2915 4932 contemptore
2937 4860 3206 4931 episcopo.

2328 4955 2415 5010 12.
2448 4955 2526 5010 De
2557 4954 2814 5010 seditioso
2851 4953 3124 5021 episcopo.

2326 5047 2415 5102 l5.
2443 5045 2520 5100 De
2549 5044 2849 5100 senioribus
2881 5041 3087 5112 judieii.
3600 5115 3612 5125 Ι
3665 5109 3676 5125 ο

2329 5137 2415 5209 14.
2447 5137 2522 5191 De
2553 5135 2789 5206 episeOpi
2820 5131 3235 5204 praesumptione
3263 5129 3315 5183 in
3345 5127 3499 5181 rebus
3519 5115 3722 5175 ecclesias

2326 5230 2414 5286 15.
2441 5231 2517 5284 De
2545 5230 2707 5286 rebus
2733 5226 3116 5284 ecclesiasticis
3136 5219 3508 5296 gubernandis.

2323 5322 2413 5377 16.
2444 5323 2520 5376 De
2541 5322 2704 5376 rebus
2731 5317 2971 5375 ecclesiae
2997 5314 3393 5386 dispensandis.

2321 5414 2407 5469 17.
2439 5414 2516 5468 De
2544 5413 2630 5470 his
2657 5411 2748 5483 qui
2767 5411 2833 5468 de
2860 5407 3158 5465 ministerio
3186 5404 3426 5461 ecclesiae
3453 5389 3627 5465 aliquid
3653 5395 3742 5436 ven-

2258 5505 2398 5562 lunt.

2319 5598 2403 5652 18.
2435 5599 2511 5656 De
2537 5600 2741 5671 synodo
2766 5595 3029 5653 facienda.

2322 5689 2406 5757 19-
2440 5692 2515 5746 De
2548 5667 2800 5756 έυίεεοβο
2837 5692 2927 5757 (ιιιί
2971 5691 3197 5749 noluerit
3232 5688 3409 5750 venire
3437 5681 3496 5738 ad
3519 5667 3735 5746 synodum;
