3888 6476
111 406 200 476 ru
1012 366 1025 379 ’
1227 380 1719 451 D'ECRETALIUM
1755 376 2157 443 COLLECTIO.

1675 508 1726 563 Α
1822 499 1909 553 57.
1940 499 2016 554 De
2053 510 2159 551 non
2193 490 2486 566 jejunando
2515 489 2570 543 in
2610 485 2696 542 die
2725 482 3004 541 Dominieo
3035 496 3207 553 neque
3236 496 3336 553 ge-

1754 604 1860 642 nua
1888 585 2173 641 ﬂectendo.

172 523 249 579 20.
277 520 348 576 De
377 513 609 589 legitima
633 515 792 568 aetate
823 505 1108 566 ordinandi
1137 505 1503 578 presbyteros.

161 616 243 673 2i.
265 592 345 665 .Dc
365 605 623 666 eunuchis
643 603 736 676 qui
760 601 828 659 ab
857 601 979 658 aliis
1002 599 1137 657 ﬁunt
1152 638 1168 665 ,
1194 596 1281 654 vel
1305 597 1398 669 qui
1426 594 1531 653 sibi
1565 608 1653 649 na.

106 707 278 766 turalia
303 698 639 756 abscindunt.

170 790 251 846 '22.
283 788 356 844 De
380 784 678 858 neophytis.

170 874 252 936 25.
281 878 352 934 De
377 878 671 949 pcenitente
701 887 805 930 non
835 871 1167 929 admittendo
1191 869 1259 924 ad
1285 864 1512 924 clerum.

171 964 249 1024 24.
282 971 351 1025 De
369 968 453 1024 his
474 967 565 1037 qui
589 964 878 1021 indlscussi
896 1004 911 1030 ,
935 972 1028 1018 aut
1050 958 1391 1033 presbyteri,
1437 964 1531 1012 aut
1550 954 1658 1009 dia-

119 1061 219 1116 coni
243 1057 467 1114 ordinati
495 1064 644 1113 sunt.

174 1151 252 1205 25.
280 1149 354 1205 De
393 1145 722 1220 presbyteris
754 1143 841 1201 vel
881 1141 1199 1201 diaconibus
1234 1136 1326 1207 qui
1364 1143 1485 1206 post
1511 1128 1660 1188 erdi-

119 1238 359 1298 nationem
389 1238 738 1294 denotantur.

176 1331 253 1385 26.
280 1331 352 1386 De
379 1331 462 1385 bis
483 1328 573 1398 qui
599 1318 786 1382 viduas
812 1365 828 1394 ,
857 1334 952 1380 aut
974 1323 1230 1378 dimissas
1248 1321 1469 1377 ducunt.

174 1421 256 1475 27.
288 1420 359 1474 De
388 1416 809 1473 fornicatoribus
839 1412 1072 1469 clericis.

176 1513 257 1566 ‘28.
283 1512 355 1566 De
378 1511 461 1565 his
481 1524 712 1579 quorum
737 1522 934 1562 uxores
962 1502 1321 1560 merebantur.

183 1600 264 1655 29.
293 1599 366 1655 De
392 1600 573 1655 viduis
604 1597 948 1653 clericorum.

3224 363 3331 428 573

1826 676 1913 732 58.
1944 679 2018 732 De
2044 674 2323 747 gustand’is
2350 672 2608 729 carnibus
2629 711 2645 737 ,
2672 678 2726 723 et
2755 683 2860 723 non
2893 664 3261 722 cxseerandis.

1827 770 1915 828 59.
1949 770 2023 827 De
2045 786 2109 826 co
2131 766 2272 840 quod
2301 780 2409 825 non
2430 766 2593 824 liccat
2624 766 2994 824 sacerdotibus
3021 764 3102 820 vel
3128 756 3342 819 clericis

1757 860 2082 932 Spectaculis
2107 860 2388 917 interesse.

1829 948 1917 1005 60.
1948 950 2027 1005 De
2053 964 2120 1005 eo
2151 948 2292 1019 quod
2343 963 2450 1003 non
2478 947 2643 1003 liceat
2688 946 3059 1002 sacerdotibus
3098 938 3182 998 vel
3227 938 3338 998 cle-

1761 1043 1890 1099 ricis
1917 1040 2301 1097 ineantatorias
2334 1049 2389 1095 et
2419 1038 2718 1095 contrarias
2747 1037 3001 1108 ligaturas
3022 1034 3223 1092 facere.
3292 1036 3297 1040 ’

1833 1128 1921 1186 61.
1950 1133 2026 1187 De
2058 1145 2123 1187 eo
2146 1130 2293 1201 quod
2323 1140 2429 1185 non
2460 1129 2619 1185 liceat
2645 1128 2887 1183 convivia
2917 1127 3095 1183 facere
3117 1126 3185 1181 de
3215 1139 3348 1181 con-

1760 1222 1940 1278 fertis.

1836 1314 1922 1369 52.
1954 1312 2030 1367 De
2053 1311 2234 1367 usuris
2254 1310 2338 1366 vel
2362 1310 2697 1381 negotiorum
2728 1308 2916 1364 lucris.

1829 1403 1928 1458 65.
1962 1402 2036 1458 De
2064 1401 2278 1460 clericis
2298 1401 2388 1470 qui
2422 1400 2489 1455 ad
2525 1398 2845 1454 matutinum
2870 1396 2955 1454 vel
2977 1398 3352 1468 vespertinum

1770 1511 1877 1550 non
1906 1494 2257 1550 conveniunt.

1843 1585 1929 1640 611.
1961 1585 2037 1640 De
2059 1597 2123 1640 eo
2149 1583 2291 1654 quod
2315 1597 2419 1639 non
2445 1581 2608 1637 liccat
2634 1580 2846 1637 clericis
2868 1579 2953 1636 die
2982 1579 3263 1636 Domini'co
3287 1576 3358 1633 ab

181 1694 262 1749 50.
298 1692 370 1748 De
400 1690 507 1746 lilia
535 1689 774 1762 episcopi
798 1686 883 1744 vel
913 1682 1213 1758 presbyteri
1236 1696 1357 1753 qua:
1390 1678 1559 1735 fuerit
1580 1679 1671 1734 de-
1766 1677 1999 1734 ecclesia
2022 1675 2318 1731 absentari.

122 1790 229 1838 vota
248 1790 297 1838 et
317 1780 638 1852 peccaverit.

180 1870 257 1925 5|.
291 1870 361 1924 De
393 1869 587 1925 deVota
607 1866 691 1923 vel
720 1872 974 1936 peccante
1002 1878 1105 1933 que
1136 1876 1194 1917 se
1220 1857 1574 1914 mari‘taverit.

180 1959 259 2015 52.
287 1961 357 2016 De
381 1958 807 2015 subintroductis
835 1954 1101 2024 adoptivis
1131 1950 1466 2006 mulieribus.

1845 1768 1935 1823 65.
1967 1767 2042 1821 De
2061 1780 2125 1821 eo
2151 1764 2293 1835 quod
2326 1779 2430 1820 non
2456 1763 2616 1819 liceat
2646 1760 2855 1817 clericis
2878 1766 3004 1817 ante
3039 1759 3226 1814 horam
3248 1765 3361 1812 ter-

1704 1856 1750 1917 B
1778 1861 1909 1916 tiam
1932 1859 2218 1930 prandere.

1847 1952 1935 2009 66.
1964 1952 2042 2009 De
2072 1949 2397 2008 attondenda
2436 1963 2589 2006 coma
2614 1946 2935 2004 clericorum
2966 1956 3019 2002 et
3053 1946 3238 2001 habitu
3272 1960 3362 2001 or-

181 2050 260 2106 33.
290 2050 361 2106 De
394 2063 502 2105 non
546 2047 871 2119 recipiendis
907 2042 1137 2106 clericis,
1172 2049 1227 2096 et
1253 2041 1320 2094 de
1353 2034 1679 2093 inﬁrmanda
1779 2047 1985 2104 διιηιο,

127 2140 433 2196 ordinatione
460 2138 579 2209 ejus
604 2137 698 2208 qui
724 2136 845 2192 sine
868 2131 1105 2204 episcopi
1133 2130 1216 2186 sui
1249 2128 1465 2184 licentia
1484 2126 1553 2182 ab
1574 2123 1680 2180 alio

126 2234 348 2304 Episcopo
375 2231 682 2286 ordinatur.

186 2325 264 2380 5t.
296 2324 368 2380 De
396 2320 614 2378 clericis
634 2317 1022 2375 desertoribus.

186 2414 263 2468 35.
292 2415 361 2470 Dc
389 2411 715 2482 importunis
748 2407 984 2463 clericis.

186 2506 266 2561 '56.
292 2504 366 2560 De
389 2500 669 2575 purganda
693 2500 945 2572 opinione
975 2495 1221 2552 ltmresis.

187 2598 265 2652 57.
288 2596 360 2651 De
382 2592 600 2650 clericis
628 2589 1136 2648 exeommunieatis.

182 2680 266 2741 58.
293 2686 365 2742 De
389 2682 720 2755 presbyteris
754 2688 815 2736 ut
838 2680 906 2737 ad
930 2678 1194 2736 secundas
1222 2690 1329 2731 non
1349 2672 1551 2729 Vadant
1581 2688 1683 2727 nu-

130 2776 271 2843 ptius.

192 2866 273 2924 59.
302 2867 374 2922 De
398 2866 486 2922 bis
505 2863 603 2936 qui
623 2863 689 2919 ad
708 2862 994 2918 diaconum
1016 2857 1310 2933 eliguntur.

188 2957 270 3014 διο.
328 2958 480 3026 Quod
527 2971 639 3012 non
682 2955 817 3012 licet
860 2955 1146 3010 diaconum
1193 2950 1296 3008 nisi
1350 2948 1561 3021 jussum
1604 2962 1690 3003 sc-

134 3050 284 3121 dcrej
1063 3064 1072 3072 ·
1648 3042 1655 3047 ’

193 3141 271 3197 ll.
299 3143 372 3198 De
396 3156 461 3199 eo
490 3140 639 3213 quod
675 3154 784 3194 non
815 3137 944 3194 licet
974 3135 1271 3208 quemlibet
1307 3150 1460 3192 sacra
1491 3140 1690 3205 myste-

140 3230 208 3287 ria
232 3241 456 3304 tangere.

195 3321 275 3376 12.
310 3323 377 3389 Ut
403 3322 661 3378 mulieres
688 3321 742 3376 in
771 3318 1066 3376 sacrarium
1097 3324 1205 3372 non
1233 3315 1459 3371 intrent.

195 3408 276 3467 15.
302 3411 376 3466 Ne
412 3411 587 3468 lector
614 3409 838 3465 alterius
862 3408 1075 3462 viduam
1108 3400 1340 3461 duxerit.

198 3500 275 3555 tl.
304 3501 359 3557 Si
389 3501 753 3557 subdiaconus
779 3497 1070 3555 secundant
1105 3495 1316 3551 duxerit
1344 3507 1589 3549 uxorem.

199 3593 277 3648 45.
310 3594 377 3651 Ut
396 3608 502 3649 neu
546 3593 806 3649 ascendat
831 3592 885 3646 in
910 3590 1176 3662 pulpitum
1206 3589 1308 3645 nisi
1338 3588 1529 3645 lector.

198 3684 277 3739 $6.
307 3683 380 3740 De
410 3682 872 3740 conditionalibus
912 3696 1018 3738 non
1054 3664 1402 3748 ordinandis,
1436 3678 1540 3738 nisi
1567 3693 1697 3736 con-

140 3787 280 3829 sensu
304 3778 541 3847 patroni.

200 3868 278 3923 l7.
305 3869 377 3926 De
420 3887 531 3926 non
572 3866 927 3940 suscipiendis
962 3867 1132 3925 servis
1174 3867 1228 3922 in
1279 3865 1439 3923 Clero
1489 3865 1696 3922 alienis.

203 3956 389 4017 18.1)e
430 3979 542 4019 non
587 3961 925 4018 celebrandis
976 3958 1240 4015 natalitiis
1294 3966 1592 4028 martyrum
1644 3955 1701 4012 in

149 4053 556 4133 quadragesima.

204 4141 282 4196 49.
314 4142 425 4198 Non
452 4138 657 4213 suscipi
684 4142 880 4198 debere
905 4151 1029 4198 ante
1056 4141 1192 4197 duas
1216 4140 1584 4196 hebdomadas
1607 4139 1702 4196 sed

152 4247 255 4292 ante
287 4248 389 4295 tres
422 4238 662 4293 infantes
683 4238 750 4293 ad
772 4238 1120 4310 baptismum.

208 4324 287 4379 50.
317 4327 388 4382 De
430 4343 544 4384 non
585 4326 838 4382 solvendo
868 4323 1074 4396 jejunio
1116 4326 1169 4380 in
1208 4325 1397 4397 quinta
1435 4323 1567 4380 feria
1596 4324 1700 4380 Pa—

153 4413 288 4469 sellae.

210 4505 286 4559 51.
316 4508 388 4562 De
417 4507 708 4563 chrismate
742 4505 1097 4563 conﬁciendo.

211 4595 289 4651 52.
314 4597 424 4654 Νοη
481 4599 647 4655 liceat
685 4600 999 4670 presbytero
1033 4613 1219 4654 coram
1259 4598 1513 4668 episcopo
1557 4597 1702 4653 chri-

158 4699 329 4743 smare.

213 4779 289 4836 55.
318 4781 428 4839 Non
466 4785 594 4840 licet
617 4784 930 4855 presbytero
958 4792 1082 4838 ante
1110 4786 1417 4854 episcopum
1449 4783 1500 4837 in
1530 4782 1705 4854 bapti-

154 4873 354 4927 sterium
390 4874 635 4930 introire.

215 4961 295 5016 54.
322 4964 393 5019 De
413 4964 814 5036 praegnantibus
832 4963 1187 5036 baptizandis.

216 5050 297 5106 55.
324 5053 450 5122 Qua:
478 5056 532 5109 in
563 5053 722 5109 altari
752 5053 931 5109 oﬂ‘crri
953 5063 1185 5123 oportet.

216 5144 293 5199 56.
322 5147 395 5204 De
418 5146 749 5219 presbyteris
776 5145 1070 5202 forastieis.

220 5235 339 5290 (In.
368 5238 409 5292 1.
450 5237 565 5293 Non
596 5236 722 5293 licet
746 5236 940 5308 populo
968 5235 1282 5292 electionem
1312 5234 1491 5292 facere
1517 5250 1705 5292 eorum

164 5324 239 5392 qui
276 5327 337 5380 ad
362 5328 718 5385 sacerdotium
756 5312 1139 5399 provocamur,
1182 5327 1277 5384 sed
1299 5328 1559 5396 judicium
1589 5329 1706 5399 epi-

164 5428 418 5484 scaporum
444 5428 526 5473 est
546 5460 561 5484 ,
586 5428 644 5474 ut
682 5418 783 5489 ipsi
814 5434 937 5475 eum
966 5417 1059 5487 qui
1078 5418 1409 5474 ordinandus
1434 5426 1516 5473 est
1537 5459 1552 5484 ,
1585 5434 1708 5489 pro-

134 5501 302 5573 bent,
332 5508 455 5563 siin
489 5523 736 5564 sermone
770 5518 825 5563 et
867 5509 1001 5574 ﬁde,
1034 5517 1090 5563 et
1136 5508 1190 5562 in
1218 5508 1327 5563 vita
1361 5509 1582 5564 edoctus
1619 5509 1708 5564 sit.

221 5596 277 5650 ll.
321 5598 631 5669 Episcopum
678 5610 895 5671 oportet
931 5599 1167 5655 maxime
1200 5599 1418 5670 quidem
1458 5601 1526 5656 ab
1565 5600 1711 5655 omni

164 5691 366 5746 concilio
396 5696 684 5761 constitui,
731 5695 823 5751 scd
864 5696 908 5750 si
940 5695 1043 5751 hoc
1077 5703 1171 5750 aut
1211 5710 1311 5764 pro
1352 5695 1711 5761 necessitate,

161 5789 239 5830 aut
270 5796 359 5849 pro
397 5785 779 5859 longinquitate
806 5788 1018 5844 itineris
1044 5786 1256 5844 diﬂicile
1285 5785 1479 5857 fuerit,
1509 5803 1575 5845 ex
1602 5804 1717 5845 om-

615 5881 877 5943 Pariter.
924 5878 1183 5943 CXXX.

1848 2136 1937 2191 67.
1966 2133 2042 2190 De
2070 2149 2135 2190 eo
2161 2134 2302 2204 quod
2332 2147 2438 2187 non
2468 2128 2629 2186 liceat
2653 2129 2889 2199 poeticos
2919 2129 3159 2200 psalmos
3186 2127 3241 2183 in
3275 2140 3366 2185 cc-

1770 2224 1945 2281 clesia
1973 2224 2154 2279 dicere
2169 2265 2184 2289 ,
2206 2232 2263 2279 et
2290 2222 2456 2277 libros
2480 2219 2815 2289 apocryphos
2841 2219 3038 2289 legere.

1847 2318 1943 2376 68.
1974 2320 2051 2375 De
2079 2333 2145 2374 eo
2173 2319 2316 2388 quod
2342 2331 2448 2371 non
2472 2314 2632 2369 liceat
2654 2326 2818 2381 super
2845 2319 3198 2366 monumenta
3223 2325 3369 2365 mor-

1780 2421 2004 2466 tuorum
2032 2410 2226 2463 missas
2255 2415 2459 2462 tenere.

1850 2498 2098 2570 Capitula
2111 2514 2376 2554 canonum
2392 2497 2639 2553 adlaicos
2652 2495 3031 2569 pertinentium
3049 2499 3370 2563 sequuntur.

1856 2594 1944 2650 69.
1974 2594 2049 2648 De
2077 2607 2143 2649 eo
2182 2591 2324 2663 quod
2358 2606 2466 2645 non
2503 2590 2666 2646 liceat
2701 2587 3014 2645 Christianis
3044 2584 3268 2656 pramlia
3303 2581 3372 2637 ad

1787 2691 2137 2742 monumenta
2161 2691 2402 2755 portare.

1859 2778 1948 2833 70.
1974 2778 2050 2832 De
2079 2789 2144 2832 eo
2170 2776 2313 2846 quod
2336 2791 2444 2831 non
2470 2773 2629 2830 liceat
2657 2773 2871 2830 clericis
2893 2770 2979 2826 vel
3006 2770 3161 2826 laic'is
3186 2767 3375 2825 catho-

1788 2868 1910 2925 licis
1954 2868 2242 2924 cathedras
2271 2868 2339 2924 ab
2386 2867 2659 2922 haereticis
2699 2865 2937 2936 eulogias
2974 2862 3252 2934 accipere,
3283 2868 3379 2916 aut

1790 2975 1916 3016 cum
1944 2959 2078 3030 ipsis
2101 2968 2156 3013 et
2186 2958 2551 3014 schismaticis
2576 2972 2754 3013 orare.

1865 3050 1952 3104 7t.
1981 3050 2060 3105 De
2087 3064 2153 3105 eo
2176 3050 2324 3119 quod
2349 3063 2461 3103 non
2503 3048 2662 3104 liceat
2697 3046 3021 3103 Christianis
3044 3043 3381 3101 observatio.

1798 3155 1895 3195 nes
1918 3140 2164 3195 diversas
2190 3139 2493 3194 attendere.

1720 3214 1766 3276 C
1867 3230 1954 3283 72.
1981 3230 2057 3285 De
2077 3242 2143 3284 eo
2169 3229 2313 3298 quod
2336 3243 2442 3284 non
2471 3228 2628 3284 liceat
2651 3226 2977 3283 Christianis
3007 3235 3191 3283 tenere
3216 3225 3383 3280 tradi-

1797 3326 1971 3381 tiones
1993 3323 2293 3395 gentilium.

1869 3416 1958 3471 73.
1996 3413 2068 3471 Ut
2095 3429 2205 3470 non
2244 3412 2405 3468 liceat
2433 3412 2727 3475 observare
2754 3410 2945 3477 lunas,
2978 3417 3073 3465 aut
3101 3407 3384 3465 stellarum

1798 3523 1862 3561 I7!
1872 3521 1992 3563 l'SllS

1866 3600 1958 3654 74.
1991 3599 2067 3654 De
2092 3612 2158 3653 eo
2190 3599 2334 3668 quod
2358 3612 2468 3652 non
2498 3596 2660 3651 liceat
2679 3595 2976 3652 observare
2999 3592 3288 3649 Kalendas.

1872 3690 1962 3745 75.
1990 3690 2066 3745 De
2086 3703 2153 3745 eo
2176 3688 2319 3759 quod
2342 3702 2448 3742 non
2471 3686 2643 3742 liceat.
2660 3684 3010 3741 medieinales
3036 3682 3236 3740 herbas
3262 3699 3386 3740 cum

1800 3783 1979 3854 aliqua
2007 3782 2387 3838 observatione
2409 3780 2692 3851 colligere.
2773 3798 2778 3803 ν

1872 3874 1961 3930 76.
1992 3874 2071 3930 De
2106 3887 2173 3929 eo
2205 3873 2349 3943 quod
2381 3887 2491 3927 non
2524 3872 2687 3927 liceat
2715 3868 2950 3927 feminas
2969 3867 3304 3926 christiauas
3331 3868 3386 3923 in

1800 3966 2055 4022 lanificiis
2086 3965 2292 4035 aliquid
2315 3964 2631 4020 observare.

1872 4060 1962 4114 77.
1990 4059 2065 4114 De
2086 4057 2391 4114 adulteriis.

1872 4154 1965 4210 78.
2007 4152 2085 4208 De
2121 4152 2441 4221 mulieribus
2479 4150 2824 4219 fornicariis,
2862 4159 2921 4207 et
2959 4150 3262 4207 abortivum
3305 4149 3390 4208 fa-

1801 4244 2091 4299 cientibus.

1877 4335 1966 4391 79.
1998 4335 2077 4390 De
2114 4334 2409 4390 homicidio
2440 4333 2774 4400 voluntario,
2808 4331 2894 4388 vel
2932 4347 3040 4388 non
3066 4332 3390 4389 voluntario.

1874 4427 1964 4483 80.
2002 4426 2078 4481 De
2104 4424 2328 4480 muliere
2353 4441 2472 4495 qua:
2495 4426 2631 4481 duos
2660 4424 2858 4481 fratres
2888 4423 3159 4498 conjugio,
3191 4436 3245 4482 et
3275 4428 3394 4482 viro

1733 4564 1780 4624 υ
1807 4517 1898 4588 qui
1922 4518 2056 4573 duas
2081 4531 2298 4572 sorores
2320 4516 2528 4571 habuit.

1878 4610 1967 4665 81.
2001 4610 2078 4664 De
2107 4608 2191 4663 his
2213 4607 2302 4679 qui
2336 4609 2551 4678 nuptias
2584 4608 2925 4664 iteraverint.

1878 4701 1969 4758 82.
1993 4702 2070 4756 De
2093 4702 2178 4756 his
2199 4701 2291 4770 qui
2327 4716 2385 4755 se
2417 4716 2541 4756 cum
2571 4701 2897 4758 animalibus
2930 4701 3390 4758 commiseucrint.

1881 4790 1969 4847 85.
2018 4790 2095 4845 De
2134 4790 2221 4845 bis
2247 4791 2339 4860 qui
2386 4806 2557 4860 usque
2600 4791 2669 4847 ad
2705 4791 2867 4846 linem
2907 4793 3032 4847 vitae
3066 4793 3118 4846 in
3158 4793 3396 4861 peccatis

1809 4882 2135 4954 perdurant,
2158 4892 2213 4938 et
2242 4883 2295 4937 in
2327 4883 2475 4938 exitu
2507 4885 2941 4940 communionem
2972 4893 3181 4954 petunt.

1882 4973 1972 5028 84.
2010 4973 2088 5028 De
2112 4974 2198 5028 his
2223 4974 2314 5042 qui
2356 4974 2620 5030 intrantes
2665 4975 2952 5030 ecclesiam
2978 4985 3204 5046 preptcr
3240 4976 3397 5034 luxu-

1810 5064 1948 5118 riam
1983 5073 2326 5119 sacramento
2355 5079 2417 5119 se
2443 5065 2737 5120 abstinent.

1883 5154 1971 5223 85.
2009 5155 2087 5210 De
2108 5156 2619 5215 excommunicatis.

1812 5246 1971 5301 nibus
2017 5254 2129 5302 tres
2161 5245 2510 5317 colligantur,
2542 5255 2597 5302 et
2642 5246 2882 5303 omnium
2928 5253 3279 5318 prmsentium
3311 5253 3396 5309 vel

1810 5334 2113 5391 absentium
2140 5335 2565 5407 subscriptiones
2591 5343 2901 5404 teneantur,
2917 5348 2973 5394 et
2995 5341 3072 5396 sic
3093 5351 3279 5413 postea
3304 5358 3396 5399 or-

1818 5426 2022 5482 dinatio
2050 5426 2163 5480 ﬁat.
2198 5425 2368 5497 Hujus
2397 5436 2577 5481 autem
2614 5428 2694 5482 rei
2739 5437 2978 5499 potestas
3006 5431 3059 5487 111
3094 5434 3241 5488 omni
3269 5448 3418 5503 pro--

1817 5519 1995 5575 vincia
2032 5520 2099 5575 ad
2128 5519 2600 5590 metropolitanum
2628 5520 2863 5591 pertinet
2886 5524 3217 5594 episcopum.

1889 5611 1976 5666 111.
2008 5609 2124 5665 Non
2150 5608 2308 5665 debet
2336 5610 2576 5666 ordinari
2602 5611 2890 5684 episcopus
2909 5613 3113 5684 absque
3134 5615 3361 5670 consilio
3377 5655 3394 5682 ,

1818 5712 1876 5761 .et
1925 5702 2207 5775 praesentia
2241 5702 2641 5773 metrOpolitani
2679 5705 2938 5776 epise0pi.
2972 5684 3397 5764 Adesse‘autem

1822 5808 2010 5851 omnes
2025 5801 2235 5863 oportet
2260 5793 2349 5862 qui
2374 5800 2497 5848 sunt
2519 5792 2575 5848 in
2605 5792 2881 5863 provincia
2908 5796 3240 5864 sacerdotes,
3263 5812 3399 5867 quos

2924 5886 3001 5947 19
