3888 6436
577 410 682 467 579

1400 407 1691 464 APPEND.
1730 409 1821 463 AD
1860 406 2034 465 SIEC.
2068 406 2161 462 IX.
2203 438 2270 448 -
2308 407 2555 468 lSlDORI
2596 410 3041 468 MERCATORIS
3690 370 3782 477 .580

578 540 675 598 per
706 534 858 580 suam
887 521 1043 577 debet
1080 521 1359 592 epistolam
1387 535 1712 606 convocare.
1743 521 1809 576 Et
1852 521 2068 591 quidem
2100 520 2146 574 si
2177 523 2224 581 Δ
2332 523 2419 580 XI.
2448 526 2504 581 Si
2539 527 2659 597 quis
2688 528 2969 598 episcopus
2990 529 3271 588 ordinatus
3300 531 3537 589 uoluerit
3558 548 3776 607 ageres}

578 632 765 672 omnes
785 612 1123 669 occurrerint
1140 651 1155 678 ,
1178 612 1332 668 bene.
1361 612 1457 668 Sin
1479 622 1657 667 autem
1678 603 1779 667 hoc
1804 610 2016 667 diﬂicile
2039 608 2151 665 fuc-

579 708 675 772 rit,
702 708 882 779 plures
909 713 1121 777 oportet
1156 706 1505 762 concurrere.
1538 705 1637 773 Qui
1676 712 1855 759 autem
1885 718 1990 758 non
2024 718 2154 758 con-

576 801 823 857 venerint
865 799 1204 870 praesentiam
1248 799 1327 855 sui
1363 813 1461 869 per
1502 797 1758 867 epistolas
1814 794 2046 862 faciant,
2100 804 2155 851 et

575 894 656 948 sic
698 892 938 948 omnium
984 890 1129 945 facto
1166 904 1431 944 consensu
1476 887 1872 942 ordinationem
1914 872 2150 956 episcopi

578 982 693 1037 fieri
715 990 945 1051 oportet.
975 978 1029 1035 Si
1052 989 1230 1035 autem
1254 979 1407 1033 aliter
1434 987 1628 1050 praeter
1640 978 1781 1048 quod
1808 977 2151 1032 terminatum

575 1081 658 1129 est
682 1087 710 1126 a
746 1071 900 1127 nobis
940 1070 1097 1125 fuerit
1130 1069 1365 1135 factum,
1394 1069 1554 1125 talem
1583 1068 1975 1124 ordinationem
2020 1065 2153 1134 nihil
2217 1118 2222 1125 .

576 1162 868 1233 praevalere
882 1161 1242 1217 decernimus.
1269 1160 1363 1215 Sin
1383 1166 1560 1215 autem
1583 1159 1877 1214 secundum
1918 1173 2153 1214 canones

575 1256 843 1312 ordinatio
872 1254 1105 1327 episcopi
1131 1254 1294 1310 fuerit
1312 1253 1477 1317 facta,
1500 1260 1553 1308 et
1573 1252 1618 1308 si
1651 1251 1773 1321 quis
1798 1264 1922 1307 cum
1945 1250 2152 1305 malitia

577 1348 631 1402 in
654 1346 834 1417 aliquo
858 1346 1244 1402 contradixcrit
1262 1386 1276 1412 ,
1299 1333 1654 1416 plurimorum
1687 1357 1984 1398 consensus
2011 1342 2153 1397 obti-

577 1448 724 1495 neat.

643 1540 732 1596 ιγ.
763 1540 866 1595 Per
902 1537 1139 1610 singulas
1170 1536 1476 1607 provincias
1505 1542 1718 1604 oportet
1746 1533 2027 1604 episcopos
2055 1548 2150 1589 co—

576 1627 1336 1700 gnosccre'tnctropolitanum
1367 1626 1677 1696 episcOpum
1702 1665 1716 1689 ,
1746 1632 1801 1679 et
1833 1624 2005 1694 ipsum
2038 1621 2150 1693 pri-

577 1732 754 1777 matus
778 1734 964 1776 cnram
995 1718 1271 1789 suscipere
1294 1758 1308 1784 ,
1354 1717 1488 1772 nihil
1519 1725 1699 1771 autem
1730 1730 1888 1786 agere
1916 1713 2151 1785 reliquos

574 1815 856 1884 episcopos
883 1818 1077 1882 prmter
1105 1771 1257 1873 einn,
1286 1808 1578 1863 secundum
1609 1771 2088 1877 quodvantiqnitus
2118 1818 2148 1859 a
2179 1881 2214 1884 _

2254 612 2551 668 cei-dotium
2572 654 2588 680 ,
2622 632 2796 687 neque
2833 619 3169 675 consenserit
3197 620 3249 675 in
3290 621 3394 677 sibi
3422 625 3694 682 commissa
3717 643 3785 684 ec-

2254 699 2419 757 clesia
2452 704 2750 772 ambulare,
2783 704 2944 762 istum
2975 708 3136 765 talem
3165 696 3631 769 excommunicare
3659 730 3785 785 opor-

2255 795 2331 843 tet
2357 792 2498 859 quod
2524 792 2569 846 si
2591 804 2810 851 coactus
2832 799 3238 868 contempserit,
3258 809 3509 856 sanctum
3543 805 3783 863 concilium

2253 878 2394 953 quod
2422 878 2597 949 placet
2621 883 2687 937 de
2714 884 2900 940 eodem
2926 886 3197 942 terminet.

2323 967 2436 1024 XII.
2479 970 2535 1025 Si
2587 971 2706 1041 quis
2744 974 3030 1044 episcopus
3063 975 3342 1032 ordinatus
3390 976 3581 1045 fuerit,
3618 990 3667 1037 et
3705 998 3784 1040 non

2254 1056 2365 1112 vult
2390 1059 2557 1130 ipsam
2579 1063 2889 1132 parochiam
2904 1065 3178 1135 suscipere
3194 1060 3370 1136 inqua
3396 1069 3691 1132 nominatus
3705 1083 3784 1140 est,

2253 1148 2347 1202 sed
2400 1148 2524 1203 alibi
2555 1150 2667 1205 vult
2703 1152 2980 1218 ordinari,
3036 1163 3090 1209 et
3113 1154 3223 1209 vim
3270 1153 3426 1222 facit,
3453 1170 3519 1211 ac
3542 1158 3785 1216 seditiones

2252 1238 2487 1293 concitat
2517 1249 2706 1295 contra
2735 1256 2828 1296 eos
2854 1243 2942 1312 qui
2973 1242 3119 1298 illum
3157 1244 3568 1312 ordinaverunt,
3595 1248 3715 1305 hunc
3734 1249 3785 1305 ab

2253 1324 2455 1382 honore
2482 1338 2696 1398 Oportet
2745 1332 3050 1400 removeri;
3089 1332 3133 1387 si
3176 1345 3357 1389 autem
3391 1333 3448 1388 in
3475 1336 3685 1404 pristino
3709 1339 3782 1393 ho—

2254 1429 2385 1471 nore
2413 1417 2732 1487 presbyterii
2779 1418 2892 1473 vult
2922 1427 3086 1487 stare,
3128 1438 3233 1476 non
3276 1431 3494 1477 vetetur
3522 1432 3580 1478 ut
3603 1425 3786 1492 gradum

2252 1519 2411 1574 quem
2459 1505 2649 1563 habuit
2698 1509 2950 1564 retineat.
3002 1510 3154 1579 Quod
3200 1513 3245 1568 si
3299 1513 3598 1570 reluctatus
3642 1514 3782 1582 fuerit,

2258 1593 2421 1647 ctiam
2452 1594 2519 1649 ab
2545 1595 2749 1651 honore
2789 1598 3106 1670 presbyterii
3133 1600 3452 1671 deponatur.

2322 1678 2456 1736 XIII.
2500 1682 2560 1738 Si
2591 1684 2712 1753 quis
2738 1686 3019 1757 episcopus
3042 1689 3097 1744 in
3138 1691 3409 1761 aliquibus
3436 1693 3783 1751 causationibut

2570 1782 2624 1829 et
2646 1776 2839 1830 viderit
2864 1776 3009 1849 ipsos
3032 1779 3312 1857 episcopos
3341 1782 3438 1850 qui
3479 1782 3530 1836 in
3559 1783 3783 1852 provincia

575 1863 817 1974 patribus
859 1863 1055 1957 nrostris
1086 1900 1439 1956 Constitntum
1471 1863 1779 1953 continetur
1823 1896 1876 1950 in
1911 1909 2146 1971 canone,
2178 1881 2224 1941 B
2548 1867 3174 1974 AﬁejuquifndiSCl'epire,
3210 1881 3267 1927 ut
3289 1872 3385 1974 alii
3408 1873 3676 1930 videantur
3692 1891 3782 1974 eum

573 2004 793 2065 propter
815 1993 956 2064 quod
977 2002 1032 2047 et
1054 1990 1494 2060 Inctropolitanns
1519 1988 1801 2057 cpiscopus
1838 1986 1994 2060 142
2017 1986 2148 2041 nihil

572 2082 950 2152 praesumptive
974 2089 1214 2134 assumat
1234 2078 1436 2147 absque
1462 2076 1689 2131 consilio
1719 2085 2060 2131 czeterorum.

645 2191 710 2246 ν.
752 2190 809 2246 Si
841 2190 961 2261 quis
988 2190 1259 2260 particeps
1283 2184 1510 2255 alicujus
1542 2185 1702 2240 fuerit
1722 2184 2040 2259 ambitionis
2062 2185 2147 2242 in-

573 2288 788 2342 ventus,
803 2280 916 2335 sive
941 2280 1243 2350 episcOpus,
1259 2277 1371 2331 sive
1391 2274 1673 2346 presbyter
1688 2272 1770 2328 vel
1785 2273 2061 2340 diaconus,
2081 2274 2149 2330 de

572 2370 814 2426 inferiori
855 2370 1072 2424 civitate
1103 2385 1206 2423 non
1260 2376 1499 2422 transeat
1530 2367 1598 2422 ad
1627 2365 1906 2435 maiorem.
1950 2366 2057 2422 Sed
2102 2367 2147 2424 si

571 2463 693 2533 quis
717 2472 904 2519 contra
926 2462 1043 2518 haec
1065 2461 1247 2532 magni
1272 2460 1481 2515 concilii
1502 2461 1792 2516 constituta
1816 2460 2151 2528 importunus

570 2553 861 2617 exstiterit,
907 2550 1214 2607 omnimodo
1264 2560 1555 2606 evacuetur
1581 2548 1885 2619 bujusmodi
1924 2548 2146 2615 factum,

569 2651 626 2699 et
653 2658 763 2698 suae
786 2642 979 2697 iterum
1011 2640 1596 2696 restaureturecclesite
1615 2639 1701 2694 cui
1729 2640 2031 2709 episcopus,
2059 2649 2152 2693 aut

570 2734 870 2804 presbyter,
916 2741 1010 2787 aut
1038 2732 1295 2787 diaconus
1315 2732 1462 2803 prius
1496 2731 1669 2786 fuerat
1700 2730 2046 2786 constitutus.

643 2835 729 2890 Vl.
782 2834 1102 2905 EpiscOpum
1153 2848 1183 2887 a
1234 2832 1449 2904 propria
1507 2832 1787 2901 parochia-
1827 2846 1932 2887 non
1992 2830 2153 2886 liceat

572 2925 803 2980 transite
828 2926 879 2979 in
896 2925 1054 2979 aliam
1072 2940 1245 2996 neque
1270 2940 1366 2981 sua
1392 2925 1841 2996 spontcintroire,
1867 2937 2042 2995 neque
2069 2924 2151 2978 in-

569 3019 820 3084 vitatum,
853 3032 1029 3088 neque
1055 3018 1123 3072 ab
1144 3017 1395 3088 episcopo
1420 3026 1688 3081 coactura,
1719 3016 1811 3071 sed
1841 3021 2152 3085 permaneat

570 3109 625 3165 in
656 3109 791 3175 loco,
831 3108 884 3164 in
911 3125 1016 3180 quo
1047 3126 1079 3164 a
1111 3111 1218 3165 Deo
1246 3118 1329 3165 est
1362 3110 1675 3175 ordinatus,
1702 3118 1757 3165 et
1798 3107 1852 3163 in
1893 3122 1956 3163 ea
1985 3122 2148 3178 quam

2251 1956 2340 2025 qui
2385 1954 2663 2024 judicatur
2687 1959 3008 2031 justificare,
3035 1964 3124 2019 alii
3168 1966 3554 2033 condemnare,
3578 1984 3667 2039 pro
3686 1967 3784 2024 deli-

2222 2114 2225 2117 _
2250 2045 2452 2102 nitione
2479 2047 2635 2118 hujus
2647 2049 2998 2110 dissensionis
3025 2056 3127 2110 hoc
3148 2054 3349 2126 placuit
3371 2067 3561 2115 sancto
3583 2060 3781 2127 concilio,

2161 2136 2169 2144 ’
2249 2141 2311 2190 ut
2344 2135 2410 2192 de
2456 2139 2728 2208 provincia
2761 2141 2937 2198 vicina
2967 2143 3105 2199 alter
3156 2146 3603 2217 metropolitanus
3633 2164 3783 2204 convo-

2248 2236 2402 2282 cetur
2421 2229 2723 2300 episcopus,
2752 2241 2810 2286 ut
2832 2250 2929 2305 per
2941 2249 3064 2291 eum
3092 2236 3450 2294 confirmetur
3468 2240 3604 2311 quod
3625 2256 3776 2297 secun-

2249 2317 2375 2373 dum
2412 2329 2618 2375 rectum
2649 2323 2913 2394 placuerit
2947 2342 3232 2384 canonem.

2321 2405 2459 2463 XIV.
2498 2407 2556 2464 Si
2579 2411 2699 2480 quis
2727 2412 3009 2485 episcopus
3036 2416 3176 2473 nulla
3199 2417 3582 2477 ecclesiastica:
3605 2421 3781 2477 rationis

2250 2496 2572 2554 necessitate
2597 2502 2904 2571 compulsus
2933 2504 3100 2561 inscio
3123 2507 3289 2576 clero,
3319 2519 3416 2566 aut
3446 2514 3534 2568 ubi
3564 2512 3683 2570 forte
3699 2530 3777 2570 non

2249 2593 2336 2641 est
2384 2586 2669 2661 presbyter
2714 2592 2779 2645 de
2819 2592 2981 2648 rebus
3027 2595 3415 2658 ecclesiasticis
3461 2602 3649 2674 aliquid
3674 2619 3779 2676 pra!-

2249 2678 2542 2747 sumpscrit
2585 2681 2838 2747 vendere,
2888 2698 2974 2740 res
3007 2686 3150 2756 ipsas
3180 2688 3424 2748 ecclesia:
3469 2695 3679 2765 propria:
3712 2709 3777 2751 re-

2249 2777 2496 2824 staurare
2516 2780 2758 2842 cogatur,
2776 2782 2831 2828 et
2855 2775 2907 2829 in
2918 2775 3122 2846 judicio
3144 2781 3524 2854 episcoporum
3548 2784 3779 2855 deﬁciatur

2250 2860 2485 2925 auditus,
2521 2869 2577 2916 et
2608 2870 2861 2934 tanquam
2892 2864 3022 2922 furti
3048 2880 3158 2925 aut
3200 2871 3478 2930 latrocinii
3513 2891 3628 2931 reus
3657 2891 3684 2930 a
3704 2890 3776 2931 suo

2248 2950 2491 3020 privetur
2522 2952 2743 3007 honore.
2837 3022 2850 3036 θ

2323 3039 2436 3095 XV.
2479 3042 2608 3108 Qua:
2651 3053 2776 3099 sunt
2804 3046 3048 3104 ecclesia:
3081 3054 3395 3108 conservari
3421 3057 3673 3112 communi
3689 3056 3775 3112 dili-

2252 3132 2462 3203 gentia,
2500 3142 2556 3188 et
2604 3135 2743 3192 bona
2794 3139 3148 3206 conscientia,
3173 3141 3230 3197 et
3251 3128 3363 3199 'ﬁde
3408 3145 3504 3203 Dei
3526 3147 3610 3218 qui
3636 3148 3775 3204 omnia

569 3201 794 3303 sortitus
819 3210 901 3256 est
923 3200 1149 3256 ecclesia
1188 3201 1481 3255 secundum
1508 3200 1852 3269 antiquorum
1882 3212 2147 3254 canonum
2177 3226 2220 3288 ρ
2251 3200 2421 3286 ζήσει,
2463 3231 2517 3277 ει
2537 3220 2747 3292 iudicat
2777 3226 3066 3297 gubernari
3099 3200 3312 3300 oborta

572 3291 945 3346 constitutum.

646 3394 751 3449 VII.
780 3393 834 3448 Si
864 3394 984 3464 quis
1011 3394 1315 3464 episcopus,
1347 3407 1452 3449 non
1482 3406 1577 3463 per
1600 3391 1921 3463 scripturam
1952 3399 2153 3446 metre-

568 3485 789 3558 politani
822 3486 1091 3557 episcopi,
1122 3494 1217 3541 aut
1251 3485 1340 3556 qui
1380 3500 1500 3542 cum
1528 3499 1593 3541 eo
1629 3493 1777 3550 sunt,
1802 3492 2041 3555 mgatus,
2083 3484 2151 3540 de

568 3575 675 3630 alia
714 3576 990 3645 provincia
1019 3577 1072 3630 in
1101 3576 1261 3631 aliam
1285 3576 1516 3641 venerit,
1549 3574 1645 3631 sed
1672 3575 2051 3646 prmsumptive
2077 3574 2153 3628 ir-

571 3679 733 3720 ruens
757 3666 826 3721 ad
848 3665 1244 3721 ordinationem
1258 3674 1313 3721 et
1333 3665 1776 3721 constitutionem
1801 3663 2140 3726 clericorum,

567 3755 655 3823 qui
688 3755 753 3810 ad
779 3755 925 3810 illum
950 3772 1055 3810 non
1078 3757 1349 3826 pertinent
1375 3756 1712 3827 importunus
1737 3755 1956 3819 existat,
1977 3769 2143 3809 vacua

564 3853 692 3900 sunt
726 3854 781 3901 et
816 3847 996 3901 inania
1032 3847 1213 3901 omnia
1243 3862 1362 3917 quae
1391 3847 1460 3903 ab
1493 3861 1559 3902 eo
1586 3844 1802 3900 fuerunt
1829 3846 2142 3899 constituta.

565 3933 683 4003 Ipse
712 3944 890 3990 autem
938 3936 1097 4006 digna
1146 3935 1511 4006 increpatione
1544 3933 2062 4001 excommunicetur,
2092 3942 2146 3989 et

564 4023 831 4080 alienetur
864 4041 895 4079 a
924 4033 1108 4080 sancto
1122 4025 1368 4080 concilio.

642 4122 771 4178 VIII.
811 4123 1074 4194 Episcopo
1100 4139 1206 4178 non
1225 4123 1384 4181 liceat
1411 4132 1537 4179 ante
1563 4122 1723 4178 finem
1753 4123 1876 4178 vita:
1901 4123 2063 4178 alium
2090 4122 2143 4177 in

564 4211 687 4271 loco
722 4228 820 4268 suo
853 4214 1179 4269 constituere
1200 4227 1589 4268 successorem.
1616 4211 1671 4267 Si
1699 4212 1821 4282 quis
1841 4221 2022 4267 autem
2044 4212 2146 4266 hoc

565 4319 831 4373 usurpare
854 4305 1163 4370 tentaverit,
1196 4304 1317 4359 talis
1342 4303 1655 4359 constitutio
1682 4303 1835 4358 irrita
1876 4303 2000 4358 erit.
2025 4301 2139 4356 Non

565 4394 723 4450 aliter
751 4409 879 4466 ergo
898 4394 1014 4448 fieri
1041 4402 1254 4464 oportet
1283 4394 1384 4449 nisi
1414 4409 1539 4449 cum
1562 4392 1794 4449 concilio
1819 4400 1875 4447 et
1893 4390 2138 4461 j‘ndicatu

563 4486 939 4557 episcoporum
972 4485 1066 4553 qui
1094 4493 1213 4555 post
1241 4485 1443 4539 exitum
1467 4483 1882 4554 praedecessoris
1906 4490 2140 4552 potesta-

565 4589 674 4633 tem
707 4577 904 4632 habent
927 4578 1144 4647 dignum
1173 4576 1390 4647 eligere.

636 4690 727 4746 IX.
767 4691 824 4745 Si
852 4691 971 4760 quis
1000 4692 1284 4762 episcopus
1314 4705 1511 4746 vacans
1534 4690 1585 4744 in
1611 4688 1892 4745 ecclesiam
1915 4706 2019 4744 non
2046 4689 2144 4744 ha-

563 4779 780 4835 bentem
810 4781 1117 4851 episcopum
1162 4778 1461 4851 subrepens
1506 4779 1705 4851 populo
1751 4780 1869 4835 sine
1911 4781 2143 4837 concilio

565 4868 757 4938 integri
799 4870 1004 4925 ordinis
1031 4869 1284 4935 irruerit,
1317 4869 1532 4923 etiamsi
1565 4868 1790 4940 populus
1844 4885 2003 4939 quem
2051 4885 2139 4926 se.

565 4957 721 5012 duxit
744 4958 1025 5023 desideret,
1046 4958 1217 5024 illum,
1247 4958 1480 5013 alienum
1503 4959 1571 5013 ab
1591 4958 1820 5014 ecclesia
1847 4975 1967 5015 esse
1988 4975 2144 5030 opor-

568 5058 663 5102 tet.
698 5049 964 5119 lntegrum
990 5061 1165 5104 autem
1189 5058 1242 5104 et
1270 5049 1566 5121 perfectum
1605 5050 1885 5105 consilium
1916 5052 2145 5108 dicimus

565 5140 698 5204 llud,
731 5141 783 5193 in
810 5157 916 5210 quo
945 5142 1394 5213 metr0politanus
1425 5142 1712 5212 episcopus
1737 5142 1917 5197 fuerit.

641 5249 707 5304 X.
749 5249 806 5305 Si
842 5251 964 5321 quis
1006 5252 1286 5307 ordinatus
1338 5268 1434 5323 per
1486 5243 1883 5307 contentionem
1937 5252 2140 5323 populi,

570 5349 661 5396 aut
690 5354 787 5411 pro
813 5340 990 5411 aliqua
1021 5342 1227 5397 ratione
1250 5350 1304 5396 et
1332 5358 1438 5397 non
1468 5357 1565 5412 pro
1594 5356 1690 5396 sua
1720 5340 1873 5413 culpa
1908 5341 1959 5396 in
1989 5357 2140 5412 paro-

569 5432 743 5487 chiam
767 5446 887 5500 qum
908 5431 955 5486 ei
989 5431 1147 5486 fuerit
1179 5432 1301 5487 data
1338 5449 1442 5488 non
1472 5434 1614 5499 ierit,
1653 5434 1797 5488 hunc
1817 5442 2028 5504 oportet
2054 5448 2141 5488 or-

568 5525 745 5578 dinem
791 5522 1077 5577 sacerdotii
1113 5524 1480 5579 tantummodo
1517 5523 1849 5593 contingere,
1878 5524 1949 5577 ita
1980 5532 2040 5578 ut
2076 5524 2141 5580 de

568 5617 732 5672 rebus
767 5615 1009 5671 ecclesiae
1039 5616 1092 5670 in
1124 5631 1229 5687 qua
1261 5618 1510 5672 convenit
1538 5617 1670 5672 nihil
1698 5616 1799 5672 sibi
1826 5624 2138 5687 praesumat,

569 5710 832 5764 sustineat
871 5708 1213 5781 autemquod
1247 5709 1311 5765 dc
1336 5723 1401 5766 eo
1460 5718 1706 5767 sanctum
1733 5708 2018 5765 concilium
2053 5709 2137 5782 ju-

571 5802 757 5859 dicare
778 5800 1024 5856 voluerit.

2251 3319 2515 3381 potestate
2543 3313 2799 3385 episcopi,
2828 3317 2915 3373 cui
2935 3327 2990 3374 et
3010 3322 3188 3376 omnis
3205 3324 3437 3395 populus
3460 3340 3515 3383 et
3537 3343 3774 3400 congrega-

2251 3399 2325 3454 tio
2346 3402 2631 3458 commissa
2661 3413 2743 3460 est
2771 3405 3092 3464 animarum.
3124 3409 3407 3472 Manifesta
3436 3427 3606 3475 autem
3625 3399 3772 3475 debent

2249 3504 2368 3546 esse
2395 3506 2516 3563 quae
2559 3494 2626 3548 ad
2650 3495 2932 3552 ecclesiam
2980 3500 3253 3569 pertinent
3278 3504 3333 3559 in
3383 3509 3685 3565 conscientia
3706 3524 3771 3564 eo-

2251 3595 2390 3646 rum,
2412 3582 2504 3651 qui
2526 3583 2671 3647 circa
2697 3586 2981 3658 episcopos
3006 3599 3135 3645 sunt
3158 3592 3442 3665 presbyter
3470 3605 3524 3652 et
3545 3596 3767 3659 diaconus,

2249 3679 2307 3724 ut
2336 3672 2388 3726 hi
2416 3688 2604 3730 omnes
2632 3678 2808 3733 sciant
2828 3694 2948 3750 quae
2986 3680 3110 3737 sunt
3150 3685 3397 3743 ecclesiae
3420 3690 3640 3759 propria,
3674 3688 3768 3743 utsi

2247 3760 2482 3832 episcopi
2514 3766 2803 3836 contigerit
2833 3771 3113 3839 transitus,
3159 3788 3253 3830 eos
3296 3776 3435 3832 nihil
3465 3777 3620 3832 latere
3641 3776 3769 3848 possit

2247 3868 2314 3910 ex
2345 3856 2429 3911 his
2456 3860 2575 3927 qua:
2621 3860 2687 3914 ad
2736 3861 3021 3919 ecclesiam
3072 3867 3370 3936 pertinent,
3425 3879 3483 3925 ut
3518 3867 3768 3926 nullomodo

2246 3948 2451 4016 possint
2491 3949 2656 4004 minui
2690 3959 2742 4006 ct
2770 3954 2968 4022 perire,
3002 3970 3178 4027 neque
3206 3972 3296 4015 res
3319 3961 3550 4033 propriae
3581 3955 3764 4030 episcopi

2246 4040 2444 4095 debent
2474 4041 2941 4112 importunitatem
2962 4062 3061 4118 pro
3090 4048 3251 4104 rebus
3277 4050 3521 4107 ecclesia:
3553 4050 3667 4122 pati.
3701 4046 3765 4100 Di-

2245 4147 2406 4203 gnum
2428 4146 2556 4188 vero
2585 4142 2639 4189 et
2661 4134 2867 4206 justum
2904 4148 2990 4192 est
3017 4139 3156 4209 apud
3180 4139 3349 4197 Deum
3382 4151 3437 4198 ct
3470 4141 3702 4203 homines,
3722 4143 3766 4190 ιιι

2247 4235 2309 4276 ea
2332 4237 2451 4292 qua:
2476 4224 2576 4294 ipsi
2599 4226 2817 4296 propria
2837 4237 2984 4294 sunt,
3019 4229 3107 4284 cui
3135 4230 3368 4287 voluerit
3385 4232 3705 4301 derelinquat,
3723 4233 3764 4281 ei

2243 4329 2362 4384 qum
2389 4316 2632 4372 ecclesiae
2666 4327 2792 4374 sunt
2822 4319 2995 4375 eidem
3038 4334 3431 4381 conserventtr
3469 4323 3694 4385 ecclesiae,
3719 4327 3760 4373 ιιι

2246 4421 2346 4460 nec
2367 4407 2592 4463 ecclesia
2622 4409 2860 4478 patiatur
2886 4414 3139 4468 damnum
3158 4454 3173 4479 ,
3198 4430 3377 4486 neque
3400 4418 3660 4488 episcOpus
3688 4426 3758 4483 pro

2244 4498 2404 4553 rebus
2432 4499 2675 4555 ecclesiae
2697 4500 2749 4555 in
2776 4502 2888 4557 suis
2907 4505 3301 4573 proscribatur,
3326 4522 3393 4561 ne
3418 4516 3534 4579 post
3558 4503 3657 4574 ejus
3675 4500 3759 4557 obi-

2167 4591 2219 4651 D
2249 4598 2359 4642 tum
2400 4591 2455 4644 in
2484 4605 2679 4645 causas
2720 4591 2978 4658 incidant,
3013 4595 3105 4665 qui
3132 4597 3199 4651 ad
3229 4609 3352 4653 eum
3399 4597 3665 4668 pertinent,
3685 4604 3757 4646 nec

2246 4681 2435 4750 ipsein
2460 4681 2802 4737 maledictum
2829 4684 3064 4740 incidere
3089 4687 3353 4742 videatur.

2315 4789 2453 4847 XVI.
2492 4793 2784 4864 Episcopus
2812 4795 3006 4851 habeat
3031 4807 3350 4866 potestatem
3372 4800 3429 4855 in
3453 4783 3601 4856 rebus
3622 4794 3751 4854 eccle-

2246 4885 2358 4952 siae,
2390 4895 2449 4941 ut
2478 4888 2749 4958 dispenset
2775 4892 3150 4948 necessitatem
3177 4893 3494 4952 habentibus
3510 4910 3617 4950 cum
3641 4884 3750 4947 omni

2247 4978 2545 5033 reverentia
2574 4988 2628 5034 et
2653 4980 2844 5035 timore
2865 4981 2979 5036 Dei.
3011 4982 3347 5055 Participare
3372 4999 3428 5043 et
3447 5001 3559 5057 eum
3586 4987 3745 5052 θρονια

2245 5084 2365 5139 quae
2389 5072 2695 5126 necessaria
2725 5082 2865 5137 sunt,
2899 5075 2944 5133 si
2973 5084 3151 5133 tamen
3193 5079 3327 5149 ipse,
3364 5088 3457 5135 aut
3480 5077 3563 5149 qui
3588 5083 3746 5130 cumeo

2245 5170 2374 5217 sunt
2433 5160 2630 5218 fratres
2685 5163 3015 5237 indiguerint
3071 5167 3290 5239 aliquo,
3331 5178 3391 5224 ut
3434 5164 3744 5235 necessitatem

2243 5249 2552 5306 nullomodo
2563 5253 2835 5324 patiantur
2855 5255 3149 5312 secundum
3171 5256 3480 5326 Apostolum
3503 5255 3741 5310 dicentem:

2245 5342 2402 5398 Victu
2429 5351 2479 5398 cl
2508 5354 2814 5416 tegumenta
2835 5346 2919 5401 his
2949 5349 3188 5404 contenti
3213 5364 3414 5405 sumus.
3443 5346 3497 5404 Si
3517 5349 3743 5401 antemnis

2244 5433 2638 5490 ecclesiasticas
2665 5436 2948 5506 episcopus
2975 5437 3025 5491 in
3054 5452 3181 5493 suas
3213 5437 3506 5494 voluntates
3541 5436 3740 5498 usurpate

2244 5525 2493 5593 voluerit,
2521 5536 2577 5582 et
2598 5526 2712 5582 loca
2731 5527 2972 5583 ecclesia:
2993 5537 3048 5582 et
3069 5527 3276 5587 fructus
3302 5542 3536 5601 agrorum
3551 5536 3637 5578 non
3651 5526 3737 5572 cum

2243 5618 2676 5689 presbyterorum
2694 5618 2777 5672 vel
2809 5618 3153 5675 diaconorum
3177 5620 3396 5676 consilio
3414 5611 3737 5673 contamime

2246 5718 2332 5768 rtt,
2363 5716 2455 5762 aut
2494 5708 2752 5766 fratribus
2784 5708 2868 5765 vel
2898 5709 3022 5767 ﬁliis
3048 5710 3131 5766 vel
3161 5711 3551 5785 quibuscunquc
3574 5696 3737 5775 ρτορίησ

2245 5801 2365 5872 quis
2395 5802 2596 5859 dederit
2618 5792 2962 5873 potestatem,
2988 5812 3044 5858 ut
3077 5819 3172 5875 per
3191 5819 3284 5861 eos
3306 5805 3519 5869 latenter
3538 5795 3735 5851 Ledam“!
