3888 6436
114 409 213 476 ‘58!

1299 403 1789 466 DECRETALIUM
1837 404 2235 469 COLLECTIO.

3238 422 3342 480 582

118 555 195 596 res
219 533 474 599 ecclesiae.
507 532 653 589 hunc
692 539 905 601 oportet
926 529 1219 587 obnoxium
1249 545 1370 588 esse
1409 529 1659 587 concilio.
1694 533 1737 587 Α
1770 537 2007 599 tempore
2034 530 2088 585 in
2132 529 2310 601 aliquo
2336 534 2486 604 gravi
2515 544 2736 604 peccato
2766 551 2799 591 'a
2831 537 3036 605 duobus
3065 554 3130 602 ve
3170 542 3343 598 tribus

118 631 201 685 Sin
238 625 389 680 aliter
412 624 694 694 episcopus
718 622 804 678 vel
838 621 1074 693 quicum
1107 636 1172 676 eo
1216 630 1340 676 sunt
1365 622 1663 692 presbyteri

114 727 198 775 ant
239 712 443 772 diaconi
477 721 819 778 accusentur,
851 713 975 785 quia
1008 726 1136 783 quze
1156 728 1222 767 ex
1253 713 1460 768 redditu
1487 712 1572 767 vel
1601 727 1665 766 ex

112 809 330 883 quolibet
374 816 499 863 actu
528 805 769 863 ecclesiae
814 804 1035 861 veniunt
1078 804 1132 859 in
1177 804 1328 858 sinus
1371 818 1498 860 suos
1519 804 1668 859 colli-

120 908 256 974 gunt,
297 907 351 953 et
379 912 646 970 pauperes
678 894 932 952 fraudant
956 905 1012 951 et
1036 895 1181 950 fame
1209 894 1501 951 conficiunt
1521 935 1537 959 ,
1570 896 1667 951 hos

117 989 244 1042 enim
270 987 463 1056 corripi
493 994 706 1056 oportet
736 986 1028 1041 secundum
1057 984 1198 1055 quod
1219 984 1523 1039 ordinatum
1545 984 1666 1039 fue-

119 1080 181 1134 rit
210 1094 236 1134 a
260 1087 446 1134 sancto
465 1076 714 1133 concilio.

174 1187 322 1243 XVII.
361 1187 418 1243 Si
449 1180 574 1258 quis
621 1189 923 1260 presbyter,
978 1196 1071 1242 aut
1109 1185 1372 1242 diaconus
1422 1186 1669 1242 inventus

115 1278 257 1334 fuerit
287 1260 487 1349 aliquid
520 1278 586 1334 de
612 1279 927 1334 ministeriis
965 1277 1203 1333 ecclesiae
1246 1276 1665 1341 venundedisse,

112 1369 223 1441 quia
247 1369 585 1440 sacrilegium
613 1370 900 1433 commisit,
914 1368 1315 1439 placni‘tenmin
1331 1367 1669 1422 ordinatione

112 1460 457 1517 ecclesiastica
489 1475 597 1514 non
637 1459 846 1515 haberi.
881 1459 938 1514 In
977 1458 1182 1528 judicio
1213 1467 1388 1512 tamen
1431 1458 1667 1527 episc0pi

119 1550 443 1604 dimittendus
471 1559 576 1614 est,
603 1551 718 1606 sive
744 1551 952 1621 dignus,
978 1550 1090 1604 sive
1119 1548 1367 1619 indignus
1399 1549 1448 1602 in
1471 1562 1567 1603 suo
1592 1564 1671 1604 re-

120 1641 209 1711 cipi
237 1641 419 1696 debeat
436 1633 635 1712 gradu,
658 1641 788 1711 quia
808 1641 1081 1696 multoties
1117 1640 1222 1695 hoc
1243 1640 1416 1711 ipsum
1438 1639 1580 1709 quod
1602 1637 1669 1693 de

119 1753 256 1793 sacro
284 1747 470 1793 sancto
508 1737 700 1793 altario
733 1735 1161 1792 contaminatum
1196 1743 1281 1792 est
1331 1736 1383 1790 in
1433 1733 1666 1804 episcopi

115 1835 354 1898 potestate
383 1827 666 1882 dimissum
697 1835 801 1883 est.

177 1941 343 1996 XVIII.
384 1942 617 2013 Propter
643 1941 1038 1998 ecclesiasticas
1081 1956 1243 1996 curas
1269 1949 1324 1996 et
1360 1940 1665 1997 altercatio~

116 2049 223 2087 num
252 2033 543 2089 solutiones
568 2035 705 2090 bene
739 2032 937 2104 placuit
974 2046 1070 2101 per
1099 2030 1334 2101 singulas
1360 2031 1666 2100 provincias

117 2124 186 2179 Lis
204 2125 249 2178 in
270 2140 406 2180 anno
429 2124 720 2179 concilium
747 2122 884 2189 ﬁeri,
904 2131 1233 2179 convocante
1256 2122 1667 2192 metropolitano

114 2216 338 2286 episcopo
356 2231 548 2272 omnes
578 2214 931 2286 provinciales
959 2215 1255 2285 episcopos,
1277 2215 1350 2269 ita
1372 2224 1431 2269 ut
1450 2215 1519 2269 ad
1544 2230 1668 2269 con-

114 2308 275 2362 cilium
304 2309 615 2378 przecedant
658 2323 849 2363 omnes
874 2306 1174 2377 presbyteri
1218 2315 1275 2362 et
1300 2306 1582 2371 diacones,
1610 2315 1668 2362 ut

116 2413 276 2454 eorum
297 2400 385 2470 qui
415 2415 474 2456 se
494 2400 655 2456 laesos
675 2400 989 2456 existimant
1014 2399 1067 2454 in
1090 2399 1318 2455 concilio
1339 2415 1513 2456 causae
1534 2415 1661 2455 exa-

120 2490 307 2545 minata:
340 2491 405 2546 ad
443 2489 655 2559 justum
688 2490 947 2561 judicium
989 2491 1371 2560 perducantur.
1404 2490 1471 2544 Et
1500 2490 1543 2545 si
1575 2490 1664 2560 qui

120 2581 371 2637 manifeste
412 2580 689 2653 episcopi,
727 2581 813 2635 vel
841 2581 1161 2652 presbyteri,
1206 2590 1298 2635 attt
1330 2581 1537 2636 diaconi
1584 2581 1665 2635 in-

116 2673 238 2727 venti
263 2672 460 2729 fuerint
493 2674 551 2727 in
580 2670 783 2728 oll‘ensa
828 2670 1122 2727 secundum
1155 2671 1415 2726 rationem
1445 2686 1661 2726 excom-

117 2761 464 2827 municentur,
522 2761 763 2832 quandiu
810 2760 1081 2817 communi
1143 2776 1409 2816 consensu
1463 2761 1528 2816 de
1581 2760 1664 2816 his

119 2849 348 2919 placuerit
397 2852 533 2906 dare
589 2850 934 2907 sententiam.
988 2848 1127 2905 Nulli
1181 2859 1359 2905 autem
1412 2850 1664 2920 episcopo

121 2937 251 2993 liceat
267 2939 642 3010 propriaapud
665 2940 1010 3010 semetipsum
1032 2940 1260 2997 concilia
1280 2939 1457 2995 facere
1468 2950 1666 3011 praeter

118 3040 195 3083 eos
218 3028 400 3097 quibus
429 3028 760 3115 metrOpoles
780 3038 905 3084 sunt
932 3029 1171 3085 credita.

174 3132 299 3191 XIX.
338 3139 417 3194 Ad
442 3138 734 3195 concilium
760 3148 1085 3195 convocatus
1121 3139 1405 3210 episeopns
1440 3154 1546 3194 non
1574 3139 1664 3195 de-

120 3224 192 3280 bet
213 3216 570 3293 tiontemnere,
595 3228 688 3283 sed
717 3227 816 3290 ire.
839 3238 895 3287 et
922 3243 985 3283 ea
1011 3243 1130 3299 quae
1159 3228 1227 3283 ad
1256 3227 1539 3283 utilitatem
1576 3244 1637 3284 ec

119 3315 289 3383 clesiaa,
315 3317 396 3373 vel
421 3329 745 3374 cantet-orum
775 3319 1047 3389 pertinent
1070 3318 1263 3374 docere
1289 3317 1335 3373 si
1374 3317 1542 3384 novit,
1571 3326 1666 3372 aut

120 3406 273 3463 doceri
299 3410 340 3464 si
374 3409 577 3475 nescit,
602 3424 727 3462 nam
753 3409 796 3464 si
823 3408 1209 3479 contempserit
1234 3408 1314 3464 ire
1335 3418 1488 3464 extra
1511 3409 1665 3480 aegri-

123 3496 354 3565 tudinem,
386 3514 516 3554 reus
543 3499 650 3553 erit
685 3497 910 3554 fraterni
936 3499 1175 3554 concilii.

180 3588 283 3645 XX.
321 3589 376 3646 Si
423 3591 550 3662 quis
603 3592 824 3663 triginta
864 3593 1039 3647 aetatis
1068 3608 1179 3648 suae
1218 3608 1322 3648 non
1365 3593 1666 3664 impleverit

120 3712 266 3755 annos
286 3700 423 3757 nullo
450 3701 613 3757 modo
638 3703 922 3774 presbyter
941 3703 1243 3770 ordinetur,
1271 3705 1485 3760 etiamsi
1512 3706 1667 3762 valde

122 3787 181 3840 sit
220 3788 426 3860 dignus,
465 3792 598 3863 quia
639 3802 692 3847 et
742 3794 856 3863 ipse
892 3793 1150 3850 Dominus
1196 3795 1469 3867 trigesimo
1521 3812 1664 3853 anno

122 3878 393 3950 baptizatus
418 3892 508 3939 est
532 3923 548 3950 ,
598 3892 655 3939 et
694 3885 776 3940 sic
808 3886 972 3955 coepit
1001 3886 1213 3941 docere.
1268 3885 1495 3957 Oportet
1531 3901 1664 3958 ergo

124 3984 227 4025 eum
251 3974 333 4043 qui
365 3974 696 4031 ordinandus
720 3986 801 4031 est
835 3991 1003 4046 usque
1030 3977 1095 4031 ad
1124 3976 1264 4031 hanc
1289 3987 1500 4033 aetatem
1537 3972 1666 4051 legi-

128 4061 285 4119 timam
314 4082 570 4123 conserva
579 4068 647 4121 ri.

184 4174 306 4232 XXI.
343 4177 397 4234 Si
426 4180 553 4250 quis
588 4196 697 4250 prae
737 4181 1054 4252 aegritudine
1094 4182 1357 4238 naturalia
1388 4199 1416 4237 a
1443 4184 1665 4241 medicis

129 4260 287 4321 habuit
326 4280 496 4337 secta,
528 4270 774 4326 similiter
799 4282 853 4326 et
873 4272 963 4342 qui
990 4288 1019 4325 a
1050 4272 1295 4334 barbaris
1318 4284 1409 4329 aut
1435 4276 1667 4331 dominis

130 4360 279 4415 stultis
295 4363 493 4420 fuerint
518 4366 764 4431 castrati,
792 4376 848 4421 et
876 4366 1118 4421 moribus
1140 4367 1284 4438 digni
1314 4365 1516 4423 fuerint
1542 4369 1663 4433 visi,

133 4445 212 4502 hos
234 4466 393 4509 canon
424 4455 660 4510 admittit
690 4456 756 4510 ad
782 4455 1064 4511 clericatus
1084 4454 1314 4511 cilicium
1337 4460 1662 4528 promoveri.

134 4537 179 4592 Si
205 4544 310 4611 quis
335 4555 510 4602 autem
539 4561 703 4602 sanus
738 4563 842 4602 non
883 4563 979 4618 per
1007 4547 1342 4619 disciplinam
1390 4550 1666 4622 religionis

133 4638 177 4683 et
217 4634 559 4703 abstinentiae,
591 4639 683 4693 sed
715 4654 813 4709 per
837 4640 1190 4695 abscisionem
1219 4640 1467 4711 plasmati
1495 4657 1525 4695 a
1559 4643 1669 4698 Deo

133 4728 362 4793 corporis,
376 4729 690 4783 existimans
710 4744 864 4798 posse
883 4745 915 4783 a
942 4744 1000 4784 se
1019 4731 1262 4785 carnales
1287 4732 1673 4801 concupiscen-

134 4810 218 4867 tias
241 4821 874 4894 amputaritcastraverit
899 4836 975 4886 se,
1009 4837 1115 4875 non
1166 4837 1288 4877 cum
1344 4823 1555 4878 admitti
1577 4824 1673 4879 de-

134 4903 370 4961 cernimus
384 4908 448 4961 ad
461 4908 676 4979 aliquod
688 4909 973 4977 clericatus
994 4909 1221 4965 cilicium
1239 4927 1255 4977 ;
1280 4914 1421 4981 quod
1437 4913 1480 4965 si
1506 4914 1671 4968 etiam

134 4985 222 5054 iam
260 4992 429 5051 luerat
476 5007 754 5068 promotus
810 4999 878 5054 ad
911 4999 1114 5055 elerum
1135 5040 1151 5067 ,
1191 5002 1490 5071 prohibitus
1516 5019 1545 5056 a
1574 5018 1674 5058 suo

136 5081 400 5142 ministerio
418 5090 738 5159 deponatur.

193 5188 338 5251 XXII.
376 5199 474 5266 Qui
526 5202 832 5271 baptizatus
862 5200 1159 5271 fueritjam
1206 5212 1367 5260 actate
1412 5204 1672 5276 legitima,

137 5290 225 5334 non
243 5287 480 5345 continuo
510 5290 694 5346 licebit
726 5308 849 5347 eum
883 5293 950 5347 ad
981 5292 1406 5351 ecclesiasticum
1431 5298 1673 5354 ordinem

138 5380 425 5445 promoveri,
452 5382 575 5450 quia
604 5392 815 5454 oportet
835 5384 980 5438 illum
1007 5386 1156 5456 prius
1193 5386 1376 5444 doceri
1406 5390 1675 5459 quomodo

141 5467 283 5528 possit
308 5470 531 5540 docere,
569 5484 625 5529 et
666 5476 835 5531 multo
885 5485 1122 5546 tempore
1170 5487 1293 5548 post
1349 5480 1674 5550 baptismum

142 5555 414 5623 probari,ut
434 5563 567 5618 bene
591 5566 848 5635 probatus
873 5568 1053 5621 veniat
1071 5568 1136 5623 ad
1157 5567 1357 5623 clerum
1383 5570 1673 5625 secundum

142 5651 428 5715 Pmepttim
468 5653 707 5724 Apostoli
767 5656 995 5710 dicentis
1039 5675 1052 5710 :
1099 5675 1119 5708 ί
1179 5657 1549 5729 Neophytum,
1588 5673 1672 5723 ,ne

144 5729 260 5790 forte
284 5739 331 5794 in
358 5748 655 5814 superbiam
687 5748 858 5804 elatus
884 5747 1212 5817 injudicium
1256 5749 1456 5805 incidat
1498 5758 1555 5806 et
1597 5750 1674 5805 la-

145 5835 311 5887 queum
329 5832 510 5893 diaboli
532 5837 583 5910 (1
611 5837 743 5893 Tim.
778 5854 860 5907 in,
898 5838 972 5911 6).
1008 5860 1028 5891 ι
1064 5840 1123 5896 Si
1149 5850 1323 5897 autem
1357 5841 1677 5898 succedente

1769 617 1934 675 fuerit
1956 622 2218 687 devictus,
2242 625 2517 694 depositus
2533 626 2601 682 de
2620 630 2788 699 gradu
2812 646 2912 686 suo
2925 641 3101 688 cesset
3120 649 3150 689 a
3173 634 3341 690 clero.

1768 706 1826 763 Si
1855 710 1978 779 quis
2019 723 2205 768 contra
2244 715 2481 785 regulam
2513 716 2693 775 facere
2743 724 3165 792 praesumpserit.
3197 725 3342 796 quod

1765 799 1838 855 sit
1866 803 2168 858 contrarius
2191 808 2370 877 magni
2400 809 2609 864 concilii
2650 812 2965 883 projiciatur
2989 831 3018 869 a
3047 816 3210 871 clero.

1837 890 2025 948 XXIII.
2061 894 2333 951 Plenitens
2350 907 2553 955 tantum
2585 902 2631 956 si
2656 904 2950 961 necessitas
2976 914 3069 961 aut
3094 921 3221 963 usus
3240 923 3345 964 co.

1767 982 1939 1046 egerit
1989 982 2128 1039 inter
2172 987 2423 1043 ostiarius
2471 990 2623 1059 prius
2661 992 2945 1062 deputetur
2974 996 3056 1051 vel
3087 997 3228 1052 inter
3266 998 3343 1053 Ie-

1765 1078 1963 1137 ctorcs,
1994 1073 2066 1126 ita
2088 1084 2149 1130 ut
2176 1074 2462 1149 Evangelia
2490 1080 2575 1134 vel
2599 1079 2911 1152 Apostolum
2937 1085 3093 1156 legat.
3128 1085 3185 1142 Si
3215 1070 3346 1159 quis

1766 1165 1945 1214 autem
1994 1171 2120 1217 ante
2163 1166 2445 1223 ordinatus
2486 1178 2605 1237 est,
2651 1171 2793 1226 inter
2837 1174 3193 1233 subdiaconos
3236 1178 3336 1232 ha-

1768 1249 1978 1316 beatur,
2007 1253 2077 1308 ita
2110 1264 2168 1309 ut
2193 1272 2384 1313 manus
2405 1276 2509 1313 non
2535 1261 2787 1331 imponat,
2828 1274 2921 1320 aut
2946 1280 3100 1323 sacra
3130 1271 3343 1324 contin-

1763 1348 1875 1408 gat.
1910 1338 1986 1395 Ex
2024 1344 2319 1412 pmnitentc
2357 1349 2500 1403 enim
2525 1350 2771 1417 dicimus,
2799 1354 2865 1408 de
2888 1369 2952 1410 eo
2979 1358 3069 1426 qui
3101 1369 3223 1428 post
3247 1362 3341 1415 ba-

1766 1430 2020 1499 ptismum
2047 1448 2145 1503 pro
2164 1436 2477 1507 homicidio,
2509 1450 2603 1497 aut
2622 1457 2717 1512 pro
2748 1444 2975 1501 diversis
3004 1449 3339 1517 criminibus,

1769 1530 1863 1576 aut
1889 1526 2223 1593 gravissimis
2258 1530 2495 1598 peccatis
2533 1534 2800 1604 publicam
2843 1538 3214 1607 paenitentiam
3244 1544 3344 1598 sub

1768 1614 1944 1670 cilicio
1967 1633 2159 1688 gerens
2184 1621 2367 1678 divino
2393 1623 2555 1679 fuerit
2579 1628 2955 1686 reconciliatus
2985 1632 3200 1688 altario.

1842 1704 2028 1776 XXIV.
2062 1709 2116 1765 Si
2143 1712 2264 1782 quis
2309 1718 2592 1788 presbyter
2621 1727 2715 1774 ant
2737 1720 2997 1777 diaconus
3024 1725 3141 1780 sine
3166 1725 3343 1796 aliqua

1769 1800 2170 1858 examinatione
2213 1806 2445 1861 ordinati
2474 1818 2616 1873 sunt,
2647 1819 2738 1866 aut
2764 1821 2939 1878 certe,
2964 1830 3084 1870 cum
3109 1818 3344 1875 discute-

1700 1887 1746 1948 B
1772 1896 1979 1954 rentur,
2008 1892 2239 1949 confessi
2270 1906 2395 1952 sunt
2418 1898 2708 1956 criminosa
2726 1915 2944 1972 peccata
2966 1920 3080 1968 sua,
3107 1916 3199 1961 aut
3222 1919 3343 1979 post

1766 1976 2157 2037 ordinationem
2216 1980 2285 2041 ab
2321 1985 2441 2042 aliis
2495 1998 2624 2043 sunt
2665 1991 2889 2058 detecti,
2923 1976 3247 2065 abjiciantur
3273 2013 3341 2053 ex

1767 2066 1930 2124 clero.
1957 2069 2219 2128 Similiter
2237 2090 2363 2131 vero
2385 2086 2438 2133 et
2460 2077 2525 2133 de
2547 2082 2797 2138 universo
2818 2086 3009 2142 ordine
3020 2086 3342 2143 clericorum

1766 2171 2038 2230 servetur,
2087 2181 2207 2220 nam
2247 2167 2351 2224 hoc
2406 2169 2507 2224 sibi
2556 2174 2698 2242 quod
2751 2176 3221 2247 irreprchensibile
3261 2188 3346 2236 est

1767 2262 1952 2307 sancta
1981 2255 2241 2313 catholica
2265 2259 2499 2316 defendit
2523 2262 2782 2320 Ecclesia.

1837 2360 2001 2419 XXV.
2042 2364 2097 2421 Si
2129 2369 2250 2438 quis
2271 2372 2554 2444 presbyter
2577 2384 2701 2431 ante
2725 2378 3120 2438 ordinationem
3150 2400 3342 2454 pecca-

1767 2454 1994 2519 verit,et
2023 2466 2141 2526 post
2162 2461 2555 2518 ordinationem
2602 2472 2882 2535 peccatum
2923 2472 3202 2530 tonl'essus
3228 2474 3344 2530 fuel

1766 2544 1839 2598 rit
1857 2548 1999 2615 quod
2030 2556 2155 2605 ante
2187 2553 2417 2620 erravit,
2445 2571 2550 2610 non
2578 2556 2789 2624 offerat,
2814 2561 2906 2615 sed
2934 2570 3110 2618 tamen
3138 2580 3237 2634 pro
3260 2583 3343 2622 re-

1764 2631 1960 2703 ligione
1983 2653 2176 2694 nomen
2202 2642 2503 2713 presbyteri
2535 2654 2741 2715 portet;
2788 2649 2833 2704 si
2874 2660 3055 2706 autem
3087 2631 3200 2723 ipse
3230 2671 3338 2712 non

1767 2724 2063 2794 confessus,
2079 2732 2172 2786 sed
2190 2731 2258 2786 ab
2272 2732 2378 2788 alio
2403 2735 2615 2805 publice
2637 2735 2798 2792 fuerit
2823 2741 3120 2808 convictus,
3147 2760 3251 2799 non
3276 2745 3344 2802 ad

1766 2814 1868 2870 hoc
1910 2818 2085 2888 ipsum
2130 2821 2325 2879 habeat
2355 2835 2701 2895 potestatem,
2729 2838 2787 2884 ut
2814 2845 3006 2887 nomen
3042 2835 3344 2907 presbyteri

1766 2916 1964 2972 portet.
2009 2907 2270 2967 Similiter
2306 2922 2359 2968 et
2389 2914 2456 2968 de
2480 2915 2792 2974 diaconibus
2819 2919 3210 2978 observandum
3236 2935 3340 2990 est,

1768 3006 1827 3050 ut
1855 2997 1897 3052 si
1937 2999 2050 3069 ipse
2085 3001 2364 3061 confessus
2394 3003 2557 3061 fuerit
2581 3008 2824 3065 ordinem
2855 3009 3167 3067 subdiacoui
3196 3014 3339 3069 acci-

1764 3085 1897 3155 piat.

1842 3195 2029 3253 XXVI.
2070 3199 2126 3255 Si
2149 3201 2270 3271 quis
2294 3203 2509 3259 viduam
2534 3215 2627 3260 aut
2651 3207 2719 3263 ab
2744 3207 2851 3263 alio
2875 3210 3151 3267 dimissam
3179 3213 3346 3270 duxe-

1772 3288 1865 3354 rit,
1889 3306 1993 3345 non
2016 3293 2332 3351 admittatur
2355 3298 2422 3351 ad
2436 3298 2779 3367 clericatum;
2805 3304 2946 3371 quod
2974 3304 3018 3358 si
3046 3306 3350 3377 ubrepserit

1771 3379 2073 3450 deiiciatur.
2088 3383 2349 3440 Similiter
2362 3386 2407 3441 si
2426 3389 2725 3456 homicidii,
2752 3400 2844 3449 aut
2868 3391 3040 3459 facto,
3070 3405 3162 3450 aut
3199 3411 3341 3466 pra:-

1768 3482 1943 3540 ccpto,
1970 3482 2063 3527 aut
2087 3476 2313 3531 consilio
2336 3518 2350 3542 ,
2400 3487 2494 3561 aut
2525 3481 2837 3538 assensione
2871 3494 2989 3554 post
3017 3484 3342 3556 baptismum

1768 3564 2014 3621 conscius
2042 3566 2224 3636 fuerit,
2254 3578 2308 3625 et
2329 3586 2424 3641 per
2453 3571 2687 3642 aliquam
2716 3575 3115 3644 subreptionem
3141 3580 3209 3635 ad
3234 3580 3342 3635 cle-

1767 3654 1996 3709 ricatum
2041 3658 2270 3725 venerit,
2319 3657 2626 3728 dcjiciatur,
2655 3672 2710 3718 et
2752 3663 2807 3719 in
2860 3663 3022 3721 finem
3066 3668 3188 3729 vitae
3231 3686 3342 3726 suae

1765 3747 2197 3803 communionem
2226 3751 2332 3805 reci
2341 3752 2471 3821 piat.

1840 3852 2048 3910 XXVII.
2092 3856 2149 3912 Si
2179 3860 2299 3929 quis
2318 3861 2604 3936 presbyter
2630 3874 2724 3920 aut
2745 3866 3002 3923 diaconus
3035 3868 3198 3926 fuerit
3235 3872 3345 3928 for-

1767 3948 1980 4003 nicatus
2017 3960 2112 4005 aut
2155 3953 2477 4021 ntoechatus,
2523 3953 2834 4027 projiciatur
2852 3969 2907 4013 et
2932 3969 3054 4031 agat
3078 3963 3344 4032 panitet:-

1767 4041 1917 4091 tiam.

1838 4151 2069 4210 XXVIII.
2111 4155 2169 4211 Si
2212 4156 2336 4213 laici
2371 4174 2509 4215 uxor
2538 4161 2591 4215 in
2620 4162 2882 4219 adulterio
2938 4164 3100 4220 fuerit
3153 4167 3345 4238 depre-

1774 4243 1966 4313 hensa,
1998 4247 2086 4302 hic
2117 4248 2239 4304 talis
2265 4250 2334 4306 ad
2362 4252 2723 4307 ministerium
2748 4254 3172 4311 ecclesiasticum
3202 4257 3348 4314 nullo

1782 4338 1943 4393 modo
1975 4339 2292 4398 adducatur.
2324 4342 2382 4398 Si
2408 4346 2587 4399 autem
2607 4354 2729 4414 post
2757 4347 3149 4402 ordinationem
3175 4349 3345 4405 alicu-

1763 4423 1851 4494 jus
1877 4429 2058 4484 clerici
2087 4446 2223 4484 uxor
2250 4431 2547 4487 adulterata
2570 4432 3180 4510 fueritgdimittatlﬁg
3194 4455 3345 4504 eam;

1770 4520 1817 4573 si
1842 4529 2022 4576 autem
2049 4537 2170 4577 cum
2195 4523 2308 4594 ipsa
2342 4524 2570 4581 voluerit
2618 4541 2959 4597 permanere,
2989 4545 3019 4581 a
3049 4529 3348 4583 ministerio

1773 4611 1982 4666 alienus
2011 4613 2100 4667 sit.

1846 4720 2039 4777 XXIX.
2084 4721 2141 4777 Si
2205 4738 2308 4792 qua
2357 4725 2513 4779 vidua
2576 4726 2851 4796 episcopi,
2884 4726 2967 4781 vel
3027 4729 3350 4799 presbyteri,

1777 4819 1871 4866 aut
1914 4812 2123 4867 diaconi
2173 4813 2425 4868 maritum
2489 4816 2796 4884 acceperit,
2850 4817 3029 4873 nullus
3081 4817 3352 4887 clericus,

1778 4902 1922 4956 nulla
1950 4902 2202 4973 religiosa
2242 4919 2363 4958 cum
2391 4919 2454 4958 ea
2480 4907 2783 4960 convivium
2835 4915 3035 4973 sumat,
3080 4925 3352 4979 nunquam

1777 4988 2169 5060 communicet,
2204 4995 2451 5050 morienti
2485 5004 2689 5049 tantum
2720 4996 2770 5050 ei
2802 5007 3196 5052 sacramentum
3222 4987 3381 5054 sub?

1780 5086 1981 5140 veniat.

1852 5196 2021 5252 XXX.
2060 5197 2138 5253 De
2188 5197 2294 5252 illia
2333 5198 2589 5268 episcopi,
2623 5198 2705 5252 vel
2741 5199 3065 5270 presbyteri,
3093 5203 3205 5257 sive
3236 5203 3351 5259 dia~

1782 5289 1925 5355 coni,
1977 5290 2020 5344 si
2068 5289 2177 5344 Deo
2223 5290 2413 5343 devota
2457 5289 2619 5343 fuerit
2667 5299 2722 5344 et
2752 5292 3001 5346 maritum
3034 5294 3268 5360 duxerit,
3310 5298 3354 5351 si

1782 5396 1900 5435 eam
1930 5389 2083 5449 pater
2107 5379 2190 5433 vel
2223 5389 2398 5433 mater
2427 5379 2478 5433 in
2504 5377 2755 5434 affectum
2787 5385 3112 5452 receperint,
3142 5400 3171 5437 a
3207 5400 3352 5438 com-

1782 5472 2036 5526 munione
2055 5471 2355 5525 haheantur
2378 5471 2556 5527 alieni.
2584 5472 2746 5529 Pater
2777 5492 2904 5530 vero
2939 5493 3129 5531 causas
3154 5478 3204 5531 in
3228 5493 3353 5532 con-

1783 5561 1905 5614 cilio
1934 5576 1994 5614 se
2017 5559 2225 5614 noverit
2247 5570 2648 5629 praestaturum.
2673 5563 2861 5619 Mulier
2884 5582 3008 5620 vero
3036 5583 3137 5619 non
3163 5567 3351 5621 admit-

1785 5660 1928 5705 tatur
1939 5650 2004 5704 ad
2020 5651 2470 5717 communionem,
2482 5652 2581 5707 nisi
2598 5655 2789 5708 marito
2802 5653 3053 5709 defuncto
3068 5655 3236 5725 egerit
3250 5671 3350 5726 pte.

1785 5740 2085 5796 nitentiam.
2107 5739 2200 5794 Sin
2227 5748 2404 5794 autem
2429 5740 2638 5797 vivente
2652 5745 2933 5799 recesserit
2948 5752 3001 5800 et
3020 5746 3354 5815 pomituerit,

1786 5832 2214 5892 communionem
2239 5830 2292 5885 in
2316 5831 2504 5887 ultimo
2528 5833 2631 5888 line
2659 5835 2780 5889 vita:
2802 5834 3075 5904 deﬁciens,
3104 5837 3352 5906 accipiat.
