3888 6436
548 411 657 468 585

1398 411 1687 467 ΛΙῬΕΝΙ).
1719 412 1811 466 AD
1851 411 2025 473 SA‘IC.
2065 410 2156 467 IX.
2200 443 2257 454 ο
2302 409 2550 468 ISIDORI
2592 407 3035 465 MERCATORIS

3671 406 3753 467 588

625 518 815 579 XXXI.
865 516 1161 597 uDevotam'
1214 527 1522 588 peccantem
1584 537 1692 597 non
1761 522 2119 594 recipiendam
2151 523 2197 585 Α
2230 523 2364 578 libus
2397 522 2546 576 Iaicis
2576 521 2643 576 sit
2666 520 2961 586 decretum,
2996 518 3041 575 si
3070 520 3123 573 in
3158 517 3389 589 aliquam
3427 517 3638 577 hrcresis
3658 525 3752 593 opi-

552 618 606 669 in
659 611 885 669 ecclesra
911 650 947 673 ,,
1000 608 1103 664 nisi
1154 622 1376 677 peccare
1428 610 1648 665 desierit
1677 650 1693 676 ,
1760 618 1816 666 et
1872 611 2124 666 desinens

550 704 720 776 egerit
767 713 947 771 aptam
991 699 1362 769 paenitentiam
1419 702 1603 755 decem
1658 700 1835 766 annis,
1881 708 1938 756 et
1980 699 2123 755 reci-

548 795 659 864 piat
684 791 1135 849 communionem.
1183 789 1338 845 Prius
1379 801 1557 847 autem
1600 807 1762 861 quam
1798 793 1851 847 in
1897 791 2122 848 ecclesia

547 886 885 950 admittatur,
935 883 1002 938 ad
1064 882 1406 947 orationem,
1450 882 1518 938 ad
1570 883 1766 939 nullius
1819 882 2122 939 convivium

542 977 855 1033 christiana:
885 974 1127 1030 mulieris
1154 975 1410 1041 accedat;
1436 975 1579 1045 quod
1605 976 1650 1031 si
1678 975 1909 1031 admissa
1936 975 2121 1039 fuerit,

543 1068 705 1139 etiam
765 1066 878 1123 haec
926 1080 1048 1137 quae
1090 1080 1211 1120 eam
1260 1066 1525 1136 receperit
1574 1064 1837 1121 habeatur
1885 1065 2081 1121 absens
2107 1106 2121 1131 ,

542 1164 921 1217 corruptorem
987 1155 1152 1212 etiam
1204 1170 1304 1225 par
1351 1168 1511 1224 penna
1567 1154 1921 1227 constringat.
1992 1153 2123 1221 Quae

542 1257 725 1303 autem
784 1246 1038 1302 maritum
1107 1246 1420 1317 acceperit,
1484 1261 1589 1301 non
1668 1246 1986 1302 admittatur
2054 1246 2122 1300 ad

541 1336 959 1408 penitentiam,
1036 1335 1140 1389 nisi
1207 1336 1386 1392 adhuc
1453 1334 1670 1391 vivente
1732 1334 1852 1405 ipso
1924 1333 2121 1390 marito

543 1435 690 1482 caste
714 1425 931 1491 vixerit,
975 1432 1067 1479 aut
1090 1433 1371 1496 postquam
1416 1424 1529 1493 ipse
1557 1425 1624 1479 de
1661 1424 1765 1480 hac
1800 1423 1911 1478 vita
1937 1423 2122 1479 deces-

542 1517 693 1574 serit.

613 1604 827 1661 XXXII.
884 1604 1073 1661 Nullus
1140 1604 1466 1676 episcopus,
1556 1618 1732 1673 neque
1797 1603 2117 1674 presbyter,

544 1709 716 1766 neque
759 1694 1053 1760 diaconus,
1108 1709 1280 1764 neque
1339 1694 1559 1748 omnino
1610 1692 1804 1764 aliquis
1855 1708 1920 1746 ex
1975 1691 2121 1748 clero

544 1787 816 1843 licentiam
848 1786 1044 1841 habeat
1076 1785 1467 1841 intromittendi
1505 1785 1573 1841 ad
1619 1800 1701 1849 se,
1736 1784 1892 1855 quasi
1919 1783 2120 1854 adopti~

542 1893 661 1932 vam
714 1878 947 1948 aliquam
996 1876 1299 1943 mulierem,
1354 1875 1507 1946 quasi
1558 1875 1611 1929 in
1658 1874 1779 1931 loco
1826 1874 1971 1937 tilias,
2029 1882 2122 1927 ant
2152 1873 2196 1931 Β
2294 1890 2578 1947 xxxvm,

542 1970 767 2036 sororis,
819 1977 913 2023 aut
950 1968 1162 2034 matris,
1210 1967 1311 2024 nisi
1355 1966 1496 2023 forte
1529 1981 1772 2022 sororem
1817 1966 1987 2036 patris
2032 1965 2117 2020 vel

544 2060 753 2125 matris,
803 2068 859 2113 et
909 2058 1027 2113 illas
1060 2057 1203 2113 solas
1229 2072 1489 2127 personas
1509 2071 1630 2127 quas
1681 2056 1751 2112 ab
1797 2056 1945 2111 omni
1977 2055 2116 2110 mala

542 2148 847 2219 suSpicione
886 2147 1070 2201 aliena:
1120 2154 1264 2202 sunt.
1320 2145 1580 2201 Similiter
1624 2152 1681 2201 et
1730 2144 1994 2216 religiosis
2038 2144 2117 2201 I'e-

544 2239 705 2293 rninis
760 2237 1021 2293 Iaicornm
1069 2235 1366 2292 alienorum
1412 2235 1838 2291 familiaritatem
1884 2244 1939 2291 et
1992 2252 2121 2291 con-

545 2328 773 2383 sortium
822 2326 1191 2397 prohibemus,
1234 2340 1422 2381 eorum
1471 2325 1697 2392 scilicet,
1747 2325 1836 2395 qui
1880 2340 1980 2382 nec
2026 2326 2120 2381 Dei

544 2418 724 2475 timori
772 2416 1032 2487 subjecti,
1108 2432 1209 2473 nec
1267 2416 1610 2474 continentia:
1664 2416 1901 2472 retinent
1961 2416 2122 2472 disci-

544 2511 765 2583 plinam.

614 2602 847 2660 XXXI".
891 2601 1094 2673 Siquis
1135 2599 1189 2656 in
1231 2611 1542 2675 contemptu
1569 2605 1777 2676 positus
1819 2602 2120 2676 presbyter,

545 2704 637 2750 aut
660 2696 939 2760 diaconus,
984 2691 1070 2748 vel
1110 2694 1416 2764 quicunque
1459 2708 1525 2748 ex
1556 2693 1702 2749 clero
1732 2694 2019 2749 recesserit
2055 2690 2123 2745 ab

543 2787 769 2843 ecclesia
793 2802 912 2849 sua,
954 2783 1098 2840 nullo
1125 2787 1284 2841 modo
1311 2785 1364 2840 in
1395 2785 1498 2839 alia
1522 2784 1846 2855 suscipiatur
1868 2782 2118 2850 ecclesia,

544 2878 637 2932 sed
659 2876 878 2931 omnino
906 2873 1257 2944 compellatur
1275 2884 1332 2927 ut
1353 2874 1419 2929 ad
1446 2890 1599 2930 suam
1623 2881 1928 2930 revertatur
1952 2872 2123 2928 cccle-

545 2972 714 3036 siam;
758 2969 802 3025 si
851 2977 1030 3023 autem
1066 2966 1426 3037 permanserit
1463 2965 1518 3021 in
1554 2966 1822 3037 superbia,
1851 2973 1906 3020 et
1927 2963 2121 3020 reverti

544 3060 801 3127 noluerit,
865 3057 1364 3114 excommunicetur
1410 3065 1465 3113 et
1509 3055 1843 3128 projiciatur.
1897 3055 1956 3110 Si
2001 3055 2123 3126 quis

546 3162 725 3206 autem
776 3151 1059 3221 episcopus
1132 3163 1294 3204 ausus
1349 3146 1511 3203 fuerit
1564 3163 1687 3204 eum
1744 3147 1996 3203 ordinare
2067 3146 2119 3201 in

2225 614 2438 669 nionem
2461 612 2658 667 fuerint
2689 611 2968 667 nominati.

2295 702 2557 758 XXXVII.
2607 701 2665 758 Si
2695 702 2820 773 quis
2850 702 3212 772 episcopuslin
3240 702 3475 758 concilio
3491 716 3757 759 excommu-

2226 794 2437 848 nicatus
2460 791 2648 858 fuerit,
2691 792 2806 847 sive
2834 792 3135 863 presbyter,
3185 799 3282 845 aut
3326 791 3603 858 diaconus,
3631 808 3659 847 a
3680 809 3757 851 suo

2222 890 2493 960 episcopo,
2526 895 2581 942 et
2604 895 2724 957 post
2741 886 3347 942 excommunicationem
3374 891 3755 958 prasampserit,

2225 984 2338 1038 sive
2352 982 2637 1052 episcopus
2655 979 2762 1044 ille,
2791 988 2884 1035 aut
2902 980 3204 1051 presbyter,
3222 977 3303 1033 vel
3322 978 3598 1043 diaconus,
3618 980 3758 1035 facere

2224 1070 2547 1126 oblationem
2580 1068 2664 1124 vel
2692 1069 3037 1134 matutinum,
3063 1076 3157 1123 aut
3191 1068 3564 1138 vespertinum
3588 1068 3755 1124 sacriﬁ-

2224 1165 2367 1221 cium
2394 1164 2547 1234 quasi
2573 1164 2625 1219 in
2650 1162 2826 1219 oilicio
2851 1178 2950 1218 suo
2970 1178 3129 1235 agere
3149 1163 3289 1218 sicut
3316 1163 3494 1232 prius,
3516 1177 3614 1216 non
3637 1162 3758 1219 liccat

2224 1256 2272 1311 ei
2304 1271 2402 1311 nec
2433 1256 2487 1310 in
2523 1255 2631 1310 alio
2653 1254 2879 1312 concilio
2904 1269 3059 1324 spem
3088 1253 3547 1309 reconciliationis
3580 1252 3757 1319 habere,

2224 1361 2324 1402 nec
2349 1345 2488 1400 ultra
2516 1343 2874 1409 reconciliari,
2898 1344 2993 1399 sed
3029 1344 3195 1399 etiam
3221 1358 3342 1408 eos,
3370 1343 3465 1413 qui
3504 1345 3758 1399 communi-

2223 1437 2486 1501 caverint,
2517 1450 2709 1490 omnes
2731 1435 2799 1491 ab
2822 1433 3049 1489 ecclesia
3083 1433 3286 1504 respui,
3313 1434 3550 1488 maxime
3579 1449 3664 1489 eos
3686 1435 3757 1505 qui

2223 1527 2468 1584 sciebant
2504 1541 2625 1582 eum
2664 1540 2784 1581 esse
2826 1524 3111 1594 dejectum.
3141 1524 3200 1580 Si
3228 1534 3410 1580 autem
3450 1527 3761 1594 permanserit

2224 1620 2447 1675 turbans
2470 1626 2523 1675 et
2545 1618 2827 1673 concitans
2851 1616 3135 1674 ecclesiam
3173 1632 3270 1685 per
3316 1615 3624 1672 forasticam
3648 1627 3760 1686 pote-

2222 1718 2444 1775 statem,
2491 1716 2699 1778 oportet
2747 1723 2869 1763 eum
2911 1707 3048 1763 sicut
3095 1707 3507 1763 seditionarinm
3552 1707 3615 1761 ab
3646 1707 3757 1761 0tIII'.I

2224 1799 2378 1870 plebe
2406 1797 2672 1867 compelli.

2661 1890 3040 1962 Presbyterum
3114 1890 3181 1944 ad
3254 1890 3522 1946 secundas
3589 1891 3760 1959 nuptias

2223 1982 2504 2038 convivam
2552 1981 2667 2038 ﬁeri
2727 1997 2834 2037 non
2886 1986 3119 2052 oportet,
3153 1981 3294 2051 quod
3346 1981 3390 2036 si
3436 1981 3503 2035 a1
3544 1982 3763 2036 secundat

2222 2071 2438 2143 nuptias
2488 2071 2719 2136 venerit,
2784 2072 3157 2141 paenitentiam
3208 2069 3470 2140 postulet.
3527 2069 3760 2137 Quomodo

2220 2160 2500 2233 presbyter
2514 2159 2601 2215 ille
2622 2169 2796 2230 potest
2816 2174 2936 2216 esse
2959 2160 3051 2231 qui
3078 2168 3297 2230 prOptcr
3318 2159 3615 2215 convivium
3635 2159 3761 2213 intrr-

2219 2263 2302 2312 est
2332 2253 2421 2309 tali
2453 2251 2740 2323 conjugio?

2289 2341 2532 2399 XXXIX.
2553 2342 2821 2398 Diaetinus
2842 2342 2933 2412 qui
2959 2340 3196 2413 eligitur,
3218 2341 3262 2395 si
3286 2346 3619 2396 contestatus
3632 2337 3758 2392 fuerit

2219 2450 2318 2507 pro
2353 2431 2664 2503 accipiendo
2695 2431 3061 2497 matrimonio,
3099 2439 3153 2485 et
3190 2429 3393 2485 dixerit
3425 2445 3531 2484 non
3561 2428 3758 2499 possein

2221 2528 2470 2585 castitate
2496 2540 2837 2598 permanere,
2875 2525 2965 2580 hic
3000 2540 3104 2579 non
3146 2524 3473 2587 ordinetur;
3514 2521 3645 2593 quod
3662 2520 3697 2574 si
3721 2519 3760 2571 in

2219 2619 2560 2677 ordinatione
2602 2617 2853 2681 tacuerit,
2894 2625 2949 2672 et
2977 2616 3257 2672 ordinatus
3297 2613 3484 2678 fuerit,
3527 2622 3580 2667 ct
3614 2620 3760 2681 postea

2223 2708 2629 2766 matrimonium
2658 2705 3064 2770 desideraverit,
3097 2704 3302 2760 alienus
3332 2703 3459 2758 sita
3489 2702 3759 2759 ministerio,

2226 2811 2286 2856 ut
2315 2811 2476 2855 vacet
2503 2814 2531 2854 a
2559 2798 2725 2854 clero.

2293 2893 2406 2949 XL.
2439 2892 2555 2947 Non
2581 2891 2740 2946 liceat
2759 2877 3043 2946 diaconum
3062 2900 3186 2946 ante
3208 2890 3579 2962 presbyterum
3594 2886 3759 2942 sedere.

2224 2984 2327 3040 nisi
2354 2999 2474 3038 cum
2500 2981 2747 3052 jussione
2767 2979 3089 3052 presbyteri.

2293 3073 2430 3130 XLI.
2473 3070 2588 3126 Non
2632 3070 2795 3126 liceat
2826 3069 3048 3127 cuilibet
3077 3070 3375 3125 ministeria
3423 3077 3651 3140 tangere,
3687 3063 3761 3117 nisi

2226 3165 2554 3221 subdiacono
2584 3170 2679 3217 aut
2727 3157 2995 3233 acolytho,
3034 3160 3086 3215 in
3118 3158 3417 3216 secretario
3465 3171 3589 3212 vasa
3624 3154 3764 3209 Domi-

546 3258 641 3296 sua
688 3240 917 3295 ecclesia
948 3279 963 3304 ,
1034 3254 1139 3293 non
1197 3239 1566 3294 consentiente
1630 3240 1882 3310 episcopo
1931 3254 2029 3293 suo
2092 3253 2121 3291 a
2150 3225 2195 3288 C
2227 3256 2367 3311 mea.

546 3348 654 3404 quo
674 3331 922 3397 recessit,
960 3330 1231 3385 ordinatio
1260 3329 1405 3384 illius
1434 3344 1603 3385 vacua
1637 3330 1944 3401 deputetur.

615 3422 856 3479 XXXIV.
904 3422 959 3477 Si
988 3421 1110 3492 quis
1135 3422 1437 3492 presbyter,
1469 3428 1562 3475 aut
1600 3419 1875 3485 diacdnus,
1908 3429 2001 3475 aut
2030 3419 2127 3474 ali-

547 3516 669 3588 quis
709 3515 775 3571 de
814 3514 960 3569 clero
986 3513 1260 3583 propriam
1310 3512 1593 3568 ecclesiam
1624 3513 2025 3582 derelinquens,
2057 3512 2124 3567 ad

548 3608 773 3663 alteram
799 3606 1083 3662 ecclesiam
1113 3605 1277 3670 vadit,
1304 3612 1353 3660 et
1382 3605 1550 3660 multo
1581 3611 1823 3676 tempore
1845 3606 1916 3661 ibi
1943 3606 2126 3661 demo-

546 3708 719 3765 ratur,
747 3697 966 3754 omnino
1014 3709 1286 3766 nunquam
1337 3696 1606 3749 ministret
1647 3694 1699 3749 in
1747 3695 1914 3762 clero,
1967 3702 2021 3750 et
2078 3694 2124 3748 si

550 3789 887 3846 admonuerit
909 3802 1033 3844 eum
1056 3787 1339 3857 cpiscopus
1367 3800 1515 3854 suus,
1547 3793 1607 3840 ut
1649 3785 1715 3840 ad
1757 3801 1909 3841 suam
1939 3786 2128 3840 redeat

549 3882 888 3953 parochiam,
927 3886 983 3934 et
1017 3878 1193 3933 redire
1231 3875 1482 3942 noluerit,
1510 3875 1604 3932 ubi
1631 3883 1728 3939 est,
1763 3876 1837 3931 ibi
1862 3876 1927 3931 de
1950 3873 2127 3932 cilicio

552 3992 653 4032 suo
679 3976 1000 4045 deponatur,
1031 3973 1105 4027 ita
1132 3979 1195 4027 ut
1221 3980 1493 4041 nunquam
1543 3972 1599 4026 in
1634 3986 1790 4027 suum
1822 3979 2129 4026 revertatur

552 4068 776 4140 gradum
826 4074 1046 4137 prOpter
1094 4063 1461 4120 dissolutionis
1506 4071 1809 4135 peccatum.
1855 4062 1912 4119 Si
1948 4073 2129 4118 autem

552 4160 835 4229 episcopus
864 4156 1003 4211 alter
1028 4169 1150 4211 eum
1177 4155 1440 4224 receperit
1463 4153 1557 4224 qui
1586 4154 1653 4211 de
1698 4164 1853 4210 reatu
1885 4153 2004 4223 ejus
2048 4163 2133 4210 est

555 4250 826 4315 conscius,
850 4255 1061 4319 oportet
1088 4247 1263 4317 ipsum
1282 4245 1593 4317 episcopum
1620 4245 1738 4302 sine
1762 4245 2131 4316 increpatione

557 4342 614 4397 in
651 4341 924 4397 communi
961 4338 1191 4397 concilio
1220 4353 1329 4396 non
1355 4336 1591 4406 admitti,
1616 4344 1678 4393 ut
1700 4337 2130 4394 ecclesiasticum

559 4448 822 4489 canonem
851 4430 993 4487 ultra
1012 4445 1119 4487 non
1152 4430 1345 4485 solvat.

626 4521 844 4579 XXXV.
881 4521 940 4577 Si
971 4522 1092 4591 quis
1117 4522 1421 4592 episcopus,
1457 4521 1762 4595 presbyter,
1808 4531 1904 4577 aut
1944 4522 2124 4578 diaco-

557 4633 661 4673 nus
685 4615 1198 4679 excommunicatus,
1233 4615 1287 4668 in
1316 4616 1545 4671 concilio
1577 4616 1772 4685 injuste
1801 4630 1861 4670 se
1887 4617 2134 4686 queritur

560 4705 997 4769 condemnatum,
1031 4703 1098 4758 ad
1150 4701 1414 4772 majorum
1442 4706 1811 4775 episcoporum
1844 4707 2131 4761 concilium

560 4804 883 4859 revertatur,
902 4804 959 4848 ut
975 4809 1160 4849 eorum
1186 4793 1585 4863 inquisitionem
1598 4806 1653 4849 et
1667 4794 1927 4864 judicium
1949 4811 2137 4867 exspe-

561 4897 715 4942 ctans
744 4886 812 4957 (si
867 4901 1004 4956 quas
1047 4900 1107 4940 se
1129 4884 1306 4954 justas
1337 4901 1534 4941 causas
1565 4886 1764 4942 habere
1812 4890 1989 4961 putat)
2030 4890 2135 4945 illis

560 4984 814 5046 exponat.
853 4975 910 5030 Si
937 4986 1115 5030 autem
1164 4977 1567 5046 contempserit,
1615 4985 1671 5032 et
1703 4977 2037 5048 importunas
2076 4994 2134 5037 se

562 5066 762 5135 palatio
787 5080 944 5121 aures
970 5066 1271 5136 principum
1311 5066 1609 5136 inquietare
1639 5067 1885 5136 voluerit,
1934 5070 2024 5126 hic
2066 5073 2136 5127 ad

567 5153 767 5208 nullam
789 5154 999 5207 veniam
1023 5154 1221 5225 poterit
1239 5157 1542 5226 pervenire,
1571 5170 1745 5228 neque
1771 5173 1918 5229 Spem
1941 5160 2138 5218 futura:

567 5242 1024 5301 reconciliationis
1050 5246 1286 5303 habebit.

637 5331 877 5388 XXXVI.
908 5331 965 5389 Si
1005 5336 1125 5404 quis
1161 5337 1462 5407 episcopus,
1496 5338 1610 5393 sive
1648 5338 1874 5409 alicujus
1901 5342 2137 5412 episcopi

566 5427 866 5496 presbyter,
902 5433 994 5479 aut
1020 5425 1274 5481 diaconus
1296 5466 1313 5493 ,
1344 5428 1395 5481 in
1428 5428 1655 5497 alicujus
1684 5430 1906 5485 haeresis
1929 5434 2137 5501 opinio-

569 5533 693 5573 nem
727 5513 1033 5581 oﬂ'enderit,
1057 5524 1111 5570 et
1137 5516 1206 5570 ob
1227 5516 1364 5573 hanc
1392 5534 1611 5573 causam
1638 5519 1797 5576 fuerit
1828 5538 2139 5579 excommu-

570 5613 805 5677 nicatus,
828 5609 1004 5667 nullus
1027 5610 1309 5680 episcopus
1337 5627 1460 5668 eum
1488 5615 1540 5668 in
1587 5615 2019 5670 communionem
2058 5632 2142 5673 re-

573 5703 757 5772 cipiat,
784 5702 887 5756 nisi
917 5697 1064 5772 prius
1095 5701 1146 5754 in
1175 5705 1443 5757 communi
1472 5705 1702 5759 concilio
1737 5717 1985 5776 porrecto
2017 5708 2140 5763 tidei

575 5808 686 5847 sua:
714 5792 891 5847 libello
918 5790 1214 5847 satisfaciat
1241 5793 1506 5848 omnibus.
1538 5793 1647 5850 lloc
1673 5796 1811 5852 ideut
1838 5808 1891 5852 et
1919 5798 1984 5853 de
2017 5801 2143 5857 lide-

2298 3343 2453 3398 XLII.
2494 3341 2612 3398 Non
2666 3342 2837 3399 liceat
2888 3341 3169 3396 mulierem
3221 3341 3274 3394 in
3313 3339 3657 3395 secretarium
3700 3338 3760 3389 iu-

2229 3436 2402 3509 gredi.

2296 3528 2473 3584 XLIII.
2509 3528 2726 3595 Lector,
2757 3527 2802 3582 si
2826 3526 3040 3581 viduam
3070 3524 3294 3582 alterius
3321 3523 3374 3579 in
3408 3537 3621 3579 uxorem
3648 3534 3762 3576 acre-

2223 3622 2385 3693 perit,
2411 3624 2462 3675 in
2489 3619 2707 3676 lectoris
2735 3627 2877 3675 statu
2900 3626 3233 3688 permaneat,
3261 3623 3353 3670 aut
3385 3616 3434 3671 si
3465 3615 3600 3670 forte
3618 3627 3762 3667 ncces-

2224 3711 2359 3769 sitas
2386 3712 2475 3776 sit,
2506 3711 2766 3766 diaconus
2794 3708 2905 3775 Iiat,
2930 3707 3064 3763 nihil
3108 3715 3288 3763 autem
3334 3721 3523 3778 supra.
3551 3703 3765 3761 Similiter

2225 3810 2280 3857 et
2305 3802 2349 3856 si
2372 3801 2620 3870 bigamus
2641 3798 2826 3856 fuerit.

2295 3890 2481 3946 XLIV.
2510 3890 2566 3945 Si
2588 3890 2950 3945 subdiaconus
2975 3888 3269 3945 secundam
3299 3886 3523 3942 duxerit
3555 3895 3759 3941 uxorem,

2228 3982 2370 4038 inter
2394 3980 2626 4037 lectores
2654 3978 2739 4035 vel
2783 3979 3040 4036 ostiarios
3068 3978 3354 4042 habeatur,
3384 3976 3466 4031 ita
3490 3982 3546 4031 ut
3581 3974 3763 4044 Aposto-

2228 4070 2338 4126 lum
2368 4085 2475 4125 non
2499 4069 2661 4140 legat.

2299 4158 2461 4215 XLV.
2520 4159 2638 4215 Non
2698 4157 2859 4215 liceat
2925 4158 2979 4214 in
3052 4155 3259 4228 pulpito
3309 4156 3545 4227 psallere
3592 4160 3673 4207 aut
3710 4150 3765 4202 Ie-

2229 4267 2355 4324 gere
2381 4292 2398 4319 ,
2449 4251 2551 4306 nisi
2577 4251 2669 4321 qui
2702 4251 2771 4307 ab
2799 4250 3051 4320 episcopo
3097 4249 3328 4306 lectores
3380 4258 3509 4304 sunt
3556 4241 3762 4302 ordinati.

2302 4342 2487 4399 XLVI.
2530 4341 2589 4398 Si
2617 4345 2741 4412 quis
2777 4340 3047 4412 obligatus
3091 4350 3176 4397 est
3220 4340 3424 4395 tributo
3472 4335 3663 4398 servili,
3705 4328 3762 4383 πί

2233 4434 2410 4504 aliqua
2434 4432 2761 4497 conditione,
2790 4431 2875 4487 vel
2901 4432 3203 4503 patrocinio
3229 4429 3539 4499 cujuslibet,
3585 4440 3675 4480 non
3703 4428 3764 4475 est

2232 4526 2565 4582 ordinandus
2587 4525 2833 4589 clericus,
2870 4524 2974 4580 nisi
3001 4525 3242 4597 prohatze
3274 4524 3396 4578 vita:
3426 4522 3600 4585 fuerit,
3633 4528 3762 4585 etpa-

2238 4617 2376 4672 troni
2404 4631 2696 4672 consensus
2720 4615 3031 4670 accesserit.

2306 4706 2510 4762 XLVII.
2543 4706 2601 4761 Si
2652 4706 2774 4776 quis
2821 4720 3036 4761 servum
3086 4704 3320 4760 alienum
3374 4717 3538 4759 causa
3593 4694 3762 4766 religio.

2236 4799 2322 4854 nis
2372 4798 2564 4853 doceat
2611 4804 2957 4852 contemnere
3012 4796 3287 4852 dominum
3338 4809 3537 4857 suum,
3597 4798 3646 4845 et
3697 4798 3758 4840 re

2237 4888 2430 4943 cedere
2459 4902 2489 4941 a
2524 4886 2746 4942 servitio
2797 4883 2935 4952 ejus,
2984 4884 3272 4939 durissimo
3327 4884 3380 4938 in
3429 4881 3660 4939 omnibus
3695 4889 3761 4928 ar-

2237 4986 2450 5048 guatur.

2308 5064 2535 5119 XLVIII.
2564 5063 2680 5119 Non
2725 5063 2885 5119 liceat
2916 5064 2969 5119 in
3002 5064 3412 5133 quadragesima
3438 5059 3631 5117 natales
3653 5067 3760 5110 mar-

2242 5163 2417 5226 tyrum
2446 5153 2739 5219 celebrare,
2770 5154 2865 5208 sed
2914 5162 3121 5208 tantum
3152 5154 3377 5208 sabbato
3410 5160 3464 5207 et
3506 5144 3757 5204 Dominica,

2238 5259 2339 5315 pro
2366 5243 2879 5299 commemoratione
2918 5257 3104 5297 eorum
3135 5242 3434 5298 oblationes
3454 5239 3647 5300 ollcrrc,
3690 5228 3757 5286 sed

2243 5348 2343 5388 nec
2372 5333 2636 5400 natalitia,
2660 5347 2760 5388 nec
2780 5332 2993 5403 nuptias
3013 5332 3174 5388 liceat
3205 5332 3260 5388 in
3293 5329 3677 5403 quadragesima
3697 5335 3766 5436 ce!

2240 5423 2459 5483 Iebrari.

2319 5537 2507 5592 XLIX.
2544 5536 2661 5594 Non
2689 5538 2849 5594 liceat
2887 5547 3015 5593 ante
3045 5538 3178 5595 duas
3207 5537 3530 5607 septimanas
3563 5525 3751 5584 Pascha

2243 5626 2337 5679 sed
2383 5636 2509 5681 ante
2556 5635 2689 5694 tres,
2743 5628 2812 5683 ad
2865 5628 3189 5698 baptismum
3246 5626 3513 5697 suscipere
3551 5618 3751 5684 alidum

2247 5713 2469 5785 Oportet
2520 5726 2700 5773 autem
2745 5727 2804 5773 ut
2852 5717 2904 5771 in
2955 5718 3085 5788 ipsis
3137 5717 3325 5773 diebus
3374 5715 3461 5785 qui
3502 5698 3749 5779 baptizandi

2248 5816 2389 5875 sunt,
2443 5809 2742 5882 symbolum
2794 5810 3024 5875 discant,
3076 5818 3130 5864 et
3180 5810 3232 5863 in
3284 5809 3464 5879 quinta
3514 5800 3629 5858 feria
3676 5804 3745 5848 ιιοο
