3888 6434
101 396 193 457 585

1278 395 1762 456 DECRETALIUM
1802 400 2201 460 COLLECTIO.

3224 408 3327 462 ssc
3348 374 3351 377 ’

102 506 310 564 vissimze
332 506 644 577 septimanae
665 505 914 576 episcopo
938 506 1017 563 vel
1051 509 1364 578 presbytero
1395 510 1641 564 reddant.
1679 519 1720 573 Α
1754 512 2089 583 Scripturam
2117 530 2235 583 quac
2257 514 2388 568 dicit
2421 531 2452 567 ·;
2504 534 2520 564 ι
2556 514 2839 584 pecuniam
2868 532 3018 571 suam
3048 533 3150 571 non
3180 518 3327 572 dedit

158 598 213 652 L.
242 598 350 653 Non
375 599 538 653 liceat
564 598 751 667 quinta
784 597 916 653 feria
968 599 1279 654 novissimae
1329 601 1647 670 septimanae
1748 605 1814 658 ad
1850 620 2067 658 usuram
2114 604 2288 673 (Psal.
2322 621 2434 671 xxv,
2465 605 2542 677 5),
2579 625 2596 657 ι
2651 616 2773 675 post
2812 608 2953 663 hanc
2997 610 3323 680 agnitionem

93 688 328 758 jejunium
356 689 585 755 solvere,
606 699 661 745 ct
679 705 894 745 onmem
917 692 1259 748 exhonorare
1284 694 1648 775 Quadragesi-

99 794 241 845 Illam,
262 779 353 835 sed
373 780 588 837 sincere
614 782 952 839 abstinentes
980 791 1147 839 tmam
1164 783 1644 858 Quadragesimam
1679 798 1683 802 '

272 887 347 925 re.

272 887 298 925 r
332 911 347 925 .

96 886 424 1019 pcIrjifeﬂemni
450 970 692 1033 tempore
712 963 965 1035 episcopo
996 965 1155 1022 liceat
1188 967 1425 1023 chrisma
1473 968 1643 1024 conli-

93 1065 221 1121 cere,
247 1060 300 1108 et
326 1066 425 1121 per
449 1068 580 1109 suas
610 1054 869 1110 diaceses
898 1056 1191 1122 destinare,
1221 1060 1292 1112 ita
1321 1069 1381 1113 ut
1423 1061 1489 1114 ad
1519 1061 1646 1114 diri-

94 1144 298 1214 gendum
348 1144 590 1199 chrisma
650 1145 910 1201 diaconus
964 1155 1059 1201 aut
1102 1149 1466 1205 subdiaconus
1520 1160 1645 1205 ante

93 1232 215 1284 diem
240 1231 455 1287 Paschae
481 1234 548 1288 de
569 1233 796 1305 singulis
820 1235 1067 1292 ecclesiis
1101 1237 1168 1291 ad
1196 1236 1503 1309 episcopum
1552 1239 1644 1295 de-

91 1320 313 1375 stinetur.

148 1410 243 1465 LII.
284 1412 576 1486 Presbyter
642 1426 910 1487 praesente
976 1418 1230 1490 episcopo
1290 1436 1396 1477 non
1468 1423 1642 1495 signet

92 1499 314 1571 infantes,
379 1503 484 1558 nisi
538 1504 678 1561 forte
726 1508 794 1561 ah
838 1506 1091 1579 episcopo
1145 1508 1310 1565 fuerit
1374 1510 1642 1582 illi‘prae-

89 1601 296 1660 ceptum.

150 1680 259 1736 LIII.
283 1681 395 1738 Non
421 1683 586 1741 liceat
610 1685 927 1758 presbytero
947 1689 1097 1759 prius
1130 1690 1387 1762 episcopo
1411 1692 1639 1749 introire

91 1745 539 1840 in‘baptisterium,
572 1745 667 1830 sed
710 1745 833 1830 cuin
880 1745 1180 1849 episcopo;
1205 1745 1332 1836 nisi.
1360 1780 1503 1837 forte
1545 1791 1639 1838 aut

90 1860 259 1916 absens
285 1859 464 1929 fuerit,
486 1873 583 1920 aut
601 1874 857 1935 aegrotus.

144 1951 260 2008 LIV.
293 1953 349 2008 Si
384 1970 490 2024 qua
527 1956 722 2012 mulier
746 1973 1035 2029 prtegnans
1079 1960 1470 2017 desideraverit
1511 1979 1634 2033 gra-

91 2041 197 2095 tiam
232 2042 476 2113 baptismi
507 2045 811 2116 percipere,
831 2047 1048 2116 quando
1068 2048 1297 2105 voluerit
1320 2050 1517 2106 habeat
1540 2066 1638 2121 po—

91 2138 327 2186 testatem.
371 2133 507 2187 Nam
536 2134 673 2188 nihil
714 2137 1002 2207 participat
1025 2138 1080 2193 in
1111 2139 1216 2195 hoc
1244 2149 1419 2196 mater
1444 2140 1635 2196 infami

91 2220 165 2287 qui
191 2222 440 2289 nascitur,
487 2234 778 2294 propterea
808 2228 950 2297 quod
982 2229 1271 2300 unicuique
1298 2235 1515 2302 propria
1546 2251 1638 2290 vo-

91 2316 238 2367 luntas
257 2311 305 2366 in
336 2313 678 2370 confessione
703 2325 1060 2373 monstretur.

145 2399 240 2453 LV.
276 2400 387 2456 Non
430 2413 649 2472 oportet
690 2405 897 2476 aliquid
944 2408 1089 2463 aliud
1126 2409 1181 2465 in
1211 2414 1522 2469 sanctuario
1555 2415 1636 2470 of-

92 2490 214 2555 ferri,
234 2501 423 2561 praeter
442 2508 642 2563 panem
672 2505 725 2552 et
753 2497 938 2552 vinum
960 2509 1016 2554 ct
1039 2515 1261 2571 aquam,
1286 2518 1407 2573 qua:
1430 2506 1485 2560 in
1510 2515 1636 2578 typo

92 2579 257 2637 Christi
281 2583 696 2653 benedicuntur,
723 2589 851 2657 quia
893 2590 1022 2645 dum
1059 2593 1111 2647 in
1156 2609 1317 2650 cruce
1349 2598 1632 2666 penderet,

91 2671 144 2723 de
171 2686 379 2743 corpore
417 2673 536 2743 ejus
573 2679 792 2749 sanguis
838 2677 1044 2736 efﬂuxit
1067 2691 1122 2739 et
1166 2698 1328 2754 aqua,
1368 2687 1484 2743 haec
1532 2690 1633 2744 tria

91 2775 227 2815 unum
270 2774 393 2819 sunt
429 2764 486 2819 in
528 2764 744 2822 Christo
770 2766 918 2825 Iesu.
956 2769 1083 2828 Haec
1126 2773 1304 2830 hostia
1345 2784 1402 2831 et
1434 2777 1635 2835 oblatio

95 2849 170 2906 Dei
192 2850 237 2906 in
261 2854 475 2911 odorem
510 2857 817 2915 suavitatis.

148 2938 258 3033 LVI.
316 2943 618 3002 Foracistis
665 2950 996 3022 presbyteris
1059 2967 1322 3025 praesente
1373 2959 1633 3033 episc0po

93 3030 159 3083 vel
203 3036 521 3109 presbyteris
570 3040 807 3098 civitatis
849 3042 1044 3103 offerre
1088 3063 1195 3105 non
1243 3050 1404 3106 liceat
1458 3030 1635 3124 neque

94 3121 359 3181 ministrare
433 3128 489 3183 in
567 3130 765 3202 populo
794 3172 810 3199 ,
873 3134 979 3190 nisi
1037 3134 1181 3194 forte
1260 3140 1368 3198 illis
1440 3121 1630 3201 absen-

96 3214 228 3270 tibus.

150 3306 279 3364 LVII.
307 3311 364 3367 Si
402 3314 529 3384 quis
552 3315 838 3388 presbyter
861 3319 1073 3389 publica
1124 3322 1441 3393 pmnitentia
1487 3341 1516 3380 a
1549 3342 1633 3382 sa-

94 3401 277 3458 cerdote
296 3415 538 3477 accepta,
568 3416 661 3462 aut
686 3408 864 3480 aliqua
894 3413 1218 3469 necessitate
1242 3415 1329 3470 die
1356 3416 1634 3476 Dominica

96 3504 173 3557 pro
203 3496 420 3563 quadam
453 3497 716 3570 religione
759 3499 1103 3573 ieiunaverit,
1150 3505 1291 3562 sicut
1328 3507 1639 3579 Manichtei,

96 3584 343 3641 anathema
367 3589 457 3644 sit.

152 3672 389 3734 Similiter
436 3689 496 3735 et
527 3681 670 3753 quod
705 3684 775 3739 ab
817 3686 1074 3757 apostolis
1126 3688 1406 3756 traditum,
1458 3706 1633 3747 canon

98 3769 214 3818 tenet
255 3769 526 3840 antiquus,
579 3772 781 3842 placuit
825 3783 882 3829 ut
926 3791 1021 3846 per
1063 3793 1253 3838 omnes
1301 3779 1631 3850 Dominicas,

97 3864 139 3907 et
154 3871 235 3924 per
248 3875 428 3918 omnes
447 3863 567 3921 dies
588 3863 808 3922 Pascha:
827 3881 1000 3939 usque
1020 3871 1087 3926 ad
1109 3873 1630 3945 quinquagesimum,

98 3957 182 3997 non
204 3959 538 4017 prosternant
554 3968 614 4009 se
638 3954 692 4009 in
719 3958 965 4014 oratione
991 3960 1328 4029 humilitatis,
1359 3966 1453 4021 sed
1482 3974 1633 4021 recto

99 4032 219 4126 vultu
263 4038 325 4093 ad
356 4040 643 4098 Dominum
675 4044 968 4116 fungantur
990 4050 1252 4108 orationis
1276 4052 1472 4121 oliicio,
1504 4056 1631 4126 quia

99 4118 145 4170 in
162 4121 234 4179 his
258 4126 444 4186 diebus
475 4132 733 4201 gaudium
782 4138 1196 4196 resurrectionis
1236 4118 1466 4199 Domini
1492 4118 1634 4202 cele-

99 4206 299 4272 bramus.
742 4266 747 4271 ,

153 4300 306 4364 LVIII.
355 4308 409 4366 Si
463 4316 587 4383 quis
644 4332 750 4372 non
814 4334 912 4389 pro
966 4321 1313 4391 abstinentia,
1376 4327 1471 4384 sed
1532 4343 1631 4398 pro

101 4400 427 4457 exsecratione
506 4419 754 4463 escarum
822 4410 1104 4479 abstinet,
1170 4415 1376 4484 placuit
1439 4429 1632 4475 sancto

102 4487 310 4555 concilio,
336 4503 391 4548 ut
419 4506 727 4567 prtegustet,
758 4507 812 4555 et
831 4501 913 4559 sic
933 4504 979 4558 si
1001 4504 1114 4560 vult
1133 4506 1431 4573 abstinere,
1462 4510 1628 4565 absti-

104 4586 219 4630 neat.
245 4578 332 4637 Sin
360 4595 541 4641 autem
572 4591 800 4657 spernit,
826 4591 906 4647 ita
929 4601 988 4647 ut
1006 4594 1153 4651 olera
1180 4605 1333 4651 cocta
1362 4613 1482 4654 cum
1511 4615 1631 4655 car-

106 4662 230 4722 nibus
254 4686 352 4727 non
378 4676 641 4746 degustet,
673 4678 772 4735 iste
797 4697 903 4737 non
932 4684 1221 4752 obediens,
1242 4702 1341 4743 nec
1366 4690 1634 4759 suspicio-

106 4765 203 4893 nlem
243 4758 454 4821 haeresis
501 4781 533 4820 a
580 4782 641 4822 se
675 4783 981 4838 removens,
1017 4773 1312 4845 deponatur
1337 4778 1402 4834 de
1449 4758 1638 4836 ordine

106 4845 364 4893 caritatum.

106 4845 369 4909 clericatus.

157 4933 272 4991 LIX.
299 4941 407 5034 Non
440 4946 605 5005 liceat
655 4951 1032 5009 sacerdotibus
1079 4957 1165 5010 vel
1195 4956 1407 5017 clericis
1458 4961 1641 5034 aliqua

107 5033 367 5088 spectacula
394 5036 446 5091 in
473 5039 673 5110 nuptiis
697 5041 779 5096 vel
823 5042 877 5097 in
929 5046 1192 5103 conviviis
1232 5060 1498 5119 spectare,
1543 5055 1638 5110 sed

106 5125 281 5178 oportet
301 5132 581 5196 antequam
611 5130 1003 5202 ingrediantur,
1036 5137 1148 5208 ipsa
1183 5142 1486 5210 spectacula
1517 5160 1639 5201 sur-

108 5219 228 5274 εθτε,
253 5224 302 5269 et
323 5220 495 5276 redire
521 5222 669 5279 inde.

162 5294 258 5355 LX.
290 5304 396 5365 Non
426 5311 582 5368 liceat
608 5313 835 5372 clericos
875 5317 1247 5376 incantatores
1275 5338 1396 5379 esse
1422 5335 1476 5380 et
1504 5325 1640 5398 liga-

112 5395 242 5488 iuras
268 5395 455 5467 facere,
498 5405 639 5474 quod
670 5416 753 5462 est
778 5407 1050 5480 colligatio
1078 5413 1412 5481 animarum;
1448 5417 1490 5473 si
1521 5395 1643 5488 quis

112 5474 202 5569 lucc
221 5482 353 5553 facit,
387 5492 450 5547 de
479 5493 715 5552 Ecclesia
742 5474 1075 5569 projiciatur.

167 5565 279 5626 LXI.
329 5577 437 5636 Non
488 5583 646 5639 liceat
698 5565 1005 5644 sacerdotes
1056 5591 1139 5645 vel
1190 5592 1418 5651 clericos
1449 5637 1464 5663 ,
1545 5597 1640 5653 sed

113 5668 190 5709 nec
230 5665 482 5738 religiosos
506 5673 675 5732 laicos.
715 5681 961 5735 convivia
1004 5681 1182 5740 facere
1220 5684 1288 5741 de
1348 5688 1633 5745 confertis.

172 5748 305 5809 LXll.
345 5762 394 5816 Si
421 5767 535 5835 quis
556 5769 754 5827 oblitus
781 5773 1028 5829 timorem
1056 5775 1288 5845 Domini,
1314 5790 1362 5835 et
1393 5790 1634 5838 sanctam

1746 693 1919 748 sancti
1949 694 2158 748 concilii
2196 692 2545 760 feneraverit,
2594 704 2649 750 et
2675 698 3024 752 centesimam
3063 701 3322 770 exegerit.

1747 790 1841 838 aut
1883 797 1953 837 ex
1978 783 2217 852 quolibet
2249 785 2463 854 negotio
2509 792 2665 855 turpe
2699 787 2908 841 lucrum
2944 790 3238 857 qumsierit,
3271 802 3325 843 et

1743 889 1842 945 per
1869 874 2111 930 diversas
2140 877 2346 946 species
2385 877 2496 931 vini
2549 878 2631 931 vel
2678 877 2867 946 frugis,
2910 880 2992 934 vel
3039 879 3325 949 cujuslibet

1747 964 1822 1018 rei
1848 964 2075 1018 emendo
2097 964 2179 1018 vel
2215 965 2492 1021 vendendo
2536 966 2714 1036 aliqua
2770 968 3098 1024 incrementa
3137 987 3323 1025 susce-

1744 1058 1905 1125 perit,
1935 1056 2210 1126 tlepositus
2237 1056 2302 1112 de
2327 1059 2495 1128 gradu
2527 1057 2689 1131 144
2736 1075 2855 1126 suo,
2886 1060 3095 1116 alienus
3126 1063 3322 1116 hahea-

1748 1153 1834 1199 tur
1866 1160 1896 1199 a
1923 1145 2092 1200 clero.

1813 1235 1990 1293 LXIII.
2029 1236 2086 1292 Si
2109 1238 2230 1308 quis
2257 1238 2538 1310 presbyter
2562 1248 2655 1294 aut
2682 1240 2937 1296 diaconus
2988 1243 3069 1297 vel
3098 1241 3325 1298 clericus

1741 1326 1988 1383 ecclesia:
2015 1328 2318 1398 deputatus,
2350 1328 2395 1384 si
2422 1329 2561 1384 intra
2605 1331 2878 1387 civitatem
2929 1331 3111 1398 fuerit,
3155 1334 3322 1387 autin

1740 1418 1980 1487 quolibet
2004 1418 2123 1495 loco
2146 1419 2199 1473 in
2230 1434 2338 1490 quo
2364 1421 2593 1477 ecclesia
2623 1431 2725 1487 est,
2755 1430 2808 1476 et
2833 1423 2901 1478 ad
2953 1423 3322 1495 quotidianum

1740 1510 1998 1581 psallendi
2032 1510 2355 1567 sacriﬁcium
2381 1513 2660 1569 matutinis
2694 1513 2777 1570 vel
2813 1515 3134 1585 chpcrtinis
3180 1516 3327 1571 horis

1740 1603 1809 1656 ad
1842 1601 2125 1657 ecclesiam
2151 1618 2259 1657 non
2300 1605 2589 1670 convenit,
2633 1604 2936 1675 deponatur
2979 1621 3008 1660 a
3061 1607 3226 1672 clero,
3280 1607 3322 1660 si

1742 1702 1919 1747 tamen
1945 1693 2235 1765 castigatus
2254 1696 2465 1750 veniam
2497 1697 2565 1752 ab
2593 1698 2845 1770 episcopo
2867 1714 2964 1768 per
2991 1700 3316 1755 satisfactio-

1741 1801 1863 1839 nem
1899 1785 2132 1840 noluerit
2157 1787 2477 1856 promereri.

1666 1859 1710 1916 Β
1807 1875 1988 1930 LXIV.
2030 1875 2146 1930 Non
2171 1876 2330 1932 liceat
2354 1876 2646 1947 quemlibet
2671 1878 2923 1933 clericum
2941 1880 3027 1935 die
3046 1881 3322 1935 Dominico

1738 1966 1807 2021 ab
1831 1967 2058 2022 ecclesia
2082 1967 2358 2023 absentem
2382 1982 2524 2035 esse,
2574 1969 2669 2024 sed
2724 1968 3011 2025 missarum
3045 1972 3323 2027 solemniis

1738 2055 2001 2111 interesse
2028 2065 2083 2112 et
2104 2057 2331 2127 jejunio.

1807 2144 1965 2199 LXV.
2009 2146 2125 2201 Non
2171 2153 2383 2216 oportet
2428 2146 2650 2202 clericos
2693 2148 2778 2204 vel
2826 2148 2995 2204 Iaicos
3045 2149 3319 2220 religiosos

1738 2244 1863 2290 ante
1895 2251 2105 2291 sacram
2138 2237 2327 2292 horam
2350 2236 2457 2291 diei
2491 2239 2704 2293 tertiam
2736 2239 2873 2295 inire
2894 2242 3137 2295 convivia
3167 2282 3181 2305 ,
3224 2257 3291 2295 ne

1735 2341 1841 2395 que
1867 2327 2155 2396 aliquando
2178 2327 2423 2393 clericos,
2450 2327 2553 2383 nisi
2593 2327 2795 2399 hymno
2824 2329 2967 2386 dicto
3016 2330 3179 2386 edere
3228 2348 3319 2402 pa-

1736 2432 1878 2483 nem,
1905 2426 1959 2472 et
1982 2426 2104 2488 post
2124 2418 2272 2474 cibos
2299 2419 2502 2489 gratias
2525 2421 2730 2475 auctori
2756 2421 2863 2476 Deo
2887 2422 3114 2477 referre.

1805 2508 1987 2563 LXVI.
2029 2508 2143 2563 Non
2173 2517 2384 2579 oportet
2405 2510 2631 2566 clericos
2656 2525 2863 2567 comam
2885 2513 3112 2576 nutrire,
3150 2523 3205 2569 et
3241 2515 3321 2568 sic

1736 2598 2067 2665 ministrare,
2083 2597 2178 2653 sed
2208 2606 2419 2653 attonso
2443 2599 2641 2669 capite,
2677 2600 2984 2669 patentibus
3006 2603 3249 2666 auribus,
3266 2614 3320 2656 et

1736 2691 2028 2746 secundum
2073 2690 2254 2746 Aaron
2292 2688 2517 2746 talarem
2556 2699 2765 2746 vestem
2790 2691 3034 2758 induere,
3061 2702 3118 2749 ut
3143 2693 3321 2749 sintin

1734 2781 1918 2836 habitu
1947 2790 2156 2836 ornato.

1805 2870 2009 2927 LXVII.
2052 2871 2167 2928 Non
2191 2882 2405 2945 oportet
2455 2872 2691 2944 psalmos
2747 2875 3076 2944 compositos
3098 2884 3155 2931 et
3207 2875 3323 2930 vul-

1736 2981 1889 3035 gares
1910 2965 1964 3020 in
1989 2966 2215 3021 ecclesia
2236 2966 2437 3033 dicere,
2466 2980 2642 3037 neque
2667 2964 2834 3022 libros
2857 2969 2948 3038 qui
2990 2978 3115 3024 sunt
3169 2978 3323 3024 extra

1735 3074 1998 3114 cntionem
2030 3059 2228 3131 legere,
2257 3060 2360 3115 nisi
2386 3058 2531 3117 solos
2553 3060 2846 3116 canonicos
2867 3059 3000 3116 Novi
3055 3069 3112 3115 et
3162 3058 3323 3115 Vete-

1739 3148 1813 3204 ris
1845 3148 2199 3206 Testameuti.

1810 3238 2041 3294 LXVIII.
2078 3239 2192 3294 Non
2222 3247 2436 3310 oportet
2464 3238 2697 3297 clericos
2721 3241 2938 3313 ignaros
2966 3249 3327 3313 praesumpto-

1739 3344 1824 3385 res
1850 3343 2011 3397 super
2046 3338 2388 3385 monumenta
2420 3331 2473 3385 in
2500 3345 2748 3401 campum
2790 3331 3047 3403 mysteria
3087 3342 3321 3400 portare,

1737 3427 1829 3473 aut
1855 3418 2177 3475 distribuere
2212 3428 2578 3486 sacramenta,
2603 3421 2699 3475 sed
2743 3431 2835 3476 aut
2874 3422 2927 3475 in
2949 3423 3198 3488 ecclesia,
3233 3432 3326 3476 aut

1737 3511 1790 3565 in
1822 3511 2043 3566 basilica
2067 3511 2158 3567 ubi
2194 3519 2493 3583 martyrum
2524 3512 2768 3583 reliquiae
2820 3524 2946 3569 sunt
2993 3514 3198 3585 positae,
3250 3516 3323 3570 ibi

1734 3623 1837 3678 pro
1856 3604 2123 3662 defunctis
2151 3605 2478 3661 oblationem
2498 3606 2703 3662 offerri.

1912 3695 2211 3767 Sequuntur
2233 3695 2473 3752 Canones
2499 3697 2569 3751 ad
2599 3696 2762 3753 laicus
2790 3701 3124 3767 pertinentes.

1804 3787 1989 3843 LXIX.
2028 3786 2143 3842 Non
2172 3787 2330 3843 liceat
2378 3787 2705 3844 Christianis
2745 3790 2971 3859 prandia
3020 3792 3087 3845 ad
3136 3791 3326 3847 defun-

1733 3885 1943 3932 ctorum
1973 3876 2218 3945 sepulcra
2248 3874 2461 3933 deferre
2481 3886 2536 3933 et
2565 3879 2877 3935 sacrificare
2902 3881 3151 3937 mortuis.

1764 4022 1769 4027 ,
1806 3965 1970 4022 LXX.
2011 3965 2130 4027 Non
2161 3966 2323 4023 liceat
2368 3966 2523 4025 laicis
2567 3969 2653 4024 vel
2680 3969 2895 4026 clericis
2939 3972 3006 4027 ab
3055 3972 3325 4029 btet-elicis

1734 4059 1973 4132 culogias
2020 4060 2285 4129 accipere,
2341 4061 2468 4131 quia
2518 4062 2926 4119 maledictiones
2976 4065 3148 4136 magis
3202 4076 3330 4121 sunt

1733 4166 1895 4221 quam
1940 4151 2365 4216 benedictiones,
2392 4167 2568 4221 neque
2604 4153 2761 4209 liceat
2790 4163 2882 4209 aut
2904 4170 3025 4210 cum
3054 4156 3319 4221 haereticis

1731 4249 1825 4294 aut
1847 4253 1967 4294 cum
1989 4238 2349 4295 schismaticis
2371 4254 2550 4296 orare.

1805 4329 1990 4385 LXXI.
2028 4331 2084 4384 Si
2109 4332 2234 4400 quis
2254 4346 2582 4402 paganorum
2608 4335 3051 4391 consuetudinem
3076 4351 3327 4406 sequens,

1734 4420 1944 4478 divinos
1972 4429 2029 4476 et
2057 4422 2341 4493 sortilegos
2378 4422 2432 4479 in
2461 4422 2678 4479 domum
2732 4440 2885 4480 suam
2939 4427 3321 4492 introduxerit,

1663 4549 1709 4608 υ
1735 4510 1889 4579 quasi
1928 4520 1987 4565 ut
2021 4511 2220 4566 malum
2243 4512 2390 4568 foras
2434 4512 2672 4580 mittant,
2717 4524 2808 4571 aut
2861 4516 3123 4572 maleficia
3181 4518 3332 4573 inve-

1741 4601 2021 4665 niant,vel
2060 4601 2405 4659 lustrationes
2447 4619 2780 4674 paganorum
2818 4605 3037 4674 faciant,
3090 4609 3327 4678 quinque

1738 4690 1894 4745 annis
1913 4692 2278 4760 ptenitentiam
2314 4705 2496 4765 agant.

1810 4781 2019 4838 LXXII.
2060 4783 2178 4839 Non
2211 4783 2372 4841 liceat
2399 4785 2721 4844 Christianis
2775 4800 2959 4845 tenere
3011 4791 3329 4861 traditiones

1740 4874 2043 4943 gentilium.

1814 4962 2043 5021 LXXIII.
2083 4965 2200 5023 Non
2226 4967 2391 5026 liceat
2435 4971 2759 5029 Christianis
2791 4975 3082 5031 observare
3131 4986 3188 5032 et
3239 4992 3331 5033 co-

1746 5054 1859 5113 lere
1884 5055 2175 5123 elementa,
2202 5069 2296 5114 ant
2333 5060 2493 5129 lunae,
2540 5072 2636 5119 aut
2663 5064 2939 5120 stellarum
2983 5081 3196 5134 cursus,
3236 5078 3332 5123 aut

1748 5149 1963 5205 inanem
1989 5151 2269 5222 signorum
2290 5151 2559 5210 fallaciam
2582 5171 2680 5225 pro
2706 5158 2867 5213 domo
2915 5157 3183 5224 facienda,
3234 5172 3331 5215 aut

1744 5248 1963 5310 propter
1991 5252 2202 5311 segetes
2230 5244 2314 5299 vel
2341 5246 2564 5301 arbores
2587 5246 2907 5316 plantandas
2926 5290 2941 5315 ,
2968 5249 3050 5305 vel
3083 5251 3329 5321 conjugia

1746 5332 2016 5388 socianda.
2053 5334 2324 5404 Scriptum
2354 5343 2436 5391 est
2464 5337 2610 5392 enim
2644 5352 2660 5392 :
2699 5357 2718 5390 ι
2756 5338 2947 5395 Omnia
2967 5357 3087 5411 quae
3132 5341 3331 5407 facitis,

1747 5432 1839 5477 aut
1863 5422 1919 5478 in
1945 5424 2131 5490 verbo,
2156 5434 2247 5480 aut
2272 5427 2535 5497 irrepere,
2575 5430 2755 5485 omnia
2787 5431 2838 5485 in
2862 5434 3079 5487 nomine
3123 5434 3330 5488 Domini

1746 5514 1912 5568 nostri
1971 5514 2096 5569 Jesn
2163 5514 2362 5572 Christi
2428 5517 2620 5585 facite,
2685 5523 2890 5591 gratias
2948 5534 3171 5594 agentes
3224 5524 3328 5580 Der

1743 5599 1968 5673 (Coloss.
1998 5619 2080 5667 ιιι,
2114 5605 2223 5671 I7).
2256 5624 2273 5657 ι

1813 5693 2045 5749 LXXIV.
2085 5694 2198 5750 Non
2246 5695 2408 5752 liceat
2460 5714 2622 5767 agere
2674 5702 2815 5757 diem
2872 5702 3234 5758 Kalendarum
3281 5719 3326 5757 ci

1742 5783 1867 5839 otiis
1897 5800 2086 5840 vacare
2107 5786 2396 5859 gentilibus
2424 5831 2437 5857 ,
2489 5806 2664 5862 neque
2722 5792 2874 5849 lauro
2918 5803 3010 5848 aut
3065 5794 3324 5849 viriditaa‘c
