3888 6438
518 358 620 417 587

1358 371 1653 445 arcano.
1694 377 1786 433 an
1825 380 1998 437 stac.
2040 385 2127 440 IX.
2166 414 2237 430 .-
2271 388 2518 446 tsmom
2558 392 2997 454 unncaroms
3343 376 3361 387 ’
3664 409 3743 469 588

517 475 771 531 arborum
792 476 1010 545 cingere
1030 477 1236 536 domos.
1267 481 1455 540 Omnis
1504 487 1618 542 haec
1658 490 1966 549 observatio
2004 513 2109 565 "pa-
2140 505 2183 558 Λ
2214 501 2278 554 ad
2302 501 2547 558 ecclesiae
2572 501 2814 571 ianuam,
2847 517 2901 563 et
2921 518 3041 578 post
3062 508 3162 565 bos
3201 509 3322 569 aliis
3349 514 3581 585 quinque
3620 524 3745 578 annis

516 567 808 636 gantssima
831 577 933 623 est.

590 659 799 714 LXXV.
831 659 945 714 Non
972 661 1131 717 liceat
1148 662 1198 719 in
1225 665 1514 723 herbarum
1539 670 1963 739 collectionibus,
1988 691 2107 746 quae

517 753 864 808 medicinalcs
885 764 1025 817 sunt,
1066 756 1276 828 aliquas
1302 761 1729 831 observationes,
1777 777 1869 821 aut
1921 768 2112 823 incau-

519 845 751 900 tationes
779 848 1080 914 attendere,
1112 850 1212 905 nisi
1245 862 1452 908 tantum
1479 870 1603 910 cum
1652 859 1894 930 symbolo
1924 861 2106 917 divino

516 946 573 991 et
600 938 849 993 oratione
877 940 1180 1007 Dominica,
1205 952 1265 996 ut
1296 953 1500 1000 tantum
1537 946 1678 1003 Deus
1706 959 1923 1005 creator
1983 968 2103 1007 om-

513 1026 663 1080 nium
690 1040 745 1082 et
775 1029 1033 1087 Dominus
1061 1033 1372 1089 honoretnr.

585 1118 820 1174 LXXVI.
852 1120 968 1178 Non
997 1124 1156 1179 liceat
1182 1126 1435 1183 mulieres
1492 1130 1817 1190 christianas
1867 1134 2103 1205 aliquam

514 1212 809 1268 vanitatem
835 1215 885 1267 in
919 1215 1032 1270 suis
1059 1215 1311 1274 lanificiis
1333 1219 1648 1287 observare,
1678 1224 1773 1279 sed
1808 1224 1973 1280 Deum
2025 1226 2106 1280 in-

516 1313 710 1358 vocent
759 1304 1083 1374 adjutorcm,
1112 1308 1204 1379 qui
1248 1309 1327 1365 eis
1371 1312 1691 1381 sapientiam
1747 1317 1961 1373 texendi
2011 1317 2106 1375 do-

516 1393 637 1448 navi
646 1401 686 1447 l.

586 1480 842 1539 LXXVII.
885 1483 943 1540 Si
970 1486 1121 1557 cujus
1145 1503 1282 1544 uxor
1303 1488 1624 1545 adulterium
1647 1491 1878 1559 fecerit,
1902 1501 1995 1548 aut
2022 1493 2108 1549 vir

514 1573 568 1627 in
606 1574 837 1630 alienam
870 1592 1092 1632 uxorem
1121 1579 1363 1647 irruerit,
1394 1589 1599 1650 septem
1624 1584 1782 1639 annis
1834 1583 2107 1655 poeniten-

516 1665 644 1719 tiam
669 1677 814 1737 agat.

586 1720 865 1814 LXXVIII.
901 1761 955 1816 Si
986 1778 1093 1832 qua
1124 1720 1321 1819 mulier
1345 1763 1609 1823 fornicata
1636 1766 1823 1834 fuerit,
1853 1779 1908 1824 et
1933 1767 2110 1823 infau-

2212 590 2263 643 in
2313 592 2575 648 orationis
2637 598 3070 653 communionem
3122 609 3371 671 receptus
3410 605 3744 674 paenitentiam

2209 690 2355 751 agat,
2380 691 2437 737 et
2459 683 2538 737 sic
2564 686 2795 754 gratiam
2840 689 3100 757 suscipiat
3152 694 3503 748 sacramenti.
3552 695 3747 756 Interro-

2206 780 2400 841 gentur
2433 782 2611 829 autem
2653 775 2743 829 alii
2766 777 2832 831 de
2857 792 2922 832 eo
2944 778 3157 848 qualem
3187 781 3351 835 vitam
3382 783 3435 838 in
3478 789 3746 854 pcenitentia

2206 861 2399 930 egerit,
2434 871 2489 917 et
2516 863 2594 919 sic
2626 866 3022 921 communionis
3041 869 3468 927 misericordiam
3491 889 3746 949 consequa-

2210 960 2312 1006 tur.
2353 954 2408 1008 Si
2437 956 2561 1024 quis
2593 966 2769 1011 autem
2793 966 2915 1027 post
2943 959 3133 1030 viginti
3187 975 3359 1018 annos
3408 965 3604 1022 habens
3638 984 3744 1023 uxo-

2207 1050 2342 1100 rem,
2376 1036 2501 1090 huic
2550 1047 2770 1106 peccato
2822 1039 3064 1107 irruerit,
3116 1041 3303 1113 viginti
3350 1046 3585 1115 quinque
3625 1051 3749 1109 annis

2204 1123 2497 1180 humilitati
2527 1127 2822 1196 subjaceat,
2861 1138 2917 1184 et
2960 1130 3200 1200 quinque
3250 1133 3409 1189 annis
3457 1136 3750 1195 orationibus

2207 1223 2415 1270 tantum
2445 1218 2871 1284 communicanti,
2904 1230 3089 1289 postea
3115 1223 3344 1292 recipiat
3368 1236 3747 1283 sacramentum.

2206 1301 2357 1370 Quod
2383 1304 2427 1359 si
2463 1305 2604 1360 hanc
2638 1322 2950 1362 mensuram
2979 1309 3175 1379 aliquis
3211 1320 3576 1382 transgressus
3601 1314 3749 1381 fuerit,

2207 1406 2608 1452 sacramentum
2633 1399 2687 1453 in
2717 1401 2863 1454 exitu
2886 1412 3271 1472 consequatur,
3298 1415 3514 1476 oportet
3533 1407 3659 1461 enim
3690 1417 3749 1461 ta-

2207 1484 2283 1540 les
2313 1486 2454 1541 inter
2479 1488 2838 1546 daemoniosus
2860 1505 3043 1546 orare.

2277 1597 2557 1653 LXXXIII.
2596 1599 2651 1655 Si
2681 1602 2803 1671 quis
2826 1601 2894 1657 de
2933 1616 3162 1674 corpore
3201 1605 3392 1660 exiens
3446 1606 3750 1663 novissimum

2206 1694 2263 1742 et
2287 1688 2652 1744 necessarium
2684 1691 3082 1747 communionis
3116 1694 3374 1750 viaticum
3405 1698 3620 1767 expetit,
3662 1714 3745 1755 nou

2208 1777 2257 1833 ei
2288 1779 2620 1850 denegetur;
2649 1780 2791 1851 quod
2823 1781 2948 1837 si‘in
2990 1783 3367 1855 desperatione
3398 1787 3619 1856 positus,
3658 1796 3751 1859 post

514 1854 620 1902 tem
639 1849 727 1919 qui
746 1850 940 1907 exinde
958 1852 1118 1908 fuerit
1139 1861 1298 1910 natus
1317 1856 1597 1922 occiderit,
1623 1866 1677 1912 et
1699 1873 1818 1928 qua:
1839 1858 2106 1913 studuerit
2139 1850 2179 1909 Β
2209 1849 2519 1942 percepti“
2543 1849 2977 1931 εοιηῇηηηίοηθιη
3005 1849 3201 1932 “ciam
3224 1849 3576 1935 sanus-fuerit
3593 1849 3750 1947 racius,

513 1939 766 1993 aborsum
797 1939 976 1997 facere
997 1984 1011 2009 ,
1052 1953 1106 1997 et
1131 1945 1272 2014 quod
1297 1954 1616 2016 conceptum
1643 1956 1727 2004 est
1747 1963 1974 2014 necare,
2010 1957 2102 2003 aut

512 2038 662 2084 certe
689 2041 745 2084 ut
762 2047 864 2085 non
880 2034 1149 2103 concipiat
1161 2034 1456 2099 elaborare,
1474 2039 1587 2092 sive
1600 2052 1667 2092 ex
1680 2038 1959 2097 adulterio.
1991 2039 2106 2094 sive

514 2134 577 2171 ex
614 2119 850 2189 legitimo
873 2121 1142 2194 coniugio,
1174 2125 1273 2180 has
1298 2126 1431 2180 tales
1462 2126 1719 2182 mulieres
1748 2128 1800 2181 in
1824 2136 1997 2183 morte
2019 2143 2105 2183 re-

513 2208 693 2274 cipere
742 2212 1175 2265 communionem
1194 2242 1203 2251 -
1224 2215 1431 2282 priores
1460 2229 1696 2269 canones
1721 2216 2101 2282 decreverunt,

514 2316 611 2354 nos
649 2311 826 2357 tamen
854 2320 951 2372 pro
975 2305 1365 2370 misericordia,
1390 2307 1505 2360 sive
1529 2306 1662 2361 tales
1686 2307 1959 2372 mulieres,
1991 2308 2106 2364 sive

513 2392 761 2446 conscias
784 2393 1050 2449 scelerum
1074 2396 1339 2466 ipsarum,
1367 2396 1554 2451 decem
1578 2398 1738 2453 annis
1784 2414 1945 2470 agere
1992 2414 2107 2470 pce-

515 2483 798 2540 nitentiam
815 2484 1147 2553 judicamus.

512 2637 525 2650 .
586 2573 822 2629 LXXIX.
855 2575 912 2631 Si
934 2579 1057 2647 quis
1091 2577 1393 2634 voluntarie
1418 2580 1765 2636 homicidium
1795 2580 2003 2646 iecerit,
2038 2582 2105 2636 ad

505 2654 728 2717 Januam
788 2665 1033 2722 ecclesia:
1078 2668 1361 2724 catholicae
1421 2684 1635 2739 semper
1690 2669 2008 2737 subiaceat,
2052 2683 2109 2726 et

514 2755 948 2811 communionem
979 2757 1032 2810 in
1059 2758 1207 2812 exitu
1230 2759 1356 2813 vita:
1382 2776 1493 2815 sua:
1522 2761 1778 2829 recipiat;
1825 2762 1871 2817 si
1922 2770 2103 2818 autem

514 2858 622 2897 non
657 2844 979 2912 voluntarie,
1009 2848 1105 2903 sed
1134 2864 1263 2905 casu
1287 2850 1468 2921 aliquo
1498 2852 1844 2907 homicidium
1893 2852 2103 2920 fecerit,

516 2933 665 3002 prior
690 2949 865 2990 canon
897 2946 1103 3007 septem
1128 2940 1285 2994 annis
1310 2956 1470 3009 agere
1499 2942 1873 3012 paenitentiam
1918 2944 2103 3015 jussit,

515 3025 786 3093 secundus
807 3042 981 3082 canon
1003 3029 1241 3100 quinque
1274 3032 1571 3087 mandavit.

587 3116 800 3172 LXXX.
845 3120 899 3174 Si
926 3137 1029 3190 qua
1062 3123 1253 3179 nmlier
1278 3124 1414 3179 duos
1440 3123 1657 3192 fratres,
1690 3136 1783 3181 aut
1808 3128 1853 3182 si
1881 3127 2003 3198 quis
2024 3128 2107 3183 vir

2207 1968 2412 2015 tantum
2443 1964 2692 2018 oratione
2720 1966 2997 2035 particeps
3018 1966 3107 2020 sit.
3141 1965 3275 2021 Nam
3302 1983 3412 2022 non
3436 1969 3653 2039 accipiat
3686 1984 3751 2025 sa-

2205 2062 2565 2118 cramentum,
2596 2053 2768 2110 donec
2797 2056 3150 2113 constitutum
3202 2072 3337 2128 pure
3386 2057 3601 2129 impleat
3641 2069 3749 2113 tem-

2205 2159 2323 2213 pus.
2350 2143 2450 2212 Qui
2478 2161 2608 2218 ergo
2630 2146 2684 2200 in
2713 2147 2860 2202 exitu
2892 2149 3084 2203 mortis
3105 2157 3248 2213 sunt,
3278 2158 3333 2203 et
3351 2150 3649 2205 desiderant
3684 2164 3752 2205 ae-

2205 2235 2384 2304 cipere
2406 2246 2824 2302 sacramentum,
2854 2252 2977 2293 cum
3032 2239 3467 2295 consideratione
3514 2248 3567 2296 et
3600 2241 3751 2312 proba-

2208 2326 2351 2381 tione
2379 2327 2619 2397 episcOpi
2648 2328 2895 2398 accipere
2927 2330 3141 2384 debent.

2275 2437 2558 2494 LXXXIV.
2584 2439 2639 2495 Si
2662 2441 2784 2510 quis
2811 2441 2977 2497 intrat
3008 2442 3060 2496 in
3092 2443 3375 2498 ecclesiam
3410 2444 3503 2501 Dei
3532 2454 3583 2500 et
3602 2459 3750 2499 sacras

2207 2528 2520 2598 Scripturas
2541 2531 2708 2597 audit,
2758 2539 2814 2587 et
2856 2547 2954 2602 pro
3008 2533 3219 2589 luxuria
3278 2550 3375 2590 sua
3427 2536 3616 2591 avertit
3645 2550 3693 2591 se
3725 2550 3748 2588 ι

2206 2619 2587 2675 communione
2617 2623 2965 2687 sacramenti,
2986 2632 3040 2679 et
3064 2624 3115 2678 in
3142 2625 3499 2682 observandis
3527 2625 3751 2698 mysteriis

2208 2711 2440 2766 declinat
2466 2714 2815 2768 constitutam
2849 2715 3089 2785 regulam
3137 2717 3458 2789 disciplinae,
3505 2719 3644 2773 illum
3689 2728 3752 2771 ta-

2207 2805 2310 2859 lem
2338 2806 2727 2877 projiciendum
2751 2810 2816 2863 de
2847 2809 3085 2886 Ecclesia
3109 2813 3374 2868 catholica
3427 2829 3546 2869 esse
3596 2814 3747 2869 decer-

2208 2899 2406 2964 nimus,
2444 2899 2582 2956 donc
2607 2902 2980 2971 paenitentiam
3006 2912 3131 2974 agat
3168 2913 3224 2960 et
3254 2906 3513 2961 ostendat
3559 2905 3748 2959 fructum

2209 2989 2537 3058 ptenitentiae
2563 3005 2693 3056 suae,
2720 3001 2779 3044 ut
2805 2993 2994 3061 possit,
3015 2995 3395 3051 communione
3420 2996 3746 3067 percepta,iu-

2208 3078 2535 3144 dulgentiam
2564 3082 2881 3149 promereri.

518 3211 652 3267 duas
693 3227 910 3269 sorores
962 3215 1259 3283 habuerit,
1297 3233 1330 3272 a
1370 3220 1750 3275 communione
1804 3221 2110 3276 abstineant
2138 3198 2180 3257 (ἶ
2283 3191 2542 3248 Lxxxv'
2581 3193 2697 3248 Non
2724 3192 2885 3249 me“
2916 3209 3316 3251 commmmare
3355 3208 3749 3251 excommumca'

519 3317 689 3372 usque
717 3305 783 3359 ad
824 3316 1072 3372 mortem,
1117 3309 1167 3363 in
1204 3319 1378 3366 morte
1407 3319 1587 3367 autem
1633 3311 1701 3366 ab
1749 3313 1829 3369 eis
1867 3329 2109 3369 commu-

517 3395 679 3450 nione
707 3408 950 3467 accepta,
977 3400 1020 3455 si
1050 3403 1115 3455 de
1142 3401 1457 3458 infirmitate
1503 3405 1903 3471 convaluerint,
1945 3416 2107 3476 agant

518 3486 729 3555 plenam
760 3491 1132 3558 pcenilentiam
1166 3502 1408 3565 tempore
1430 3497 1743 3552 constituto.

586 3576 823 3635 LXXXI.
862 3581 922 3637 Si
949 3584 1071 3654 quis
1116 3586 1298 3642 multis
1349 3588 1551 3659 nuptiis
1596 3588 1757 3643 fuerit
1804 3589 2106 3660 copulatus,

517 3672 888 3741 paenitentiam
906 3688 1050 3747 agat,
1071 3680 1352 3734 conversio
1376 3690 1554 3735 autem
1577 3690 1630 3735 et
1645 3680 1775 3737 fides
1799 3684 2109 3752 pmnitentis

519 3767 829 3834 compendit
854 3777 1086 3839 tempus.

590 3855 852 3912 LXXXII.
895 3858 1098 3929 Siquis
1126 3859 1415 3929 cujuslibet
1440 3862 1693 3917 animalis
1736 3863 2112 3918 commistione

518 3948 845 4015 peccaverit,
877 3949 1186 4019 quindecim
1208 3951 1367 4006 annis
1395 3952 1446 4006 in
1472 3951 1777 4007 humilitate
1837 3951 2117 4022 subiaceat.

1641 4144 2058 4159 σι’-*,οσ--ῠε
2098 4140 2359 4158 Mr

2214 3283 2302 3349 tis,
2335 3297 2509 3353 neque
2530 3283 2582 3337 in
2610 3283 2801 3339 domos
2849 3300 3036 3340 eorum
3091 3285 3429 3343 introeuntes
3475 3303 3623 3342 orare
3656 3301 3749 3341 cum

2211 3375 2308 3438 eis,
2341 3390 2514 3446 neque
2544 3374 2700 3430 liceat
2730 3390 2852 3431 cum
2891 3376 2971 3430 eis
3002 3376 3054 3430 in
3082 3375 3184 3430 alia
3212 3376 3444 3433 ecclesia
3472 3374 3744 3449 segregari;

2210 3467 2254 3520 si
2290 3476 2468 3520 autem
2503 3466 2698 3537 aliquis
2719 3466 3022 3537 episcopus,
3047 3477 3139 3521 aut
3189 3467 3492 3539 presbyter,
3536 3476 3619 3520 aut
3660 3466 3748 3520 dia-

2211 3576 2381 3615 conus
2407 3602 2420 3623 ,
2473 3571 2565 3614 aut
2621 3561 2845 3629 quilibet
2889 3560 3291 3617 ecclesiasticus
3330 3561 3751 3619 excommunicato

2212 3650 2713 3716 communicaverit,
2745 3652 2900 3720 quasi
2923 3652 3248 3721 perturbans
3300 3668 3516 3710 omnem
3561 3649 3751 3721 discipli-

2213 3758 2336 3796 nam
2369 3742 2785 3798 ecclesiasticam
2812 3743 3329 3798 excommunicetur.

2287 3855 2518 3928 Explicit
2545 3854 2681 3909 liber
2707 3861 3083 3924 cxcerptorum
3109 3856 3279 3910 sancti
3310 3854 3524 3908 Martini
3562 3852 3748 3907 Bracm-

2216 3951 2387 4005 rensis
2409 3948 2645 4018 episcopi
2676 3962 2741 4002 ex
2767 3946 2986 4018 synodis
3007 3946 3387 4002 Orientalium.

2361 4129 3738 4157 Μ

782 4249 1246 4340 INCIPIT
1315 4248 1985 4344 CONCILIUM
2062 4251 2890 4342 BRACCARENSE
2968 4249 3523 4342 TERTIUM

1432 4443 1685 4500 Habitum
1710 4463 1847 4501 anno
1873 4455 2058 4518 quarto
2085 4444 2370 4501 Wambam
2398 4461 2534 4517 regis
2564 4462 2672 4500 tera
2707 4461 2897 4502 ncxttt.

601 4615 870 4671 Dec-cnler
917 4618 1050 4673 satis
1083 4633 1181 4688 per
1221 4619 1461 4675 divinum
1510 4619 1771 4692 Spiritum
1822 4624 1874 4679 in
1919 4625 2111 4679 Braca-
2143 4603 2192 4662 θ
2217 4620 2342 4688 quia
2359 4620 2561 4674 nullum
2581 4628 2891 4676 nostrorum
2907 4620 3241 4677 schismatici
3258 4621 3462 4677 erroris
3482 4619 3748 4691 fatigarent

523 4706 667 4761 reusi
692 4707 825 4762 urbe
862 4708 1095 4778 collecti,
1142 4721 1197 4768 et
1234 4712 1299 4767 de
1342 4712 1428 4767 his
1473 4727 1593 4782 quae
1637 4714 1777 4768 intra
1826 4713 2112 4770 ecclesiam

504 4812 510 4818 ‘
523 4819 783 4876 perversa
806 4805 1016 4861 actione
1036 4813 1299 4874 geruntur
1327 4807 1607 4860 tractaturi
1631 4809 2007 4874 convenimus,
2055 4817 2115 4863 ut

525 4893 812 4962 adiuvante
851 4912 949 4951 nos
979 4897 1070 4952 illo
1099 4896 1191 4967 qui
1247 4897 1377 4951 dicit
1411 4922 1426 4951 .-
1464 4917 1482 4948 ι
1505 4898 1827 4969 Ubicunque
1875 4901 1981 4955 duo
2030 4899 2113 4954 vel

524 4991 636 5037 tres
657 4984 867 5039 collecti
894 4984 1097 5041 fuerint
1125 4986 1177 5039 in
1205 4986 1421 5042 nomine
1452 5002 1592 5051 meo,
1628 4987 1699 5044 ibi
1728 5003 1823 5043 ero
1853 4990 1904 5044 in
1933 4990 2115 5045 medio

524 5088 712 5130 eorum
742 5076 959 5148 (Matth.
992 5093 1148 5144 xvnt,
1169 5077 1283 5151 20),
1316 5099 1334 5132 ›
1367 5080 1482 5150 pari
1513 5080 1695 5134 animo
1748 5081 1974 5151 parique
2022 5082 2113 5138 de—

525 5163 762 5219 votionis
786 5166 962 5220 studio
981 5177 1357 5236 exsurgentes,
1392 5169 1529 5222 male
1579 5166 1794 5224 habitos
1848 5171 2114 5240 exstirpe-

529 5271 652 5311 mus
685 5269 916 5311 errores.
964 5257 1176 5314 Etenim
1228 5259 1476 5315 dnmnos
1530 5259 1583 5313 in
1634 5276 1796 5315 unum
1840 5261 2114 5331 synodalis

530 5347 673 5403 actio
698 5359 1062 5418 aggregasset,
1095 5351 1291 5407 debitis
1314 5352 1366 5406 itt
1419 5352 1637 5408 sedibus
1680 5351 1947 5419 collocati,
2006 5354 2117 5424 pri-

528 5457 676 5495 mum
729 5442 797 5496 de
823 5450 1024 5497 sancta:
1066 5442 1188 5498 fidei
1218 5453 1556 5501 sacramento
1610 5446 1873 5515 cmpimns
1915 5446 2116 5501 habere

533 5550 865 5600 sermonem,
891 5535 1115 5601 scilicet,
1168 5553 1236 5592 ne
1288 5548 1381 5592 aut
1407 5539 1647 5593 vanitate
1704 5538 2116 5611 disputantium,

539 5626 950 5683 autnescientia
980 5627 1303 5698 simplicium
1334 5630 1536 5685 erroris
1583 5630 1858 5700 quippiam
1915 5631 1969 5685 in
2019 5630 2122 5685 hoc

540 5726 880 5776 sacramento
909 5719 1032 5777 fidei
1063 5729 1356 5788 teneretur,
1385 5721 1527 5777 unde
1554 5737 1676 5778 cum
1723 5737 1914 5778 omnes
1932 5712 2042 5777 nos
2066 5722 2118 5776 in

534 5822 660 5862 vera
695 5809 798 5864 ﬁde
827 5820 885 5865 ut
931 5810 1211 5882 speculum
1238 5810 1691 5884 perlustraremus
1714 5813 1928 5881 illaesos,
1959 5813 2009 5868 in
2056 5827 2120 5869 eo

2222 4711 2398 4778 turbo,
2423 4711 2519 4766 sed
2550 4726 2675 4767 vera
2698 4726 2796 4768 nos
2826 4719 2881 4766 et
2909 4711 3142 4782 simplex
3195 4713 3248 4767 in
3309 4712 3413 4767 hoc
3464 4712 3748 4767 sacramento

2218 4803 2513 4873 apostolica
2543 4804 2779 4859 ostendit
2809 4803 3031 4860 idoneos
3052 4798 3395 4874 praedicatio,
3421 4810 3589 4873 grates
3612 4792 3747 4853 omni-

2219 4896 2420 4966 potenti
2451 4895 2757 4967 peregimus
2785 4893 2917 4961 Deo,
2949 4895 3093 4964 quod
3123 4893 3265 4949 hanc
3295 4902 3494 4948 nostra:
3544 4887 3650 4944 fidei
3685 4895 3748 4936 re-

2220 4986 2400 5057 gulam
2425 4985 2551 5055 ipsis
2571 4986 2754 5041 verbis
2779 4995 2941 5055 atque
2987 4984 3271 5040 sententiis
3317 4980 3747 5071 commemorant?

2223 5077 2590 5146 praeteximus,
2621 5077 2818 5147 quibus
2846 5086 2900 5132 et
2928 5078 2983 5131 in
3012 5084 3279 5132 conventu
3332 5072 3531 5129 Niczeni
3577 5063 3745 5124 concilii

2223 5168 2550 5225 dcclaratam
2573 5183 2695 5224 esse
2723 5169 2947 5224 scimus.

2292 5262 2576 5317 Credimus
2604 5261 2660 5316 in
2691 5277 2855 5315 unum
2885 5260 3053 5316 Deum
3103 5259 3321 5316 Patrem
3362 5257 3744 5349 omnipotentem.

2221 5356 2482 5411 faetorem
2510 5354 2629 5410 caeli
2653 5364 2708 5409 et
2740 5361 2918 5417 terrae,
2947 5352 3243 5408 visibilium
3287 5350 3521 5406 omnium
3565 5353 3611 5402 et
3645 5342 3746 5396 invi-

2224 5447 2460 5505 sibilium
2490 5445 2847 5503 conditorem.
2881 5444 2951 5499 Et
2975 5446 3028 5500 in
3068 5460 3234 5499 unum
3282 5442 3557 5499 Dominum
3601 5433 3744 5490 Iesum

2223 5539 2497 5595 Christum
2533 5536 2726 5592 Filium
2752 5536 2847 5592 Dei
2876 5535 3237 5609 unigenitum,
3291 5550 3359 5590 ex
3410 5533 3560 5587 Patre
3602 5532 3742 5579 natum

2223 5640 2347 5686 ante
2373 5630 2553 5685 omnia
2578 5628 2794 5685 saecula.
2830 5628 2997 5682 Deum
3024 5643 3089 5682 ex
3122 5627 3255 5693 Deo,
3288 5626 3460 5681 lumen
3486 5638 3547 5678 ex
3570 5614 3742 5673 lumine.

2224 5723 2394 5778 Deum
2448 5735 2636 5777 verum
2688 5736 2755 5776 ex
2800 5719 2912 5775 Deo
2963 5733 3112 5785 vero,
3167 5728 3372 5779 natum.
3429 5729 3527 5771 non
3568 5710 3741 5764 factum.

2225 5813 2506 5871 omousion
2530 5812 2702 5880 Patri,
2729 5812 2833 5868 hoc
2885 5820 2969 5868 est
3018 5808 3259 5880 ejusdem
3303 5825 3420 5866 cum
3471 5806 3611 5860 Patre
3646 5791 3741 5851 ωδ·
