3820 5318
26 267 110 324 589

1186 261 1674 317 DECRETALIUM
1712 259 2020 320 COLLECT
2025 261 2109 321 10.

3142 265 3244 322 590

25 381 224 447 stantia,
245 393 334 452 per
357 351 513 450 quem
539 377 724 434 omnia
743 377 885 434 facta
912 389 1037 434 sunt
1061 395 1179 447 qute
1211 378 1263 431 in
1295 376 1437 431 ennio
1487 385 1543 430 et
1573 381 1617 437 Α
1647 376 1772 430 dam
1797 392 1894 446 pro
1936 376 2331 446 completnento
2369 375 2762 433 communionis
2793 374 3019 430 credunt
3055 377 3252 446 populo

25 489 122 543 qua:
138 473 186 526 in
217 479 374 536 terra,
404 470 490 540 qui
512 477 734 540 propter
753 485 852 525 nos
879 478 934 524 et
955 478 1173 538 propter
1201 477 1442 522 nostram
1473 482 1559 520 sa-

27 565 161 618 lutem
196 560 480 616 descendit.
530 559 595 614 Et
627 561 939 615 incarnatus
968 568 1052 614 est
1091 558 1158 613 de
1191 556 1394 626 Spiritu
1436 571 1561 610 san-

25 663 112 717 cto,
135 658 277 705 natus
305 665 368 702 ex
395 648 558 703 Maria
587 649 815 721 virgine,
838 664 1029 718 passus
1074 647 1175 702 sub
1227 646 1418 700 Pontio
1463 644 1554 699 Pi-

25 745 132 806 lato,
178 739 430 811 sepultus,
493 739 652 794 tertia
702 739 790 795 die
847 737 1166 801 resurrexit,
1213 734 1457 790 ascendit
1506 734 1562 787 in

24 833 180 894 caelos,
203 831 343 886 sedet
373 830 438 883 ad
469 831 747 885 dexteram
793 829 886 884 Dei
939 829 1137 893 Patris,
1190 828 1386 882 iterum
1435 840 1560 880 ven-

23 930 149 973 turus
183 919 419 988 judicare
442 919 593 973 vivos
619 927 672 971 et
729 931 991 972 mortuos.
1035 915 1204 986 Cujus
1256 913 1406 984 regni
1456 928 1563 968 non

23 1012 105 1067 erit
129 1010 253 1066 linis.
287 1009 568 1065 Credimus
587 1010 708 1063 etin
728 1007 986 1078 Spiritum
1003 1015 1248 1062 sanctum
1272 1003 1561 1058 Dominum

24 1101 387 1166 viviticatorem,
411 1115 477 1154 ex
502 1099 660 1154 Patre
709 1107 764 1154 et
813 1097 952 1152 Filio
995 1095 1400 1166 procedentem,
1440 1107 1562 1148 cum

22 1193 150 1248 Patre
173 1201 222 1248 et
247 1192 377 1247 Filio
402 1192 735 1247 adorandqu
768 1200 822 1246 et
844 1189 1275 1259 glorificandutn.
1341 1185 1440 1253 Qui
1487 1185 1564 1240 lo-

23 1293 148 1338 cutus
173 1291 249 1337 est
267 1298 360 1352 per
386 1283 689 1352 prophetas.
740 1282 807 1336 Et
836 1297 996 1335 unant
1042 1289 1308 1346 sanctam,
1336 1275 1564 1332 catholi-

23 1387 117 1425 cam
155 1379 204 1426 et
251 1371 602 1442 apostolicam
656 1370 971 1426 Ecclesiam.
1018 1367 1350 1424 Conlitemur
1397 1380 1563 1419 unum

23 1464 244 1532 baptisma
272 1463 323 1518 in
349 1463 721 1520 remissionem
751 1473 1120 1532 peccatorum.
1169 1461 1563 1530 Exspectamus

25 1553 430 1609 resurrectionem
455 1561 816 1609 mortuorum.
854 1552 1107 1608 Etsvitam
1133 1548 1302 1605 futuri
1353 1547 1558 1605 saeculi.

24 1643 181 1698 Amen.

1665 466 2069 536 porrigendam,
2091 475 2146 520 et
2179 465 2318 533 quod
2342 463 2493 534 pejus
2516 465 2600 519 his
2629 465 2879 518 omnibus
2907 474 3007 529 est,
3031 466 3248 536 quidam

1664 557 2006 612 sacerdotum
2040 557 2094 611 in
2123 556 2272 610 vasis
2302 555 2513 611 Domini
2532 555 2717 626 epulas
2745 557 2850 610 sibi
2876 565 3174 626 apponunt,
3197 566 3253 609 et

1665 647 1991 704 manducare
2014 649 2068 702 in
2091 649 2172 703 eis
2193 659 2524 716 plu-sumunt
2547 689 2561 710 ,
2593 648 2809 716 quidam
2839 649 3002 703 etiam
3056 663 3123 701 ex
3162 663 3252 702 sa-

1663 738 1974 793 cerdotibus
2001 737 2153 792 relati
2184 747 2332 800 sunt,
2373 737 2513 806 quod
2540 736 2922 792 ecclesiastica:
2968 748 3257 792 consuetu-

1664 825 1807 880 dinis
1844 826 2035 880 ordine
2064 826 2452 896 prmtertnisso,
2480 826 2700 880 missant
2731 827 2848 881 sine
2870 841 3029 896 prece
3053 828 3256 882 oratio-

1664 914 1748 968 nis
1770 915 2006 969 audeant
2039 915 2240 977 dicere,
2273 924 2327 970 et
2349 916 2493 984 quod
2521 916 2574 970 in
2597 915 3027 970 solemnitatibus
3056 925 3256 984 marty-

1666 1021 1784 1060 rum
1809 1006 2067 1078 reliquias
2095 1022 2196 1062 suo
2224 1007 2362 1064 collo
2387 1009 2690 1078 imponant,
2717 1019 2769 1062 et
2796 1009 2848 1062 in
2902 1007 3106 1061 sellulis
3149 1022 3256 1060 non

1663 1096 1732 1152 ab
1761 1096 1882 1153 aliis
1939 1113 1996 1153 se
2041 1099 2359 1167 portandas,
2416 1099 2519 1153 nisi
2579 1098 2647 1152 ab
2703 1099 2895 1152 albatis
2943 1097 3260 1152 diaconibus

1663 1191 1907 1246 credant.
1939 1191 2071 1248 Illud
2097 1208 2311 1262 quoque
2331 1194 2473 1262 quod
2500 1193 2742 1262 plerique
2764 1193 3101 1246 sacerdotum
3133 1192 3256 1243 alre-

1664 1295 1769 1351 que
1796 1284 2105 1338 testimonio
2135 1299 2257 1338 cum
2283 1283 2498 1338 feminis
2526 1294 2932 1338 commorantur
2962 1323 2976 1346 ,
3021 1291 3076 1335 et
3114 1280 3259 1350 quod

1663 1377 1882 1448 quidam
1915 1375 2132 1430 illorunt
2163 1376 2460 1431 honoratos
2515 1376 2713 1430 fratres
2765 1392 2891 1431 suos
2951 1375 3264 1430 verberibus

1664 1468 1968 1523 indiscretis
1995 1466 2304 1536 subjiciunt.
2339 1469 2554 1523 Necnon
2587 1478 2641 1524 et
2679 1469 2827 1533 illud,
2881 1467 3020 1537 quod
3047 1467 3262 1535 quidam

1666 1558 1902 1614 Simonis
1949 1560 2246 1628 cupiditate
2301 1561 2550 1630 arrepti,
2612 1576 2747 1630 quos
2795 1558 3093 1613 ordinaturi
3141 1565 3266 1612 sunt

1670 1649 1827 1722 145
1856 1651 1958 1705 sub
1983 1651 2232 1706 cautione
2260 1652 2532 1706 dimittant
2574 1651 2807 1722 qualiter
2855 1660 3140 1722 postquam
3173 1666 3266 1703 or-

79 1736 188 1792 Post
247 1736 404 1807 hujus
455 1748 664 1796 sancta:
717 1739 842 1796 fidei
905 1745 1303 1796 sacramentum
1370 1735 1568 1792 relatus
1599 1743 1840 1806 Bdinati
1872 1743 2091 1807 fuerint,
2149 1743 2435 1812 pecuniam
2477 1745 2545 1798 ab
2592 1744 2694 1798 illis
2749 1743 3071 1813 promissam
3125 1741 3266 1794 acci—

26 1835 90 1881 est
113 1826 159 1882 in
177 1829 427 1884 concione
455 1829 698 1884 omnium
736 1837 1056 1886 nostrorum.
1070 1843 1226 1884 error
1251 1823 1566 1880 manifestus

26 1919 191 1986 pariter
214 1928 264 1974 et
284 1921 553 1986 diversus,
584 1920 675 1990 qui
707 1929 852 1976 tanta
903 1921 1062 1976 debet
1109 1917 1404 1987 disciplina:
1450 1922 1578 1972 artt.‘

30 2011 222 2076 retundi,
243 2021 444 2084 quanta
459 2021 516 2069 et
535 2013 893 2084 perversitate
919 2013 1304 2084 comprobatur
1333 2007 1569 2064 infundi.

30 2101 214 2167 Quidam
242 2106 382 2160 enim
413 2106 470 2162 in
524 2107 809 2162 sacrificiis
858 2106 1068 2162 Domini
1123 2104 1278 2162 relati
1317 2110 1443 2159 sunt
1487 2100 1570 2157 lac

31 2207 108 2261 pro
125 2195 234 2252 vino
283 2195 502 2267 oll‘erre,
531 2198 916 2256 eucharistiam
963 2212 1177 2268 quoque
1218 2196 1345 2252 vino
1402 2191 1572 2248 madi-

1671 1834 1841 1904 piant.
1871 1833 2004 1888 Illud
2019 1850 2232 1904 quoque
2253 1835 2394 1904 quod
2415 1834 2676 1888 familiam
2703 1834 2945 1889 ecclesia:
2964 1833 3015 1887 in
3037 1828 3269 1902 propriis

1671 1926 1946 1983 laboribus
1997 1938 2259 1997 quassant
2289 1929 2543 1983 damnum
2575 1944 2605 1983 e
2635 1929 2930 1984 Dominicis
2960 1928 3219 1983 facientes
3248 1942 3263 1990 ;

1672 2031 1796 2087 quae
1827 2018 2028 2083 omnia,
2057 2033 2126 2073 ne
2156 2018 2380 2073 confuse
2403 2019 2686 2073 videantur
2727 2032 2846 2073 esse
2900 2018 3131 2088 prolata,
3187 2014 3268 2069 di-

1673 2106 1870 2161 scretis
1893 2106 2169 2162 titulorum
2197 2107 2478 2163 ordinibus
2505 2108 2778 2164 credimus
2801 2106 3194 2163 subnectenda.

1263 2525 1608 2584 lNClPlUNT
1647 2525 2008 2583 CAPITULA.

88 2727 132 2784 l.
165 2727 230 2786 Ut
268 2730 500 2802 repulsis
541 2729 793 2786 omnibus
843 2730 1188 2803 Opinionibus
1234 2733 1576 2804 superstitio-

37 2839 163 2888 num,
212 2827 355 2894 panis
404 2835 616 2881 tantum
657 2835 712 2882 et
752 2827 936 2882 vinum
981 2842 1122 2898 aqua
1163 2829 1483 2899 pertuistum
1521 2828 1576 2884 in

36 2915 259 2971 sacriﬁcio
289 2916 607 2972 offerantur.

89 3004 133 3057 2.
167 3005 236 3062 Ne
263 3022 385 3063 vasa
418 3008 650 3064 Domino
703 3015 916 3065 sacrata
959 3009 1209 3069 humanis
1249 3012 1435 3067 usibus
1463 3027 1579 3067 ser-

38 3094 170 3150 tiant.

90 3188 134 3242 5.
169 3189 239 3246 Ne
274 3194 534 3249 sacerdos
572 3192 691 3249 sine
735 3194 918 3251 orario
947 3196 1168 3251 missam
1210 3197 1408 3252 audeat
1441 3196 1586 3252 cele-

40 3277 182 3335 brare.

88 3367 134 3422 4.
169 3369 240 3426 Ne
283 3373 596 3429 sacerdotes
644 3374 759 3430 sive
809 3375 1114 3445 quicunque
1163 3391 1229 3432 ex
1276 3374 1423 3431 clero
1471 3375 1588 3431 sine

38 3459 302 3516 testimonio
329 3478 453 3518 eum
493 3465 822 3533 quibuslibet
850 3464 1067 3520 feminis
1097 3464 1360 3521 habitent.

91 3569 206 3626 CAP.
243 3574 283 3629 l.
323 3575 459 3631 Cum
494 3591 655 3632 omne
684 3577 889 3633 crimen
918 3587 1078 3648 atque
1123 3588 1402 3650 peccatum
1441 3578 1588 3635 obla-

39 3661 92 3716 tis
117 3665 211 3720 Deo
257 3670 539 3725 sacriliciis
582 3670 847 3735 deleatur,
880 3672 1008 3740 quid
1039 3671 1104 3727 de
1133 3681 1328 3728 cmtero
1371 3687 1468 3741 pro
1497 3671 1590 3727 de-

41 3750 252 3810 lictorum
280 3759 589 3828 expiationc
619 3759 846 3814 Domino
885 3761 1120 3826 dabitur,
1148 3762 1365 3832 quando
1395 3762 1447 3816 in
1474 3761 1587 3832 ipsa

41 3846 253 3902 sacriﬁcii
296 3850 574 3905 oblatione
612 3851 866 3904 erratur?
895 3851 1212 3907 Audivimus
1251 3852 1394 3907 enitn
1427 3868 1594 3923 quos-

41 3933 138 3990 dam
180 3941 522 3996 schismatica
553 3941 849 3996 ambitione
877 3942 1122 3997 detentos
1163 3952 1349 3998 contra
1382 3945 1590 4000 divinos

40 4027 240 4094 ordines,
273 4041 326 4086 et
357 4032 688 4103 apostolicas
729 4033 1092 4088 institutiones
1135 4035 1216 4089 lac
1245 4050 1341 4104 pro
1380 4035 1504 4091 vino
1536 4036 1588 4090 itt

40 4116 202 4175 divinis
236 4124 516 4180 sacrificiis
555 4124 803 4180 dedicare
827 4167 841 4190 ,
893 4125 1028 4180 alios
1066 4127 1265 4196 quippe
1311 4127 1589 4182 intinctam

40 4211 384 4269 eucharistiam
411 4216 624 4287 populis
646 4233 743 4286 pro
773 4217 1168 4287 complcmento
1197 4220 1590 4275 communionis

1753 2731 1807 2786 5.
1847 2732 1923 2786 De
1950 2731 2205 2786 damnata
2233 2729 2653 2800 praesumptione
2685 2728 3041 2800 quorumdam
3071 2727 3278 2797 episco-

1683 2838 1875 2894 porum
1903 2823 1996 2892 qui
2029 2823 2080 2876 in
2118 2820 2506 2876 festivitatibus
2547 2828 2846 2891 martyrum
2885 2819 2952 2874 ad
2989 2818 3276 2874 ecclesiam

1609 2941 1656 3005 ο
1684 2917 2062 3005 procedentes,
2090 2912 2343 2984 appensis
2369 2911 2509 2968 collo
2535 2911 2798 2982 reliquiis,
2827 2927 2856 2966 a
2878 2910 3194 2966 diaconibus
3223 2909 3278 2966 in

1686 3004 1892 3060 sellulis
1923 3011 2226 3059 vectantur.

1755 3096 1810 3151 6.
1850 3097 1925 3151 De
1950 3097 2232 3150 honestate
2260 3093 2650 3150 honoratorum
2679 3102 2734 3147 et
2762 3092 3065 3160 disciplina.

1757 3187 1809 3240 7.
1849 3185 1927 3240 Ne
1979 3185 2337 3256 promissione
2380 3200 2684 3249 munerum,
2733 3183 2952 3239 honoris
2982 3182 3155 3252 gratia
3188 3197 3276 3235 ve.-

1688 3278 1980 3333 nuntietur.

1756 3371 1809 3426 8.
1851 3371 1930 3426 Ne
1972 3378 2212 3426 rectores
2251 3369 2495 3424 ecclesiae
2533 3369 2682 3438 prius
2717 3367 2931 3438 prOpria
2977 3381 3138 3436 quam
3186 3380 3277 3420 oc-

1688 3467 1992 3524 clesiastica
2015 3467 2138 3538 jura
2169 3466 2417 3521 laborare
2447 3463 2747 3519 intendant.

1689 3583 2080 3653 complemento
2102 3580 2495 3637 communionis
2521 3579 2800 3634 intinctam
2833 3577 3052 3631 tradunt
3077 3575 3280 3630 eucha-

1689 3676 1897 3731 ristiam
1940 3674 2177 3746 populis,
2212 3689 2312 3728 nec
2361 3674 2464 3727 hoc
2501 3671 2768 3742 prolatum
2803 3669 3168 3726 testimonium
3211 3682 3278 3722 ex

1691 3765 1978 3837 Evangelio
2009 3765 2218 3835 recipit,
2254 3763 2341 3818 ubi
2372 3763 2629 3834 apostolis
2659 3778 2854 3832 corpus
2884 3776 3040 3816 suum
3076 3768 3131 3815 et
3157 3773 3280 3814 san-

1690 3856 1905 3926 guinem
1931 3854 2353 3919 commendavit,
2382 3869 2627 3908 seorsum
2657 3853 2800 3908 enim
2838 3851 3013 3922 panis,
3050 3858 3105 3905 et
3130 3863 3282 3904 seor-

1691 3961 1809 4000 sum
1833 3945 2017 4001 calieis
2040 3945 2437 3999 commendatio
2460 3952 2811 3998 memoratur.
2837 3941 2967 3995 Nam
2994 3940 3279 3994 intinctunt

1692 4054 1885 4108 panem
1918 4038 2036 4092 aliis
2063 4037 2338 4092 Christum
2373 4035 2664 4106 praebuisse
2698 4051 2802 4088 non
2836 4033 3090 4104 legimus,
3121 4045 3281 4086 exce-

1693 4140 1784 4201 pto
1835 4131 1924 4184 illo
1975 4139 2182 4184 tantum
2218 4128 2480 4197 discipulo
2509 4169 2523 4192 ,
2565 4141 2725 4197 quem
2769 4110 2995 4180 intincta
3040 4121 3280 4179 httccella

1696 4221 1935 4289 magistri
1965 4219 2292 4288 proditorem
2319 4219 2644 4283 ostenderet,
2677 4232 2782 4271 non
2813 4231 2933 4286 qum
2957 4213 3280 4270 sacramenti

40 4302 306 4372 Porrigere,
338 4309 602 4375 quosdam
633 4309 794 4363 etiam
841 4325 946 4363 non
978 4324 1290 4380 expressum
1323 4311 1506 4365 vinum
1535 4311 1587 4366 in
1617 4296 1668 4360 Ῑ)
1695 4311 2251 4380 hujusinstilutionem
2275 4317 2621 4364 monstraret.
2638 4307 2769 4362 Nam
2787 4307 2928 4378 quod
2944 4307 3010 4362 de
3024 4320 3280 4376 expresso

41 4398 357 4452 sacramentis
386 4399 652 4456 Dominici
680 4400 865 4456 calicis
891 4397 1106 4466 olferrc,
1139 4404 1231 4457 sed
1261 4403 1457 4459 oblatis
1482 4414 1594 4458 tan-

45 4490 134 4537 tum
160 4491 370 4557 populos
414 4493 835 4548 communicare.
873 4493 1025 4560 Quod
1059 4508 1217 4563 quam
1247 4495 1317 4550 sit
1355 4511 1590 4566 evange-

45 4570 136 4629 licze
168 4587 316 4649 atque
353 4583 661 4653 apostolicae
705 4584 962 4639 doctrina:
1003 4585 1334 4640 contrarium
1375 4595 1431 4640 et
1460 4602 1590 4642 con-

47 4668 275 4724 suetudini
317 4673 700 4730 ecclesiastica:
741 4674 1027 4730 adversum
1056 4715 1071 4740 ,
1121 4691 1227 4731 non
1273 4675 1486 4732 difficile
1525 4680 1592 4734 ab

49 4751 143 4821 ipso
176 4757 311 4816 fonte
335 4765 579 4820 veritatis
623 4767 907 4833 probatur,
935 4781 964 4819 a
995 4781 1102 4834 quo
1130 4768 1374 4822 ordinata
1411 4785 1596 4825 sacra-

53 4857 311 4906 mentorum
357 4857 613 4926 mysteria
659 4870 1058 4928 processerunt.
1105 4858 1238 4913 Cum
1288 4861 1430 4915 enim
1475 4878 1590 4915 nta-

53 4933 189 5001 gister
209 4945 437 5001 veritatis
461 4963 648 5004 verum
681 4948 871 5004 salutis
899 4958 1094 5004 nostrae
1120 4951 1445 5008 sacrificium
1478 4953 1591 5009 suis

46 5035 397 5091 ceattnuularct
443 5040 724 5110 discipulis
749 5079 764 5105 ,
811 5056 916 5095 non
954 5042 1057 5097 illis
1093 5043 1175 5097 lac
1205 5085 1218 5109 ,
1259 5047 1350 5100 sed
1397 5061 1590 5118 panem

47 5125 212 5152 Ιιιιιιιηι.
243 5137 286 5152 ,ιι
321 5131 436 5152 --I!_
653 5134 666 5152 I
719 5134 732 5152 I
765 5147 780 5152 -
805 5150 814 5151 γ
853 5149 866 5152 -
1136 5143 1178 5152 .-

1697 4405 1875 4469 hetro,
1903 4403 1953 4456 id
1982 4411 2084 4466 cst,
2111 4417 2333 4456 uvarum
2362 4402 2545 4472 granis
2572 4400 2800 4471 populus
2827 4398 3276 4457 communicatur,

1696 4495 1848 4550 valde
1878 4505 1961 4551 est
1999 4497 2218 4550 omnino
2253 4494 2558 4549 confusum.
2610 4492 2759 4548 Calix
2793 4493 2936 4547 enim
2973 4489 3284 4544 Dominicus

1693 4587 1874 4658 (juxta
1906 4587 2044 4655 quod
2090 4587 2305 4657 quidam
2349 4585 2540 4641 doctor
2581 4582 2866 4654 edisserit)
2905 4581 3028 4634 vino
3057 4588 3112 4634 et
3144 4593 3280 4648 aqua

1692 4676 1981 4746 pertnistus
2007 4675 2168 4731 debet
2192 4675 2372 4730 olferri
2392 4717 2408 4741 ,
2440 4675 2564 4745 quia
2595 4674 2842 4727 videmus
2869 4673 2922 4725 in
2951 4685 3085 4737 aqua
3117 4683 3286 4737 popu-

1695 4769 1800 4821 lntn
1827 4768 2072 4837 intelligi,
2101 4767 2152 4821 in
2179 4767 2303 4820 vino
2327 4782 2456 4822 vero
2481 4766 2690 4818 ostendi
2720 4761 3041 4835 sanguinem
3065 4755 3285 4812 Christi.

1694 4859 1836 4928 Ergo
1867 4859 2082 4929 quando
2125 4858 2177 4912 in
2213 4857 2380 4912 calice
2414 4857 2537 4910 vino
2579 4869 2718 4922 aqua
2763 4858 3048 4914 miscetur,
3078 4849 3295 4904 Christo

1693 4949 1919 5020 populus
1964 4949 2251 5012 adunatur,
2298 4957 2353 5002 et
2391 4944 2722 5003 credentium
2768 4949 2932 5020 plebs
2976 4941 3027 4994 ei
3055 4941 3108 4993 in
3141 4951 3300 5008 quem

1692 5043 1922 5097 credidit
1969 5041 2267 5111 copulatur,
2320 5050 2374 5095 et
2413 5037 2677 5107 jungitur.
2734 5040 2896 5114 Qum
2949 5033 3211 5102 cepulatio
3257 5035 3313 5080 et

1795 5134 1806 5151 ε
1928 5138 1957 5150 ,ο
2233 5140 2276 5150 _.
2319 5148 2326 5149 ,
2356 5133 2366 5144 ο
2411 5131 2423 5147 ρ
2483 5128 2547 5148 μεγ.
2596 5145 2622 5148 ,γ
2653 5127 2664 5148 ε
2713 5145 2724 5147 Α
2926 5129 2973 5146 ο-
3023 5123 3177 5146 ε..12...ι.
3210 5120 3284 5146 nn
