3888 6436
544 346 649 406 59}

1343 358 1631 419 ᾹΡΡΕΝΙ).
1672 365 1765 422 AD
1791 366 1964 423 saac.
2001 369 2090 425 IX.
2127 400 2195 411 —
2233 369 2481 428 ISIDORI
2522 375 2966 439 MERCATORIS

3675 390 3761 446 592

540 480 744 536 nquam
780 466 1128 568 significatur.
1174 470 1290 527 Non
1328 476 1469 530 enim
1511 487 1686 547 potest
1723 481 1856 535 calix
1903 483 2111 538 Domini
2143 486 2193 545 Α
2220 498 2479 557 prcharet
2507 493 2713 558 crucis;
2743 494 2786 549 si
2809 496 2930 564 (ptis
2956 494 3112 551 aliter
3129 497 3312 568 egerit,
3352 502 3759 559 excommunica-

538 574 662 617 esse
691 576 830 632 aqua
850 561 964 618 sola
982 603 999 629 ,
1023 572 1113 619 aut
1139 565 1316 620 vinum
1344 569 1537 635 solum,
1570 571 1674 627 nisi
1702 581 1992 644 utrumque
2016 575 2118 631 sibi

539 653 856 718 misceatur,
887 662 943 708 et
970 654 1089 709 ideo
1117 655 1247 724 quia
1266 655 1377 724 jam
1405 674 1472 712 ex
1500 674 1567 714 eo
1594 660 1821 730 plurima
1848 671 1904 718 et
1938 664 2119 718 multi»

2221 576 2349 631 lieni
2381 578 2574 635 debitae
2596 582 2889 653 subjaceat.

2286 667 2373 724 IV.
2403 669 2721 743 Quanquam
2746 674 2965 743 antiqua
2994 688 3261 729 canonum
3286 675 3557 732 institutio
3591 679 3653 736 de
3679 680 3759 736 bu.

539 745 661 837 ple:
706 745 968 837 majorum
1004 747 1239 802 manavit
1268 750 1529 804 sententia
1551 791 1567 815 ,
1596 767 1821 821 quorum
1849 754 2023 822 pietas
2062 755 2115 809 in
2209 757 2442 827 jusmodi
2474 766 2885 834 prmsumptione
2906 765 3178 820 absolutas
3197 774 3252 820 et
3279 766 3602 837 multiplices
3627 772 3757 825 disci-

541 835 709 889 Deum
742 836 989 907 religiosa
1030 848 1489 894 sacramentorum
1513 841 1702 896 borum
1723 855 1778 897 et
1806 842 2123 913 etiicientias

538 924 785 994 copiosas
813 927 1088 992 disseruit,
1119 936 1177 983 et
1217 928 1580 986 institutiones
1604 932 1908 988 verissimus
1941 934 2118 988 decla-

537 1016 707 1078 ravit,
735 1017 912 1073 omnis
954 1018 1075 1074 talis
1114 1034 1270 1074 error
1308 1029 1471 1091 atque
1513 1024 1860 1094 praesumptio
1901 1039 2117 1105 cessare

531 1106 644 1173 jam
692 1109 758 1163 de
805 1118 1003 1164 caetero
1038 1109 1236 1177 debet,
1282 1124 1351 1165 ne
1392 1126 1766 1181 perversorum
1814 1114 2116 1170 inordinata

538 1212 799 1269 compago
819 1208 1019 1255 statum
1046 1200 1293 1257 veritatis
1315 1211 1551 1257 enervet.
1578 1202 1643 1256 Et
1670 1203 1790 1258 ideo
1815 1204 1941 1258 nulli
1965 1204 2122 1260 dein-

537 1301 664 1356 ceps
699 1288 905 1344 licitum
943 1291 1017 1345 sit
1056 1291 1199 1347 aliud
1240 1293 1294 1346 in
1335 1292 1613 1349 sacrificiis
1649 1294 1844 1349 divinis
1887 1293 2111 1361 oll‘erre,

537 1382 639 1436 nisi
665 1380 821 1449 juxta
854 1385 1198 1454 antiquorum
1238 1387 1555 1442 sententiam
1594 1388 1942 1443 conciliorum
1965 1429 1979 1454 ,
2021 1403 2116 1458 pa-

537 1486 660 1527 nem
692 1480 898 1528 tantum
928 1483 983 1530 et
1011 1475 1234 1551 calicem
1261 1477 1390 1532 vino
1414 1486 1471 1531 et
1508 1492 1644 1547 aqua
1673 1479 2010 1549 permistum.
2037 1480 2117 1536 De

536 1572 736 1620 caetero
760 1564 916 1619 aliter
947 1581 1105 1636 quam
1133 1577 1461 1638 prmeeptum
1503 1577 1590 1624 est
1633 1568 1837 1625 faciens
1866 1569 2047 1625 taudiu
2081 1584 2115 1624 a

536 1655 899 1711 sacrificando
926 1658 1182 1724 cessabit,
1229 1660 1465 1728 quandiu
1511 1659 1746 1731 legitima
1780 1660 2119 1729 paenitentiae

536 1746 909 1803 satisfactione
930 1756 1250 1820 correptus,
1294 1750 1361 1805 ad
1390 1750 1589 1821 gradus
1614 1751 1696 1806 sui
1735 1750 1893 1806 ofﬁcii
1933 1750 2117 1809 redeat

535 1837 678 1905 quod
723 1838 923 1893 amisit.

604 1924 665 1978 ll.
708 1924 863 1982 Omni
905 1942 1035 1986 cura
1069 1930 1326 2000 omnique
1355 1931 1532 1988 studio
1568 1933 1955 2003 providendum
1993 1941 2117 2001 est,

533 2030 600 2068 ne
633 2016 687 2070 hi
715 2018 809 2085 qui
837 2018 1012 2075 locum
1042 2021 1290 2076 videntur
1323 2022 1568 2079 obtinere
1596 2025 1892 2096 regiminis,
1927 2034 2118 2081 contu-

533 2106 747 2161 mcliam
794 2109 1081 2165 videantur
1126 2112 1326 2167 inferre
1378 2114 1687 2170 ccelestibus
1738 2118 2112 2172 sacramentis.

533 2195 744 2251 Etenim
777 2201 919 2268 quod
951 2209 1007 2256 et
1033 2201 1239 2257 auditui
1269 2204 1507 2259 terribile
1532 2214 1587 2259 et
1616 2206 1753 2261 visui
1786 2207 2118 2262 exsecrabile

527 2289 817 2357 judicatur,
842 2294 1063 2350 relatum
1084 2306 1167 2351 est
1189 2298 1342 2353 nobis
1367 2300 1507 2369 quod
1531 2301 1747 2371 quidam
1779 2304 2115 2359 sacerdotum

532 2385 793 2455 sacrilega
826 2387 1130 2444 temeritate
1159 2390 1459 2460 praecipites
1488 2407 1617 2447 vasa
1667 2392 1877 2448 Domini
1912 2394 1963 2448 in
1994 2409 2120 2465 pro-

534 2475 685 2546 prios
710 2493 840 2533 usus
866 2489 1162 2545 assumant,
1195 2482 1485 2552 epulasque
1511 2484 1612 2538 sibi
1644 2485 1696 2539 in
1720 2486 1798 2540 eis
1824 2487 2114 2541 comeden-

531 2570 628 2625 das
657 2581 962 2640 apponant,
985 2572 1124 2641 quod
1153 2573 1350 2629 malum
1379 2584 1433 2629 et
1463 2575 1810 2647 obstupentes
1838 2578 2117 2650 deﬂemus,

536 2670 592 2715 et
620 2662 877 2719 dellentes
898 2664 1346 2734 obstupescimus,
1371 2674 1429 2720 ut
1453 2666 1561 2721 illic
1587 2667 1817 2722 humana
1844 2669 2117 2723 temeritas

532 2752 636 2807 sibi
664 2754 879 2823 epulum
911 2764 1197 2825 praeparet,
1224 2757 1315 2811 ubi
1351 2766 1596 2813 sanetum
1629 2758 1886 2827 Spiritum
1916 2775 2113 2829 cogno-

532 2841 703 2895 scitur
748 2844 1072 2907 advocasse,
1117 2853 1172 2900 et
1206 2845 1280 2900 ibi
1327 2861 1478 2900 esum
1521 2848 1762 2901 carnium
1811 2848 2115 2916 crapulatus

533 2945 794 2997 assumat,
828 2935 918 2990 ubi
947 2936 1128 2991 divina
1151 2937 1299 2992 visus
1324 2946 1407 2992 est
1431 2938 1734 2993 celebrasse
1760 2940 2036 3009 mysteria,
2061 2949 2118 2995 et

534 3025 588 3078 in
619 3025 811 3095 quibus
839 3033 1044 3080 tantum
1083 3027 1183 3082 sibi
1211 3026 1392 3083 offerri
1423 3037 1758 3085 sacramenta
1798 3044 1898 3098 pro
1928 3030 2113 3099 expia-

532 3115 683 3170 tione
709 3116 1024 3171 delictorum
1051 3117 1325 3188 prmcepit,
1351 3118 1404 3172 in
1434 3118 1520 3174 bis
1547 3118 1757 3190 expleat
1786 3119 2111 3174 voluntatem

2213 848 2390 919 plinas
2434 859 2595 921 atque
2644 854 3006 910 institutiones
3043 856 3291 922 ediderit,
3331 873 3431 914 nos
3459 868 3634 915 tamen
3659 861 3759 919 bre-

2213 937 2397 993 vitatis
2407 954 2568 995 causa
2591 956 2804 997 omnem
2818 942 3118 999 fornicandi
3149 946 3494 1003 occasionem
3516 952 3758 1020 cupientes

2212 1026 2450 1093 auferre,
2488 1029 2540 1083 id
2564 1031 2871 1084 omnimoda
2916 1034 3191 1090 sancimus
3229 1038 3557 1093 auctoritate
3601 1048 3757 1095 tenen-

2214 1115 2362 1182 dum,
2405 1127 2465 1172 ut
2502 1119 2677 1174 nullus
2710 1122 3052 1177 sacerdotum
3104 1125 3218 1179 sive
3255 1127 3488 1198 quisque
3534 1128 3600 1185 de
3639 1130 3759 1185 clero

2213 1206 2419 1276 absque
2461 1208 2689 1264 honesto
2724 1219 2780 1265 et
2808 1215 3132 1283 competenti
3183 1217 3518 1284 testimonio,
3568 1230 3757 1289 excepta

2212 1295 2324 1351 sola
2352 1307 2543 1364 matre,
2574 1315 2696 1355 eum
2728 1302 3055 1370 quibuslibet
3092 1304 3305 1363 feminis
3334 1316 3546 1364 secrete
3570 1324 3631 1365 se
3648 1327 3757 1381 prm-

2213 1398 2392 1442 sumat
2417 1390 2726 1461 adjungere,
2758 1402 2813 1448 et
2856 1409 2961 1450 non
2994 1395 3168 1451 solum
3197 1413 3318 1452 cum
3350 1400 3627 1455 extraneis
3660 1417 3755 1455 mu-

2213 1476 2454 1544 lieribus,
2483 1479 2576 1534 sed
2605 1495 2728 1536 cum
2771 1482 2903 1552 ipsis
2943 1485 3106 1540 etiam
3133 1488 3434 1554 sororibus,
3459 1489 3545 1544 vel
3571 1491 3758 1561 propin-

2214 1567 2361 1638 quis,
2395 1583 2465 1625 ne
2492 1568 2708 1626 licentia
2742 1587 3011 1641 sororum,
3033 1575 3119 1632 vel
3147 1578 3573 1649 propinquarum
3603 1581 3757 1636 mulie-

2214 1672 2335 1712 rum
2369 1660 2602 1730 quisque
2628 1662 2834 1719 solutus
2860 1663 3179 1722 familiarior
3204 1669 3474 1725 habeatur
3492 1671 3557 1726 ad
3599 1685 3756 1741 perpe-

2218 1752 2465 1806 trandum
2491 1752 2686 1809 scelus.
2712 1754 2881 1826 Hujus
2897 1773 3027 1827 ergo
3047 1761 3426 1829 praeceptionis
3452 1771 3759 1831 trangressor

2140 1830 2191 1890 B
2215 1855 2308 1897 sex
2326 1844 2673 1901 mensibusse
2693 1849 2905 1903 noverit
2924 1850 3250 1919 pmnitentia:
3266 1850 3481 1923 legibus
3493 1830 3755 1922 subjaeere.

2287 1932 2352 1987 ν.
2386 1934 2532 1990 Bona
2562 1937 2825 2007 siquidem
2852 1954 2939 1994 res
2965 1948 3049 1995 est
3071 1941 3251 1996 divina
3273 1943 3640 1998 sacerdotibus
3656 1957 3756 1998 con-

2217 2038 2451 2086 trectare
2490 2033 2768 2104 mysteria,
2797 2035 2890 2089 sed
2916 2034 3210 2090 cavendum
3240 2036 3397 2091 valde
3441 2045 3543 2102 est,
3581 2051 3643 2091 ne
3678 2038 3760 2092 hoc

2217 2120 2444 2190 quisque
2480 2122 2547 2176 ad
2597 2138 2752 2177 usum
2795 2125 3076 2194 pravitatis
3117 2141 3229 2181 sure
3274 2126 3603 2195 intorqueat,
3643 2126 3757 2180 unde

2216 2209 2312 2264 soli
2337 2210 2447 2266 Deo
2473 2211 2540 2266 de
2569 2212 2708 2267 bona
2734 2214 3061 2270 conscientia
3092 2216 3307 2285 placere
3331 2216 3610 2271 debuerat.
3635 2215 3757 2270 Scri-

2215 2308 2365 2368 ptum
2410 2307 2495 2355 est
2531 2302 2695 2367 enim,
2744 2318 2770 2370 ε
2823 2302 2915 2359 Vae
2942 2303 3027 2359 his
3056 2305 3146 2375 qui
3181 2304 3383 2361 faciunt
3411 2322 3546 2375 opus
3581 2305 3756 2360 Domini

2216 2388 2582 2446 fraudulenter
2627 2402 2683 2447 et
2728 2393 2995 2450 desidiose
3022 2395 3242 2465 (Jerem.
3272 2412 3467 2463 nvut,
3496 2398 3618 2468 l0);
3659 2414 3676 2448 ι
3712 2406 3758 2450 u'.

2214 2481 2360 2535 enim
2386 2480 2740 2551 Quorumdam
2769 2484 3141 2556 episcoporum
3186 2487 3507 2543 detestanda
3536 2503 3757 2558 praesuta-

2214 2572 2329 2642 ptio
2359 2582 2543 2630 nostro
2576 2588 2635 2630 se
2683 2576 2845 2631 εαξιαί
2886 2576 3068 2632 intulit
3107 2578 3433 2645 dirimenda,
3478 2579 3756 2650 agnovimus

2215 2666 2474 2735 quosdam
2503 2667 2569 2722 de
2597 2668 2865 2739 episcopis
2898 2671 3039 2740 quod
3077 2671 3129 2725 in
3177 2670 3603 2727 solemnitatibus
3642 2686 3756 2725 mar-

2217 2764 2393 2827 tyrum
2423 2757 2489 2812 ad
2529 2758 2808 2814 ecclesiam
2847 2762 3181 2831 progressuri
3229 2762 3488 2832 reliquias
3523 2762 3648 2817 collo
3679 2774 3756 2815 suo

2216 2847 2511 2915 imponant,
2538 2856 2595 2901 ut
2621 2848 2839 2917 majoris
2865 2848 3042 2907 fastus
3061 2853 3199 2922 apud
3224 2852 3475 2907 homines
3511 2852 3664 2922 gloria
3690 2849 3750 2903 in-

2215 2945 2534 3004 tumescant,
2564 2941 2717 3008 quasi
2765 2942 2863 3010 ipsi
2899 2943 3007 2997 sint
3047 2943 3394 3013 reliquiarum
3437 2960 3577 3004 arca,
3614 2943 3753 2997 levita!

2216 3029 2352 3086 albis
2385 3031 2550 3086 induti
2580 3033 2633 3087 in
2655 3032 2858 3089 scllulis
2881 3049 2975 3089 eos
2995 3034 3295 3105 deportent.
3327 3035 3462 3104 Quae
3482 3033 3753 3091 detestanda

2216 3122 2563 3192 prtesumptio
2607 3122 2857 3194 abrogari
2886 3138 2985 3193 per
3009 3124 3185 3179 omnia
3216 3123 3394 3189 debet,
3424 3139 3494 3181 ne
3533 3124 3625 3179 sub
3655 3138 3753 3177 saa-

531 3206 748 3263 ludibrii
798 3209 900 3264 sui.
946 3208 1014 3263 Et
1060 3210 1180 3265 ideo
1222 3208 1383 3280 hujus
1423 3210 1642 3267 decreto
1683 3210 2114 3281 praesumptionis
2140 3203 2186 3267 C
2215 3212 2421 3267 etitatis
2466 3211 2647 3283 specie
2696 3212 2945 3268 simulata
2989 3214 3199 3269 vanitas
3242 3212 3355 3271 sola
3404 3213 3689 3286 praevaleat,
3717 3209 3753 3265 si

530 3314 763 3371 persona
794 3315 911 3370 quae
939 3299 1157 3357 sciendo
1193 3300 1371 3356 divina
1398 3315 1549 3367 vasa,
1578 3301 1663 3357 vel
1694 3301 1992 3357 ministeria
2021 3309 2115 3356 aut

532 3389 587 3444 in
617 3405 745 3445 usus
775 3390 1140 3456 transtulerit,
1170 3398 1265 3446 aut
1291 3390 1572 3446 comedere
1605 3392 1657 3447 in
1692 3392 1797 3457 bis,
1829 3391 1913 3446 vel
1943 3405 2111 3463 pocu-

532 3480 642 3535 lum
686 3482 786 3536 sibi
828 3483 1147 3538 sumendum
1185 3481 1439 3555 elegerit,
1480 3484 1678 3555 gradus
1719 3484 1801 3541 sui
1831 3484 1913 3539 vel
1956 3485 2114 3541 cilicii

532 3572 827 3642 pericubnn
857 3574 1160 3639 sustinebit,
1193 3574 1265 3629 ita
1298 3583 1478 3630 tamen
1507 3582 1565 3629 ut
1589 3574 1636 3629 si
1668 3574 1735 3630 de
1767 3575 2116 3631 srccularibus

533 3661 733 3729 fuerit,
787 3674 1046 3736 perpetua
1102 3665 1659 3722 excommunicatione
1689 3667 2019 3734 damnetur;
2067 3668 2119 3723 si

534 3769 665 3810 vero
691 3754 975 3825 religiosus
997 3756 1067 3810 ab
1091 3756 1266 3811 officio
1295 3756 1613 3826 deponatur.
1642 3755 1753 3813 Sub
1779 3757 1882 3813 bac
1902 3771 2118 3828 quoque

536 3847 903 3904 damnationis
939 3849 1209 3905 sententia
1274 3857 1334 3904 et
1387 3849 1459 3904 illi
1519 3849 1735 3905 olinoxii
1797 3851 2121 3905 tenebuntur

532 3936 901 3994 ecclesiastica
957 3946 1319 4003 ornamenta,
1362 3937 1443 3992 vel
1490 3937 1595 3993 alia
1653 3939 1904 4007 quaelibet
1958 3940 2113 3994 indu-

535 4038 752 4092 menta,
785 4039 947 4099 atque
988 4030 1151 4084 etiam
1193 4030 1443 4085 utensilia
1485 4031 1704 4087 sciendo
1741 4032 1793 4086 in
1824 4047 1951 4088 suos
1985 4048 2115 4089 usus

535 4119 942 4185 transtulerint,
973 4120 1057 4176 vel
1089 4120 1178 4175 alii
1199 4120 1442 4176 donanda
1462 4162 1477 4190 ,
1509 4120 1593 4177 vel
1633 4123 1909 4181 vendenda
1937 4126 2139 4193 credia

534 4209 735 4266 derint.
934 4252 943 4261 κ
992 4256 1015 4271 κ

607 4300 692 4355 Ill.
733 4300 996 4370 Quoniam
1030 4305 1248 4377 antiqua
1293 4304 1659 4362 ecclesiastica
1700 4306 2005 4364 noverimus
2038 4310 2118 4364 in-

540 4393 819 4450 stitutione
869 4396 1171 4465 pradixum,
1201 4406 1262 4451 ut
1293 4397 1470 4453 omnis
1516 4398 1770 4455 sacerdos
1820 4414 1940 4455 cum
1975 4401 2120 4455 ordi-

2214 3302 2431 3357 modum
2476 3317 2633 3358 suum
2663 3302 3082 3374 uniuscujusque
3107 3303 3315 3360 ordinis
3349 3296 3644 3361 reverentia
3667 3316 3751 3356 non

2217 3401 2493 3463 agnoscat,
2536 3399 2591 3447 et
2619 3392 2738 3448 ideo
2765 3394 2987 3463 antiqua
3015 3394 3067 3448 in
3120 3393 3225 3449 hac
3252 3401 3429 3464 parte,
3457 3402 3511 3447 et
3538 3388 3753 3447 solemnis

2216 3480 2550 3538 consuetudo
2571 3484 2901 3547 servabitur,
2927 3485 3061 3539 utin
3084 3484 3239 3539 festis
3259 3483 3566 3554 quibusque
3597 3481 3750 3537 diebus

2218 3586 2400 3629 arcam
2424 3573 2634 3629 Domini
2663 3589 2787 3629 cum
2816 3574 3057 3645 reliquiis
3081 3590 3186 3630 non
3213 3575 3475 3645 episcopi,
3504 3574 3591 3629 sed
3614 3571 3753 3626 levita!

2215 3663 2271 3718 in
2299 3663 2540 3720 humeris
2567 3673 2797 3735 gestent,
2836 3665 3034 3736 quibus
3086 3674 3140 3720 et
3184 3665 3239 3720 in
3266 3665 3441 3721 veteri
3480 3662 3613 3735 Lege
3641 3674 3749 3717 ones

2215 3755 2355 3812 idem
2382 3757 2691 3828 impositum
2728 3759 2976 3814 novimus
3016 3774 3138 3815 esse
3182 3768 3530 3830 praeceptum.
3561 3756 3692 3825 Quod
3714 3753 3749 3808 si

2214 3856 2269 3902 et
2291 3848 2580 3919 episcopus
2606 3848 2861 3919 reliquias
2887 3864 2985 3918 per
3008 3863 3068 3905 se
3096 3849 3384 3919 deportare
3424 3848 3645 3919 elegerit,
3666 3858 3748 3898 non

2214 3938 2332 4009 ipse.
2382 3955 2414 3993 a
2459 3939 2777 3996 diaconibus
2822 3940 2877 3995 in
2925 3940 3109 3996 sellula
3168 3940 3419 4006 vehatur,
3477 3940 3566 3995 sed
3604 3936 3749 4008 potius

2213 4029 2502 4099 pedisequa
2551 4044 2618 4085 eo
2655 4044 2761 4084 una
2809 4044 2933 4084 cum
2987 4029 3197 4100 populis
3238 4029 3605 4101 progressione
3646 4039 3746 4096 pro-

2214 4120 2438 4177 cedente
2489 4122 2555 4176 ad
2611 4120 2986 4177 conventicula
3050 4128 3362 4176 sanctarum
3440 4118 3746 4175 ecclesiarum

2215 4221 2417 4268 saneta:
2445 4211 2539 4268 Dei
2589 4211 2830 4283 reliquie:
2877 4224 2976 4281 per
2998 4210 3247 4265 eumdem
3274 4209 3578 4280 episc0pum
3604 4213 3746 4276 porta-

2217 4304 2449 4369 buntur;
2467 4300 2579 4371 jam
2603 4316 2732 4357 vero
2747 4301 2837 4372 qui
2855 4302 2970 4356 haec
2992 4300 3233 4355 instituta
3255 4300 3480 4355 sciendo
3498 4292 3745 4363 adimplere

2217 4395 2528 4459 distulerit,
2580 4393 2821 4465 quandiu
2863 4392 2918 4447 in
2975 4391 3108 4447 vitio
3148 4389 3311 4447 fuerit
3357 4404 3391 4445 a
3439 4380 3746 4446 sacriﬁcando

534 4494 717 4551 natur,
752 4486 932 4541 orario
970 4497 1197 4557 utroque
1223 4488 1449 4543 humero
1486 4488 1774 4553 ambiatur,
1814 4488 2019 4543 scilicet
2059 4498 2119 4542 ut
2146 4549 2183 4557 _
2220 4485 2474 4542 cessabit.

532 4577 627 4647 qui
676 4549 1447 4650 imperturbatus-praecipitur
1489 4549 1787 4634 consistere
1827 4580 1968 4634 inter
1995 4595 2119 4649 pro-
2146 4549 2195 4609 D
2291 4579 2377 4633 Vl.
2409 4578 2543 4633 Cum
2570 4576 2758 4634 beatus
2786 4575 3075 4647 Apostolus
3110 4589 3357 4646 arguere,
3386 4572 3653 4629 obsecrare
3679 4558 3742 4616 vel

533 4681 689 4735 spera
719 4675 775 4722 et
812 4668 1039 4723 adversa
1079 4670 1335 4723 virtutum
1375 4683 1587 4739 semper
1614 4678 1934 4723 ornamento
1966 4678 2115 4725 utro-

535 4758 695 4830 bique
728 4760 1121 4830 circumseptus
1157 4769 1411 4831 appareat
1451 4762 1676 4816 humero
1701 4800 1716 4823 ,
1766 4776 1869 4829 qua
1909 4762 2119 4817 ratione

535 4859 774 4923 tempore
799 4852 1053 4907 sacrificii
1076 4867 1181 4907 non
1205 4854 1431 4907 assumit
1451 4853 1595 4923 quod
1614 4868 1672 4907 se
1696 4851 1751 4907 in
1780 4850 2118 4910 sacramento

536 4946 813 5016 accepisse
860 4962 968 5001 non
1015 4944 1336 5001 dubitatur?
1382 4945 1615 5002 Proinde
1665 4946 1820 5001 nobis
1866 4946 2119 5001 omnibus

536 5036 809 5100 convenit,
837 5046 897 5090 ut
919 5038 1062 5108 quod
1088 5037 1318 5107 quisque
1344 5036 1587 5105 percepit
1625 5036 1678 5090 in
1707 5036 2113 5092 consecratione

534 5127 779 5192 honoris,
806 5128 909 5183 hoc
931 5129 1161 5185 retineat
1187 5136 1242 5185 et
1267 5128 1319 5183 iu
1347 5128 1638 5194 oblatione,
1662 5127 1747 5183 vel
1771 5129 2112 5198 perceptione

534 5230 647 5270 sua:
675 5215 884 5284 salutis,
927 5219 1134 5275 scilicet
1161 5228 1220 5274 ut
1267 5234 1389 5275 cum
1436 5220 1689 5275 sacerdos
1733 5221 1801 5274 ad
1849 5219 2111 5275 solemnia

532 5307 822 5363 missarum
862 5309 1092 5373 accedit,
1123 5318 1214 5364 aut
1245 5310 1358 5379 ipse
1402 5308 1513 5365 Deo
1545 5308 1869 5365 sacrificium
1902 5309 2112 5363 oblatu-

531 5411 651 5464 rus,
700 5407 790 5453 aut
819 5410 1217 5455 sacramentum
1239 5402 1482 5472 corporis
1507 5409 1560 5456 et
1582 5401 1860 5472 sanguinis
1898 5400 2108 5455 Domini

534 5493 706 5548 nostri
740 5491 866 5547 Jesu
916 5491 1118 5548 Christi
1161 5503 1492 5565 sumpturus,
1531 5509 1636 5549 non
1668 5493 1824 5548 aliter
1867 5496 2112 5558 accedat,

534 5599 699 5651 quam
720 5586 902 5640 orario
927 5594 1154 5656 utroque
1180 5587 1407 5641 bmnero
1448 5589 1860 5657 circumseptus,
1889 5585 2032 5640 sicut
2057 5593 2113 5640 et

535 5685 777 5746 tempore
814 5677 1170 5732 ordinationis
1213 5691 1324 5731 sum
1371 5678 1703 5747 dignoscitur
1742 5686 2113 5740 consecratus,

535 5764 610 5819 ita
641 5774 701 5819 ut
724 5766 791 5821 de
840 5783 946 5821 ttno
999 5767 1297 5837 eodemque
1319 5766 1501 5821 orario
1527 5766 1792 5823 cervicem
1830 5766 2034 5837 pariter
2060 5774 2116 5820 et

537 5862 822 5924 utrumque
854 5856 1133 5912 humerum
1165 5873 1415 5928 premens
1445 5857 1651 5929 signum
1686 5859 1735 5912 in
1770 5874 1865 5914 suo
1897 5866 2113 5927 pectore

2221 4672 2506 4741 increpare
2542 4670 2594 4725 in
2624 4670 2770 4726 omni
2815 4667 3076 4739 patientia
3126 4665 3426 4736 praecipiat,
3451 4672 3593 4719 extra
3634 4657 3741 4752 hanc

2217 4763 2518 4818 doctrinam
2581 4760 2833 4815 novimus
2877 4756 3138 4826 quosdam
3194 4770 3264 4811 ex
3317 4752 3568 4807 fratribus
3616 4752 3742 4798 tanta

2217 4853 2454 4910 caedibus
2485 4851 2539 4906 in
2568 4852 2855 4906 honoratos
2882 4847 3268 4912 ell‘erveseere,
3294 4853 3520 4915 quantas
3542 4837 3741 4926 poterant

2217 4942 2652 5001 latrocinantium
2705 4939 3003 5010 promereri
3054 4950 3319 5006 personui.
3391 4933 3460 4988 Et
3518 4930 3625 4984 ideo
3670 4932 3738 4989 (tu!

2217 5036 2417 5109 gradus
2427 5033 2540 5102 jam
2570 5031 2962 5088 ecclesiasticos
2984 5033 3318 5090 meruerunt,
3346 5023 3401 5079 id
3434 5010 3737 5109 εειίρτθεδῖῖ

2218 5102 2341 5191 teri,
2372 5124 2595 5180 abbates
2621 5130 2676 5177 et
2719 5121 2914 5185 levitas,
2949 5118 3042 5189 qui
3086 5124 3317 5186 excepto
3357 5107 3665 5184 gravioribus
3697 5102 3738 5150 el

2218 5216 2536 5273 mortalibus
2549 5215 2741 5286 culpis,
2760 5213 2923 5269 nullis
2937 5212 3135 5267 debent
3146 5208 3459 5264 verberibus
3477 5198 3732 5286 subjacete;

2218 5322 2325 5363 non
2350 5317 2435 5363 est
2456 5282 2672 5376 dignum
2717 5313 2775 5358 ut
2807 5303 3005 5373 passim
3031 5300 3397 5369 unusquisque
3422 5291 3645 5367 praelatus
3661 5282 3732 5335 lto.

2218 5398 2481 5454 norabilia
2518 5397 2757 5452 membra
2786 5410 2907 5458 sua,
2934 5400 3095 5463 prout
3122 5389 3354 5445 voluerit
3387 5395 3440 5441 et
3484 5383 3530 5438 ei
3565 5377 3732 5447 placue-

2216 5489 2306 5553 rit,
2345 5488 2659 5545 verberibus
2689 5484 2937 5553 subjiciat
2965 5493 3020 5537 et
3055 5480 3248 5543 dolori,
3297 5494 3363 5532 ne
3407 5475 3523 5529 dum
3566 5466 3733 5559 iocati-If

2218 5547 2432 5636 subdita
2476 5577 2709 5649 percutit
2740 5547 3002 5637 membra,
3036 5573 3148 5641 ipse
3180 5582 3393 5640 quoque
3427 5562 3632 5649 debitam
3654 5547 3727 5649 sibi

2217 5636 2555 5730 subditorum
2598 5665 2956 5722 reverentiam
2986 5636 3459 5728 subtrahat,‘juxta
3495 5636 3728 5740 illud

2219 5764 2435 5836 quidam
2456 5760 2670 5830 sapiens
2698 5756 2861 5811 dixit:
2887 5754 3099 5810 Leniter
3119 5754 3411 5821 castigatus
3435 5738 3726 5836 reverentqu

2218 5830 2434 5911 exhibet
2462 5850 2775 5921 castiganti;
2808 5847 3098 5918 asperitate
3122 5851 3299 5898 autem
3342 5837 3507 5893 nimia:
3533 5830 3724 5889 ἱπποκρα-
