3820 5318
4 438 27 472 1

55 254 188 313 503

1252 256 1743 323 mensuum
1778 239 2179 320 COLLECTIO.

3231 257 3341 318 593

52 372 163 435 tio,
182 385 292 428 nec
313 370 731 444 inerepatiouem
757 369 947 443 recipit
968 381 1069 428 nec
1088 372 1340 429 salutem.
1370 374 1438 427 Et
1467 373 1588 429 ideo
1606 371 1653 427 si
1683 375 1729 434 Α
1757 382 1812 428 et
1835 390 1903 429 ex
1936 375 2040 431 hoc
2062 372 2448 430 ecclesiasticis
2479 371 2641 431 rebus
2678 380 2772 428 aut
2794 373 3096 445 neglectum
3132 373 3347 430 laboris

48 465 189 530 quis
213 464 383 519 aliter
411 478 573 534 quam
621 463 825 520 dictum
868 473 952 521 est
979 465 1266 535 praedictos
1310 463 1657 520 honorabiles

47 556 323 611 subditos
357 556 572 621 licentia
614 564 884 626 percepta:
906 556 1187 627 potestatis
1214 556 1419 621 elatus,
1455 554 1655 610 malitia

47 652 285 699 tantum
313 647 600 701 crediderit
623 646 1007 712 verberandos,
1031 646 1186 716 juxta
1214 648 1432 703 modum
1466 647 1660 702 verbe-

44 749 183 787 rum
232 751 402 805 quem
433 736 696 803 intulerit,
725 738 1343 794 excommunicatiouem
1373 738 1580 808 pariter
1601 742 1660 791 et

43 826 246 882 exsilii
279 829 601 884 sententiam
626 830 941 899 sustinebit.

122 920 248 975 VH.
286 922 424 989 Quia
474 937 581 977 non
616 923 852 992 expedit,
889 931 949 978 ut
986 924 1186 980 donum
1218 921 1391 979 sancti
1419 919 1657 991 Spiritus

44 1013 315 1079 pecuniis
335 1021 701 1084 comparetur,
729 1029 1040 1086 quanquam
1069 1029 1139 1070 ex
1166 1014 1270 1070 hoc
1309 1012 1655 1082 antiquorum

43 1117 341 1161 cinouum
379 1106 675 1175 disciplinae
709 1114 966 1163 maneant
1012 1106 1261 1170 diversa,
1300 1114 1481 1160 tamen
1526 1103 1653 1174 quia

43 1210 293 1251 necesse
338 1206 421 1254 est
464 1206 524 1251 ut
570 1196 910 1267 frequentius
967 1195 1291 1251 retundatur
1333 1194 1476 1263 quod
1534 1193 1652 1248 sine

41 1284 471 1341 intermissione
494 1287 860 1356 praesumitur,
900 1286 1023 1341 ideo
1055 1284 1276 1340 novella:
1308 1284 1469 1354 hujus
1497 1282 1653 1337 insti-

46 1376 300 1431 tutionis
330 1376 616 1431 formulam
653 1377 995 1433 instituentes
1042 1376 1403 1436 decernimus,
1426 1374 1654 1445 quicun-

40 1482 163 1536 que
224 1483 330 1537 pro
374 1467 703 1524 conferendo
742 1469 994 1539 cuiquam
1033 1467 1302 1524 sacerdoti
1330 1466 1519 1537 gradu,
1561 1474 1657 1521 aut

40 1574 264 1613 munus
288 1560 648 1630 quodcunque
684 1569 778 1615 aut
808 1560 1199 1629 promissiones
1245 1558 1486 1613 muneris
1506 1564 1657 1612 ante-

40 1661 224 1715 quam
247 1648 531 1703 ordiuetur
555 1649 847 1718 acceperit,
876 1649 963 1706 vel
985 1650 1148 1705 etiam
1188 1656 1472 1719 postquam
1500 1647 1654 1703 ordi-

1757 470 2016 531 exhibuit,
2044 477 2136 524 aut
2160 468 2593 533 minorationem,
2616 467 2701 525 vel
2714 468 3069 538 perditionem
3096 468 3337 533 induxit,

1757 562 2014 631 quidquid
2058 562 2115 616 in
2150 562 2311 617 rebus
2353 560 2597 618 ecclesiae
2637 562 2831 617 minuit
2862 561 2937 616 illi
2970 561 3239 627 restituat,
3266 575 3336 617 ex

1757 652 1910 721 cujus
1932 652 2093 707 rebus
2111 659 2270 721 atque
2290 651 2558 720 suffragiis
2583 666 2710 707 suos
2731 652 3010 708 convictus
3035 651 3196 707 fuerit
3221 666 3339 705 am-

1756 741 1953 811 pliasse
1973 740 2202 796 labores.
2224 739 2376 806 Quod
2407 741 2451 795 si
2479 739 2639 813 146
2660 740 2861 811 aliquid
2893 756 2991 809 pro
3011 740 3337 795 utilitatibus

1757 829 1999 885 ecclesiae
2027 837 2122 883 aut
2163 828 2480 885 substantiae
2503 831 2778 901 expendit,
2802 840 2896 887 aut
2926 831 3219 902 dispendii,
3249 829 3339 887 vel

1757 921 2072 992 perditionis
2092 921 2364 992 quippiam
2396 922 2537 988 tulit,
2560 923 2606 977 si
2645 923 2748 978 hoc
2779 924 3119 995 comprobari
3147 934 3337 994 potue-

1760 1013 1850 1075 rit.
1887 1020 2055 1067 totum
2098 1012 2169 1066 illi
2198 1028 2230 1066 a
2275 1014 2439 1068 rebus
2466 1013 2712 1071 ecclesiae
2746 1013 2986 1083 ejusdem
3014 1014 3330 1071 reformabi-

1760 1111 1871 1167 tur,
1907 1116 2006 1172 pro
2032 1100 2187 1171 cujus
2213 1102 2538 1159 utilitatibus
2588 1104 2639 1159 id
2683 1103 3006 1175 expendisse
3044 1105 3330 1175 probatur.

1757 1190 1978 1248 Gratias
2035 1191 2220 1260 itaque
2246 1189 2610 1262 Omnipotenti
2661 1182 2987 1263 pera‘ginius,
3040 1201 3164 1262 post
3218 1194 3334 1249 haec

1757 1282 1830 1338 sit
1854 1296 1977 1350 pax,
2017 1281 2183 1344 salus,
2228 1291 2284 1337 et
2320 1282 2646 1337 diuturnitas
2688 1282 2955 1353 piissimo,
3005 1295 3062 1339 et
3102 1285 3331 1340 amatori

1756 1373 1958 1430 Christi
1981 1374 2199 1427 domino
2233 1381 2419 1428 nostro
2444 1372 2747 1428 Wambano
2771 1373 2910 1444 regi,
2937 1372 3092 1444 cujus
3118 1373 3334 1429 devotio

1756 1479 1857 1519 nos
1884 1464 1951 1518 ad
1994 1463 2097 1518 hoc
2126 1464 2403 1518 decretum
2447 1463 2785 1519 salutiferum
2814 1463 3153 1527 convocavit,
3191 1464 3332 1520 divi-

1756 1569 1879 1610 nam
1903 1552 2233 1625 postulantes
2252 1553 2611 1616 clementiam,
2631 1563 2689 1607 ut
2705 1553 2875 1625 gloria
2890 1551 3092 1608 Christi
3109 1565 3334 1622 regnum

1754 1647 1870 1716 ejus
1898 1648 2214 1702 corroboret
2240 1662 2412 1718 usque
2442 1646 2508 1701 ad
2534 1647 2778 1701 ultimam
2805 1654 3165 1713 senectutem,
3189 1661 3335 1716 pnu-

40 1750 220 1795 uatus
252 1740 421 1797 fuerit
446 1743 497 1796 in
529 1743 715 1814 aliquo
753 1760 811 1800 se
838 1760 938 1815 pro
966 1745 1069 1800 hoc
1100 1746 1219 1816 ipso
1247 1744 1650 1814 prmsumpserit
1679 1744 1725 1804 B
1752 1749 1929 1796 stante
1952 1740 2088 1810 ipso,
2112 1740 2201 1810 qui
2232 1753 2353 1793 cum
2383 1738 2544 1794 Patre
2567 1746 2622 1794 et
2649 1738 2852 1809 Spiritu
2894 1746 3083 1794 sancto
3120 1736 3255 1791 vivit
3277 1744 3334 1791 et

40 1832 367 1895 munerari,
412 1832 526 1887 sive
548 1832 642 1903 qui
681 1834 913 1899 dederit,
949 1834 1065 1890 sive
1114 1834 1204 1888 ille
1231 1834 1322 1903 qui
1353 1833 1645 1903 acceperit,

1748 1833 2011 1905 gloriatur
2059 1833 2115 1887 in
2165 1832 2432 1886 Trinitate
2455 1829 2618 1895 Deus,
2664 1831 2717 1885 iu
2762 1830 2958 1886 szeeula
2984 1828 3327 1885 seculorum.

38 1920 206 1987 juxta
250 1924 579 1979 sententiam
615 1924 1033 1982 Calcedoneusis
1060 1926 1299 1992 concilii,
1323 1926 1520 1999 gradus
1563 1925 1649 1981 sui
1747 1924 1941 1979 Amen.
1990 1922 2277 1991 Leodigius
2324 1921 2379 1975 in
2409 1920 2612 1977 Christi
2643 1920 2861 1975 nomine
2889 1921 3175 1990 episcOpus
3204 1916 3331 1973 sub-

37 2012 361 2081 periculum
392 2015 700 2073 sustinebit.

124 2100 265 2156 VIII.
296 2102 414 2159 Non
445 2105 600 2161 decet
630 2117 871 2164 rectores
892 2108 1136 2165 ecclesia:
1157 2109 1210 2164 in
1237 2110 1349 2165 suis
1370 2116 1644 2173 strenuos,

37 2203 99 2246 et
131 2192 191 2247 in
220 2194 609 2253 ecclesiasticis
664 2199 825 2254 rebus
857 2213 978 2254 esse
1023 2199 1299 2256 remissos.
1342 2197 1479 2255 Nam
1506 2213 1643 2269 quo-

41 2285 307 2339 rumdam
339 2285 514 2341 fertur
550 2288 733 2359 opinio
755 2290 896 2360 quod
940 2291 1157 2361 quidam
1185 2291 1523 2347 sacerdotum
1566 2290 1649 2345 fa-

40 2373 238 2429 milias
287 2375 533 2432 ecclesia:
574 2378 655 2434 sic
691 2379 744 2433 iu
793 2380 907 2436 suis
951 2380 1229 2438 laboribus
1254 2390 1537 2451 quassent,
1563 2382 1642 2438 rei

38 2466 290 2534 propriae
315 2466 618 2537 profectum
647 2481 926 2542 augentes,
952 2473 1244 2529 Dominicis
1266 2489 1397 2530 vero
1428 2475 1646 2543 dispen-

38 2553 201 2607 dium
244 2556 566 2616 nutrientcs.
594 2557 747 2614 Unde
771 2561 1080 2634 quicunque
1123 2562 1224 2617 sub
1256 2561 1359 2617 hoc
1398 2562 1643 2633 neglectu

38 2657 140 2696 res
164 2643 384 2699 divinas
405 2644 653 2703 laborare
674 2648 947 2705 distulerit
967 2651 1167 2721 placito
1188 2652 1648 2722 specialidistrin—

38 2734 265 2803 geudus
315 2746 438 2803 est,
489 2739 724 2808 qualiter
768 2742 812 2798 si
863 2743 932 2799 de
978 2744 1142 2800 rebus
1196 2759 1291 2800 seu
1335 2746 1642 2816 augmentis

37 2822 301 2880 ecclesia:
342 2825 425 2881 sic
448 2837 709 2897 quaestum
749 2830 1027 2887 laboribus
1064 2833 1178 2889 suis
1204 2833 1424 2903 proprie
1467 2835 1637 2898 auxit,

1745 2015 1956 2086 scripsi.
1979 2014 2227 2070 Julianus
2249 2012 2301 2065 in
2324 2010 2525 2066 Christi
2551 2009 2766 2065 nomine
2780 2009 3066 2079 episcopus
3090 2006 3332 2063 subscri-

1752 2108 1856 2180 psi.
1889 2107 2175 2164 Cenitivus
2211 2106 2265 2160 in
2291 2103 2491 2160 Christi
2530 2102 2745 2158 nomine
2784 2100 3055 2156 'l‘udensis
3083 2099 3331 2155 ecclesia:

1751 2200 2035 2269 episcopus
2058 2195 2377 2267 subscripsi.
2405 2194 2701 2250 Froaricus
2738 2194 2850 2248 Deo
2871 2190 3096 2260 jubente
3141 2190 3335 2245 Portu-

1750 2292 1985 2363 galensis
2011 2289 2252 2346 ecclesia:
2277 2288 2561 2358 episcopus
2586 2284 2705 2341 sub.
2748 2285 2875 2340 Beia
2920 2284 2972 2339 in
3003 2283 3203 2340 Christi
3231 2297 3330 2337 no-

1751 2383 1896 2437 mine
1925 2380 2300 2436 Brittaniensis
2334 2378 2620 2448 episcopus
2644 2376 2892 2433 ecclesia:
2943 2375 3063 2430 sub.
3098 2373 3333 2428 Isidorus

1751 2473 2064 2529 Asturensis
2085 2471 2327 2528 ecclesiae
2350 2470 2635 2541 episcopus
2665 2469 2786 2524 sub.
2812 2466 3025 2521 Alarius
3052 2464 3334 2520 Auresinze

1750 2564 1991 2621 ecclesia:
2011 2563 2293 2634 episcopus
2316 2561 2435 2616 sub.
2452 2558 2787 2631 Rectogerus
2801 2556 3062 2613 Lucensis
3084 2554 3328 2611 ecclesia:

1750 2655 2033 2725 episcopus
2080 2651 2396 2721 subscripsi.
2452 2649 2784 2719 Hidulpbus,
2835 2649 2928 2719 qui
2978 2644 3331 2717 cognominor

1749 2745 1921 2811 Felix,
1962 2742 2229 2800 iliriensis
2251 2740 2497 2799 ecclesiae
2528 2739 2811 2811 episcopus
2833 2736 3149 2808 subscripsi.

1097 2921 1331 2991 Explicit
1354 2923 1641 2978 concilium
1668 2910 2031 2980 Brarcarens'c
2063 2922 2303 2979 tertium.

822 3062 3328 3097 W

836 3209 1181 3267 lNCll’lUNT
1219 3207 1563 3267 CAPlTULA
1594 3208 1885 3266 CONCiLll
1925 3204 2297 3262 SPALENSIS
2329 3204 2540 3260 PRlMl.

121 3380 181 3435 1.
219 3378 297 3433 De
337 3380 564 3436 concilio
608 3378 852 3450 Spalensi
888 3384 956 3437 ad
1004 3382 1286 3453 Pegasium
1329 3383 1637 3453 episcopum
1674 3383 1859 3437 missa.

124 3471 187 3525 2.
238 3470 319 3525 De
359 3469 640 3540 mancipiis
672 3469 927 3527 Ecclesiae
973 3472 1042 3527 ab
1090 3474 1340 3545 episcopo
1385 3472 1646 3544 proximis
1679 3471 1793 3528 suis
1814 3469 2042 3527 collatis.

117 3563 179 3620 ὅ.
216 3563 296 3621 De
325 3565 534 3621 clericis
561 3579 685 3621 cmn
712 3563 908 3636 quibus
934 3562 1188 3618 mulieres
1208 3563 1541 3619 cohabitant.

980 3721 1225 3778 INCIPIT
1261 3721 1632 3779 CONCILIUM
1673 3719 2029 3777 SPALENSE
2070 3718 2360 3776 PRIMUM.

119 3853 362 3909 Domino
392 3862 576 3910 sancto
615 3861 670 3909 et
711 3862 1023 3909 reverenter
1064 3871 1093 3908 a
1146 3855 1299 3909 nobis
1331 3853 1644 3909 honorando
1673 3838 1716 3898 C
1748 3869 1853 3925 quo
1882 3854 2040 3908 modo
2066 3853 2134 3908 ab
2176 3854 2401 3910 ecclesia
2434 3854 2727 3920 transtulit,
2758 3854 2967 3908 irritum
3014 3853 3325 3909 haberetur.

39 3943 382 3999 ebarissimo
417 3943 569 3998 fratri
599 3942 831 3999 PECASIO
860 3945 1133 4014 episcopo,
1170 3945 1432 4007 Leander,
1478 3942 1644 3999 Joan-

40 4047 176 4095 nes,
208 4032 467 4102 Agapius,
493 4031 824 4102 Stephanus,
856 4033 1105 4098 Basilius,
1134 4033 1374 4097 Velatus,
1395 4034 1642 4097 Fintitio,

39 4132 102 4176 et
126 4121 353 4188 Petrus,
382 4123 642 4194 episcOpi,
690 4125 782 4193 qui
809 4124 861 4178 in
887 4141 993 4179 una
1023 4123 1156 4179 urbe
1203 4124 1448 4188 Spalensi
1478 4124 1642 4179 adsu-

43 4228 201 4268 mus.
257 4210 614 4268 Sanctitatem
646 4220 792 4268 tuam
827 4215 1106 4269 cbaritatis
1133 4214 1310 4269 studio
1354 4213 1647 4269 salutantes

40 4320 348 4374 precamur
391 4306 676 4361 Dominum
724 4307 817 4375 qui
866 4322 965 4362 nos
996 4307 1062 4361 de
1090 4307 1260 4361 salute
1308 4314 1512 4369 mutua,
1560 4303 1645 4358 vel

42 4397 267 4451 visione
292 4395 564 4452 lzetilicarc
589 4398 841 4469 dignatur
866 4407 918 4454 te
940 4399 1118 4453 laetum
1152 4398 1321 4453 multo
1362 4408 1647 4454 conservet

41 4487 101 4542 in
125 4497 398 4558 tempore.

115 4577 256 4633 Car.
304 4578 346 4631 l.
386 4577 593 4634 Interea
645 4580 1064 4636 consedcntibus
1110 4580 1265 4636 nobis
1302 4581 1354 4634 in
1404 4577 1643 4634 Ecclesia

46 4667 314 4738 Spalensi
377 4678 560 4723 sancta
625 4668 961 4725 Hierusalem
1027 4669 1188 4724 breve
1256 4668 1643 4739 mancipiorum

46 4757 311 4813 ecclesia:
358 4773 478 4828 qure
521 4759 781 4814 liberasse
829 4759 975 4813 visus
1006 4758 1181 4814 fuerat
1223 4758 1475 4814 decessor
1523 4765 1646 4810 tuus

47 4859 268 4905 sancta:
324 4851 714 4906 recordationis
759 4849 1091 4905 Gaudentius
1136 4850 1438 4921 episc0pns,
1481 4846 1646 4903 vestri

42 4942 212 4995 nobis
241 4940 454 4995 diaconi
481 4940 812 5005 obtulerunt,
848 4948 1034 4995 etnon
1065 4941 1238 4996 solum
1282 4955 1402 5010 qua:
1447 4939 1644 4994 libera-

45 5041 212 5087 verat
258 5031 457 5085 ibidem
494 5031 826 5102 relegimus,
873 5032 966 5086 sed
1013 5033 1174 5087 etiam
1220 5047 1339 5101 qua:
1387 5028 1649 5104 proximis

50 5127 174 5170 cui:
199 5126 271 5170 de
298 5124 511 5170 famulis
553 5124 803 5170 ecclesiae.
846 5125 1137 5170 rlnnnvemt
1166 5125 1218 5170 in
1261 5127 1447 5170 tandem
1494 5122 1646 5170 lirmii

1746 3945 1814 3999 Et
1856 3945 1975 3999 ideo
2015 3946 2059 4000 si
2109 3960 2195 4001 res
2249 3947 2594 4016 prtecessoris
2640 3946 2719 4000 tui
2761 3944 3043 4001 Gaudentii
3093 3944 3329 4014 episcopi

1745 4036 1974 4092 ecclesia
2023 4046 2203 4092 vestra
2252 4052 2357 4091 non
2407 4037 2667 4107 possidet,
2700 4036 2851 4091 liberi
2883 4037 2975 4105 qui
3014 4037 3084 4091 ab
3111 4050 3176 4090 eo
3200 4035 3326 4091 facti

1746 4136 1908 4194 sunt,
1938 4142 2042 4182 non
2076 4139 2219 4184 sunt
2252 4128 2487 4201 legitime
2534 4127 2785 4185 absoluti.
2832 4128 3097 4183 Cmterum
3148 4129 3192 4183 si
3243 4141 3332 4182 res

1746 4219 1886 4274 illius
1917 4219 1969 4272 in
1996 4220 2485 4288 compensationem
2509 4219 2751 4273 ecclesiae
2775 4226 2968 4273 vestra:
3000 4217 3328 4284 deserviunt,

1747 4309 1821 4362 illi
1850 4325 2072 4379 prorsus
2097 4317 2352 4363 maneant
2382 4307 2556 4363 liberi.
2590 4307 2723 4362 Nam
2767 4307 2848 4378 (ut
2883 4307 3195 4376 praedictum
3225 4307 3329 4375 est)

1746 4398 1790 4451 si
1821 4399 2117 4465 prtestitum
2150 4399 2216 4453 de
2242 4398 2405 4452 rebus
2445 4398 2556 4452 suis
2584 4412 2690 4452 non
2722 4395 2848 4450 fecit
2871 4436 2887 4461 ,
2935 4393 3037 4448 tale
3077 4394 3329 4447 damnum

1745 4491 1932 4560 utique
1947 4490 2090 4545 ferre
2106 4504 2211 4543 non
2227 4489 2429 4544 debuit.
2461 4489 2748 4559 Pmpterea
2762 4501 2891 4555 ergo
2903 4486 2968 4539 de
2982 4500 3087 4538 uno
3101 4496 3331 4537 consen~

1746 4595 1808 4635 su
1827 4592 2016 4633 omnes
2028 4578 2412 4649 significamus,
2430 4578 2601 4648 magis
2617 4576 2902 4630 lmmanius
2916 4587 3076 4643 quam
3093 4572 3335 4627 severius

1745 4671 2066 4739 cogitantes,
2097 4681 2159 4725 ut
2186 4671 2238 4724 bi
2270 4684 2408 4740 quos
2445 4676 2658 4725 constat
2690 4666 2779 4720 tali
2809 4665 3118 4720 conditione
3161 4660 3328 4716 fuisse

1746 4762 2003 4817 liberatos
2053 4762 2106 4816 in
2146 4762 2269 4832 jure
2318 4761 2563 4817 ecclesia:
2604 4767 2864 4812 maneant
2915 4764 2978 4810 ut
3023 4752 3232 4817 idonei,
3281 4761 3337 4807 et

1748 4854 2015 4922 peculium
2046 4868 2203 4907 suum
2236 4866 2339 4907 non
2371 4852 2491 4905 aliis
2513 4848 2783 4920 personis,
2830 4849 2925 4903 sed
2971 4854 3175 4901 tantum
3214 4843 3341 4899 ﬁliis

1747 4943 1862 4998 suis
1912 4943 2322 5014 derelinquant,
2374 4941 2506 5011 ipsis
2542 4951 2758 5008 quoque
2804 4938 2931 4994 filiis
2957 4946 3014 4992 et
3058 4934 3346 5002 nepotibus

1750 5046 1873 5087 cum
1899 5032 2125 5104 peculiis
2154 5034 2392 5101 ipsorum
2419 5027 2569 5099 quasi
2607 5024 2825 5082 idoneis
2853 5031 2905 5084 in
2944 5027 3064 5097 jure
3106 5022 3352 5078 ecclesia:

1749 5124 2191 5170 nermmmntihns
2220 5122 2273 5170 in
2301 5129 2614 5170 extraneum
2636 5113 2718 5168 eis
2744 5132 2863 5170 non
2891 5122 3045 5170 liceat
3066 5128 3357 5170 personam
