3820 5318
465 261 568 319 aus
1297 263 1579 320 avreus.
1624 265 1714 318 AD
1755 264 1927 320 suae.
1960 264 2046 320 ιχ.
2090 297 2158 306 -
2193 266 2444 323 tsmom
2484 267 2920 328 MERCATORIS
3607 279 3688 338 stu

465 374 691 433 ecclesia
732 384 908 431 vestra
961 375 1165 446 absque
1201 375 1379 445 aliqua
1429 375 1761 446 oppositione
1799 379 2040 448 recipiat.
2077 383 2120 438 A
2149 377 2301 432 cialis
2327 386 2596 444 coerceat,
2628 379 2752 435 dato
2783 387 2960 437 tamen
2988 383 3058 438 ab‘
3087 381 3292 440 eisdem
3331 380 3596 452 iudicibus
3628 401 3692 442 ia-

466 471 616 527 Ilanc
644 469 868 526 formam
897 486 1002 525 non
1031 469 1202 525 solum
1245 478 1459 539 vestra,
1500 471 1602 526 hoc
1631 479 1713 525 est
1740 470 2042 540 Astigitana
2145 477 2422 522 cremento
2442 468 2707 540 episcopis
2729 510 2744 535 ,
2780 479 2841 526 ut
2867 486 2959 527 eas
2985 471 3198 528 clericis
3236 473 3383 528 nulla
3415 482 3530 527 arte
3571 477 3696 530 resti-

461 557 713 619 servabit
775 563 1020 627 ecclesia,
1080 563 1173 618 sed
1223 570 1276 617 et
1309 577 1496 617 omnes
1547 562 1638 630 qui
1691 577 1789 633 per
1831 578 2046 619 omnem
2149 565 2345 621 illam;
2397 558 2540 628 quod
2579 559 2624 612 Si
2673 559 3026 627 restituerint,
3076 562 3176 631 ipsi
3218 561 3436 630 iudices
3470 566 3698 621 sentcntia

469 654 717 710 Baeticam
749 655 1076 724 provinciam
1109 653 1200 707 tali
1225 652 1534 708 conditione
1558 652 1638 706 vel
1663 661 1809 706 sorte
1841 653 1908 708 de
1929 652 2049 722 jure
2147 650 2720 706 excommunicationis
2765 651 3047 707 feriantur.
3102 653 3421 710 Mulieribus
3463 669 3586 710 vero
3621 655 3700 712 illis

470 745 710 801 ecclesia:
738 751 1140 808 commearunt,
1187 742 1299 812 pari
1350 742 1632 796 sententia:
1675 741 2048 810 subjacebnnt.
2142 740 2295 811 juxta
2318 741 2526 810 priores
2551 755 2786 797 canones
2809 757 2840 797 a
2864 743 3144 799 sacerdote
3169 744 3479 809 distractis,
3510 745 3699 814 pretium

476 836 681 892 Durum
699 843 782 888 est
807 835 950 888 enim
979 833 1140 904 atque
1170 835 1550 905 irreligiosum,
1577 845 1634 889 ut
1655 836 1938 906 episcOpus
1958 836 2050 906 qui
2149 845 2334 887 earum
2366 829 2726 899 indigentibus
2756 831 3128 902 dispensatur;
3161 849 3283 904 quae
3322 842 3530 889 statuta
3571 848 3700 888 manu
3794 829 3795 906 ι

472 924 852 981 ecclesiasticis
885 923 1164 995 stipendiis
1189 925 1344 990 vivit,
1383 935 1437 980 et
1465 926 1849 996 proprietatem
1897 942 2051 982 suam
2151 929 2338 976 nostra
2384 919 2818 989 subscripsimus,
2850 922 2972 977 data
2997 924 3066 978 ad
3100 924 3457 978 sanctitatem
3507 933 3702 978 vestra
3794 919 3795 996 ᾖ

471 1013 640 1070 lucris
668 1013 908 1068 ecclesiae
931 1013 1152 1069 minime
1189 1013 1420 1081 confert,
1447 1014 1673 1070 aliorum
1699 1009 1992 1072 oblationes
2021 1031 2051 1071 a
2151 1013 2239 1069 die
2265 1012 2500 1068 secundo
2531 1011 2710 1068 Nonas
2737 1013 3076 1080 Novembris,
3119 1031 3262 1072 anno
3299 1017 3502 1086 quinto
3527 1014 3704 1086 gloritsi
3794 1049 3795 1088 ι

497 1119 594 1162 ure
624 1104 993 1158 ecclesiastico
1020 1106 1214 1174 privet.

549 1195 634 1250 Ill.
668 1195 814 1249 inter
856 1204 1048 1250 caetera
1080 1212 1209 1252 vero
1240 1200 1542 1269 cognoscite
1581 1215 1611 1253 a
1652 1201 1804 1255 nobis
1833 1201 1936 1256 hoc
1963 1201 2052 1256 de-

485 1287 697 1342 ﬁnitum
745 1301 843 1355 pro
905 1287 1182 1343 abolendis
1231 1290 1457 1344 maculis
1526 1291 1844 1346 clericorum
1873 1331 1888 1358 ,
1930 1291 2057 1361 quia

478 1374 695 1446 quidam
746 1375 1116 1446 episcoporum
1164 1393 1268 1432 non
1323 1378 1672 1433 observantes
1722 1394 1891 1449 nuper
1937 1380 2059 1435 edi-

485 1474 632 1520 ctum
663 1465 876 1519 concilii
911 1465 1152 1522 Toletani
1203 1469 1474 1523 decretmn
1530 1470 1705 1524 minus
1752 1469 1966 1526 solliciti
2005 1472 2058 1526 in

485 1552 742 1622 subjectis
780 1554 1037 1619 existunt,
1067 1557 1269 1626 placuit
1314 1557 1536 1628 proinde
1588 1568 1644 1613 ut
1692 1559 1734 1614 si
1761 1559 2058 1632 presbyter,

486 1642 696 1698 diaconi
717 1644 798 1699 vel
819 1645 1000 1701 clerici
1021 1648 1290 1703 consortia
1317 1657 1692 1704 extranearum
1715 1650 2058 1718 fetninarum,

2214 1661 2324 1700 .nus
2352 1645 2493 1701 hanc
2536 1647 2975 1704 constitutionem
3009 1650 3216 1704 ﬁrmavi
3261 1657 3318 1704 et
3349 1648 3481 1704 sub.
3528 1646 3714 1702 Basilius

484 1734 570 1791 vel
597 1735 907 1792 ancillarum
938 1737 1354 1795 familiaritatem
1376 1757 1472 1812 per
1509 1745 1802 1799 sacerdotis
1838 1745 1917 1800 sui
1968 1745 2062 1800 ad—
2097 1735 2136 1794 li
2165 1738 2446 1807 episcopus
2474 1737 2735 1807 Elipensis
2765 1739 2904 1797 hanc
2946 1743 3393 1797 constitutionem
3445 1740 3639 1796 ﬁrmavi
3678 1749 3717 1792 et

487 1826 833 1882 monitionem
861 1843 891 1882 a
940 1844 998 1885 se
1043 1831 1220 1886 minus
1267 1833 1613 1898 removerint,
1638 1834 1815 1889 smculi
1856 1833 2064 1903 judices

2214 1827 2480 1896 .tbscripsi.
2509 1827 2723 1883 Celatus
2750 1832 3029 1902 episcopus
3074 1831 3400 1887 Tuicitanus
3451 1832 3585 1886 hanc
3626 1843 3718 1882 mn-

488 1915 702 1970 easdem
731 1917 981 1972 mulieres
1002 1933 1124 1972 eum
1156 1919 1428 1975 voluntate
1455 1930 1510 1975 et
1537 1923 1799 1990 permissu
1827 1925 2063 1994 episcolti
2171 1921 2501 1977 stitutionem
2549 1919 2757 1977 ﬁrmavi
2793 1931 2848 1977 et
2890 1924 3203 1994 subscripsi.
3237 1923 3448 1978 Petrus
3485 1921 3716 1991 episcopus

490 2005 907 2073 comprehensas
937 2008 987 2061 in
1011 2007 1123 2063 suis
1151 2008 1316 2064 lucris
1344 2018 1698 2079 usurpent,ut
1724 2011 1911 2066 vitium
1941 2013 2062 2078 hoc,
2173 2011 2511 2068 Alberitanus
2570 2009 2711 2067 hanc
2764 2015 3198 2070 constitutionem
3259 2012 3486 2068 ﬁrmavi
3543 2019 3592 2064 et
3627 2007 3718 2063 sub-

492 2097 616 2149 dum
641 2097 892 2151 sacerdos
922 2098 1163 2154 inhibere
1191 2115 1294 2154 non
1326 2099 1608 2170 praevalet,
1655 2110 1891 2171 potestas
1923 2103 2067 2174 judi-
2173 2103 2387 2173 scripsi.

2156 1283 2357 1338 tionem
2381 1282 2588 1337 ﬁrmavi
2614 1290 2669 1337 et
2691 1282 3003 1354 subscripsi.
3031 1283 3264 1340 Joannes
3301 1284 3593 1355 episcopus
3609 1284 3710 1353 Ag:-

2157 1373 2370 1430 brensis
2399 1373 2538 1429 hanc
2559 1373 2993 1430 constitutionem
3017 1375 3228 1430 ﬁrmavi
3263 1384 3324 1430 et
3349 1376 3478 1430 sub.
3522 1375 3711 1444 Appius

504 2238 3694 2269 mw

1208 2381 1551 2440 INCIPIUNT
1589 2383 1930 2442 CAPITULA
1969 2385 2261 2443 CONCILII
2300 2385 2676 2444 SPALENSIS
2716 2384 3032 2443 SECUNDI.

547 2539 626 2594 't.
662 2538 737 2593 De
768 2538 1099 2611 Theodulphi
1150 2538 1482 2597 Malacitante
1525 2543 1777 2598 Ecclesiae
1808 2543 2079 2614 querimo-

506 2633 611 2688 niis
629 2632 886 2687 adversus
911 2632 1145 2703 reliquos
1165 2649 1287 2704 epp.
1312 2649 1410 2704 pro
1439 2637 1752 2706 quibusdam
1783 2637 2074 2707 parochiis.

571 2723 627 2775 Ξ.
663 2723 737 2778 De
771 2724 1120 2792 querimoniis
1147 2725 1412 2796 Fulgenlii
1456 2736 1509 2782 et
1544 2726 1763 2784 Ilonorii
1809 2730 2082 2798 episcopo-

504 2826 623 2864 rum
656 2827 752 2882 pro
779 2813 1098 2882 quibusdam
1127 2817 1418 2886 parochiis.

575 2903 626 2957 5.
658 2903 732 2957 De
763 2906 1128 2962 desertoribus
1157 2907 1387 2975 clericis,
1417 2917 1475 2963 ut
1503 2907 1768 2980 episc0pis
1797 2909 1909 2964 suis
1931 2908 2086 2965 resti-

512 2999 751 3047 tuantur.

578 3091 630 3143 Ιι.
682 3091 755 3144 De
781 3088 1008 3159 bigamis
1061 3091 1127 3146 ad
1174 3091 1566 3164 presbyterium
1607 3091 1693 3148 vel
1737 3092 2079 3148 diaconatum

515 3199 623 3238 non
649 3181 1042 3251 promovendis.

580 3273 633 3328 5.
666 3271 742 3326 Ne
785 3271 1077 3342 presbyteri
1105 3270 1410 3340 diaconum,
1465 3273 1546 3328 vel
1582 3273 1954 3346 presbyterum
2001 3288 2084 3328 or-

515 3367 701 3422 dinare
728 3373 1074 3434 prtesumant.

581 3455 633 3510 6.
662 3456 735 3510 De
761 3455 1090 3526 presbyteris
1123 3455 1206 3513 vel
1248 3456 1558 3513 diaconibus
1587 3457 1654 3512 ab
1685 3472 1792 3512 uno
1837 3457 2088 3527 episcOpo

510 3561 616 3601 non
653 3547 997 3616 deponendis.

2253 2544 2305 2598 7.
2333 2545 2408 2600 De
2427 2545 2512 2601 his
2533 2561 2651 2617 quae
2675 2544 3022 2614 prohibentur
3045 2536 3419 2608 cor-episcopis
3441 2535 3721 2605 presbyteris

2187 2635 2240 2691 in
2273 2636 2654 2692 ecclesiasticis
2680 2631 3031 2690 sacramentis
3058 2644 3241 2701 agere.

2257 2729 2308 2784 8.
2353 2727 2425 2782 De
2451 2728 2695 2797 superbis
2740 2724 2980 2783 ecclesia:
3014 2721 3242 2786 libertis,
3280 2728 3340 2774 ut
3371 2718 3446 2774 ad
3489 2718 3716 2774 servitium

2188 2834 2412 2875 l’CVOCCII
2421 2828 2526 2874 llll‘.

2257 2911 2308 2968 9.
2345 2911 2418 2966 De
2443 2910 2756 2974 (Bconomis,
2783 2923 2848 2964 ne
2885 2923 2950 2962 ex
2977 2905 3128 2959 laicis
3159 2903 3585 2958 constituantur.

2255 3001 2339 3056 IO.
2373 3003 2447 3057 De
2478 2999 2817 3056 monasteriis
2858 3013 2960 3051 non
2990 2995 3376 3051 convellendis.
3411 3042 3418 3046 t

2257 3096 2341 3149 tt.
2391 3093 2466 3148 De
2516 3091 2859 3148 monasteriis
2910 3088 3175 3159 virginum
3207 3127 3222 3154 ,
3278 3092 3338 3144 ut
3403 3100 3438 3140 a
3500 3081 3726 3140 monachis

2187 3192 2454 3239 tueanlur.
3267 3219 3278 3240 ι

2265 3275 2350 3331 t2.
2382 3274 2454 3328 De
2482 3274 2709 3342 quodam
2741 3269 3113 3339 accphalorum
3152 3266 3434 3335 episcopo.

2266 3365 2353 3420 15.
2398 3363 2722 3435 ῡθδιιιιίὼιιε
2768 3361 2821 3415 in
2871 3359 3086 3414 Christo
3121 3355 3337 3410 naturis
3393 3363 3455 3408 et
3503 3368 3599 3407 una
3639 3361 3726 3419 per-

2203 3473 2354 3512 sena.

2108 2865 2152 2927 C

1433 3681 1680 3736 INCIPIT
1719 3677 2088 3736 CONCILIUM
2127 3673 2478 3734 SPALENSE
2517 3669 2907 3727 SECUNDUM.

1540 3814 1797 3870 Habitum
1824 3833 1929 3870 (rm
1966 3833 2143 3880 DCLIX,
2175 3825 2400 3884 tempore
2424 3808 2650 3867 Sisebuti
2678 3809 2832 3878 regis.

2196 3942 2590 4002 revertentibus
2619 3940 2862 3995 redditur
2896 3937 3110 4006 antiqua
3139 3935 3436 4005 possessio,
3481 3949 3582 3989 non
3617 3930 3728 3986 aliter

2195 4045 2246 4090 et
2276 4034 2503 4090 ecclesia
2549 4038 2827 4099 receptura
2863 4025 3196 4098 parochiam,
3242 4039 3409 4094 quam
3461 4033 3579 4077 ante
3605 4019 3728 4074 tenuit

2194 4141 2316 4183 eum
2353 4125 2512 4179 rebus
2554 4122 2691 4185 suis,
2735 4120 2846 4174 sive
2883 4118 2951 4171 ab
2977 4115 3096 4170 aliis
3133 4113 3382 4169 ecclesiis
3421 4111 3724 4182 possideatur.

584 3949 644 4006 In
670 3949 886 4004 nomine
921 3949 1131 4004 DonIFni
1181 3948 1480 4004 Salvator-is
1521 3950 1690 4003 nostri
1719 3949 1842 4004 Jcsu
1890 3948 2090 4004 Christi

516 4040 784 4102 Isidorus,
827 4038 1107 4103 Bisinnus,
1156 4039 1412 4104 Ruﬁnus,
1461 4039 1786 4108 Fulgentius,
1837 4040 2089 4105 Cambra,

519 4129 819 4194 Fidentius,
851 4128 1248 4197 Theodulphus,
1293 4139 1346 4184 et
1390 4129 1655 4184 Honorius
1701 4130 1960 4200 episcopi,
2000 4131 2092 4200 qui

517 4218 720 4289 pariter
757 4218 808 4270 in
845 4217 977 4271 urbe
1006 4217 1244 4287 Spalensi
1275 4234 1372 4288 pro
1400 4218 1664 4288 aliquibus
1708 4218 2092 4273 ecclesiasticis
2195 4219 2307 4273 sive
2351 4217 2402 4269 in
2448 4213 2730 4282 cujuslibet
2773 4208 3162 4279 possessionem
3211 4203 3491 4258 transfusa
3537 4201 3616 4264 sit,
3653 4210 3726 4249 non

519 4309 748 4381 negotiis
776 4309 1058 4363 coadunati
1089 4323 1293 4363 smnus.
1318 4309 1742 4364 Consedentibus
1779 4324 1907 4379 ergo
1940 4308 2094 4363 nobis
2199 4309 2342 4363 enim
2365 4302 2786 4375 eritobjicienda
2818 4297 3150 4368 praescriptio
3172 4295 3458 4365 temporis,
3481 4291 3567 4347 ubi
3587 4301 3725 4344 neces-

521 4401 576 4456 in
647 4400 938 4455 secretario
1010 4410 1362 4455 sacrosanctae
1428 4399 1756 4455 Hierusalem
1823 4398 2098 4468 Spalensis
2131 4397 2334 4455 Dsitas
2362 4395 2586 4449 interest
2608 4388 2940 4445 hostilitatis.

523 4493 764 4550 ecclesia:
785 4508 905 4548 cum
932 4492 1231 4547 illustribus
1256 4492 1405 4557 viris,
1431 4492 1666 4546 Sisihuto
1687 4498 1891 4545 rectore
1921 4504 2102 4543 rerum
2271 4485 2333 4540 ll.
2361 4485 2507 4539 Inter
2548 4488 2871 4536 memoratos
2923 4476 3117 4571 fratres
3147 4485 3364 4571 nostros
3411 4471 3721 4571 Fulgentium,

521 4585 856 4657 publicarum
895 4595 1054 4654 atque
1096 4583 1327 4638 Snalane
1373 4593 1555 4638 actore
1611 4598 1790 4636 rerum
1839 4579 2101 4635 ﬁscalium
2202 4572 2610 4642 Fasligitanum,
2639 4577 2694 4624 et
2722 4566 3011 4622 Ilonorium
3057 4564 3462 4658 Cordubensem
3503 4564 3725 4658 episcng

524 4650 704 4729 stante
734 4650 1132 4744 religiosissinto
1171 4675 1483 4728 clericorum
1516 4681 1677 4726 ccetu.
2203 4665 2463 4721 discussio
2516 4664 2714 4732 agitata
2767 4667 2849 4714 est
2898 4668 3117 4729 propter
3168 4656 3484 4726 parochiam
3543 4650 3723 4744 basilice

594 4765 722 4819 CAP.
746 4765 789 4819 l.
813 4738 990 4819 P'rima
1021 4765 1228 4818 actione
1257 4762 1587 4831 Theodulphi
1619 4761 1948 4817 Malacitante
1969 4760 2102 4815 anti-
2203 4754 2509 4825 cujusdam,
2560 4769 2719 4824 quam
2765 4752 2958 4806 borum
3015 4749 3151 4802 alter
3199 4746 3550 4802 Celticensem
3575 4782 3589 4807 ,
3627 4738 3723 4792 alter

526 4854 669 4911 stitis
684 4855 921 4910 ecclesia:
941 4856 1009 4910 ad
1027 4870 1124 4911 nos
1143 4855 1318 4911 oblata
1336 4857 1574 4927 precatio
1595 4865 1675 4910 est
1694 4854 1987 4910 asserentis
2003 4869 2100 4906 an-
2203 4843 2556 4915 Reginensem
2587 4841 2837 4904 asseruit,
2869 4849 2920 4894 et
2956 4838 3086 4907 quia
3113 4837 3253 4890 inter
3301 4843 3553 4927 utrasque
3591 4833 3722 4923 P3“?

483 4928 488 4934 ’
527 4943 731 5015 tiquam
767 4944 1004 5012 ejusdem
1046 4946 1194 5000 urbis
1226 4924 1533 5014 parochiam
1559 4944 1806 4997 militaris
1835 4942 2103 5010 quondam
2204 4937 2464 4991 hactenus
2498 4933 2682 4987 limitis
2727 4931 2868 4987 actio
2911 4929 3347 5018 vindicatarest,
3397 4924 3484 4979 cui
3525 4927 3718 5018 quantm

528 5011 837 5088 hostilitatis
882 5033 1191 5089 discrimine
1228 5011 1399 5088 luisse
1441 5033 1698 5097 decisam,
1735 5041 1790 5087 et
1839 5047 1901 5085 ex
1949 5039 2106 5101 parte
2205 5035 2473 5081 vetustata
2545 5025 2846 5079 retentione
2920 5019 3120 5075 nullum
3193 5017 3336 5085 juris
3415 5011 3719 5086 pur-judicium

533 5122 714 5191 aliqua
750 5121 818 5175 ab
859 5122 1101 5177 ecclesiis
1135 5124 1497 5194 Astrigitanze,
1537 5122 1921 5178 Celeberitanae
1948 5130 2108 5189 atque
2207 5116 2446 5171 aﬁ’erret.
2468 5114 2698 5182 Ideoque
2719 5127 2785 5167 ne
2813 5113 2865 5165 in
2894 5110 3110 5166 dubium
3138 5107 3276 5162 ultra
3308 5106 3448 5159 inter
3471 5119 3560 5159 eos
3585 5105 3715 5194 nostri

534 5184 856 5280 Agabrensis
875 5211 1085 5265 urbium
1112 5228 1233 5268 esse
1254 5184 1538 5278 retentam,
1564 5229 1658 5282 pro
1679 5229 1787 5282 qua
1811 5226 1868 5265 re
1886 5184 2104 5280 placuit,
2209 5207 2561 5262 devocaretur
2605 5203 2894 5267 sententia,
2917 5199 3140 5271 prolatis
3169 5198 3467 5252 eanonibus
3509 5184 3719 5264 synodalia

826 5313 852 5318 ..
868 5313 883 5318 -
901 5314 948 5318 .__
967 5300 1006 5318 -I
1031 5301 1066 5318 '.
1288 5303 1299 5318 I
1423 5303 1456 5318 ,Ι
1616 5303 1687 5318 10-.
1897 5311 1906 5318 ι
1927 5315 1934 5318 .
2029 5299 2080 5318 ⁸1⁸
2218 5298 2270 5318 ,1-
2287 5305 2416 5318 -...Αι-
2467 5295 2695 5318 -.ι-..ΙΑ-..ΙΑ
2743 5300 2861 5318 ..η-..ο
2943 5304 3166 5318 nilnil-Im
3219 5288 3511 5318 ΩΙΙΙΙΙΛΙιςίῆβ

2218 5298 2416 5318 ,1--.-Αι-
2467 5295 2695 5318 -.ι-..ΙΑ-..ΙΑ
2743 5300 2861 5318 ..η-..ο
2943 5304 3166 5318 nilnil-Im
3219 5302 3283 5318 ﬁll

2155 1100 2358 1156 domini
2394 1099 2564 1156 nostri
2595 1099 2912 1169 Reccaredi,
2945 1105 3108 1175 regis,
3143 1120 3251 1159 aera
3286 1102 3705 1160 ncxxvneraa-
3794 1101 3795 1116 ‘

2157 1192 2256 1247 der
2281 1191 2526 1251 ecclesiae
2539 1201 2739 1246 sanctae
2753 1191 3024 1263 Spalensis
3035 1195 3320 1265 episcopus
3337 1195 3485 1249 hanc
3495 1195 3708 1248 constite-
3794 1185 3795 1265 ξ

2160 1464 2400 1520 ecclesiae
2430 1473 2632 1518 saneta:
2663 1463 3026 1522 Cordubensis
3051 1467 3339 1538 episcopus
3384 1467 3531 1522 hanc
3555 1466 3710 1520 consti-
3794 1463 3795 1538 ξ

2164 1556 2423 1612 tutionem
2448 1553 2656 1610 ﬁrmavi
2680 1564 2734 1611 et
2755 1557 2871 1612 sub.
2890 1557 3194 1629 Stephanus
3215 1560 3514 1629 episcopus
3529 1557 3709 1611 Eliberi-
3794 1555 3795 1620 ξ
