3820 5318
61 221 151 278 597
1078 190 1083 199 ’
1185 214 1247 268 n;
1273 211 1674 269 enemuuu
1710 212 2113 273 COLLECTIO.
3166 213 3271 271 598

57 332 191 387 limes
218 326 471 399 prmvisus
494 324 891 390 monstraverit,
920 323 1165 383 ecclesize
1207 322 1358 392 cujus
1382 322 1473 392 jus
1512 332 1595 378 est
1625 330 1667 386 Α
1702 341 1853 381 verse
1875 326 2055 396 adepti
2086 332 2232 391 sunt,
2256 324 2508 396 depositi,
2529 321 2901 394 :equojudicio
2925 308 3269 394 abjiciautur,

59 421 343 480 retentiouis
363 420 433 475 sit
461 428 717 474 aeternum
746 418 1061 474 dominium.
1094 416 1245 485 Quod
1288 424 1344 471 et
1368 416 1413 471 si
1443 414 1598 470 limes
1700 416 1833 471 tales
1848 418 1991 472 enim
2014 416 2207 471 merito
2223 415 2450 485 judicati
2472 425 2596 471 sunt
2619 413 2948 479 removendi,
2966 413 3089 484 quia
3107 428 3274 483 prave

57 514 295 585 legitimus
326 508 569 565 eamdem
595 508 872 563 basilicam
903 523 1007 562 non
1045 505 1305 569 recludit,
1336 513 1391 560 et
1421 513 1597 559 tamen
1700 504 1897 558 inventi
1926 513 2049 559 sunt
2070 505 2368 560 constituti.

56 604 176 674 longi
208 601 456 672 temporis
493 599 752 670 probatur
778 597 989 668 objecta
1031 593 1383 667 praescriptio,
1413 592 1599 665 appel-
1768 596 1853 651 Vl.
1881 596 2045 652 Sexta
2074 596 2285 651 actione
2306 595 2670 667 comperimus
2697 593 3045 666 Fragitanum
3065 590 3272 649 Cordu-

56 697 165 753 latio
183 693 464 763 repetentis
491 690 725 761 episcopi
756 705 861 743 non
890 688 1107 755 valebit,
1139 687 1261 757 quia
1312 685 1387 741 illi
1438 685 1602 756 trige—
1696 688 1883 745 bensis
1920 687 2162 744 ecclesia:
2200 689 2571 761 presbyterum
2613 704 2643 743 a
2667 687 2918 759 pontifice
2944 701 3041 742 suo
3076 685 3273 755 injuste

57 788 174 844 nalis
194 785 413 857 objectio
435 784 704 840 silentium
732 782 977 855 imponit,
1006 783 1107 837 hoc
1132 779 1274 837 enim
1307 787 1360 833 et
1380 776 1601 832 saacula-
1697 778 1826 837 olim
1857 779 2146 851 dejectum,
2167 789 2222 835 et
2248 779 2586 834 innocentem
2614 779 2805 834 exsilio
2829 779 3268 844 condemnatum,

58 881 174 936 rium
226 878 522 947 principum
572 876 748 931 edicta
805 874 1160 945 praecipiunt,
1217 879 1271 928 et
1309 868 1597 943 prtesulum
1698 886 1856 943 quem
1900 887 2088 927 rursus
2131 871 2306 927 ordini
2355 886 2452 927 suo
2484 871 2855 935 restituentes,
2889 869 2941 925 id
2972 869 3149 924 denuo
3174 866 3271 922 ad-

60 971 389 1026 ltotnanorum
436 968 677 1024 decrevit
741 967 1074 1032 auctoritas;
1126 966 1209 1022 sin
1276 978 1406 1020 vero
1460 962 1599 1018 infra
1696 976 1885 1018 versus
1939 962 2411 1033 praesumptionem
2478 971 2722 1018 nostram
2767 961 3153 1025 decrevimus,
3208 964 3272 1012 ut

57 1072 205 1116 metas
252 1061 487 1131 trigenas
532 1060 790 1129 temporis
851 1068 1006 1114 extra
1072 1058 1277 1114 alienos
1344 1056 1601 1113 terminos
1692 1051 1843 1123 juxta
1866 1051 2168 1123 priscorum
2196 1060 2409 1123 patrum
2428 1050 2706 1107 decretum
2733 1047 3271 1123 synodaiiseutentia

58 1149 265 1204 basilica:
294 1147 490 1216 iujusta
528 1149 757 1204 retentio
801 1148 1100 1216 reperitur,
1150 1145 1439 1217 repetentis
1482 1146 1598 1216 epi-
1698 1140 1877 1197 nullus
1929 1148 2173 1196 nostrum
2209 1142 2327 1197 sine
2367 1141 2581 1198 concilii
2626 1143 2875 1201 examine
2910 1140 3269 1210 dejiciendum

56 1238 173 1306 scopi
192 1237 291 1306 juri
320 1238 435 1293 sine
462 1252 611 1292 mora
644 1238 974 1292 restituetur.
1697 1230 1994 1301 quemlibet
2019 1231 2392 1302 presbyterum
2441 1232 2524 1287 vel
2555 1232 2839 1287 diaconum
2866 1232 3081 1286 audeat.
3134 1229 3271 1286 Nam

107 1328 180 1382 ill.
212 1326 385 1383 Tertia
412 1327 724 1383 definitione
750 1327 816 1382 ad
845 1341 943 1383 nos
969 1328 1147 1384 oblata
1191 1328 1429 1397 precatio
1454 1335 1536 1383 est
1566 1343 1599 1383 a
1697 1326 1850 1382 multi
1902 1334 2028 1381 sunt
2050 1326 2143 1397 qui
2187 1327 2522 1383 indiscussos
2550 1336 2815 1399 potestate
2836 1326 3136 1399 tyrannica,
3163 1337 3269 1379 non

56 1418 467 1474 reverendissimo
532 1418 700 1473 fratre
766 1425 951 1474 nostro
1025 1417 1255 1474 Cambra
1329 1417 1597 1473 ltalicensi
1697 1418 2022 1474 auctoritate
2068 1418 2330 1475 canonica
2367 1419 2647 1484 damnant,
2701 1427 2755 1475 et
2804 1417 2945 1474 sicut
2986 1413 3272 1472 nonnullos

55 1507 270 1576 episcopo
323 1521 422 1577 pro
469 1506 701 1577 quodam
756 1506 954 1562 clerico
997 1506 1274 1563 Passando
1301 1548 1316 1571 ,
1371 1506 1464 1578 qui
1530 1506 1596 1562 de
1697 1508 1868 1580 gratia
1904 1507 2105 1564 favoris
2128 1507 2438 1576 sublimaut,
2480 1510 2550 1564 ita
2578 1510 2842 1580 quosdam
2870 1508 3014 1574 odio,
3047 1505 3272 1562 invidia-

54 1596 258 1651 ecclesim
275 1611 382 1651 sua:
402 1599 547 1651 cultu
578 1597 629 1651 in
653 1612 758 1668 qua
780 1597 989 1653 dicatus
1008 1596 1077 1653 ab
1098 1597 1333 1673 exordiis
1359 1596 1597 1652 infantia:
1632 1671 1655 1673 _
1699 1615 1802 1670 que
1830 1599 2061 1669 permoti
2095 1599 2405 1666 bumiiiant,
2437 1607 2491 1654 et
2538 1599 2642 1655 levi
2671 1584 2940 1671 opinionis
2977 1613 3108 1652 aura
3141 1610 3272 1651 con-
3342 1656 3345 1659 _

56 1683 218 1750 fuerat,
242 1685 303 1739 ad
329 1685 615 1741 ecclesiam
640 1686 1041 1743 Cordubeusem
1066 1703 1124 1742 se
1154 1687 1401 1753 contulit,
1430 1702 1593 1757 quem
1626 1671 1671 1732 Β
1700 1688 1974 1754 demnant,
1994 1704 2221 1759 quorum
2245 1688 2451 1745 crimen
2477 1705 2579 1745 non
2616 1688 2937 1760 approbant.
2971 1688 3271 1758 Episcopus

55 1773 277 1845 elegimus
317 1785 373 1829 ut
409 1775 456 1831 si
495 1775 626 1829 nihil
659 1783 1049 1846 proponeretur
1088 1777 1153 1832 de
1196 1791 1283 1842 eo,
1317 1776 1432 1831 sine
1462 1776 1595 1832 dila-
1695 1778 1840 1833 enim
1881 1777 2254 1833 sacerdotibus
2291 1792 2355 1832 ac
2384 1778 2647 1833 ministris
2675 1778 2820 1834 solus
2847 1778 3109 1833 honorem
3138 1776 3270 1832 dare

56 1866 186 1920 tionis
201 1865 400 1933 objectu
425 1866 645 1938 proprio
677 1866 1063 1923 rcformaretur
1093 1867 1361 1939 episcopo.
1391 1867 1595 1923 Scribi-
1694 1878 1910 1940 potest,
1954 1871 2168 1926 auferre
2208 1869 2357 1925 solus
2392 1886 2496 1926 non
2525 1879 2723 1941 potest.
2756 1869 2815 1925 Si
2835 1868 2979 1925 enim
3010 1868 3064 1924 hi
3086 1868 3176 1939 qui
3212 1867 3268 1924 in

57 1960 123 2006 tur
146 1953 272 2008 enim
299 1955 349 2009 in
386 1954 503 2026 lege
531 1955 788 2011 mundiali
842 1958 909 2011 de
962 1956 1167 2013 colonis
1215 1973 1491 2028 agrorum,
1535 1967 1595 2013 ut
1695 1962 1893 2016 sazcuio
1918 1978 1949 2017 a
1971 1962 2202 2017 dominis
2227 1961 2617 2017 suishonorem
2644 1960 2911 2016 libertatis
2940 1959 3117 2029 adepti
3143 1965 3270 2013 sunt
3342 2002 3350 2013 .

58 2041 128 2095 ubi
150 2057 257 2097 esse
284 2045 511 2114 quisque
527 2044 642 2115 jam
667 2045 832 2116 ctepit
859 2045 932 2101 ibi
979 2047 1253 2117 perduret.
1281 2044 1397 2100 Non
1436 2045 1594 2100 aliter
1695 2051 1747 2107 in
1764 2052 2034 2106 servitutis
2051 2067 2245 2107 nexum
2274 2067 2378 2106 non
2396 2051 2758 2117 revolvuntur,
2778 2051 2877 2106 nisi
2896 2049 3105 2119 publice
3128 2045 3269 2119 apud

56 2133 165 2187 etde
185 2133 381 2190 clericis
402 2136 497 2206 qui
518 2136 569 2191 in
587 2152 717 2207 agro
734 2136 975 2192 ecclesia:
994 2146 1304 2207 operantur,
1322 2151 1591 2197 cauonum
1694 2153 1953 2216 prtetores
1983 2142 2234 2198 tribunali
2262 2141 2383 2199 foro
2411 2141 2609 2198 fuerint
2635 2143 2894 2207 accusati,
2924 2148 3124 2210 quanto
3152 2154 3267 2194 ma-

56 2228 235 2283 decreto
263 2231 589 2299 praecipitur,
630 2231 729 2285 nisi
773 2239 832 2285 ut
860 2230 931 2285 ibi
970 2237 1321 2299 permaneant
1354 2229 1442 2284 ubi
1471 2244 1593 2285 esse
1693 2234 1774 2308 gis
1809 2235 1864 2290 hi
1889 2234 1980 2306 qui
2012 2233 2208 2289 divinis
2237 2233 2498 2290 altaribus
2526 2232 2828 2289 consecrati
2856 2232 3060 2287 honore
3088 2227 3267 2284 eccle-

57 2328 310 2386 cezperunt.
340 2318 574 2389 ideoque
603 2320 819 2390 placuit,
848 2328 906 2374 ut
948 2319 994 2375 si
1038 2320 1159 2389 quis
1209 2318 1439 2374 clericus
1486 2319 1589 2373 mi-
1692 2324 1912 2379 siastico
1950 2323 2297 2389 decorantur,
2346 2325 2436 2394 qui
2485 2338 2584 2395 pro
2629 2331 2854 2394 peccato
2906 2335 3007 2375 nec
3048 2320 3116 2374 ab
3160 2332 3270 2373 uno

57 2406 257 2463 nisteriis
284 2408 435 2481 147
468 2410 709 2466 ecclesia:
737 2410 966 2481 propria:
987 2410 1297 2475 destitutus,
1320 2407 1386 2462 ad
1425 2407 1587 2462 aliam
1694 2415 1960 2481 damnari,
1989 2430 2089 2471 nec
2113 2431 2219 2471 uno
2241 2414 2520 2483 iudicante
2542 2423 2794 2486 poterunt
2814 2412 3037 2468 honoris
3058 2410 3139 2465 sui
3158 2408 3270 2480 pri-

59 2497 299 2552 transitum
328 2498 544 2566 fecerit,
573 2499 924 2569 compcllenle
950 2500 1014 2553 ad
1057 2515 1215 2571 quem
1259 2498 1456 2569 fugerit
1499 2513 1590 2554 sa-
1692 2506 1901 2577 vilegiis
1924 2506 2069 2572 exui,
2109 2505 2202 2562 sed
2236 2505 2540 2576 praesentati
2595 2503 2837 2576 synodali
2879 2501 3083 2573 judicio
3125 2498 3271 2571 quod

57 2588 333 2655 cerdote,ad
354 2589 644 2647 ecclesiam
667 2606 828 2660 quam
853 2592 1001 2662 prius
1024 2590 1321 2645 incoluerat
1344 2591 1588 2646 remitta-
1692 2612 1865 2653 canon
1890 2597 1957 2652 de
1980 2596 2085 2651 illis
2112 2596 2427 2668 praeceperit
2455 2594 2688 2651 deliniri.

55 2686 124 2732 ιω·
141 2696 153 2745 ς
176 2681 258 2752 (illi
287 2697 411 2738 νθτο
470 2697 593 2738 eum
633 2684 948 2754 susceperit.
1000 2699 1099 2739 MCC
1127 2683 1307 2739 statim
1339 2683 1454 2738 sine
1482 2681 1590 2737 ullo
1762 2687 1871 2743 Vil;
1898 2686 2143 2758 Septimo
2179 2686 2432 2744 examine
2459 2684 2687 2742 relatum
2711 2693 2798 2742 est
2822 2683 2978 2740 nobis
3003 2696 3268 2738 veneran-

56 2771 151 2826 Iisu
176 2774 496 2844 exceptionis
517 2776 583 2829 ad
607 2774 877 2846 propriam
897 2774 1179 2830 ecclesiam
1209 2774 1589 2829 remittendum
1695 2782 1979 2839 dissimum
2050 2782 2323 2853 quondam
2362 2781 2625 2853 Agapium
2682 2776 3046 2835 Cordubensis
3115 2772 3267 2831 urbis

56 2865 259 2937 elegerit,
303 2868 543 2939 quandiu
594 2882 718 2923 eum
775 2868 1024 2923 restituat
1086 2866 1461 2924 communione
1530 2880 1589 2921 se
1690 2876 1999 2947 episcopum
2036 2873 2353 2946 frequenter
2378 2873 2780 2943 corepiscopos,
2809 2870 2895 2927 vel
2922 2869 3265 2940 presbyteros

55 2956 279 3025 privatum
308 2966 585 3028 agnoscat,
614 2957 940 3013 desertorem
968 2965 1144 3012 autem
1170 2957 1425 3012 clericum
1467 2955 1585 3011 ciu-
1691 2964 2016 3031 destinasse,
2046 2966 2137 3035 qui
2170 2972 2350 3020 tamen
2372 2963 2528 3032 juxta
2561 2977 2797 3020 canones
2817 2976 2982 3016 unum
3009 2968 3155 3025 sunt,
3172 2956 3266 3028 qui

53 3046 151 3116 gnto
177 3048 382 3105 honoris
410 3057 577 3119 atque
608 3047 962 3103 ordinationis
988 3063 1099 3103 sua:
1123 3056 1367 3113 exutum,
1408 3047 1561 3117 aliqui

1755 3068 1910 3112 iseute
1941 3057 2195 3128 pontifice
2240 3056 2430 3111 altaria
2461 3056 2765 3127 erigerent,
2794 3053 3045 3108 basilicas
3069 3064 3263 3106 conse-

54 3145 255 3207 tempore
281 3140 608 3195 monasterio
637 3138 851 3209 religari
893 3139 1161 3205 convenit,
1193 3139 1377 3207 sicque
1403 3146 1588 3208 postea
1688 3155 1922 3211 crarent,
1947 3147 2090 3216 quod
2125 3146 2344 3215 quidem
2386 3160 2491 3199 non
2522 3153 2605 3199 est
2647 3144 2843 3198 mirum
2871 3143 2921 3198 id
2950 3140 3270 3212 praecepisse

52 3225 94 3279 in
119 3228 390 3283 ministerio
413 3228 768 3285 ecclesiastici
799 3228 1004 3283 ordinis
1042 3229 1302 3293 revocari,
1333 3242 1453 3282 nam
1480 3243 1587 3281 non
1689 3238 1863 3291 virum
1893 3236 2279 3292 ecclesiastica;
2315 3234 2612 3303 disciplina:
2643 3235 2887 3305 ignarum
2915 3240 2971 3286 et
3014 3230 3197 3287 Statim
3232 3243 3266 3284 a

50 3320 210 3382 Ροιθΐίι
254 3321 304 3374 in
352 3322 551 3375 talibus
589 3322 1059 3392 pervagationibus
1100 3320 1299 3375 aboleri
1345 3320 1584 3391 licentia.
1686 3326 1931 3382 saeculari
1980 3326 2169 3381 militia
2212 3326 2265 3379 in
2296 3324 2635 3381 sacerdotale
2660 3323 3016 3379 ministerium
3049 3320 3265 3390 delega-

51 3404 131 3461 nisi
149 3406 357 3464 fueritin
380 3411 463 3466 eis
488 3419 708 3480 propter
728 3410 1122 3482 correptionem
1146 3409 1439 3481 disciplima
1460 3407 1585 3464 sub-
1687 3423 1828 3480 tum;
1858 3430 1987 3486 ergo
2014 3429 2081 3470 ne
2111 3414 2247 3468 ultra
2278 3414 2400 3468 talis
2440 3429 2470 3468 a
2516 3412 2671 3468 nobis
2708 3412 2926 3468 licentia
2948 3418 3258 3479 usurpetur,

48 3509 197 3557 secuta
221 3492 466 3589 cen_sur:i.
1685 3505 1957 3560 communi
2011 3504 2276 3559 sententia
2317 3504 2662 3561 statuendum
2706 3502 2966 3572 oportuit,
3023 3501 3259 3556 scientes

100 3590 177 3646 iV.
199 3592 389 3661 Quarta
423 3594 640 3650 actione
664 3593 967 3648 nuntiatum
999 3602 1081 3649 est
1102 3593 1258 3648 nobis
1280 3591 1419 3662 apud
1443 3590 1584 3645 Asti-
1684 3597 1811 3667 quia
1839 3598 1981 3651 sicut
2014 3597 2329 3668 presbytero
2357 3596 2439 3649 vel
2461 3596 2807 3666 corepiscopo
2839 3593 3023 3649 illicita
3058 3606 3252 3661 conse-

48 3682 244 3750 gitanam
271 3687 556 3742 ecclesiam
581 3687 844 3756 quasdam
880 3700 1051 3755 nuper
1080 3684 1451 3739 ordinationes
1475 3680 1582 3737 illi-
1684 3688 1855 3744 cratio
1882 3697 1966 3743 cst
2002 3688 2212 3754 altaris,
2248 3688 2321 3742 ita
2359 3696 2442 3743 est
2469 3687 2802 3743 constitutio.
2846 3685 3036 3740 Erexit
3087 3683 3262 3739 altare

48 3770 160 3827 citas
180 3776 461 3842 exstitisse,
492 3775 567 3830 ita
593 3784 650 3830 ut
680 3776 898 3845 quidam
921 3775 1205 3829 viduarum
1235 3774 1417 3828 mariti
1445 3772 1580 3828 levi-
1685 3776 1831 3833 solus
1859 3777 2061 3843 Aaron,
2094 3777 2207 3847 ipse
2247 3777 2421 3842 unxit,
2453 3776 2578 3846 quia
2599 3790 2841 3831 summus
2867 3774 3053 3844 utique
3081 3786 3263 3828 sacer-

47 3865 189 3917 tarum
213 3866 507 3923 ministerio
535 3875 915 3932 sacrarentur;
941 3879 1077 3935 quos
1094 3864 1309 3935 quidem
1334 3863 1585 3919 convenit
1683 3868 1779 3923 dos
1806 3867 1899 3922 Dei
1930 3876 2069 3933 erat,
2095 3867 2235 3922 sicut
2266 3867 2526 3937 scriptum
2570 3860 2655 3920 est
2674 3866 2740 3921 de
2767 3879 2833 3920 eo
2858 3882 2872 3919 :
2916 3883 2934 3915 ι
2965 3863 3178 3934 Moyses
3204 3868 3261 3918 et

48 3968 72 4007 ι
107 3960 255 4026 gradu
304 3972 554 4033 suscepto
594 3962 648 4015 in
693 3961 907 4016 irritum
948 3958 1222 4024 devocari,
1288 3972 1388 4012 nec
1441 3957 1583 4011 ultra
1681 3957 1861 4012 Aaron
1892 3959 1947 4013 in
1978 3958 2343 4013 sacerdotibus
2368 3956 2486 4027 ejus
2515 3956 2689 4029 (Psal.
2722 3970 2908 4022 xevm,
2937 3955 3064 4038 6)..)
3102 3954 3251 4010 Idem

47 4048 232 4111 provehi
260 4051 325 4106 ad
350 4051 583 4106 diaconii
633 4049 993 4105 ministerium
1037 4049 1127 4119 qui
1175 4059 1363 4104 contra
1406 4047 1584 4104 divina
1682 4064 1787 4119 que
1817 4050 1871 4105 id
1899 4049 2043 4119 quod
2073 4059 2280 4105 tantum
2322 4048 2500 4105 facere
2543 4048 2879 4119 principibus
2916 4046 3262 4102 sacerdotum

48 4139 180 4201 atque
212 4137 572 4194 ecclesiastica
599 4136 721 4208 jura
748 4137 976 4194 instituti
1005 4137 1365 4207 reperiuntur.
1683 4136 1894 4208 jussum
1938 4145 2057 4203 est,
2109 4152 2340 4206 quorum
2391 4145 2575 4208 typum
2631 4135 2842 4207 Moyses
2863 4144 2917 4191 et
2960 4135 3140 4190 Aaron
3186 4142 3264 4188 te«

103 4223 157 4278 Υ.
184 4225 373 4294 Quinto
401 4228 606 4299 judicio
644 4227 709 4283 ad
757 4229 1082 4300 agnitionem
1127 4228 1297 4283 nostri
1323 4228 1584 4284 examinis
1691 4236 1943 4295 nuerunt,
1972 4225 2274 4300 presbyteri
2300 4226 2391 4297 qui
2415 4226 2647 4282 filiorum
2677 4230 2856 4281 Aaron
2886 4233 3101 4297 gestant
3129 4222 3262 4292 figu-

48 4311 330 4382 Agabrensis
366 4320 578 4376 diaconi
609 4319 779 4375 relatu
817 4319 1105 4375 deductum
1132 4327 1216 4374 est
1252 4320 1318 4374 de
1345 4318 1572 4389 quibus-
1607 4386 1633 4389 _
1682 4334 1823 4387 ram,
1864 4318 2138 4388 corripere
2176 4332 2284 4373 non
2317 4324 2667 4385 praesumant.
2700 4315 2831 4370 Nam
2863 4315 3108 4385 quamvis
3136 4328 3262 4368 eum

48 4405 144 4461 dam
189 4409 343 4479 ipsius
373 4412 615 4469 ecclesia:
642 4411 876 4475 clericis.
902 4426 1131 4481 quorum
1166 4411 1292 4465 dum
1327 4425 1466 4465 unus
1506 4410 1572 4465 ad
1605 4386 1652 4445 θ
1677 4408 1944 4480 episcopis
1992 4407 2220 4479 plurima
2268 4406 2371 4461 illis
2434 4406 2858 4461 ministeriorum
2928 4402 3261 4459 communio-

46 4497 322 4570 presbyteri,
344 4505 447 4560 duo
469 4504 537 4559 ad
565 4502 849 4559 levitarum
868 4503 1178 4575 mysterium
1201 4512 1570 4570 sacrarenlur,
1654 4504 1761 4567 ﬁnis
1791 4504 1862 4558 sit
1890 4502 2221 4573 dispensatio
2239 4540 2254 4567 ,
2286 4500 2531 4570 quaedam
2570 4507 2748 4554 tamen
2777 4496 3094 4554 auctoritate
3112 4501 3261 4547 vete-

49 4587 286 4661 episcopus
315 4610 497 4650 eorum
546 4586 827 4650 oculorum
875 4594 1060 4649 dolore
1106 4592 1358 4649 detentus
1401 4592 1575 4648 fertur
1677 4597 1752 4653 ris
1783 4595 1980 4668 Legis,
2006 4591 2250 4666 quaedam
2293 4594 2516 4650 novellis
2559 4600 2614 4648 et
2638 4588 3019 4647 ecclesiasticis
3059 4584 3261 4655 regulis

49 4687 227 4732 manum
267 4696 411 4737 suam
453 4698 615 4753 super
651 4683 753 4739 hoc
796 4691 1000 4737 tantum
1031 4682 1298 4753 posuisse,
1341 4690 1396 4737 et
1443 4698 1557 4754 pre-

1748 4691 1774 4745 ll
1802 4690 2069 4762 prohibita
2101 4688 2372 4757 noverint,
2407 4688 2549 4743 sicut
2573 4686 3012 4756 presbyterorum
3040 4686 3096 4733 et
3135 4678 3256 4732 dia-

48 4762 418 4839 sbyter'quidam
442 4772 545 4827 illis
565 4780 752 4827 contra
776 4771 1197 4827 ecclesiasticum
1214 4772 1458 4828 ordinem
1482 4772 1556 4827 be

1752 4798 1966 4847 norum,
1990 4796 2053 4835 ac
2086 4778 2353 4851 virginum
2385 4774 2747 4840 consecratio,
2776 4774 2918 4830 sicut
2944 4764 3260 4825 constitutio

50 4854 358 4915 nedictionem
386 4862 633 4928 dedisse,
654 4861 746 4931 qui
794 4860 921 4916 licet
948 4870 1169 4932 propter
1194 4868 1398 4915 tantam
1430 4875 1558 4933 pra:-

1755 4870 2207 4940 ;aris,benedictio
2227 4867 2313 4923 vel
2339 4865 2541 4928 unctio,
2564 4864 2838 4933 siquidem
2869 4876 2969 4917 nec
2985 4857 3149 4911 licere
3168 4854 3263 4908 be-

51 4948 320 5015 sumptionis
346 4952 625 5009 audaciam
660 4961 872 5024 poterat
901 4964 1182 5009 accusatus
1206 4950 1413 5022 judicio
1435 4966 1559 5023 pra).-

1757 4961 1932 5018 dicerc
1953 4962 2030 5018 eis
2049 4958 2355 5017 ecclesiam.
2373 4955 2454 5011 vel
2476 4952 2673 5007 altaria
2696 4963 3035 5010 consecrare,
3048 4959 3149 4999 nec
3168 4957 3265 5012 per

50 5036 161 5088 senti
184 5037 432 5109 damnari,
464 5044 511 5099 si
536 5043 715 5098 adhuc
743 5043 796 5097 in
819 5058 1045 5115 corpore
1072 5043 1280 5114 positus
1302 5059 1411 5100 non
1440 5042 1575 5124 fuis-
1683 5054 2052 5124 ίηιροείιίοηεε
2076 5065 2268 5105 “mnus
2290 5048 2533 5105 ﬁdelibus
2551 5040 2975 5115 baptizausﬂet
2997 5034 3273 5094 conversis

47 5132 110 5176 set
137 5131 303 5186 mortis
330 5137 614 5191 vocatione
657 5145 981 5203 praeventus,
1009 5134 1102 5192 sed
1147 5134 1272 5204 quia
1319 5135 1435 5207 jam
1484 5120 1575 5190 ille
1681 5120 1977 5204 ριἰιεωιεεί
2007 5142 2266 5213 spiritum
2296 5140 2529 5198 tradere,
2571 5149 2683 5195 nec
2718 5142 2957 5199 chrisma
2984 5124 3274 5190 coniicere,

48 5220 241 5278 examini
274 5226 451 5288 divino
506 5229 748 5296 relictus,
800 5230 1034 5287 humano
1072 5230 1278 5302 judicio
1322 5230 1572 5290 accusari
1682 5254 1782 5295 nec
1816 5242 2107 5297 chrismate
2149 5232 2545 5302 baptizatorum
2603 5227 2846 5291 frontem
2893 5231 3129 5299 signare.
3180 5214 3279 5270 86d
