3820 5318
463 288 567 346 599

1323 285 1603 342 J\I’PEND.
1646 284 1736 340 AD
1775 283 1945 340 SEC.
1968 280 2065 337 IX.
2091 311 2154 324 —-
2185 276 2435 335 ISlDORI
2461 273 2898 331 MERCATORIS

3609 280 3695 336 ϐω

464 396 580 452 beri
605 395 873 466 episcopis
902 394 1218 451 auctoritate
1240 411 1502 452 rationum
1520 397 1922 468 prmcipiturmt
1947 408 2042 463 per
2071 391 2114 451 Λ
2144 397 2456 451 Cxlrancus,
2497 401 2594 440 nec
2622 387 2867 455 proficiat
2897 385 2969 439 illi
3001 386 3202 439 bonum
3231 378 3359 441 Iidei
3399 386 3490 442 vel
3539 392 3698 459 cperis

471 487 572 541 hoc
620 495 674 540 et
722 486 976 541 discretio
1026 489 1286 557 graduum
1329 497 1384 542 et
1436 489 1711 558 dignitatis
1760 488 2034 557 fastigium

467 578 663 632 summi
693 576 960 647 pontiﬁcis
990 579 1481 645 demonstraretur,
1508 580 1601 634 sed
1633 596 1808 651 neque
1849 594 2032 634 coram

465 669 717 738 episcopo
739 668 902 723 licere
924 668 1003 723 eis
1030 669 1082 723 in
1108 670 1479 739 baptisterium
1510 668 1753 735 introire,
1782 684 1883 723 nec
1906 683 2037 740 prae-

468 768 620 817 sente
668 761 909 815 antistite
951 760 1207 816 infantem
1248 761 1491 832 tingere,
1539 769 1633 814 aut
1676 760 1909 831 signare,
1938 775 2038 817 nec

471 849 822 918 pmnitentcm
854 849 969 904 sine
1001 858 1268 919 praecepto
1298 850 1532 920 episcopi
1556 850 1637 905 sui
1665 849 2034 916 reconciliare,

468 952 569 995 nec
595 951 660 992 eo
687 946 952 1009 praesente
979 947 1371 993 sacramentum
1400 939 1644 1010 corporis
1679 949 1733 995 et
1764 939 2038 1008 sanguinis

470 1028 671 1085 Christi
699 1029 990 1096 conficere,
1018 1046 1116 1087 nec
1143 1046 1207 1086 eo
1238 1047 1418 1088 coram
1448 1034 1623 1102 posito
1658 1033 1910 1104 populum
1940 1034 2036 1089 do-

467 1130 611 1184 cere,
646 1121 728 1175 vel
765 1121 1107 1188 benedicere,
1155 1131 1248 1179 aut
1276 1122 1531 1187 salutare,
1566 1140 1664 1179 nec
1694 1124 1903 1194 plebem
1937 1124 2039 1178 uti-

466 1227 573 1285 que
627 1214 925 1279 exhortari,
963 1230 1082 1284 quae
1133 1215 1312 1271 omnia
1354 1216 1434 1273 eis
1476 1232 1505 1271 a
1558 1217 1687 1271 sede
1738 1217 2036 1286 apostolica

468 1302 736 1371 prohibita
766 1317 883 1357 csse
914 1314 1230 1361 noscuntur.

544 1391 675 1447 VIII.
706 1391 905 1449 Octava
938 1395 1201 1450 discussio
1226 1395 1426 1465 agitata
1463 1404 1547 1453 est
1584 1397 1649 1452 de
1671 1396 1900 1466 quodam
1930 1397 2040 1454 Ile-

470 1483 617 1541 lisazo
639 1501 703 1541 ex
728 1485 929 1542 familia
953 1488 1280 1560 Agabrensis
1299 1488 1562 1554 ecclesiae,
1589 1490 1679 1559 qui
1707 1490 1775 1545 ab
1790 1490 2041 1561 episcopo

474 1588 572 1628 suo
602 1574 828 1631 traditus
856 1574 1087 1632 libertati
1122 1578 1187 1632 de
1213 1576 1460 1632 libertate
1491 1577 1776 1633 confestim
1805 1579 1871 1634 ad
1914 1594 2042 1634 con-

471 1664 717 1719 tumaciae
748 1666 988 1721 morbum
1023 1667 1328 1728 transilivit.
1358 1667 1543 1739 sicque
1583 1683 1678 1738 per
1733 1668 2039 1739 superbiam

2135 476 2202 529 ad
2253 476 2499 539 salutem,
2535 475 2625 545 qui
2664 483 2825 529 tanta:
2876 486 2930 529 et
2959 473 3213 529 salutaris
3235 476 3363 529 vita!
3387 476 3699 533 destruxerit

2138 570 2432 624 tramitem.
2461 568 2635 639 Super
2658 569 2758 623 hoc
2777 569 2941 624 etiam
2974 567 3213 621 universi
3248 567 3469 622 Baeticae
3497 571 3699 639 provin-

2136 660 2235 716 cia:
2266 659 2501 729 episcopi
2532 658 2842 729 congregati
2881 657 3130 712 eumdem
3160 656 3499 727 sacrilegum
3550 668 3701 713 coetus

2138 753 2222 809 sui
2252 766 2555 807 eversorem
2583 767 2612 806 a
2636 750 3009 806 communione
3032 751 3391 820 suspendant,
3415 760 3474 806 et
3498 754 3699 806 convul-

2138 858 2258 900 sum
2310 842 2696 898 monasterium
2748 857 2868 898 cum
2912 842 3073 898 rebus
3110 842 3226 897 suis
3265 851 3617 908 restaurent,
3652 854 3700 898 ut

2138 932 2280 1006 quod
2311 932 2472 1003 impie
2496 946 2636 987 unus
2660 932 3002 998 subverterit,
3037 946 3228 987 omnes
3252 931 3582 987 reforment.

2208 1021 2300 1076 XI.
2352 1019 2648 1076 Undecima
2678 1020 2887 1075 actione
2916 1020 3189 1074 communi
3218 1034 3504 1075 consensu
3541 1020 3702 1076 decre-

2141 1112 2345 1177 vimus,
2375 1120 2435 1166 ut
2467 1110 2792 1166 monasteria
2820 1110 3085 1181 virginum
3115 1110 3170 1166 in
3208 1111 3505 1182 provincia
3533 1111 3703 1166 Baetim

2147 1202 2532 1259 monachorum
2585 1200 3050 1257 administratione
3088 1216 3154 1255 ac
3204 1202 3475 1271 praesidio
3528 1202 3701 1270 gubero

2146 1302 2386 1355 nentur;
2425 1300 2552 1349 tunc
2581 1292 2723 1348 enim
2768 1290 3001 1346 salubria
3029 1290 3247 1347 Christo
3276 1292 3485 1347 dicatis
3504 1292 3705 1360 virgini-

2145 1384 2246 1440 bus
2262 1384 2580 1455 praebemus,
2599 1383 2813 1453 quando
2832 1382 2910 1437 eis
2922 1390 3104 1445 patres
3122 1380 3445 1452 spirituales
3459 1380 3705 1452 eligimus,

2144 1488 2372 1545 quorum
2419 1487 2524 1527 non
2565 1471 2735 1527 solum
2777 1471 3153 1543 gubernaculis
3200 1472 3367 1536 tueri,
3417 1472 3526 1527 sed
3568 1470 3707 1524 etiam

2144 1562 2405 1619 doctrinis
2429 1561 2681 1619 aediﬁcari
2713 1569 2965 1632 possunt,
2998 1576 3063 1616 ea
3103 1569 3289 1616 tamen
3324 1561 3491 1616 circa
3540 1576 3705 1615 mona-

2147 1653 2279 1708 chos
2306 1652 2510 1708 cautela
2539 1664 2778 1719 servata,
2802 1662 2860 1707 ut
2889 1653 3080 1709 remoti
3122 1652 3191 1708 ab
3216 1668 3413 1709 earum
3448 1651 3711 1707 familiari

481 1767 586 1806 non
611 1752 780 1808 solum
802 1754 1038 1827 ejusdem
1057 1757 1289 1828 episcopi
1316 1731 2038 1815 maleiicisartibus-salutem
2074 1731 2122 1790 Β
2151 1754 2261 1800 “lle
2292 1760 2390 1801 "ec
2419 1761 2590 1815 “sque
2619 1746 2686 1800 ad
2714 1744 3031 1801 νεεῑῖυυιυηι
3058 1745 3297 1800 habeam
3326 1744 3632 1800 accedendi
3656 1743 3711 1797 Ῑ²⁶

476 1840 672 1899 laedere
692 1844 880 1909 voluit,
913 1848 1003 1906 sed
1024 1848 1186 1900 etiam
1211 1855 1488 1918 patronam
1517 1848 1798 1904 ecclesiam
1829 1848 2045 1904 liberta-

480 1933 549 1989 tis
571 1934 854 1989 inunemor
879 1937 1281 2008 pracdamnavit.
1298 1936 1569 1991 Adversus
1590 1952 1749 2007 quem
1776 1937 2045 2008 ingratum

471 2026 613 2084 actio
638 2041 902 2082 canonum
942 2042 1005 2082 ac
1050 2026 1224 2098 legum
1270 2029 1562 2084 auctoritas
1596 2029 1743 2100 juste
1775 2029 2046 2101 dirigitur,

481 2115 689 2170 scilicet
716 2123 774 2169 ιιι
803 2115 1087 2170 immeritae
1132 2116 1400 2172 libertatis
1451 2117 1647 2173 damno
1677 2117 1950 2183 nudtatus,
1980 2119 2045 2173 ad

475 2205 752 2258 servitutis
784 2220 977 2261 nexum
1010 2216 1308 2260 revocetur.
1344 2205 1552 2262 Talium
1575 2208 1719 2263 enim
1747 2217 1921 2264 status
1956 2210 2047 2279 qui

477 2303 664 2347 contra
692 2294 1001 2364 episcopum
1032 2310 1187 2349 suum
1222 2294 1306 2349 vel
1336 2304 1617 2367 patronam
1649 2298 1929 2354 ecclesiam
1968 2298 2048 2353 ni-

476 2394 662 2439 tuntur
686 2385 935 2441 decidere
959 2387 1137 2457 potius
1159 2402 1316 2456 quam
1347 2402 1671 2443 conservare
1700 2390 1968 2453 convenit,
1992 2398 2052 2443 ut

473 2492 703 2550 quorum
726 2479 947 2537 libertas
965 2479 1265 2550 perniciosa
1283 2490 1367 2536 est
1394 2480 1465 2535 sit
1486 2480 1761 2536 salutifera
1794 2482 2046 2547 servitus,

471 2579 532 2624 ιιι
575 2571 665 2640 qui
696 2572 972 2641 superbire
1028 2572 1275 2659 noverint
1310 2572 1505 2647 adepta
1548 2564 1794 2630 libertate
1840 2574 2057 2648 praediti

473 2658 683 2714 discant
709 2660 929 2719 obedire
956 2658 1203 2730 subjecti.

546 2746 638 2799 IX.
686 2745 834 2801 Nona
884 2748 1093 2802 actione
1138 2745 1424 2803 didicimus
1463 2750 1724 2818 quosdam
1769 2767 1835 2805 ex
1866 2759 2050 2807 nostro

476 2834 699 2907 collegio
725 2847 913 2893 contra
943 2853 1120 2894 mores
1144 2838 1544 2897 ecclesiasticos
1568 2841 1734 2897 laicos
1765 2842 1965 2899 habere
1995 2844 2049 2898 in

476 2927 637 2981 rebus
663 2927 858 2983 divinis
881 2930 1200 2985 constitutos
1235 2945 1564 2987 mconomos.
1591 2931 1823 2987 Proinde
1850 2934 2052 3003 pariter

479 3026 778 3074 tractantes
833 3019 1109 3090 eligimus,
1158 3031 1218 3078 ut
1263 3023 1634 3094 unusquisque
1671 3034 1911 3079 nostrum
1958 3040 2048 3079 sc-

481 3107 718 3161 cundum
745 3106 1222 3166 Calcedonensium
1252 3121 1464 3183 patrum
1493 3113 1708 3169 decreta
1737 3128 1800 3168 ex
1829 3113 2048 3185 proprio

480 3196 624 3252 clero
672 3213 1008 3254 mconomum
1066 3201 1185 3260 sibi.
1222 3204 1533 3258 constituat.
1594 3204 1910 3261 lndeeorum
1963 3216 2047 3262 est

484 3288 628 3342 enim
656 3289 850 3345 laicum
881 3291 1141 3346 vicarium
1165 3308 1286 3348 esse
1305 3295 1561 3364 episcopi,
1596 3306 1649 3352 et
1676 3295 1963 3353 saecularcs
1990 3297 2047 3352 in

482 3377 707 3432 ecclesia
727 3376 989 3446 judicare.
1020 3380 1076 3435 In
1104 3397 1209 3437 uno
1233 3383 1374 3437 enim
1400 3384 1694 3455 eodemque
1744 3385 1918 3440 olllcio
1942 3402 2047 3441 non

480 3468 637 3522 debet
660 3469 842 3539 dispar
866 3486 984 3525 esse
1013 3472 1295 3542 professio,
1314 3474 1454 3543 quod
1472 3475 1633 3530 etiam
1656 3475 1707 3529 in
1731 3475 1849 3546 lege
1869 3477 2048 3532 divina

482 3560 797 3629 prohibetur
857 3562 1069 3618 dicente
1110 3563 1333 3635 Moyse:
1370 3584 1388 3615 ι
1422 3563 1535 3620 Νοιι
1590 3566 1772 3622 arabis
1814 3568 1866 3622 in
1915 3568 2050 3623 bove

481 3647 638 3701 simul
666 3660 718 3704 et
744 3651 895 3706 asino
919 3650 1105 3721 (Deut.
1135 3668 1269 3718 χχιι,
1296 3652 1402 3724 10),
1443 3672 1462 3703 ι
1501 3646 1551 3707 fd
1579 3663 1662 3709 est
1690 3654 1934 3710 homines
1969 3656 2051 3709 di-

483 3751 652 3792 versa:
680 3739 1030 3808 professionis
1062 3742 1112 3794 in
1143 3741 1318 3796 ollicio
1344 3758 1450 3797 uno
1478 3759 1584 3797 non
1613 3745 1863 3799 sociabis.
1898 3745 2051 3802 Unde

480 3838 537 3883 et
575 3839 787 3899 oportet
831 3848 929 3887 nos
971 3841 1027 3887 et
1059 3834 1255 3888 divinis
1284 3834 1436 3888 libris
1486 3844 1794 3890 sanctorum
1830 3835 2050 3891 Patrum

481 3920 703 3975 obedire
729 3920 1029 3992 praeceptis,
1053 3924 1443 3978 constituentes
1475 3932 1531 3978 ut
1560 3925 1618 3979 hi’
1640 3925 1730 3995 qui
1779 3925 1830 3980 in
1884 3926 2052 3981 admi-

484 4010 893 4067 nistrationibus
920 4015 1161 4069 ecclesiae
1183 4015 1528 4084 pontificibus
1554 4017 1827 4071 sociantur
1848 4017 2051 4072 discreo

486 4116 615 4170 pare
639 4118 743 4156 non
768 4103 1030 4171 debeant,
1064 4114 1157 4159 aut
1184 4121 1285 4160 nec
1313 4104 1646 4174 professione
1673 4146 1687 4172 ,
1713 4121 1812 4162 nec
1844 4107 2050 4174 habitu,

489 4208 614 4247 nam
640 4194 907 4252 cohaerere
933 4208 987 4253 et
1006 4199 1255 4271 conjungi
1281 4217 1381 4255 non
1407 4209 1652 4272 possunt,
1669 4200 1861 4271 quibus
1875 4210 1928 4256 et
1943 4210 2059 4257 stu-

484 4284 574 4340 dia
595 4296 648 4341 et
669 4298 790 4343 vota
812 4286 1018 4346 ilivcrsa
1036 4302 1178 4347 sunt.
1200 4282 1390 4362 Siquis
1415 4304 1592 4348 autem
1608 4295 1887 4365 cpiscopus
1904 4303 2053 4363 post-

2076 3074 2119 3137 C

2145 1838 2354 1892 miliare
2376 1838 2721 1907 permissum,
2753 1836 2847 1892 sed
2876 1850 3050 1907 neque
3076 1836 3329 1891 abbatem
3365 1835 3468 1891 vel
3496 1850 3619 1891 eum
3638 1835 3712 1903 qui

2145 1926 2432 1997 praeﬁcitur
2483 1936 2642 1981 extra
2693 1940 2813 1981 eam
2840 1940 2959 1995 quae
3004 1933 3202 1994 praeest
3249 1924 3402 1993 loqui
3434 1924 3715 1996 virginibus

2148 2016 2346 2072 Christi
2372 2015 2572 2085 aliquid
2601 2015 2744 2085 quod
2778 2014 2847 2070 ad
2885 2013 3276 2069 institutionem
3304 2029 3536 2068 morum
3568 2011 3711 2081 perti-

2148 2114 2238 2162 net
2257 2106 2479 2171 llicebit,
2505 2120 2678 2177 neque
2701 2120 2821 2161 cum
2836 2120 2899 2161 ea
2926 2104 3037 2161 sola
3079 2120 3197 2174 qua:
3228 2114 3434 2175 praeest
3483 2103 3712 2174 frequen-

2150 2209 2231 2255 ter
2279 2214 2372 2255 eos
2416 2197 2558 2268 loqui
2606 2206 2842 2267 oportet,
2874 2198 2967 2252 sed
3016 2196 3116 2252 sub
3148 2196 3470 2251 testimonio
3501 2195 3717 2251 duarum

2148 2290 2235 2346 vel
2272 2292 2433 2345 trium
2467 2305 2734 2357 sororum,
2768 2290 2844 2345 ita
2869 2298 2925 2344 ut
2953 2304 3072 2345 rara
3103 2289 3174 2346 sit
3213 2290 3489 2355 accessio,
3519 2298 3581 2345 et
3616 2288 3717 2342 bre«

2148 2385 2231 2439 vis
2257 2384 2479 2439 omnino
2514 2382 2730 2439 locutio.
2763 2382 2915 2439 Absit
2939 2383 3081 2439 enim
3126 2391 3185 2438 ut
3231 2384 3544 2439 monachos
3576 2382 3713 2453 (quod

2149 2476 2526 2531 etiamdictum
2551 2474 2700 2531 nefas
2720 2474 2823 2545 est)
2848 2473 3046 2531 Christi
3090 2474 3394 2545 virginibus
3433 2474 3714 2528 familiares

2150 2583 2270 2625 esse
2311 2566 2571 2634 velimus,
2614 2567 2707 2621 sed
2754 2566 2908 2638 juxta
2944 2568 3084 2636 quod
3109 2565 3266 2634 jussa
3299 2564 3623 2635 regularum
3648 2562 3713 2614 vel

2151 2673 2419 2715 canonum
2451 2657 2741 2713 admonent
2769 2657 2924 2728 longe
2946 2654 3206 2712 discretos
3234 2665 3401 2726 atque
3431 2654 3713 2723 sejunctas,

2150 2764 2335 2804 eorum
2368 2757 2546 2803 tamen
2571 2747 2787 2803 easdem
2815 2746 3190 2818 gubernaculis
3212 2746 3572 2816 deputamus,
3605 2760 3708 2800 eoa-

2151 2841 2435 2897 stitucntes
2456 2848 2514 2894 ut
2547 2854 2686 2895 unus
2708 2839 3093 2895 monachorum
3116 2838 3543 2909 probatissimos
3562 2840 3713 2907 eligao

2154 2944 2258 2999 tur,
2298 2932 2452 3001 cujus
2489 2948 2633 2989 curae
2669 2932 2740 2988 sit
2765 2931 2981 3003 praediis
3020 2946 3210 2987 earum
3235 2931 3485 2997 rusticis,
3512 2932 3603 2985 vel
3643 2947 3715 2984 ur-

2154 3026 2307 3081 banis
2347 3025 2647 3089 intendere,
2676 3023 2907 3078 fabricas
2931 3032 3232 3088 exstruere,
3263 3030 3319 3077 et
3351 3022 3397 3077 si
3425 3022 3559 3091 quid
3594 3021 3719 3074 aliud

2150 3123 2234 3171 est
2265 3115 2330 3171 ad
2352 3114 2725 3171 necessitatem
2751 3112 3060 3169 monasterii
3097 3110 3408 3183 providere,
3430 3124 3495 3168 ut
3530 3110 3718 3167 Christi

2149 3205 2363 3261 famulae
2394 3221 2492 3277 pro
2512 3205 2703 3261 animae
2728 3220 2837 3259 suae
2865 3211 3069 3257 tantum
3099 3201 3333 3258 utilitate
3365 3201 3720 3267 sollicit2,so-

2151 3298 2217 3353 lis
2242 3297 2438 3352 divinis
2484 3296 2734 3361 cultibus,
2764 3294 3124 3364 operibusque
3153 3292 3361 3348 sanctis
3406 3291 3716 3348 inserviant.

2154 3387 2296 3443 Sane
2331 3388 2378 3442 is
2399 3387 2489 3457 qui
2526 3388 2593 3443 ab
2636 3389 2829 3443 abbate
2855 3385 3194 3457 preponitur,
3233 3382 3450 3453 judicio
3474 3383 3561 3438 sui
3622 3383 3720 3452 epi-

2151 3478 2296 3548 scopi
2325 3478 2722 3548 comprobetur,
2753 3484 2930 3532 vestes
2963 3484 3149 3531 autem
3176 3474 3283 3530 illae
3309 3473 3718 3529 iisdemfaciant

2150 3580 2181 3620 ει
2217 3566 2412 3636 quibus
2450 3567 2730 3622 tuitionem
2759 3573 3093 3637 exspectant,
3134 3572 3190 3620 et
3225 3565 3295 3619 ab
3330 3563 3530 3618 iisdem
3558 3564 3721 3617 deum

2152 3659 2231 3726 (ut
2260 3656 2572 3728 praedictum
2602 3655 2714 3728 est)
2743 3655 2983 3710 laborum
3013 3653 3221 3709 fructus
3248 3660 3304 3707 et
3324 3651 3719 3723 procurationis

2152 3746 2465 3818 suffragium
2514 3755 2828 3816 recepturae.
2885 3744 2942 3799 Si
2983 3744 3072 3814 qui
3114 3753 3296 3798 autem
3336 3742 3718 3797 monachorum

2154 3839 2293 3893 hanc
2333 3835 2729 3892 ordinationem
2764 3842 2857 3888 aut
2891 3833 3319 3903 contempserint
3362 3842 3460 3887 aut
3495 3830 3717 3902 qualibet

2154 3927 2363 3983 inertiae
2405 3924 2753 3982 dissolutione
2782 3923 3133 3994 neglexerint,
3167 3924 3343 3978 sciant
3372 3923 3520 3993 quod
3545 3936 3717 3976 eorum

2156 4021 2435 4078 temeritas
2478 4030 2671 4090 .atque
2736 4019 2986 4090 superbia
3026 4016 3603 4074 excommunicationis
3658 4015 3717 4070 sit

2155 4111 2429 4180 plectenda
2467 4125 2716 4166 censura.

2227 4202 2337 4256 XII.
2376 4204 2695 4257 Duodecima
2729 4196 2936 4257 actione
2971 4201 3252 4271 ingressus
3282 4208 3368 4256 est
3391 4200 3460 4255 ad
3489 4214 3589 4255 ιιω
3614 4199 3711 4267 qui-

2156 4293 2281 4348 dam
2307 4310 2372 4349 ex
2401 4294 2594 4349 haeresi
2620 4292 3014 4363 Acophalorum
3042 4292 3261 4347 natione
3285 4290 3485 4364 Syrus,
3510 4300 3571 4346 ut
3586 4306 3706 4345 asse

489 4376 592 4432 hac
621 4379 1037 4435 ecclesiasticam
1068 4398 1177 4437 rem
1202 4392 1295 4437 aut
1334 4398 1429 4452 per
1455 4383 1695 4437 laicalem
1723 4383 2058 4453 procuratio-
2086 4412 2134 4470 υ
2163 4383 2231 4437 rit
2264 4383 2377 4453 ipse
2427 4384 2734 4453 episcopus,
2780 4382 3005 4437 duarum
3037 4382 3089 4436 in
3137 4381 3359 4438 Christo
3420 4392 3707 4436 naturarum

487 4483 609 4523 nem
661 4468 1141 4526 administrandam
1169 4473 1419 4542 elegerit,
1452 4483 1544 4526 aut
1587 4474 1705 4528 sine
1752 4473 2056 4528 testimonio

493 4561 757 4615 (rconomi
775 4560 1174 4632 gubernandum
1196 4562 1633 4629 crediderit,vere
1654 4571 2059 4633 utcontemptor

493 4664 784 4716 canonum,
820 4660 874 4705 et
908 4650 1187 4707 fraudator
1214 4652 1704 4708 ecclesiasticarum
1736 4668 1916 4707 rerum
1948 4666 2055 4707 non

484 4739 656 4795 solum
675 4756 703 4794 a
735 4740 952 4797 Christo
973 4742 1038 4797 de
1064 4741 1223 4797 rebus
1240 4757 1534 4814 pauperum
1554 4741 1889 4812 judicabitur
1910 4756 2056 4807 reus,

485 4831 576 4885 scd
602 4832 765 4886 etiam
796 4842 848 4887 et
871 4833 1101 4889 concilio
1126 4834 1361 4887 manebit
1384 4833 1667 4888 obnoxius.

556 4922 628 4978 X.
679 4924 895 4980 Decima
942 4927 1153 4982 actione
1198 4928 1547 4997 poscentibus
1600 4929 2053 4984 monasteriorum

491 5011 735 5080 patribus
769 5015 884 5083 pari
910 5017 1172 5071 sententia
1198 5018 1506 5071 statuimus-
1533 5028 1582 5064 ιιι
1619 5020 1859 5070 ιιηρῃοιιῑιι
1892 5034 2061 5073 mmm-

2161 4472 2542 4542 proprietatem
2577 4472 2869 4543 abnegans,
2893 4479 2948 4526 et
2968 4471 3222 4526 deitatem
3248 4472 3568 4541 passibilem
3591 4483 3706 4525 asse-

2162 4576 2305 4615 rens.
2340 4560 2505 4631 Cujus
2537 4561 2663 4616 dum
2698 4561 2897 4615 nostris
2929 4560 3173 4616 sensibus
3207 4561 3344 4616 tanti
3383 4564 3707 4618 erroriscuu~

2164 4651 2303 4708 fusio
2334 4652 2618 4723 patuisset,
2650 4652 2878 4724 prolatis
2907 4652 2979 4707 illi
3011 4652 3076 4707 de
3102 4652 3490 4708 incarnatione
3527 4650 3710 4709 Domini

2162 4740 2288 4796 Jesu
2318 4742 2520 4797 Christi
2556 4742 2891 4802 testimoniis,
2912 4751 3339 4811 sanctorumque
3370 4741 3595 4797 Patrum
3621 4757 3699 4796 seu

2163 4833 2346 4889 tentiis
2388 4833 2650 4899 recitatis,
2689 4834 2835 4889 omni
2874 4848 2996 4887 eum
3029 4832 3223 4887 deinde
3251 4834 3634 4889 exhortatione
3666 4832 3716 4885 ad

2163 4938 2308 4978 verae
2330 4923 2450 4977 fidei
2483 4923 2857 4977 rcctitudinem
2891 4920 3209 4977 sacerdotali
3242 4920 3517 4977 modestia
3558 4921 3715 4976 invita

2163 5016 2359 5074 vimus.
2385 5015 2474 5072 oui
2505 5014 2828 5068 salutaribus
2856 5014 3078 5068 monitis
3111 5013 3479 5074 pertinaciter
3506 5013 3714 5084 permul-
