3820 5318
31 238 111 296 601
1212 232 1697 293 DECRE'I‘ALIUM
1734 230 2130 289 COLLECTIO.

3118 228 3228 287 ϐω

29 359 227 420 sascpta:
246 348 360 403 ﬁdei
387 347 778 407 confessionem
809 365 931 405 cum
962 348 1343 419 astipulatione
1368 357 1556 420 protu-
1583 353 1632 413 Α
1660 344 1784 399 dum
1812 352 1973 400 erant
1999 344 2201 415 abyssi,
2232 352 2286 398 et
2310 358 2409 415 ego
2431 343 2546 416 jam
2573 352 2830 414 concepta
2859 356 3010 399 eram
3045 343 3228 415 (Prov.

29 442 95 503 lit,
123 450 272 509 atque
304 440 369 495 ab
393 441 643 496 omnibus
668 441 782 497 suis
807 440 1090 496 erroribus
1107 449 1370 511 purgatus
1394 453 1560 510 appa-

32 532 136 586 ruit.
178 530 387 601 'I‘alique
423 545 522 602 pro
560 532 757 587 merito
783 530 1080 603 gaudentes
1114 530 1329 587 Christo
1355 529 1557 601 gratias

29 622 225 692 egimus,
258 620 396 691 quod
432 621 680 676 euntdem
717 631 839 691 post
869 621 1195 691 pravitatem
1235 612 1458 676 haeresis
1491 618 1560 675 ad

28 711 367 768 rectitudinem
394 710 518 779 ﬁdei
564 710 747 766 divina
776 712 949 783 gratia
986 711 1361 781 promovisset,
1397 724 1558 780 quem

26 810 243 872 optamus
264 810 320 855 ut
346 816 667 871 permanens
696 801 752 858 in
782 802 982 857 Christi
1008 802 1112 859 ﬁde
1139 817 1273 874 pure
1303 816 1368 857 ac
1399 802 1563 857 devo-

28 895 203 949 tissime
222 901 585 949 conservetur.

84 983 199 1038 XIII.
226 983 403 1039 Tertia
434 985 640 1041 decima
670 985 1048 1056 prosecutione
1075 983 1308 1040 breviter
1340 998 1564 1038 narrauc-

28 1076 131 1131 dtnn
160 1077 456 1145 putavimus
486 1076 552 1132 ad
590 1077 968 1147 refutationem
997 1075 1310 1131 eorumdem
1350 1074 1564 1130 haereti-

27 1184 183 1223 corum
217 1167 303 1238 qui
339 1168 475 1223 duas
507 1178 728 1223 naturas
756 1168 958 1224 Chrtsti
988 1176 1109 1237 post
1143 1181 1398 1221 unionem
1428 1165 1562 1220 deli-

27 1269 185 1313 rantes
225 1257 577 1324 confundunt,
624 1267 680 1314 et
719 1258 1026 1329 passibilem
1078 1258 1128 1311 in
1172 1273 1239 1313 eo
1268 1257 1565 1311 diuinitatis

34 1346 171 1417 158
223 1347 578 1402 substantiam
628 1356 898 1403 asserunt.
950 1347 1148 1402 Contra
1179 1361 1406 1415 quorum
1454 1346 1566 1401 hla-

28 1436 262 1507 spbemias
279 1446 495 1505 oportet
520 1453 616 1493 nos
640 1440 693 1493 in
724 1453 829 1493 una
860 1452 1091 1507 persona
1113 1436 1313 1491 Christi
1342 1435 1568 1505 geminat

29 1536 204 1581 natura:
226 1527 610 1596 preprictatcm
655 1528 963 1590 ostendere,
990 1527 1404 1596 passionemque
1450 1523 1569 1591 ejus

30 1617 72 1670 in
108 1615 206 1670 sola
242 1616 596 1673 humanitatis
633 1616 973 1687 susceptione
1017 1614 1381 1677 manifestare,
1429 1622 1488 1669 ut
1521 1618 1564 1667 sl

1660 452 1782 502 vin,
1804 435 1955 507 24),:
1986 436 2273 491 humanam
2302 437 2596 491 secundum
2626 437 2749 500 hoc,
2777 457 2796 486 ι
2816 434 3078 505 sapientia
3104 435 3233 490 tedi-

1659 523 1839 579 ﬁcavit
1866 525 1967 581 sibi
1992 520 2207 580 domum
2237 523 2418 596 (Prov.
2447 541 2590 589 xxiv,
2615 525 2692 595 3),
2727 544 2745 576 ι
2776 526 3018 596 corporis
3045 523 3232 595 utique

1660 614 2039 685 suitemplum
2067 654 2083 679 ,
2132 614 2186 671 in
2235 630 2341 684 quo
2390 615 2531 671 ﬁlius
2575 615 2667 670 Dei
2711 616 3058 681 inhabitaret,
3104 615 3235 670 dum

1661 707 1898 763 Verbum
1923 715 2006 761 est
2032 721 2160 762 caro
2189 705 2410 762 factum.
2443 706 2732 777 Pr0phetia
2760 707 2811 762 in
2843 708 2977 761 Isaia
3005 708 3105 762 sub
3127 720 3234 763 una

1660 794 1953 863 eademque
1973 793 2173 850 Christi
2198 810 2426 864 persona
2469 796 2550 851 sic
2578 797 2913 851 demonstrat
2951 807 3235 866 utramque

1661 896 1936 952 naturam,
1978 886 2195 941 deitatis
2238 887 2530 941 secundum
2567 887 2734 943 illud:
2792 906 2811 939 ι
2858 886 3105 956 Nunquid
3141 888 3232 957 qui

1662 978 1797 1034 alios
1825 992 2017 1049 parere
2044 978 2204 1045 facio,
2237 978 2351 1050 ipse
2390 993 2496 1033 non
2527 979 2755 1049 pariam,
2784 980 2915 1036 dicit
2943 982 3233 1037 Dominus?

1665 1068 1830 1141 (lsai.
1887 1086 2037 1136 uvr,
2084 1069 2181 1140 9.)
2253 1088 2275 1123 ›
2341 1070 2693 1126 humanitatis
2752 1071 3044 1127 secundum
3090 1072 3232 1128 hoc:

1671 1177 1691 1211 ι
1714 1159 1855 1214 Ecce
1873 1160 2026 1230 virgo
2050 1160 2105 1215 in
2132 1168 2286 1216 utero
2327 1159 2599 1229 concipiet
2627 1169 2680 1215 et
2705 1162 2879 1230 pariet
2903 1161 3066 1217 ﬁlium
3097 1162 3235 1232 (Isa.

1665 1263 1761 1311 vn,
1804 1247 1923 1318 Ii);
1959 1268 1976 1298 ι
2038 1248 2333 1304 divinitatis
2378 1249 2670 1304 secundum
2724 1249 2851 1304 illud
2895 1264 2909 1303 :
2962 1268 2981 1302 ι
3019 1250 3234 1315 Rorate,

1667 1337 1790 1392 εωιί
1834 1337 2085 1407 desuper,
2132 1346 2187 1393 et
2252 1337 2420 1393 nubes
2466 1338 2653 1407 plaant
2692 1336 2919 1405 justum,
2965 1341 3236 1409 aperiatur

1669 1436 1814 1483 terra
1847 1436 1902 1483 et
1926 1429 2191 1497 germinet
2226 1427 2588 1492 Salvatorem,
2619 1437 2673 1482 et
2693 1429 2900 1498 justitia
2939 1432 3144 1485 oriatur
3168 1431 3236 1484 si-

1670 1518 1780 1571 mul
1808 1517 1942 1588 (Isa.
1974 1533 2097 1581 ην,
2145 1519 2223 1586 8).
2255 1536 2274 1570 ›
2303 1518 2432 1574 Item
2486 1517 2635 1583 alibi,
2665 1519 3238 1587 humanitatissccun-

1670 1608 1797 1663 dum
1823 1609 1946 1674 hoe,
1982 1626 2002 1660 ι
2036 1608 2297 1663 Parvulus
2331 1615 2490 1663 natus
2518 1617 2601 1663 est
2630 1610 2785 1664 nobis
2811 1610 2944 1681 (lsa.
2989 1627 3063 1675 ιχ,
3096 1611 3168 1682 6),
3212 1628 3238 1667 ι

28 1705 142 1759 forte
161 1705 313 1774 aliqui
341 1703 632 1761 stultorum
661 1704 821 1774 hujus
844 1703 1121 1759 sententia:
1142 1718 1330 1758 errore
1354 1702 1565 1772 decepti
1597 1698 1642 1757 Β
1672 1700 1967 1755 divinitatis
1992 1700 2286 1754 secundum
2331 1699 2480 1763 illud,
2520 1717 2538 1750 ε
2570 1699 2739 1755 Filius
2772 1702 2929 1757 datus
2968 1714 3052 1758 est
3086 1703 3239 1758 nobis

29 1804 148 1860 sunt,
183 1795 301 1850 dum
346 1796 453 1850 ista
503 1795 732 1866 legerint
767 1795 1111 1865 resipiscant,
1139 1802 1405 1862 rectmque
1443 1792 1564 1848 ﬁdei

30 1884 272 1937 veritatem
316 1882 559 1938 ﬁrmiter
586 1891 824 1938 teneant.
848 1881 984 1937 Nam
1015 1881 1200 1953 procul
1227 1882 1388 1936 dubio
1417 1880 1568 1935 multi

29 1983 146 2039 sunt,
168 1973 250 2043 qui
287 1975 587 2031 secundum
615 1975 841 2045 apostoli
872 1990 1057 2031 vocem
1084 1975 1390 2044 prurientes
1418 1973 1568 2029 auri-

26 2064 109 2139 bus
134 2078 161 2116 a
188 2063 418 2119 veritate
443 2064 687 2119 auditum
719 2073 993 2129 avertunt,
1038 2064 1105 2118 ad
1136 2062 1343 2119 fabulas
1388 2072 1568 2117 autem

28 2162 393 2211 convertuntur.
424 2157 568 2229 Ergo
591 2158 730 2214 sicut
757 2158 1096 2214 immaculata
1123 2158 1273 2221 ﬁdes,
1303 2168 1360 2212 et
1383 2166 1570 2215 sancta

34 2246 110 2300 Dei
132 2247 354 2303 Ecclesia
382 2248 567 2314 docet,
621 2248 941 2305 conﬁtemur
992 2249 1276 2304 Dominum
1325 2259 1569 2311 nostrum

30 2335 183 2390 Iesum
242 2336 517 2392 Christum
579 2337 1007 2408 intemporaliter
1078 2353 1146 2394 ex
1216 2337 1377 2393 Patre
1458 2336 1571 2394 Deo

30 2438 203 2494 natum,
228 2428 593 2499 temporaliler
627 2445 693 2484 ex
736 2439 889 2484 utero
925 2429 1170 2498 gloriosas
1210 2428 1441 2500 virginis
1461 2427 1572 2483 Ma-

32 2517 105 2571 ria:
134 2518 386 2574 hominem
426 2520 652 2583 editmn,
695 2529 750 2574 et
776 2520 846 2574 ob
886 2520 987 2575 hoc
1030 2519 1084 2574 in
1148 2534 1252 2574 una
1305 2519 1573 2575 existente

32 2619 225 2673 persona
267 2607 400 2663 duas
453 2616 682 2662 naturas
709 2606 1015 2671 habentem,
1048 2605 1266 2663 deitatis
1296 2621 1401 2675 qua
1446 2616 1574 2663 ante

31 2696 191 2750 secula
223 2698 462 2768 genitus,
504 2705 559 2752 et
598 2696 947 2751 humanitatis
986 2696 1040 2750 in
1074 2711 1177 2765 qua
1216 2696 1407 2752 diebus
1447 2696 1572 2752 ulti-

32 2788 112 2842 mis
149 2790 313 2845 editus
344 2798 429 2846 est
456 2830 475 2855 ,
521 2790 573 2844 in
630 2788 721 2844 illa
772 2788 1067 2844 secundum
1115 2787 1342 2843 formam
1371 2789 1491 2856 Dei,
1520 2789 1574 2845 in

34 2882 112 2933 ista
152 2882 436 2938 secundum
486 2882 715 2936 formam
777 2881 918 2937 servi
971 2880 1311 2945 consistens;
1371 2880 1427 2935 in
1482 2879 1572 2935 illa

33 2971 154 3026 Pani
196 2988 417 3028 manens
467 2971 707 3041 aequalis,
744 2971 799 3026 in
825 2971 926 3025 ista
983 2969 1101 3025 sine
1134 2978 1358 3040 peccato
1382 2968 1575 3024 similis

1670 1789 1859 1864 (Ibid.)
1886 1809 1906 1843 ι
1941 1789 2202 1845 Parvulas
2223 1790 2366 1845 enim
2397 1788 2646 1845 Christus
2671 1792 2738 1846 ad
2766 1801 3026 1862 susceptae
3055 1793 3215 1848 huma

1670 1882 1854 1937 uitatis
1882 1892 2131 1936 naturam
2159 1881 2415 1951 pertinet,
2447 1882 2572 1949 quia
2601 1882 2762 1936 homo
2787 1891 2869 1938 est
2895 1883 3085 1947 lactus,
3104 1882 3240 1939 ﬁlius

1668 1984 1849 2029 autem
1884 1973 2061 2037 datus,
2105 1972 2173 2027 ad
2221 1972 2584 2038 divinitatem,
2613 1973 2738 2041 quia
2764 1973 2857 2028 Dei
2880 1973 3068 2029 Filius.
3095 1975 3163 2030 Et
3188 1984 3241 2030 ιιι

1670 2065 1983 2120 ostenderet
2013 2063 2067 2118 in
2099 2072 2326 2132 utraque
2376 2071 2568 2118 natura
2607 2079 2767 2118 unam
2805 2080 2926 2120 esse
2960 2080 3246 2135 personam

1668 2153 1876 2223 parvuli
1902 2154 2011 2209 nati
2037 2163 2092 2209 et
2129 2153 2225 2208 lilii
2248 2154 2380 2219 dati,
2417 2152 2649 2223 adjecit:
2688 2172 2706 2205 ι
2736 2155 3028 2211 Vocabitur
3053 2168 3251 2216 nomen

1671 2246 1787 2316 ejus
1813 2246 1993 2316 magni
2021 2246 2231 2301 consilii
2263 2246 2505 2318 angelus,
2524 2248 2664 2302 Deus
2690 2247 3137 2320 l'ortis,princeps
3167 2250 3251 2306 fu-

1672 2338 1776 2393 turi
1807 2334 1986 2391 saeculi
2013 2335 2149 2406 (Isa.
2175 2351 2251 2403 ιι,
2279 2336 2356 2406 6).
2379 2356 2399 2389 ι
2425 2335 2483 2390 Ιιι
2517 2337 2807 2409 Evangelio
2829 2354 3040 2410 quoque
3064 2340 3118 2394 in
3140 2354 3251 2396 uno

1672 2427 1968 2496 eodemque
1986 2425 2201 2482 Christo
2221 2427 2415 2483 divina:
2437 2437 2642 2483 natura:
2661 2429 3004 2500 signiﬁcatio,
3026 2429 3247 2488 «Omnia

1672 2536 1769 2592 per
1796 2519 1972 2590 ipsum
2018 2518 2162 2575 facta
2211 2528 2338 2573 sunt
2388 2518 2629 2589 (Rom.t,
2656 2521 2768 2593 37),
2808 2542 2827 2575 ›
2873 2522 3121 2579 humana:
3147 2539 3247 2577 na-

1672 2619 1806 2667 tune
1860 2608 2226 2682 signiﬁcatio,
2264 2630 2280 2660 ι
2330 2609 2444 2665 Non
2500 2611 2621 2665 veni
2688 2611 2867 2668 facere
2919 2613 3248 2669 voluntatem

1673 2718 1872 2768 meam,
1927 2701 2023 2758 sed
2084 2702 2413 2756 voluntatem
2470 2700 2588 2771 ejus
2635 2703 2726 2771 qui
2765 2703 2907 2757 misit
2958 2719 3042 2760 me
3076 2704 3252 2760 Patris

1674 2793 1859 2865 (Joan.
1891 2810 1968 2859 v1,
2004 2793 2118 2865 '58).
2154 2815 2172 2846 ι
2229 2793 2430 2849 Paulus
2471 2809 2687 2864 quoque
2730 2795 3002 2864 apostolus
3048 2796 3101 2850 in
3145 2812 3253 2852 uno

1673 2886 1976 2956 eodemque
2018 2885 2238 2942 Christo
2300 2894 2550 2941 naturam
2614 2887 2910 2944 divinitatis
2960 2888 3248 2957 exprimit,

1677 2992 1800 3032 cum
1830 2976 1962 3031 dicit
1991 2994 2005 3030 :
2052 2996 2071 3028 ι
2099 2975 2494 3046 Primogenitus
2539 2976 2716 3031 omnis
2743 2986 3004 3032 creatura:
3033 2977 3144 3048 ipse
3169 2985 3254 3033 est

32 3073 200 3119 nostra:
233 3063 568 3126 conditioni;
606 3063 660 3117 in
689 3062 780 3116 illa
813 3061 1155 3121 inviolabilis.
1187 3061 1241 3115 in
1270 3061 1370 3117 ista
1397 3060 1571 3130 passi-
1601 3045 1644 3106 C
1676 3075 1801 3121 ante
1825 3080 2036 3131 omnes,
2059 3074 2113 3121 et
2135 3045 2317 3119 omnia
2347 3066 2400 3119 in
2426 3064 2517 3120 illo
2539 3073 2788 3120 constant
2810 3065 3032 3136 (Coloss.
3053 3045 3248 3137 i,li),s

28 3152 159 3219 bilis;
190 3154 242 3209 in
272 3154 363 3210 illa
390 3169 463 3210 ex
492 3170 602 3224 qua
628 3153 763 3209 mori
789 3168 895 3207 non
941 3151 1136 3223 potuit,
1174 3151 1228 3205 in
1257 3150 1358 3206 ista
1385 3151 1442 3207 in
1471 3165 1576 3221 qua

34 3254 229 3301 mortem
276 3246 539 3316 suscepit.
586 3242 750 3313 Cujus
790 3243 1018 3314 gemina:
1061 3250 1267 3296 natura:
1304 3240 1577 3297 distinctio

31 3336 230 3404 primum
258 3352 323 3392 ex
354 3336 559 3392 litteris
589 3335 744 3407 legis,
793 3334 987 3389 deinde
1035 3348 1104 3388 ex
1138 3332 1492 3403 propheticis,
1524 3341 1579 3389 et

32 3429 321 3499 cvangelicis
351 3439 521 3501 atque
548 3427 860 3499 apostolicis
888 3426 1181 3496 promenda
1224 3433 1309 3481 est
1329 3425 1574 3497 paganis,

30 3526 77 3570 ut
101 3534 165 3572 ea
182 3535 297 3590 qua:
336 3520 641 3578 asserimus
667 3534 792 3573 non.
813 3516 1168 3589 argumentis,
1196 3515 1291 3572 sed
1317 3515 1579 3587 exemplis

30 3607 401 3682 Seripturarum
444 3611 743 3667 ﬁrmemus.
779 3609 888 3664 Lex
918 3609 969 3663 in
1003 3623 1108 3663 una
1135 3608 1430 3678 eademque
1455 3622 1580 3678 per-

29 3713 138 3754 sona
166 3702 459 3760 Salvatoris
496 3701 669 3758 nostri
703 3701 784 3757 sic
806 3701 1139 3756 demonstrat
1173 3708 1457 3770 utramque
1484 3714 1580 3754 na-

30 3802 219 3863 turam,
266 3798 545 3862 divinam,
594 3795 822 3851 Domino
890 3793 1144 3863 loquente
1185 3793 1254 3849 ad
1316 3792 1577 3864 Moysen:

36 3901 52 3934 σ
82 3884 237 3953 Ecce,
271 3887 488 3957 inquit,
518 3886 675 3941 mitto
709 3883 957 3956 angelum
986 3897 1165 3938 meum
1192 3882 1284 3953 qui
1312 3883 1583 3954 praecedat

32 3981 93 4036 te,
130 3976 351 4032 observa
392 3991 522 4032 eum
566 3983 623 4031 et
658 3974 782 4030 audi
820 3987 1007 4029 vocem
1035 3970 1153 4040 ejus
1194 3971 1390 4043 (Exod.
1423 3986 1580 4038 um,

30 4061 125 4133 20).
154 4084 171 4117 ι
204 4067 326 4138 quia
363 4076 452 4123 est
489 4080 686 4120 nomen
717 4078 894 4119 meum
936 4063 989 4116 in
1023 4062 1133 4126 illo,
1164 4062 1474 4127 humanam,
1506 4061 1583 4117 lo-

31 4167 204 4224 quente
243 4160 433 4216 eodem
484 4158 714 4215 Domino
761 4155 827 4211 ad
871 4156 1146 4211 Abraham
1178 4172 1192 4209 :
1232 4174 1250 4206 ι
1282 4155 1339 4210 In
1376 4155 1584 4210 semine

31 4256 107 4305 tuo
130 4250 511 4308 benedicentur
532 4264 723 4307 omnes
756 4257 947 4320 gentes
980 4245 1130 4316 (Gen.
1165 4262 1304 4312 χιιι,
1330 4245 1441 4317 18),
1478 4266 1498 4299 ι
1530 4244 1584 4301 id

31 4349 114 4404 est,
145 4342 194 4396 in
220 4358 386 4399 carne
405 4342 634 4407 Christi,
666 4357 788 4412 quae
815 4341 881 4395 de
903 4339 1138 4395 Abrahte
1170 4339 1338 4408 stirpe
1364 4340 1584 4397 descen-

30 4427 107 4484 dit.
138 4430 419 4502 Pr0phetia
452 4433 510 4488 in
535 4430 758 4502 psalmis
787 4430 889 4486 sul)
916 4444 1020 4485 una
1056 4430 1350 4498 eademque
1376 4428 1576 4484 Christi

30 4534 228 4587 persona
264 4524 348 4581 sic
391 4523 635 4580 ostendit
676 4530 961 4592 utramque
1008 4529 1280 4587 naturam,
1318 4520 1578 4588 divinam,

32 4617 295 4670 secundum
344 4615 501 4681 illud,
554 4631 576 4667 ί
624 4628 693 4670 ex
742 4622 896 4669 utero
929 4622 1055 4669 ante
1102 4612 1386 4668 luciferum
1419 4612 1577 4683 genui

34 4711 74 4757 le
96 4705 253 4770 (Ρωι.
279 4726 389 4775 ctx,
421 4709 503 4781 5),
541 4726 562 4762 ι
615 4706 929 4771 humanam,
980 4704 1274 4761 secundum
1303 4704 1426 4769 hoc,
1461 4722 1480 4753 ι
1524 4710 1583 4756 et

33 4793 172 4853 homo
201 4810 354 4856 natus
392 4808 480 4857 est
518 4800 573 4855 in
610 4814 700 4864 ea,
737 4807 793 4854 et
826 4798 940 4868 ipse
978 4796 1224 4853 fundavit
1259 4810 1377 4851 eam
1407 4794 1579 4864 (Psal.

35 4898 222 4953 mm,
251 4890 340 4961 5);
379 4909 398 4943 ι
432 4888 698 4954 divinam,
729 4886 1022 4943 secundum
1053 4885 1218 4941 illud:
1250 4903 1268 4936 ι
1304 4882 1583 4940 Eructavit

35 4987 111 5027 cor
140 4992 306 5033 meum
330 4979 561 5035 verbum
589 4978 789 5033 bonum
820 4975 993 5048 (Psal.
1022 4991 1167 5042 xuv,
1190 4975 1267 5046 2),
1309 4994 1327 5027 ι
1392 4976 1585 5031 Imma-

37 5076 159 5132 nam,
182 5069 473 5125 secundum
516 5068 623 5123 hoc
654 5084 667 5119 :
719 5086 738 5119 ι
778 5067 1065 5137 Speciosus
1113 5066 1286 5122 forma
1321 5082 1433 5137 pra:
1459 5065 1584 5120 ﬁliis

37 5148 283 5212 hominum
314 5156 491 5229 (Paul.
517 5172 668 5222 κων,
700 5157 777 5228 8).
808 5178 828 5211 ι
862 5158 1150 5229 Pr0phetia
1196 5157 1249 5212 in
1275 5156 1587 5215 Proverbiis

39 5241 83 5296 in
105 5261 196 5300 una
220 5250 512 5318 eademque
533 5248 733 5305 Christi
758 5264 985 5318 persona
1015 5252 1096 5307 sic
1117 5249 1354 5306 declarat
1379 5259 1587 5306 utram-

1677 3157 2034 3212 humanitatis
2061 3156 2303 3212 declarat
2331 3164 2607 3221 naturam,
2640 3171 2760 3211 cum
2788 3156 2940 3222 dicit,
2974 3175 2991 3208 ι
3023 3156 3142 3225 Ipse
3169 3166 3255 3211 est

1677 3259 1841 3318 caput
1889 3247 2133 3318 corporis
2181 3248 2435 3304 Ecclesia:
2475 3248 2700 3318 (Coloss.
2732 3264 2772 3311 I,
2798 3247 2907 3319 I8),
2942 3267 2960 3298 ι
3013 3258 3067 3302 et
3089 3248 3249 3303 alibi:

1683 3360 1701 3392 ι
1739 3339 1991 3406 Quicum
2030 3339 2085 3393 in
2123 3338 2299 3394 forma
2331 3338 2421 3392 Dei
2463 3347 2633 3404 esset,
2677 3354 2783 3393 non
2833 3338 3076 3407 rapinam
3111 3338 3252 3393 arbi-

1681 3440 1853 3485 tratus
1901 3438 1985 3485 est
2025 3443 2147 3484 esse
2189 3443 2251 3484 se
2293 3427 2553 3498 aequalem
2593 3430 2726 3493 Deo,
2763 3427 2857 3483 sed
2903 3427 3253 3497 semetipsum

1677 3524 1977 3581 cxinanivit
2024 3523 2257 3593 formam
2301 3523 2442 3578 servi
2488 3522 2757 3591 accipiens
2784 3520 3002 3593 (Philip.
3032 3536 3092 3582 ll,
3117 3522 3192 3592 6).
3228 3539 3251 3574 ι

1679 3617 1782 3673 Per
1804 3617 1908 3671 hoc
1921 3616 2064 3670 enim
2092 3611 2235 3685 quod
2261 3615 2410 3679 dicit,
2435 3613 2526 3683 qui
2557 3627 2678 3668 cum
2709 3612 2761 3667 in
2778 3613 2948 3667 forma
2972 3611 3064 3664 Dei
3087 3620 3253 3676 esset,

1682 3716 1931 3765 naturam
1966 3707 2022 3762 in
2050 3721 2115 3762 eo
2139 3706 2336 3761 divinae
2373 3704 2674 3775 majestatis
2711 3703 2968 3768 ostendit,
3014 3718 3112 3772 per
3149 3703 3252 3760 hoc

1682 3808 1860 3854 autem
1885 3797 2029 3868 quod
2050 3796 2274 3865 adjecit,
2320 3795 2547 3851 lorumm
2571 3796 2709 3850 servi
2733 3795 2959 3863 accepit,
2997 3801 3247 3848 naturam

1683 3889 2039 3946 humanitatis
2056 3886 2347 3959 signiﬁcat,
2364 3898 2418 3942 et
2444 3889 2638 3942 iterum
2655 3903 2699 3942 ιι
2718 3886 2850 3942 Cum
2874 3896 3038 3952 esset,
3053 3886 3249 3955 inquit,

1682 3981 1851 4045 dives,
1878 3992 2086 4050 pauper
2114 3976 2293 4033 laetus
2317 3984 2400 4032 est
2428 3976 2510 4047 (II
2542 3976 2666 4032 Cor.
2694 3992 2813 4043 vm,
2844 3977 2920 4046 9),
2962 3995 2982 4028 ι
3025 3985 3083 4030 ut
3111 3976 3255 4033 illius

1684 4069 1863 4138 inopia
1915 4083 2014 4124 nos
2062 4067 2257 4122 divites
2286 4082 2565 4133 essemus;
2617 4068 2705 4123 ubi
2750 4068 2893 4125 enim
2938 4068 3094 4134 dixit,
3130 4083 3254 4124 cum

1684 4167 1829 4215 esset
1871 4159 2045 4223 dives,
2090 4157 2518 4213 divinaenaturaz
2560 4158 2726 4229 gloria
2773 4159 3040 4228 panditur,
3070 4168 3127 4214 et
3163 4159 3253 4214 ubi
3352 4196 3359 4201 -

1686 4249 1906 4321 adjecit,
1941 4264 2146 4320 pauper
2172 4249 2347 4305 lactus
2369 4260 2472 4315 est,
2500 4251 2748 4307 humanm
2779 4252 3109 4308 inﬁrmitatis
3132 4252 3260 4307 sub—

1683 4339 1849 4409 jectio
1862 4340 2264 4395 demonstratur
2289 4349 2449 4410 atque
2470 4341 2681 4397 servilis
2702 4342 2917 4397 habitus
2939 4342 3252 4410 assumptio.

1688 4431 1821 4486 Item
1858 4432 1912 4485 in
1948 4431 2065 4500 ipso
2112 4430 2267 4486 initio
2311 4431 2588 4501 apostolici
2649 4433 2873 4503 symboli
2919 4432 3127 4503 gemina
3175 4433 3258 4486 sic

1686 4520 1989 4575 ostenditur
2028 4519 2088 4574 in
2115 4534 2219 4574 uno
2240 4519 2540 4590 eodemque
2568 4519 2784 4578 Christo
2830 4531 3035 4576 initura:
3058 4521 3257 4575 distin—

1686 4611 1829 4677 ctio,
1862 4611 2081 4666 deitatis
2107 4626 2173 4665 ex
2205 4610 2400 4677 Patre,
2432 4612 2558 4666 dum
2589 4612 2720 4667 dicit
2749 4632 2762 4666 :
2793 4613 2968 4669 Credo
3003 4612 3056 4666 in
3095 4628 3258 4666 unum

1690 4703 1856 4757 Deum
1885 4702 2101 4756 Patrem
2132 4702 2583 4771 omnipotentem,
2609 4711 2667 4756 et
2704 4703 2760 4757 iu
2783 4703 3053 4759 Christum
3080 4702 3264 4757 Jesum

1691 4792 1886 4848 Filium
1903 4792 2020 4864 ejus
2041 4792 2284 4857 unicum,
2310 4791 2598 4850 Dominum
2617 4801 2894 4860 nostrum,
2917 4792 3269 4851 humanitatis

1688 4900 1758 4941 ex
1784 4895 1978 4951 matre,
2007 4884 2132 4939 dum
2158 4883 2382 4954 adjecit,
2410 4890 2597 4938 natum
2646 4881 2718 4938 de
2745 4884 2947 4958 Spiritu
2973 4891 3160 4942 sancto
3204 4897 3268 4935 ex

1694 4988 1849 5033 utero
1884 4976 2064 5032 Mariae
2107 4974 2367 5043 virginis.
2414 4974 2553 5030 Ecce
2579 4985 2655 5025 ex
2682 4984 2915 5053 utroque
2938 4979 3283 5034 Testamento

1694 5066 1815 5122 dua:
1844 5076 2047 5123 natura:
2078 5065 2133 5119 in
2160 5061 2420 5131 Chrism,
2451 5058 2758 5121 divinitatis
2787 5086 2913 5135 una,
2943 5062 3290 5123 humanitatis

1694 5155 1888 5223 altera,
1915 5173 2034 5226 qua:
2062 5151 2285 5223 quidem
2329 5150 2549 5231 gemina
2588 5163 2769 5211 unum
2808 5162 2937 5218 ίθρίι
2982 5165 3289 5228 personam,-

1694 5246 1824 5318 quia
1856 5262 1995 5306 unus
2022 5246 2280 5310 idemque
2315 5241 2596 5307 mediator
2628 5240 2808 5306 Deiet
2830 5241 3305 5309 hominum,llomo
