3888 6432
586 391 692 448 605
1390 395 1680 457 APPEND.
1720 392 1810 455 AD
1850 397 2018 456 Sil-EC.
2056 388 2145 457 ix.

582 505 868 576 pbetarum
904 510 1221 577 auctoritas,
1253 509 1663 581 Evangeliorum
1695 528 1909 584 quoque
1940 522 1991 568 et
2026 528 2152 584 apo-

583 597 842 653 stolorum
869 601 1183 670 pncdicatio
1213 603 1516 658 adhibenda
1546 613 1631 659 cst
1655 622 1668 657 :
1693 604 1779 659 lex
1808 604 1875 658 de
1901 605 2149 675 passione

579 690 825 758 corporis
866 689 1066 745 Christi
1112 691 1190 747 sic
1238 693 1388 748 dicit.
1422 712 1442 746 ι
1469 692 1693 749 Lavabit
1716 694 1769 749 in
1798 694 1923 750 vino
1958 693 2147 750 stolam

577 792 755 847 suam,
781 789 836 835 et
871 780 922 835 in
950 783 1211 853 sanguine
1248 799 1364 839 uva:
1392 784 1609 854 pallium
1632 799 1788 840 suum
1817 782 1968 857 (Cen.
1999 801 2147 850 xux,

580 858 691 940 Il).
726 890 744 922 ι
778 870 915 938 Quid
946 872 1035 928 hic
1070 874 1337 943 pallium?
1364 877 1491 947 quid
1522 876 1681 942 stola,
1712 877 1813 932 nisi
1842 890 1970 933 caro
1994 876 2150 932 Chri-

576 962 647 1016 sti
700 963 967 1030 passionis
1015 968 1277 1036 sanguine
1331 968 1630 1023 decorata?
1680 967 1796 1024 haec
1837 968 1980 1022 enim
2034 966 2148 1023 sola

575 1053 934 1110 contumelias
978 1058 1157 1112 crucis
1205 1059 1478 1122 sustinuit,
1531 1055 1727 1113 divina:
1771 1072 1901 1112 vero
1943 1065 2148 1112 naturae

573 1140 828 1210 maiestas
875 1144 1008 1199 nihil
1062 1145 1272 1214 injurire
1301 1147 1511 1210 sensit;
1544 1148 1803 1217 propheta
1835 1160 2051 1215 quoque
2092 1145 2145 1198 in

574 1233 798 1301 psalmis
826 1236 1131 1305 passionem
1154 1237 1352 1292 Christi
1384 1239 1438 1291 in
1470 1252 1634 1293 carne
1664 1238 1779 1293 sola
1805 1238 1886 1292 sic
1914 1237 2144 1292 asserit:

580 1338 600 1374 I
621 1312 893 1379 Fuderunt
915 1341 1106 1382 manus
1126 1341 1275 1381 meas
1302 1334 1356 1381 et
1383 1328 1548 1397 pedes
1573 1342 1741 1391 meos,
1771 1328 2149 1382 dinumeraveu-

576 1422 703 1467 runt
733 1415 913 1469 omnia
941 1431 1062 1470 ossa
1091 1431 1206 1471 mea
1239 1414 1410 1489 (Psal.
1435 1433 1549 1481 xxi,
1577 1417 1691 1488 i7),
1723 1437 1742 1469 ο
1777 1418 1867 1472 ubi
1898 1432 2002 1471 non
2032 1416 2146 1471 dei-

575 1502 724 1568 tatis,
739 1503 831 1558 sed
849 1512 1051 1559 tantum
1066 1509 1313 1576 corporis
1334 1508 1524 1578 injuria
1549 1508 1880 1577 intelligitur.
1900 1508 1976 1563 lbi
2002 1509 2145 1563 enim

563 1592 941 1650 membrorum
977 1593 1371 1666 signiﬁcatione
1395 1597 1508 1651 sola
1535 1612 1661 1652 caro
1695 1598 1863 1652 clavis
1888 1611 2144 1666 suspensa

576 1680 631 1735 in
667 1681 813 1753 ligno
850 1692 1012 1753 atque
1046 1684 1237 1739 sutﬁta
1291 1688 1690 1756 pronuntiatur,
1737 1689 1877 1743 sicut
1897 1695 1952 1743 et
1981 1687 2032 1742 in
2059 1687 2144 1743 Je-

576 1774 745 1829 remia
792 1775 1009 1845 legitur,
1044 1795 1063 1828 ¢
1096 1778 1303 1843 Venite,
1333 1777 1606 1835 mittamus
1634 1780 1832 1850 lignum
1863 1782 1914 1835 in
1950 1795 2143 1851 panem

569 1861 688 1931 ejus
710 1862 847 1934 (λεν.
880 1880 958 1930 xi,
984 1865 1097 1937 l9),
1133 1884 1152 1918 ι
1185 1866 1238 1922 id
1266 1876 1373 1933 est,
1401 1882 1618 1923 crucem
1665 1870 1718 1923 in
1751 1884 1977 1940 corpore
2002 1871 2137 1940 ejus.

570 1952 755 2025 Neque
779 1957 922 2012 enim
947 1958 1202 2014 divinitas
1229 1959 1374 2027 ligno
1404 1962 1657 2031 suspendi
1687 1961 1877 2031 potuit,
1907 1963 1998 2017 sed
2027 1962 2142 2017 sola

538 2045 883 2102 -humanitas
931 2047 983 2103 in
1029 2063 1191 2105 cruce
1237 2049 1425 2105 sufﬁxa
1463 2051 1735 2121 pependit.
1785 2051 1947 2120 Cujus
1981 2053 2143 2107 etiam

569 2154 703 2194 caro
730 2140 1068 2197 tolerantiam
1100 2144 1291 2198 mortis
1316 2158 1568 2215 perpessa
1597 2143 1676 2200 sic
1696 2145 1999 2199 ostenditur
2018 2142 2145 2201 alibi

570 2231 697 2286 dum
730 2232 962 2289 dicitur:
997 2252 1016 2285 ‹
1054 2234 1193 2289 Caro
1237 2250 1353 2290 mea
1392 2236 1691 2304 requiescet
1740 2234 1795 2287 in
1838 2249 1934 2304 spe
1969 2232 2142 2305 (Paul.

566 2339 667 2389 lxv,
696 2324 775 2395 9),
811 2344 830 2378 ι
869 2326 1062 2401 utique
1091 2328 1213 2396 quia
1242 2327 1354 2382 sola
1385 2327 1439 2381 in
1466 2326 1685 2382 Christo
1709 2327 1932 2381 materia
1963 2328 2146 2383 carnis

571 2418 764 2473 mortis
794 2415 1089 2488 fragilitate
1114 2416 1388 2483 defuncta,
1416 2433 1568 2488 spem
1608 2417 2017 2473 resurrectionis
2036 2433 2145 2473 sua:

564 2509 947 2579 exspectabat,
990 2519 1044 2563 et
1084 2509 1204 2563 sine
1240 2511 1591 2580 corruptione
1632 2519 1970 2580 recepturam
2019 2511 2144 2565 dum

572 2598 796 2668 adjicit:
827 2615 845 2650 ι
876 2598 986 2653 Nec
1010 2598 1163 2655 dabis
1194 2610 1440 2654 sanetum
1466 2609 1613 2655 tuum
1637 2602 1819 2656 videre
1847 2602 2147 2671 corruptio-

575 2705 699 2745 nem
751 2689 892 2760 (Act.
941 2706 1004 2757 ιι,
1045 2691 1159 2764 27).
1195 2711 1217 2745 ι
1274 2691 1526 2747 Salomon
1572 2703 1751 2748 autem
1812 2695 1867 2748 in
1904 2694 2146 2750 Canticis

567 2780 903 2835 canticorum
945 2782 1250 2851 passionem
1290 2784 1472 2839 carnis
1509 2785 1711 2839 Christi
1746 2786 1824 2839 sic
1850 2786 2146 2856 praedicans

564 2871 698 2926 dicit
726 2886 741 2924 :
778 2890 798 2924 ο
829 2871 1019 2927 Manus
1047 2887 1180 2926 mea:
1208 2873 1604 2929 distillaverunt
1634 2877 1932 2947 myrrham,
1956 2887 2012 2930 et
2059 2876 2144 2930 di-

566 2959 663 3029 giti
693 2960 796 3017 mei
819 2970 1025 3032 guttam
1061 2962 1236 3033 (Cant.
1264 2979 1320 3029 ν,
1348 2963 1427 3035 5),
1460 2983 1478 3015 ι
1516 2966 1602 3019 ubi
1633 2966 1937 3036 specialiter
1967 2975 2148 3021 ostend-

566 3048 713 3103 ditur
764 3050 816 3105 in
871 3052 1121 3108 manibus
1164 3068 1229 3108 ac
1275 3054 1456 3126 digitis
1485 3055 1653 3111 solam
1697 3071 1915 3111 carnem
1945 3057 2144 3113 Christi

566 3139 787 3195 infixam
842 3143 1048 3213 stipite,
1098 3147 1243 3200 sicut
1287 3147 1340 3201 in
1380 3148 1585 3217 psalmo
1616 3149 1914 3204 centesimo
1948 3158 2140 3204 octavo

569 3231 782 3288 decimo
818 3232 1013 3305 legitur
1041 3252 1054 3289 :
1089 3254 1109 3288 ι
1150 3236 1371 3309 Couﬁge
1406 3239 1576 3295 clavis
1612 3240 1821 3295 timoris
1849 3241 1921 3294 tui
1954 3257 2144 3296 carnes

567 3334 716 3376 meas
742 3319 916 3392 (Psal.
943 3338 1147 3392 cxvut,
1182 3328 1325 3403 120).
1364 3348 1380 3382 ι
1416 3327 1586 3385 Isaias
1642 3338 1822 3384 autem
1869 3330 2142 3385 Christum

566 3409 621 3464 in
652 3411 765 3465 sola
797 3413 1130 3472 humanitate
1162 3433 1281 3487 qua:
1304 3421 1569 3488 apparuit,
1603 3421 1867 3489 passionis
1897 3421 2144 3491 injuriam

564 3504 867 3573 suscepisse
926 3506 998 3562 ita
1037 3509 1323 3576 praedixit:
1352 3528 1370 3561 ι
1402 3509 1594 3576 llomo,
1642 3512 1835 3581 inquit,
1886 3514 1937 3565 in
1992 3512 2142 3582 plaga

565 3601 621 3646 et
646 3594 824 3650 sciens
863 3593 1009 3652 ferre
1048 3598 1408 3663 infirmitates,
1440 3615 1569 3656 vere
1614 3602 1902 3673 languores
1930 3611 2144 3659 nostros

563 3681 678 3771 ipse
706 3687 938 3753 portavit
969 3685 1102 3758 (Isa.
1154 3690 1385 3761 ιιιι,ι);
1422 3709 1441 3742 ι
1492 3692 1615 3771 qui;
1668 3693 1781 3762 ipse
1819 3692 1919 3747 nisi
1963 3695 2145 3762 utique

561 3770 760 3829 homo?
795 3774 929 3830 Nam
958 3779 1091 3846 pati,
1120 3788 1174 3833 et
1201 3779 1431 3836 deficere
1466 3782 1518 3835 in
1553 3770 1642 3836 illo
1684 3791 1879 3836 natura
1915 3783 2007 3837 Dei
2038 3799 2141 3837 non

560 3864 770 3932 potuit,
806 3866 900 3921 sed
928 3868 1089 3923 homo
1117 3871 1351 3937 portavit
1392 3872 1445 3926 in
1484 3887 1549 3927 eo
1578 3874 1883 3942 passionem
1913 3884 1968 3928 et
2000 3890 2145 3930 inor-

563 3962 693 4019 tem,
732 3955 784 4009 in
814 3972 925 4026 quo
955 3966 1011 4012 et
1037 3960 1153 4029 ipsa
1187 3975 1335 4016 mors
1376 3963 1540 4017 habet
1575 3965 1959 4020 conditionem.
2009 3965 2140 4020 Nam

562 4058 684 4099 cum
707 4060 831 4102 eum
872 4050 1083 4106 diceret
1111 4054 1294 4110 venire
1319 4055 1387 4110 de
1412 4055 1562 4111 Edon
1603 4059 1786 4113 tinctis
1812 4060 2052 4115 vestibus
2077 4061 2143 4116 de

561 4132 728 4190 Bosra
778 4137 1026 4208 adjecit:
1074 4159 1093 4192 ι
1128 4141 1311 4210 Quare
1366 4145 1588 4201 rubrum
1631 4160 1715 4204 est
1763 4145 2141 4206 vestimentum

563 4230 736 4290 tuum,
763 4236 817 4282 et
847 4227 1221 4287 indumentum
1264 4243 1415 4290 tuum
1453 4245 1707 4307 tauquam
1739 4240 2057 4296 calcantium
2088 4244 2141 4297 in

561 4315 817 4372 torculari
840 4319 862 4372 ?
889 4319 1025 4392 (Isa.
1052 4338 1208 4390 Lxm,
1237 4323 1317 4394 2.)
1356 4344 1376 4378 ι
1434 4325 1571 4394 Quid
1601 4329 1689 4384 hic
1720 4344 1818 4400 per
1847 4332 2141 4386 vestimen-

560 4414 674 4459 tum
709 4421 866 4463 suum
897 4417 1150 4481 tanquam
1195 4414 1520 4471 calcantium
1568 4419 1623 4472 in
1666 4419 1964 4475 torculari?
2003 4420 2140 4488 Quid

559 4495 650 4553 hic
692 4514 791 4569 per
822 4501 1191 4560 indumentum
1240 4516 1297 4561 et
1352 4510 1727 4565 vestimentum
1785 4513 2005 4567 rubrum
2042 4529 2137 4568 vo-

557 4583 660 4643 luit
685 4591 994 4658 ostendere,
1024 4593 1127 4648 nisi
1174 4595 1342 4650 solam
1366 4597 1568 4652 Christi
1601 4600 1782 4655 carnis
1826 4602 2132 4670 passionem

558 4682 739 4739 crucis
800 4684 1055 4741 infectam
1102 4690 1338 4744 cruore?
1405 4689 1556 4747 Unde
1620 4700 1676 4749 et
1722 4693 1837 4763 ipsa
1880 4695 2134 4764 passione

558 4770 839 4844 chlamyde
867 4776 1117 4834 coccinea
1145 4778 1394 4835 Christus
1422 4781 1677 4848 induitur,
1710 4791 1770 4838 ut
1799 4783 1978 4856 imago
2011 4800 2134 4839 san-

557 4860 734 4929 guinis
790 4871 997 4919 tantum
1061 4866 1118 4920 in
1168 4881 1334 4923 carne
1394 4869 1812 4926 demonstretur.
1870 4871 2132 4927 Jeremias

556 4964 771 5023 quoque
791 4969 988 5026 corpus
1013 4972 1169 5013 suum
1193 4958 1454 5015 obtulisse
1479 4959 1752 5017 Christum
1804 4962 1859 5017 in
1885 4965 2133 5032 passione

557 5040 635 5095 sic
668 5040 943 5112 loquitur:
979 5064 999 5098 ι
1028 5045 1145 5102 Non
1183 5063 1325 5114 sum,
1372 5049 1575 5121 inquit,
1606 5060 1928 5119 contumax,
1958 5068 2133 5122 neque

557 5133 889 5201 contradico,
933 5152 1129 5208 corpus
1166 5156 1345 5197 meum
1392 5141 1513 5199 dedi
1548 5145 1968 5215 percutientihus
1999 5145 2134 5217 (fsa.

559 5235 610 5285 ι..
641 5220 721 5289 6),
759 5241 778 5275 ι
818 5240 924 5280 non
956 5228 1093 5284 dixit
1125 5231 1463 5288 divinitatem
1491 5249 1612 5304 qua:
1633 5236 1934 5304 passionem
1965 5237 2135 5290 nescit

558 5311 817 5380 perferre.
877 5315 946 5371 Et
998 5318 1193 5375 iterum
1236 5339 1252 5376 :
1306 5342 1326 5374 ο
1360 5322 1521 5379 Posui
1563 5324 1815 5395 scapulas
1871 5340 2020 5381 meas
2066 5327 2132 5379 ad

556 5402 788 5474 ﬂagella,
815 5406 1061 5463 maxillas
1086 5410 1152 5464 ad
1182 5412 1390 5481 palmas
1419 5412 1628 5486 (Ibid.),
1661 5434 1681 5468 ι
1712 5416 1853 5486 quod
1882 5425 1936 5469 et
1960 5417 2131 5486 ipsum

558 5495 625 5548 ad
656 5496 838 5551 carnis
865 5497 1206 5566 patientiam,
1236 5518 1342 5558 non
1388 5505 1455 5560 ad
1481 5506 1697 5561 deitatis
1740 5507 1971 5561 refertur
1998 5507 2134 5576 inju-

555 5586 721 5640 riam.
742 5586 811 5642 Et
832 5587 1165 5646 Zacharias:
1194 5591 1513 5659 tVidcbunt,
1533 5595 1723 5665 inquit,
1745 5597 1796 5651 in
1823 5612 1982 5666 quem
2006 5612 2133 5651 con-

555 5678 790 5735 ﬁxerunt
820 5679 1004 5752 (Zach.
1036 5697 1139 5747 xu,
1167 5681 1290 5754 10);
1324 5702 1344 5736 ι
1386 5700 1545 5754 quem
1572 5686 1756 5752 alium,
1790 5688 1893 5742 nisi
1924 5687 2132 5743 indubi-

556 5777 730 5826 tanter
778 5772 1050 5829 hominem
1097 5790 1257 5845 quem
1306 5774 1475 5832 Juda'i
1527 5777 1934 5846 crucilixeruut,
1982 5789 2037 5836 et
2078 5781 2127 5834 in

2183 429 2250 442 —
2286 394 2535 459 ιειιιοιιι
2572 398 3010 459 MEllCATORlS
3693 400 3772 478 θῇ)

2181 518 2221 576 Α
2254 528 2420 570 carne
2466 514 2797 584 judicantem
2824 516 3124 570 videbunt?
3178 515 3315 571 Ecce
3345 518 3702 585 pronuntiatur
3724 541 3775 577 ex

2251 605 2366 675 lege
2409 615 2464 661 et
2506 607 2802 677 prophetis.
2855 605 3020 674 Cujus
3060 606 3272 675 quidem
3317 605 3435 661 fidei
3487 610 3674 664 veritas
3714 625 3775 666 es!

2254 700 2362 749 tam
2399 696 2586 752 etiieax
2613 736 2628 761 ,
2675 705 2736 751 ut
2783 708 2900 751 eam
2951 706 3050 751 nec
3116 696 3326 767 tyranni
3373 711 3473 750 sua
3546 702 3776 768 potuerint

2249 787 2567 843 crudelitate
2615 785 2971 851 confundere,
3024 801 3122 841 nec
3168 786 3545 841 haereticorum
3594 789 3775 846 subdola

2249 879 2634 934 circumventio
2664 879 2991 947 pessundare
3015 915 3030 944 ,
3071 893 3169 931 nec
3206 878 3608 948 hypocritarum
3656 880 3775 935 dimi-

2248 978 2415 1024 nuere
2453 968 2614 1023 fallax
2652 969 2946 1025 simulatio.

2316 1057 2678 1114 Transeamus
2730 1058 2854 1113 inde
2901 1058 2966 1111 ad
3011 1052 3342 1128 Evangelia,
3395 1060 3471 1114 ibi
3520 1074 3777 1130 qua:an

2246 1147 2517 1203 Christum
2546 1148 2739 1202 Filium
2774 1148 2865 1202 Dei
2911 1148 2964 1201 in
2993 1148 3103 1202 sola
3135 1164 3301 1203 carne
3342 1159 3589 1218 portasse
3621 1150 3775 1206 valitu-

2248 1236 2401 1291 dines
2432 1238 2696 1306 passionis
2740 1246 2796 1291 et
2823 1234 3073 1305 iniuriam
3099 1238 3295 1299 crucis,
3326 1238 3581 1307 loquente
3605 1240 3781 1309 ipso-di.

2248 1326 2504 1396 scipulis:
2535 1346 2555 1379 ι
2590 1328 2728 1382 Ecce
2768 1328 3110 1383 ascendimus
3147 1325 3566 1398 Jerosolymam,
3601 1339 3653 1383 et
3679 1346 3777 1385 etn-

2248 1419 2658 1472 summabuntur
2683 1418 2865 1473 omnia
2892 1433 3015 1488 quae
3042 1418 3241 1488 scripta
3271 1427 3397 1473 sunt
3422 1434 3524 1489 per
3536 1421 3778 1489 prophetas

2248 1509 2314 1562 de
2341 1507 2475 1563 Filio
2503 1508 2769 1573 hominis,
2803 1512 3047 1565 tradetur
3073 1513 3214 1567 enim
3245 1512 3518 1583 gentibus,
3548 1522 3599 1567 et
3627 1513 3775 1568 illude-

2244 1603 2338 1651 tur
2368 1607 2424 1652 et
2446 1597 2825 1669 ilagellabitur,
2855 1608 2908 1654 et
2945 1610 3291 1670 conspuetur,
3332 1610 3388 1655 et
3417 1610 3685 1672 postquam
3706 1602 3776 1657 lla.

2246 1687 2581 1756 gellaverint,
2623 1689 2869 1744 occident
2908 1704 3053 1754 eum.
3087 1700 3143 1745 et
3180 1691 3234 1745 in
3276 1691 3365 1746 die
3394 1698 3503 1746 tert
3525 1707 3556 1746 a
3582 1700 3774 1764 resurget

2247 1778 2400 1848 (Luc.
2427 1793 2576 1841 xvttr,
2607 1779 2694 1845 51,
2718 1777 2833 1851 55),
2862 1798 2882 1832 ι
2921 1781 3065 1849 quod
3096 1789 3263 1835 totum
3308 1783 3360 1835 in
3388 1781 3603 1839 Christo
3627 1799 3775 1838 secuti.

2172 1882 2217 1942 Β
2247 1870 2372 1925 dum
2402 1870 2673 1924 hominem
2701 1871 2924 1936 dictum,
2952 1887 3057 1926 nou
3099 1873 3165 1926 ad
3198 1873 3555 1929 substantiam
3583 1874 3771 1941 deitatis,

2248 1960 2341 2015 sed
2373 1960 2440 2016 ad
2464 1969 2714 2016 naturam
2743 1962 2973 2032 pertinet
3021 1965 3219 2029 camis,
3260 1966 3402 2035 quod
3441 1966 3599 2020 etiam
3635 1967 3680 2020 iu
3710 1983 3773 2021 se-

2244 2050 2533 2119 quentibus
2556 2049 3013 2115 docetur,.lud:eis
3038 2052 3340 2108 dicentibus
3357 2054 3590 2117 Christo,
3619 2073 3636 2105 ι
3656 2054 3771 2122 Quod

2245 2140 2454 2211 signum
2499 2142 2737 2196 ostendis
2779 2142 2934 2196 nobis
2961 2182 2976 2208 ,
3018 2143 3142 2213 quia
3193 2144 3296 2199 hoc
3345 2144 3768 2216 facis?(loan.u.

2250 2230 2362 2301 18.)
2402 2250 2418 2281 ι
2467 2230 2535 2285 Ει
2590 2231 2725 2285 dixit
2755 2230 2949 2286 Jesus:
2985 2249 3003 2283 ι
3035 2233 3236 2287 Solvite
3271 2235 3372 2289 hoc
3434 2236 3697 2306 templum,
3734 2248 3773 2292 et

2245 2330 2366 2390 post
2410 2322 2643 2376 triduum
2689 2323 2959 2377 suscitabo
3004 2323 3132 2379 illud
3180 2325 3358 2396 (Joan.
3399 2343 3458 2387 ιι,
3496 2328 3601 2397 i9),
3636 2348 3652 2380 ι
3695 2330 3770 2382 hoc

2247 2423 2425 2468 autem
2465 2415 2601 2470 dixit
2627 2416 2692 2470 de
2724 2416 2921 2487 templo
2969 2418 3212 2486 corporis
3240 2417 3339 2481 sui,
3373 2433 3501 2472 nam
3527 2428 3579 2472 et
3611 2419 3656 2472 in
3679 2434 3771 2489 pas-

2244 2505 2398 2561 sione
2444 2522 2540 2561 sua
2569 2547 2583 2572 ,
2632 2508 2756 2562 dum
2808 2498 3108 2578 corripiens
3164 2508 3531 2577 proditorem,
3575 2511 3765 2564 diceret:

2251 2614 2269 2647 ι
2296 2593 2464 2661 Juda,
2505 2597 2690 2652 osculo
2728 2596 2923 2651 Filium
2956 2597 3187 2652 hominis
3225 2598 3443 2652 tradis?
3486 2598 3625 2669 (Luc.
3668 2614 3768 2663 xxu,

2245 2685 2360 2757 48.)
2393 2705 2413 2739 ι
2454 2685 2621 2753 Quem
2654 2689 2868 2743 tradere
2895 2687 3220 2757 proditorem
3253 2688 3549 2757 significat,
3580 2690 3666 2743 nisi
3694 2690 3766 2743 bo-

2245 2779 2442 2833 miuem
2488 2793 2644 2848 quem
2690 2786 2746 2833 et
2792 2779 3357 2847 comprehenderunt?
3402 2777 3518 2833 Non
3565 2781 3766 2834 deitatem

2227 2879 2407 2939 'qnam
2467 2871 2650 2925 caecati
2715 2870 2935 2941 perfidia
2996 2881 3290 2941 agnoscere
3351 2887 3460 2926 non
3510 2881 3764 2942 potuerunt.

2246 2959 2440 3015 Beatus
2470 2969 2648 3014 autem
2699 2961 2971 3030 apostolus
2998 2961 3196 3016 Paulus
3225 2962 3499 3018 Christum
3527 2963 3577 3017 in
3598 2962 3766 3017 homine

2245 3051 2417 3105 solum
2445 3052 2728 3121 pertulisse
2756 3068 2971 3107 crucem
3002 3054 3081 3108 sic
3109 3054 3338 3108 asserit:
3375 3072 3396 3106 σ
3434 3054 3496 3110 Ut
3527 3055 3684 3117 homo,
3709 3053 3764 3106 ἰηι

2254 3143 2392 3211 quit,
2450 3142 2751 3197 humiliavit
2788 3144 3156 3215 semetipsum,
3197 3144 3371 3201 factus
3429 3145 3662 3202 obediens
3697 3158 3763 3198 us-

2173 3223 2216 3285 C
2247 3249 2352 3303 que
2398 3234 2462 3287 ad
2495 3242 2743 3300 mortem,
2789 3245 3017 3289 mortem
3069 3250 3247 3290 autem
3293 3237 3476 3293 erucis
3502 3235 3693 3308 (Philip.
3719 3249 3761 3293 ιι.

2245 3326 2321 3395 8).
2359 3343 2377 3375 ι
2421 3324 2520 3391 Qui
2552 3325 2779 3394 proinde
2827 3327 2959 3381 dixit
3008 3337 3065 3382 ut
3109 3328 3289 3390 homo,
3332 3338 3395 3383 ut
3424 3328 3764 3399 nuncupatione

2245 3416 2480 3470 hominis
2523 3417 2800 3472 distinctio
2844 3429 3053 3472 natura:
3114 3420 3483 3475 insinuaretur
3524 3417 3760 3490 passibilis,

2244 3508 2385 3577 quod
2433 3507 2761 3562 confirmans
2811 3508 2945 3563 alias
2992 3509 3068 3564 ait
3111 3529 3128 3565 :
3180 3529 3200 3563 ι
3247 3512 3327 3564 An
3387 3510 3761 3580 experimentum

2243 3600 2486 3670 quaeritis
2512 3599 2628 3669 ejus
2657 3601 2746 3669 qui
2782 3600 2834 3654 in
2867 3615 2953 3655 me
2994 3599 3231 3671 loquitur
3257 3600 3549 3658 Christus?
3589 3600 3664 3670 qui
3684 3612 3760 3651 non

2245 3694 2576 3759 infirmatur,
2614 3693 2706 3748 sed
2746 3700 2935 3762 potens
2962 3703 3047 3748 est
3077 3694 3129 3747 in
3158 3694 3330 3749 vobis.
3360 3693 3497 3749 Nam
3537 3700 3588 3748 et
3610 3691 3647 3746 si
3667 3704 3758 3744 cru-

2244 3783 2435 3837 cifixus
2482 3791 2661 3838 estex
2690 3781 3023 3851 infirmitate,
3070 3784 3165 3838 sed
3212 3783 3345 3837 vivit
3389 3798 3457 3837 ex
3500 3777 3758 3836 virtuteDei

2243 3869 2327 3943 (Il
2356 3870 2478 3926 Cor.
2505 3886 2625 3935 xui,
2655 3869 2766 3942 5i).
2796 3890 2815 3922 ι
2846 3870 3045 3925 Passus
3071 3879 3151 3925 est
3179 3886 3307 3941 ergo
3325 3870 3568 3927 Christus
3590 3878 3638 3924 et
3654 3881 3760 3922 mor-

2245 3970 2390 4026 tuus,
2422 3961 2516 4016 sed
2549 3976 2615 4015 ex
2644 3970 2827 4015 nostra
2872 3959 3203 4027 infirmitate,
3234 3962 3368 4015 vivit
3408 3970 3579 4016 autem
3603 3960 3758 4025 impas-

2242 4054 2414 4110 sibilis
2442 4062 2498 4109 et
2532 4052 2884 4118 immortalis,
2912 4052 3007 4107 sed
3035 4067 3102 4107 ex
3134 4068 3228 4107 sua
3258 4053 3491 4117 virtute,
3518 4065 3624 4121 qua:
3646 4056 3756 4102 tanta

2240 4152 2408 4210 est,ut
2437 4145 2490 4198 in
2521 4159 2578 4198 se
2604 4159 2706 4198 nec
2732 4143 3037 4213 passionem
3069 4143 3312 4213 recipiat,
3344 4157 3443 4198 nec
3468 4148 3667 4196 mortem
3690 4136 3757 4188 ads

2242 4237 2447 4292 mittat.
2483 4235 2677 4291 Petrus
2707 4250 2919 4305 quoque
2946 4236 3242 4304 apostolus,
3273 4235 3520 4305 princeps
3543 4228 3755 4302 apostolo-

2244 4343 2379 4390 rum,
2426 4326 2626 4382 Christi
2670 4326 2990 4397 supplieium
3030 4328 3108 4381 sic
3150 4327 3408 4396 przcdicat
3449 4326 3500 4381 in
3540 4324 3639 4380 solo
3667 4336 3755 4376 cor-

2239 4435 2372 4490 pore
2406 4426 2835 4474 consummatum
2865 4437 2879 4472 :
2912 4437 2930 4469 ι
2964 4417 3065 4484 Qui
3107 4426 3350 4489 peccata,
3397 4418 3578 4489 inquit,
3613 4424 3751 4469 nostra

2241 4510 2463 4579 pertulit
2502 4511 2554 4563 in
2607 4523 2834 4578 corpore
2879 4525 2977 4564 suo
3023 4524 3186 4578 super
3232 4509 3455 4579 lignum,
3486 4517 3534 4562 ut
3568 4502 3752 4578 peccatis

2166 4572 2217 4632 Β
2244 4600 2465 4664 mat-tui,
2493 4598 2719 4670 iustitia:
2750 4598 3073 4663 viveremus,
3109 4598 3261 4668 cujus
3306 4597 3472 4652 livore
3506 4593 3654 4650 sanati
3686 4605 3748 4643 su-

2236 4709 2358 4748 mus
2379 4692 2430 4764 (Ι
2455 4691 2597 4745 Petr.
2628 4707 2690 4754 ιι,
2714 4689 2839 4757 ‘24);
2869 4709 2886 4742 ι
2911 4699 2964 4744 et
2984 4689 3141 4761 paulo
3167 4699 3286 4759 post
3316 4708 3330 4743 :
3361 4708 3380 4741 ι
3409 4687 3607 4745 Christo
3630 4682 3749 4753 igitur

2238 4798 2397 4854 passo
2426 4783 2478 4837 in
2498 4797 2682 4837 carne.
2708 4801 2725 4834 ι
2744 4781 2884 4852 Ergo
2908 4781 2951 4835 si
2975 4781 3225 4835 Christus
3250 4780 3302 4834 in
3328 4794 3492 4834 carne
3515 4786 3673 4847 passm
3688 4776 3747 4823 es!

2238 4890 2340 4929 non
2357 4873 2649 4929 secundum
2671 4871 2857 4934 Deum,
2880 4871 2971 4925 sed
2992 4871 3284 4925 secundum
3308 4869 3565 4924 hominem
3586 4857 3743 4918 cruciﬁ-

2238 4980 2357 5019 xus.
2408 4965 2547 5018 Ecce
2580 4962 2847 5032 perpatuit
2890 4962 2957 5015 de
3000 4961 3139 5015 Filio
3175 4961 3267 5015 Dei
3308 4961 3448 5030 quod
3474 4969 3638 5029 passus
3668 4957 3741 5009 est.

2236 5054 2379 5125 quod
2415 5062 2657 5109 mortuus
2699 5060 2803 5117 est,
2833 5052 3075 5121 corporis
3105 5058 3311 5105 tantum
3350 5048 3522 5109 fuisse,
3550 5059 3638 5099 non
3658 5037 3740 5093 dei-

2239 5146 2385 5200 tatis.
2417 5144 2603 5198 Aliena
2634 5151 2760 5198 sunt
2788 5144 2933 5198 enim
2964 5143 3066 5196 ista
3091 5142 3157 5197 de
3182 5157 3270 5205 eo,
3298 5148 3522 5196 testante
3540 5133 3739 5208 propheta

2236 5235 2305 5291 dc
2334 5236 2465 5290 illo:
2500 5254 2518 5287 ι
2556 5235 2697 5289 Deus
2725 5234 3086 5304 sempiternus
3131 5232 3389 5286 Dominus
3440 5241 3608 5284 creans
3643 5221 3739 5273 ﬁnd

2237 5333 2420 5390 terrae,
2448 5339 2552 5378 non
2584 5323 2868 5387 laborabit,
2898 5332 3072 5391 neque
3117 5320 3332 5375 deﬁciet
3359 5319 3488 5392 (Ira.
3518 5330 3591 5378 ιι,
3613 5310 3734 5405 ﬁght

2238 5426 2294 5471 ct
2323 5417 2374 5469 in
2399 5415 2607 5485 psalmo
2631 5432 2644 5468 :
2679 5433 2699 5465 ι
2728 5414 2807 5468 Tu
2833 5422 3011 5468 autem
3060 5414 3201 5467 idem
3242 5412 3355 5482 ipse
3382 5426 3459 5475 es,
3485 5417 3531 5464 et
3557 5401 3734 5496 anniti-ti

2236 5522 2341 5562 non
2370 5506 2622 5563 deﬁcient
2649 5504 2820 5575 (Paul.
2851 5519 2929 5571 cr,
2950 5504 3045 5575 28)
3072 5520 3087 5570 ;
3124 5523 3143 5556 ι
3175 5517 3362 5558 omnes
3396 5501 3527 5558 enim
3559 5497 3602 5550 in
3620 5492 3735 5588 Chri-

2236 5600 2321 5657 sto
2364 5602 2701 5656 infirmitates
2731 5601 3036 5654 humanitas
3064 5598 3177 5652 sola
3206 5596 3453 5667 portavit.
3491 5588 3607 5645 Caro
3626 5589 3732 5635 emt“

2240 5691 2426 5745 habuit
2451 5692 2665 5759 vagitus
2695 5690 2937 5754 infantis,
2968 5703 3073 5741 non
3102 5686 3372 5741 divinitas.
3404 5681 3532 5737 Caro
3551 5681 3617 5728 εει
3636 5680 3731 5759 ρκ’

2238 5782 2322 5835 nis
2350 5756 2608 5844 involuta,
2634 5794 2737 5833 non
2761 5777 2950 5832 deitas.
2994 5777 3133 5831 Caro
3156 5775 3345 5830 habuit
3363 5771 3604 5827 alimenta.
3627 5756 3729 5812 Car"
