3888 6438
92 420 193 478 605

1274 410 1761 473 DECIll-ITALIUM
1796 411 2197 475 COLLECTIO.

3243 417 3347 483 606

87 526 320 600 portavit
343 533 574 581 aetatum
599 524 943 581 commercia.
976 521 1111 579 Nam
1137 533 1193 579 et
1234 524 1378 594 quod
1414 522 1667 593 fatigatus
1698 544 1740 596 Α
1773 535 1993 580 eaturus
2035 527 2101 581 de
2140 525 2276 583 vivis
2307 540 2370 583 ac
2399 527 2644 585 mortuis.
2694 527 2923 585 Prolatis
2950 545 3078 601 ergo
3106 529 3239 589 Novi
3283 547 3348 592 ac

87 627 182 682 est,
195 616 339 686 quod
363 629 463 670 esu
473 614 585 679 riit,
601 616 741 683 quod
763 612 1035 677 dormivit,
1050 613 1192 681 quod
1206 612 1373 677 licvit,
1392 614 1533 681 quod
1548 626 1669 680 pas-

88 707 217 765 sioui
247 705 540 776 proximus
565 704 733 757 tristis
753 701 873 768 fuit,
897 703 1038 772 quod
1060 711 1331 771 postremo
1356 703 1523 771 ipsam
1547 714 1669 768 pas-

88 798 287 851 sionem
319 801 380 848 et
423 793 623 847 mortis
658 792 1021 847 conditionem
1050 791 1338 855 sustinuit,
1367 801 1537 845 totum
1567 792 1670 844 hoc

89 886 150 938 ad
177 883 561 937 infirmitatem
583 882 818 952 pertinet
854 881 1225 946 humanitatis,
1253 882 1445 936 nonad
1466 883 1663 935 iucom~

89 973 511 1045 prehensibilem
551 973 903 1027 substantiam
935 972 1170 1027 deitatis.
1218 972 1367 1027 Unus
1407 982 1491 1027 est
1523 975 1666 1026 enim

86 1065 326 1121 Christus
350 1063 502 1117 Deus
540 1069 594 1117 et
630 1063 812 1127 homo,
856 1077 985 1117 caro
1023 1072 1077 1116 et
1104 1061 1358 1116 Verbum.
1391 1061 1497 1116 Sed
1528 1065 1669 1117 umle

88 1155 245 1219 Deus,
276 1154 409 1207 inde
448 1153 618 1206 habet
648 1151 1137 1215 innnortalitatem,
1163 1152 1306 1205 unde
1330 1153 1511 1216 homo,
1546 1152 1673 1205 inde

89 1242 299 1312 pertulit
318 1242 662 1311 passionem,
675 1250 729 1295 et
746 1242 885 1296 unde
910 1256 1059 1307 caro,
1079 1242 1200 1295 inde
1222 1250 1483 1306 mortuus,
1501 1250 1555 1294 et
1570 1255 1671 1293 un-

89 1334 149 1386 de
167 1330 426 1395 Verbum,
441 1331 573 1385 inde
591 1340 844 1385 aeternus.
866 1329 1046 1400 Neque
1063 1331 1203 1384 enim
1226 1339 1405 1399 potest
1424 1344 1543 1384 esse
1558 1330 1667 1384 dci-

90 1432 190 1476 tate
208 1422 513 1491 passibilis,
539 1422 631 1490 qui
657 1432 740 1476 est
765 1422 964 1476 virtute
990 1435 1225 1490 paterna:
1257 1421 1439 1492 gloria:
1462 1432 1667 1476 natura:

90 1515 320 1583 aequalis,
352 1514 507 1568 unde
548 1513 693 1567 Patri
721 1512 1029 1584 derogatur,
1063 1515 1190 1567 dum
1222 1521 1414 1566 natura
1450 1512 1665 1567 deitatis

90 1604 139 1657 in
158 1602 290 1658 Filio
312 1604 600 1672 passibilis
625 1603 885 1659 creditur.
917 1602 1052 1657 Nam
1074 1602 1121 1657 si
1144 1618 1249 1657 una
1269 1602 1447 1657 Patris
1468 1613 1522 1658 et
1542 1602 1662 1659 Filii

93 1695 382 1751 substantia
398 1704 508 1761 est,
529 1696 714 1766 utique
736 1695 875 1750 sicut
895 1693 1078 1760 Pater,
1102 1694 1172 1748 ita
1199 1705 1254 1750 et
1269 1695 1434 1751 Filius
1448 1696 1667 1751 immor-

94 1784 220 1838 talis.
254 1783 322 1838 Et
346 1790 451 1855 ego
481 1792 541 1838 et
565 1783 728 1839 Pater
774 1798 938 1838 unum
983 1799 1194 1850 smnus,
1242 1786 1383 1840 sicut
1423 1787 1476 1840 in
1504 1786 1664 1840 Patre

1780 613 1992 671 Veteris
2034 616 2363 672 Testamenti
2397 620 2716 675 testimoniis
2748 620 2800 674 in
2849 621 3043 690 quibus
3092 624 3210 679 dua:
3254 641 3349 680 na-

1773 716 1904 762 tura:
1957 707 2157 762 Christi
2219 708 2497 779 patefactae
2548 719 2676 764 sunt
2722 710 2776 764 in
2832 725 2938 764 una
2994 713 3349 769 subsistentes

1767 814 2017 870 persona,
2065 801 2117 853 in
2161 800 2356 870 quibus
2395 809 2450 855 et
2494 802 2675 871 passio
2721 797 2838 867 ejus
2866 802 3116 871 apparuit
3155 804 3211 858 in
3243 804 3346 858 ho-

1770 891 1911 943 tuine
1940 890 2054 944 solo
2085 890 2316 958 expleta.

1838 978 2040 1035 Deinde
2109 981 2349 1049 oportuit
2390 981 2684 1036 sententias
2738 983 2983 1057 subnecti
3039 990 3349 1039 sanctorum

1765 1079 1978 1140 patrum
2010 1070 2099 1139 qui
2149 1070 2200 1124 iu
2244 1072 2413 1125 sacris
2442 1070 2637 1125 litteris
2674 1072 2872 1141 ingenti
2908 1072 3078 1142 gloria
3124 1072 3351 1127 refulse-

1766 1169 1910 1224 runt,
1967 1168 2025 1215 ut
2072 1161 2236 1214 etiam
2283 1176 2470 1215 eorum
2519 1162 2808 1217 traditione
2856 1169 3174 1232 perpateat,
3222 1161 3349 1231 quia

1769 1250 2024 1306 Dominus
2053 1262 2238 1306 noster
2276 1249 2433 1306 Jesus
2479 1251 2725 1307 Christus
2770 1267 2836 1306 ex
2882 1253 3092 1307 duabus
3143 1251 3352 1306 naturis

1765 1349 1819 1395 et
1856 1355 1963 1394 una
1994 1356 2224 1410 persona
2259 1340 2526 1407 subsistit,
2556 1342 2681 1411 quia
2711 1350 2937 1397 mortem
2967 1351 3023 1398 et
3046 1342 3348 1411 passionem

1765 1431 1820 1486 in
1867 1432 1981 1487 sola
2029 1447 2192 1487 carne
2247 1433 2502 1503 suscepit.
2554 1431 2791 1488 Sanctus
2834 1447 2965 1504 ergo
3017 1433 3252 1487 Hilarius
3297 1431 3351 1484 in

1763 1523 2140 1594 explanatione
2175 1524 2417 1593 epistola:
2462 1525 2530 1579 ad
2578 1524 2920 1578 Timotheum
2962 1523 3043 1577 sic
3071 1522 3349 1593 loquitur:

1764 1611 1901 1668 Nam
1945 1625 2001 1667 et
2047 1627 2170 1668 cum
2225 1613 2355 1667 dicit
2398 1613 2673 1683 Scriptura
2699 1652 2715 1679 ,
2764 1614 2925 1669 homo
2952 1611 3240 1680 .Christus,
3294 1618 3353 1666 et

1763 1719 1884 1758 cum
1912 1703 2045 1759 dicit
2075 1703 2323 1759 Christus
2354 1714 2595 1757 mortuus
2622 1712 2707 1758 est
2729 1743 2745 1768 ,
2789 1717 2912 1757 cum
2941 1704 3076 1758 dicit
3112 1700 3352 1758 Verbum

1763 1813 1890 1852 caro
1917 1796 2118 1851 factum
2150 1806 2267 1861 est,
2295 1812 2400 1850 non
2431 1805 2514 1850 est
2548 1794 2859 1865 spoliandus
2892 1809 2988 1865 per
3033 1792 3351 1848 fraudulen-

95 1891 188 1932 n0“
211 1885 294 1931 εει
320 1890 499 1942 ιηοτεν
529 1876 604 1930 ita
632 1891 732 1931 nec
756 1876 811 1930 in
836 1875 931 1931 Dei
953 1875 991 1929 F
999 1875 1089 1931 11ἱο
1118 1890 1282 1932 ωοτεο
1313 1878 1379 1931 El
1405 1878 1452 1932 Si
1477 1893 1662 1932 Verum
1694 1887 1737 1947 Β
1769 1887 1898 1941 tiam
1946 1885 2171 1956 legentis
2213 1884 2639 1955 expositionibus
2685 1885 2799 1939 suis
2828 1899 3027 1939 sermo.
3073 1883 3209 1937 Nam
3258 1875 3351 1936 ubi

95 1976 185 2033 est,
215 1967 397 2023 omnia
427 1983 556 2038 quae
588 1967 750 2025 habet
770 1966 938 2022 Pater
968 1982 1085 2022 mea
1113 1976 1258 2033 sunt,
1292 1981 1423 2039 ergo
1449 1968 1667 2022 immor-

98 2058 260 2116 talitas
288 2058 474 2116 Patris
503 2074 630 2115 cum
670 2059 807 2114 Filio
835 2059 1137 2115 communis
1169 2067 1272 2114 est.
1322 2057 1480 2124 Nam,
1523 2061 1666 2129 quod

100 2152 165 2205 ait
181 2151 465 2222 Apostolus
484 2153 555 2208 de
578 2151 874 2206 infidelium
911 2152 1231 2224 ignorantia,
1256 2169 1275 2202 ι
1306 2150 1363 2206 Si
1397 2151 1542 2205 enim
1572 2166 1665 2206 co-

99 2242 412 2311 gnovissent,
445 2259 727 2313 nunquam
749 2241 1032 2297 Dominum
1059 2242 1242 2313 gloria:
1274 2243 1669 2297 crucilixissent

101 2333 143 2403 (Ι
165 2332 277 2387 Cor.
308 2351 367 2401 ιι,
393 2337 475 2406 8),
510 2354 532 2388 ι
589 2351 697 2391 non
740 2336 884 2405 quod
911 2336 1066 2405 quasi
1106 2336 1364 2391 Dominus
1388 2336 1571 2407 gloriae
1598 2337 1669 2391 sit

101 2426 409 2491 crucifixus,
456 2436 522 2481 ut
565 2438 758 2481 natura
808 2427 1022 2482 deitatis
1080 2426 1328 2481 videatur
1370 2441 1491 2482 esse
1545 2441 1666 2496 pas-

105 2514 276 2581 sibilis,
304 2518 401 2572 sed
429 2519 563 2587 quia
607 2532 745 2573 unus
792 2517 846 2573 in
881 2528 1110 2588 utraque
1158 2527 1349 2571 natura
1399 2527 1483 2573 est
1509 2519 1667 2573 Chri-

104 2613 241 2672 stus,
289 2611 592 2663 secundum
634 2618 962 2677 assumptam
1006 2609 1238 2664 hominis
1285 2607 1513 2663 formant
1565 2610 1668 2665 Do-

107 2696 265 2751 minus
294 2697 480 2768 gloria:
509 2699 711 2753 dicitur
762 2712 953 2767 passus
980 2737 994 2763 ,
1038 2699 1180 2753 sicut
1233 2698 1545 2753 econtrario
1582 2708 1665 2753 est

108 2784 258 2840 illud:
283 2787 452 2845 Nemo
489 2790 740 2845 ascendit
779 2790 832 2843 in
860 2789 1078 2855 coelum,
1127 2789 1231 2844 nisi
1256 2791 1349 2859 qui
1390 2789 1667 2846 descendit

110 2874 165 2927 de
205 2874 334 2931 coelo
379 2876 556 2932 Filius
616 2876 869 2941 ho.uiuis,
935 2877 1062 2930 dum
1117 2878 1184 2932 de
1232 2876 1370 2931 coelo
1420 2892 1528 2931 non
1572 2878 1665 2933 de-

110 2967 402 3032 scendisset,
456 2970 565 3024 nisi
615 2978 822 3023 tantum
866 2967 961 3023 Dei
1005 2967 1196 3034 Filius,
1232 2969 1468 3024 nondum
1520 2969 1662 3023 idem

111 3051 262 3112 lctus
308 3057 477 3114 Filius
522 3060 777 3114 hominis.
826 3059 1052 3129 Propter
1086 3075 1334 3130 personae
1366 3075 1496 3131 ergo
1547 3060 1666 3115 uui-

115 3151 257 3200 tatem
286 3146 445 3220 149
488 3162 551 3204 et
593 3150 660 3203 ad
699 3149 971 3205 hominem
1003 3150 1315 3206 referuntur
1361 3151 1413 3205 iu
1446 3151 1663 3205 Christo

1769 1979 1930 2033 homo
1948 1978 2196 2032 Christus
2222 1987 2325 2041 est,
2352 1976 2605 2047 przcccdit
2633 1975 2896 2031 mediator
2926 1975 3016 2030 Dei
3052 1984 3215 2043 atque
3249 1973 3352 2027 ho-
3391 2000 3399 2005 -

1768 2068 1995 2134 minum,
2028 2082 2092 2121 ex
2122 2067 2230 2122 Deo
2259 2067 2418 2121 homo
2447 2075 2670 2133 uterque
2700 2080 2865 2118 unum
2895 2072 2953 2118 et
3000 2064 3143 2118 inter
3179 2061 3351 2116 homi-

1768 2174 1891 2215 nem
1936 2168 1991 2214 et
2034 2159 2199 2214 Deum
2238 2157 2447 2212 medius
2487 2155 2825 2211 confessione
2875 2158 2928 2211 in
2968 2171 3027 2211 se
3072 2155 3354 2225 utriusque

1768 2264 1995 2318 naturze,
2025 2253 2114 2307 ubi
2157 2251 2406 2306 Christus
2452 2258 2696 2313 mortuus
2745 2258 2832 2304 est
2885 2250 3170 2320 subjicitur
3196 2288 3212 2310 ,
3255 2246 3349 2318 qui

1770 2344 2086 2409 resurrexit,
2124 2342 2214 2413 qui
2264 2342 2429 2418 estin
2484 2341 2705 2396 dextera
2754 2340 2867 2394 Dei.
2910 2339 2967 2392 lu
3013 2348 3186 2393 morte
3232 2338 3352 2406 ejus

1768 2435 1950 2490 carnis
1992 2443 2189 2488 nostrae
2228 2432 2513 2486 inﬁrmitas
2551 2439 2654 2494 est,
2684 2431 2736 2483 in
2768 2429 3159 2483 resurrectione
3181 2427 3354 2481 virtus

1768 2525 1889 2594 ejus
1917 2562 1933 2590 ,
1990 2524 2042 2577 in
2095 2537 2363 2577 consensu
2412 2521 2508 2576 Dei
2554 2519 2811 2590 dignitas.
2856 2518 3092 2571 Sanctus
3136 2529 3352 2585 quoque

1767 2613 2089 2670 Ambrosius
2159 2613 2213 2666 in
2290 2609 2629 2681 expositione
2700 2604 2977 2677 Evangelii
3053 2605 3349 2660 secundum

1766 2689 1967 2759 Lucam
2018 2703 2096 2757 sic
2147 2700 2341 2755 asserit
2372 2716 2386 2753 :
2424 2697 2539 2755 Non
2572 2697 2716 2755 enim
2761 2712 2932 2761 suam,
2970 2696 3066 2751 sed
3102 2703 3349 2750 nostram

1767 2810 1982 2850 crucem
2023 2793 2274 2849 Christus
2304 2791 2569 2856 ascendit,
2603 2804 2702 2845 nec
2733 2804 2878 2844 mors
2908 2788 2996 2842 illa
3031 2786 3348 2850 divinitatis,

1767 2884 1862 2941 sed
1913 2884 2146 2939 hominis
2192 2882 2326 2948 fuit;
2373 2892 2429 2938 et
2462 2881 2621 2953 paulo
2665 2888 2788 2951 post
2816 2896 2830 2932 :
2858 2878 3073 2933 Etenim
3102 2874 3351 2930 Christus

1766 2975 1970 3041 omnia,
1998 2983 2055 3029 et
2083 2974 2135 3028 in
2162 2973 2379 3028 Christo
2407 2972 2610 3037 omnia,
2643 2981 2697 3026 et
2735 2970 2790 3023 in
2818 2967 3045 3038 singulis
3081 2966 3348 3022 Christus.

1767 3067 1906 3120 Caro
1954 3074 2130 3118 tamen
2185 3063 2435 3127 moritur,
2482 3070 2542 3115 ut
2588 3068 2852 3128 resurgat.
2902 3058 3032 3112 Item
3072 3057 3125 3111 in
3161 3056 3348 3109 eodem

1768 3156 1907 3211 libro
1955 3169 2227 3226 exponens
2259 3155 2397 3207 inter
2443 3152 2546 3205 alia
2577 3150 2709 3205 dicit
2748 3166 2761 3203 :
2796 3147 2989 3203 Tristis
3033 3156 3117 3201 est
3166 3145 3348 3200 anima

116 3249 214 3303 quae
240 3236 327 3292 Dei
352 3243 573 3309 propria
603 3249 762 3306 sunt,
790 3249 847 3296 et
881 3240 1148 3295 divinitati
1173 3240 1517 3296 ascribuntur
1546 3258 1666 3311 qua:
1693 3229 1739 3292 C
1771 3261 1925 3311 mea;
1969 3254 2025 3299 et
2052 3245 2178 3299 alibi
2223 3262 2237 3297 :
2269 3242 2420 3297 Nune
2461 3242 2640 3296 anima
2673 3254 2791 3293 mea
2820 3238 3031 3292 turbata
3064 3246 3147 3291 est
3175 3235 3344 3291 valde.

117 3325 320 3383 hominis
363 3341 533 3396 sunt,
572 3340 627 3386 et
680 3332 802 3386 ideo
836 3333 961 3392 dum
997 3332 1109 3402 pati
1139 3348 1203 3387 ac
1250 3333 1388 3387 mori
1435 3333 1666 3398 dicitur,

117 3428 208 3468 non
246 3428 326 3471 est
368 3421 616 3488 deitatis,
663 3423 757 3476 sed
786 3423 966 3477 carnis
995 3422 1272 3492 proprium
1300 3461 1315 3489 ,
1365 3424 1445 3479 sic
1490 3433 1667 3478 tamen

118 3520 310 3580 propter
354 3515 618 3568 unitatem
667 3528 911 3583 persona:
948 3514 1073 3583 ipse
1118 3515 1279 3581 Deus,
1335 3526 1388 3570 et
1416 3524 1572 3570 natus
1600 3532 1667 3571 ex

120 3598 317 3671 virgine,
345 3614 399 3659 et
441 3619 642 3675 passus
668 3613 721 3659 et
751 3612 994 3660 mortuus
1018 3605 1360 3675 praedicatur,
1388 3607 1481 3661 sed
1513 3606 1669 3661 inlir-

123 3689 283 3746 mitate
322 3697 499 3750 carnis
535 3703 734 3750 nostra“:
756 3733 772 3760 ,
803 3709 912 3751 nou
946 3696 1147 3752 virtute
1195 3696 1495 3753 divinitatis
1535 3713 1666 3754 sum.

124 3777 251 3843 Quod
276 3798 396 3840 vero
436 3786 583 3841 idem
630 3784 923 3855 Apostolus
965 3787 1042 3840 ait
1083 3801 1097 3841 :
1137 3805 1157 3838 σ
1192 3786 1249 3841 Si
1290 3788 1434 3842 enim
1465 3790 1668 3845 inimici

125 3881 352 3940 essemus,
389 3875 723 3931 reconciliati
772 3892 958 3932 sumus
1008 3876 1118 3931 Deo
1146 3892 1245 3947 per
1281 3887 1508 3938 mortem
1549 3880 1669 3935 Filii

128 3958 223 4027 ejus
242 3962 400 4034 (Rom.
436 3983 502 4036 v,
536 3968 648 4040 l0),
678 3986 697 4021 ι
743 3968 822 4023 sic
849 3968 1045 4023 dicitur
1080 3968 1173 4024 Dei
1207 3969 1374 4025 Filius
1404 3978 1668 4037 mortuus,

133 4049 248 4106 sicut
280 4056 465 4112 dicitur
511 4059 579 4113 de
608 4058 936 4129 martyribus
962 4059 1138 4129 passis
1168 4075 1233 4115 ac
1260 4058 1512 4123 mortuis.
1534 4076 1670 4131 quo-

135 4155 230 4197 ruta
277 4155 449 4204 tamen
502 4166 611 4208 non
660 4160 785 4206 sunt
834 4150 1031 4206 anima:
1079 4151 1273 4208 occisae
1327 4153 1382 4208 in
1429 4153 1673 4224 corporis

135 4234 364 4304 passione,
385 4256 477 4296 ore
500 4242 757 4299 Veritatis
800 4251 1030 4298 testante
1057 4261 1070 4298 :
1101 4261 1119 4294 ι
1158 4243 1332 4299 Nolite
1362 4245 1551 4301 timere
1581 4262 1674 4303 eos

137 4323 211 4390 qui
249 4329 488 4387 occidunt
521 4348 739 4403 corpus,
782 4334 1017 4388 animam
1064 4342 1246 4388 autem
1292 4351 1397 4390 non
1447 4345 1675 4405 possunt

138 4415 347 4474 occidere
375 4421 591 4492 (Matth.
626 4439 682 4490 x,
727 4423 839 4493 ΞΒ),
876 4443 895 4477 ι
940 4424 1029 4480 ubi
1076 4425 1297 4496 agnosci
1326 4416 1577 4495 oportet,
1628 4427 1673 4483 si

141 4505 299 4562 annua:
317 4523 605 4587 martyrum
628 4530 854 4586 corpore
875 4526 1154 4586 perempto
1173 4518 1451 4588 suppliciis
1469 4521 1673 4574 exstin-

143 4592 214 4657 Sui
249 4612 345 4654 non
374 4615 615 4673 possunt,
644 4606 784 4661 Deus
820 4606 911 4675 qui
944 4606 1189 4662 conditor
1226 4617 1312 4662 est
1347 4609 1671 4676 animarum,

149 4695 376 4751 lluomudo
434 4714 531 4769 per
584 4713 800 4755 crucem
850 4700 1030 4755 carnis
1078 4700 1189 4772 pati
1242 4702 1417 4772 potuit
1457 4703 1678 4759 exitium

147 4780 335 4838 mortis?
355 4785 504 4853 Quod
528 4791 691 4846 etiam
720 4791 848 4846 alibi
874 4791 1115 4863 apertius
1142 4791 1467 4859 declaratur,
1489 4796 1678 4850 eodem

151 4863 260 4925 Filio
287 4874 370 4932 Dei
417 4879 665 4952 loquente
711 4900 726 4937 :
774 4900 794 4934 ι
826 4882 1154 4938 Potestatcm
1213 4884 1387 4941 habeo
1448 4886 1679 4956 ponendi

151 4961 350 5021 animam
395 4988 613 5039 meam,
654 4982 711 5030 et
746 4983 1065 5044 potestatem
1114 4974 1288 5033 habeo
1340 4978 1535 5031 iterum
1584 4991 1677 5032 su-

154 5052 300 5108 tuendi
324 5070 433 5115 eam
474 5063 674 5134 (Joan.
701 5081 777 5130 ι,
820 5063 948 5136 17).
994 5084 1013 5119 ι
1056 5065 1208 5132 Quod
1261 5068 1307 5123 si
1358 5068 1474 5139 ipsa
1503 5070 1676 5126 deitas

155 5151 329 5202 mortua
347 5155 564 5221 exstitit,
583 5170 764 5225 qumro
785 5156 907 5225 quis
930 5157 1165 5212 animam
1186 5157 1351 5228 ipsius
1368 5161 1673 5229 resumpsit,

158 5232 340 5292 stultum
364 5252 443 5299 est
471 5261 600 5317 ergo
646 5247 824 5302 crucis
848 5247 1150 5317 passionem
1192 5250 1385 5305 divina!
1410 5250 1680 5321 applicare

158 5331 345 5398 “illum,
384 5338 473 5392 sed
494 5347 700 5393 tantum
733 5337 955 5393 creabili
998 5347 1055 5394 et
1096 5339 1367 5408 humanae,
1390 5342 1504 5398 sola
1534 5341 1678 5397 enim

163 5427 265 5476 caro
290 5431 450 5488 crucis
474 5435 695 5491 exitium
739 5434 944 5503 sensit,
981 5434 1097 5491 sola
1125 5449 1256 5493 caro
1282 5434 1525 5499 lanceam
1551 5450 1678 5506 per-

165 5509 287 5580 tulit,
326 5521 459 5591 sola,
505 5526 764 5596 sanguine
812 5534 868 5580 et
922 5540 1060 5595 aqua
1114 5525 1375 5593 manavit,
1422 5529 1536 5595 Ipsa
1569 5524 1683 5580 sola

168 5612 377 5678 ιηθηυιι,
419 5616 529 5687 ipsa
575 5618 689 5674 sola
751 5618 807 5672 in
855 5617 1103 5687 sepulcro
1150 5617 1363 5687 posita,
1415 5617 1530 5687 ipsa
1570 5614 1684 5671 sola

169 5696 296 5790 ξεηὶἔι
312 5704 387 5761 die
410 5712 744 5777 resuscitata,
768 5712 934 5768 etiam
973 5710 1270 5783 glurillcata
1311 5710 1478 5768 caelos
1532 5712 1685 5775 adiit,

172 5795 216 5837 ¹¹¹
254 5804 340 5866 (ὶηέ
383 5813 626 5861 venturus
650 5815 731 5862 est
767 5802 1011 5874 judicare
1040 5802 1092 5859 in
1118 5803 1284 5876 gloria
1329 5802 1521 5868 Patris,
1546 5800 1688 5872 judi-

1768 3336 1884 3392 Non
1917 3350 2044 3405 ergo
2073 3334 2412 3403 suscipiens,
2442 3332 2536 3387 sed
2574 3339 2826 3400 suscepta
2855 3329 3105 3384 turbatur
3126 3369 3142 3395 ,
3167 3329 3349 3383 anima

1769 3429 1914 3484 enim
1957 3425 2189 3481 obnoxia
2224 3423 2564 3494 passionibus
2586 3461 2603 3489 ,
2634 3422 2887 3477 divinitas
2928 3421 3116 3487 libera,
3148 3420 3347 3475 etenim

1769 3519 1992 3589 spiritus
2029 3526 2310 3588 promptus
2333 3556 2348 3582 ,
2382 3530 2511 3571 caro
2539 3524 2719 3571 autem
2753 3513 2984 3569 infirma.
3022 3512 3216 3568 Tristis
3262 3527 3354 3566 au-

1772 3618 1878 3664 tem
1904 3622 2012 3661 non
2041 3607 2155 3675 ipse
2180 3614 2285 3671 est,
2324 3604 2418 3660 sed
2445 3605 2648 3670 anima,
2680 3620 2786 3659 non
2821 3613 2903 3658 est
2931 3603 3106 3658 tristis
3137 3601 3353 3671 sapien—

1773 3700 1866 3764 tia,
1902 3714 2007 3753 non
2038 3698 2217 3753 divina
2260 3696 2581 3760 substantia,
2614 3695 2710 3751 sed
2737 3696 2937 3749 anima.
2964 3692 3211 3764 Suscepit
3232 3707 3352 3748 cor-

1770 3806 1871 3863 pus
1909 3805 2113 3856 meum,
2157 3804 2262 3844 non
2293 3804 2380 3844 me
2424 3787 2629 3853 fel’ellit,
2673 3795 2734 3842 ut
2761 3786 2904 3841 aliud
2946 3796 3091 3841 esset
3118 3793 3174 3841 et
3208 3784 3353 3838 aliud

1771 3883 2063 3938 videretur.
2143 3879 2374 3936 Sanctus
2440 3878 2769 3934 Athanasius
2815 3878 2868 3932 in
2915 3884 3146 3931 tractatu
3189 3889 3350 3945 quem

1770 3973 1988 4044 scripsit
2026 3971 2092 4028 de
2136 3971 2337 4027 Christi
2381 3970 2663 4025 nativitate
2699 3967 2779 4023 sic
2826 3967 3002 4022 dicit:
3038 3967 3096 4020 In
3145 3966 3247 4021 hoc
3277 3964 3351 4020 sit

1768 4077 1921 4134 ergo,
1961 4062 2157 4118 fratres
2209 4060 2537 4127 charissimi,
2563 4058 2697 4114 tiles
2743 4066 2948 4123 nostra,
2979 4056 3034 4112 iu
3078 4056 3181 4110 hoc
3236 4061 3349 4110 tota

1771 4157 1918 4212 salus
1960 4166 2016 4211 tt
2070 4156 2176 4209 vita
2240 4156 2523 4220 consistat,
2579 4162 2640 4207 ut
2695 4152 2977 4207 credamus
3035 4150 3206 4206 Deum
3253 4148 3351 4205 Dei

1774 4250 1969 4305 Filium
1998 4249 2256 4319 primum,
2296 4256 2421 4302 ante
2466 4246 2647 4301 omnia
2708 4244 2901 4299 saecula
2954 4258 2985 4298 a
3038 4242 3147 4298 Deo
3191 4241 3352 4297 Patre

1774 4339 2118 4395 invisibiliter
2147 4337 2385 4408 genitum
2410 4376 2427 4403 ,
2454 4334 2648 4391 deinde
2673 4352 2703 4390 a
2732 4334 2900 4389 Maria
2928 4335 3135 4404 virgine
3158 4348 3354 4389 secun-

1773 4430 1898 4486 dum
1959 4428 2230 4483 hominem
2279 4435 2485 4490 natum,
2536 4425 2828 4480 secundum
2881 4425 3024 4479 hunc
3076 4424 3351 4479 hominem

1774 4535 1992 4591 passum
2014 4559 2029 4586 ,
2061 4528 2355 4584 mortuum,
2394 4515 2691 4587 sepultura,
2725 4516 3085 4572 resnrrexisse
3118 4516 3186 4570 ab
3213 4514 3353 4569 infe-

1776 4616 1871 4679 ris,
1905 4611 2215 4667 ascendisse
2249 4610 2302 4664 in
2341 4607 2558 4665 coelum.
2603 4608 2733 4663 item
2765 4609 2906 4663 idem
2938 4607 2989 4662 in
3021 4605 3356 4676 expositione

1777 4703 1900 4758 lidei
1932 4721 1945 4756 :
1980 4702 2215 4757 Verbum
2238 4740 2253 4762 ,
2282 4700 2457 4769 inquit
2484 4736 2499 4765 ,
2531 4698 2771 4755 nascitur
2813 4697 2880 4752 de
2927 4695 3097 4750 Maria
3147 4692 3357 4764 virgine

1775 4797 2047 4868 accipiens
2075 4810 2271 4865 corpus
2293 4789 2546 4855 animale,
2574 4789 2668 4844 sed
2697 4801 2870 4855 neque
2899 4800 3080 4841 sermo
3107 4797 3356 4854 compre-

1778 4890 1978 4945 hensus
2000 4899 2085 4943 est
2110 4900 2291 4951 carne,
2322 4885 2414 4940 sed
2457 4884 2510 4939 in
2547 4896 2713 4937 carne
2740 4889 2794 4933 ct
2825 4892 2985 4947 supra
3024 4890 3266 4941 carnem,
3299 4882 3356 4930 et

1779 4982 1920 5037 sicut
1966 4979 2058 5034 Dei
2128 4976 2383 5048 praescius
2412 5014 2428 5041 ,
2486 4973 2557 5028 ita
2607 4970 2703 5026 Dei
2760 4969 2950 5033 virtus,
2985 4964 3080 5022 Dei
3134 4966 3353 5021 veritas.

1781 5072 1977 5127 Passus
2024 5079 2204 5123 autem
2231 5068 2464 5121 humana
2488 5077 2671 5127 carne,
2712 5059 2805 5116 sed
2833 5072 3011 5113 sermo
3037 5056 3130 5112 Dei
3156 5057 3358 5127 impas-

1785 5163 1957 5220 sibilis
1986 5170 2087 5217 est.
2119 5160 2175 5215 ln
2204 5158 2454 5230 passione
2482 5155 2698 5225 quidem
2729 5151 2958 5207 moritur
2981 5149 3166 5214 homo,
3194 5158 3254 5203 ut
3274 5148 3356 5202 vi-

1782 5256 2027 5310 viticaret
2091 5249 2475 5321 protoplastum
2530 5244 2621 5314 qui
2682 5242 2953 5298 ceciderat
3018 5255 3116 5309 per
3167 5239 3358 5295 inobe-

1787 5346 2067 5402 dientiam.
2093 5342 2326 5398 Sanctus
2346 5338 2636 5409 Gregorius
2656 5336 2900 5393 scribens
2921 5334 2988 5388 ad
3007 5332 3357 5389 Caledoniam

1784 5437 1915 5493 dicit
1945 5452 1960 5491 :
1993 5434 2210 5490 Natura:
2239 5433 2384 5487 enim
2412 5430 2532 5485 dure
2553 5428 2608 5483 in
2639 5427 2873 5492 Christo,
2905 5425 3049 5481 Deus
3085 5423 3356 5495 et’homo,

1786 5541 1893 5582 non
1932 5534 2110 5580 autem
2140 5523 2247 5580 duo
2276 5521 2418 5587 Filii,
2450 5534 2549 5576 nec
2574 5518 2647 5573 dii
2673 5517 2799 5573 duo.
2827 5518 2957 5573 ltem
2988 5517 3129 5572 idem
3158 5514 3212 5569 in
3247 5528 3361 5568 ser-

1789 5630 1949 5671 mone
1980 5614 2047 5669 de
2083 5612 2221 5667 Filio
2245 5627 2258 5665 :
2280 5609 2399 5667 Uno
2428 5617 2629 5675 autem,
2655 5607 2850 5678 inquit,
2877 5604 3114 5676 capitulo
3149 5616 3358 5665 moneo,

1792 5717 1853 5762 ut
1879 5706 2068 5761 altiora
2097 5704 2315 5774 quidem
2361 5701 2604 5757 ascribas
2646 5698 2911 5756 divinitati
2950 5706 3005 5751 et
3051 5695 3126 5749 illi
3159 5702 3364 5747 natura:

1794 5815 1912 5870 qua
1945 5796 2288 5869 passionibus
2331 5803 2387 5853 et
2414 5808 2639 5867 corpore
2665 5794 2924 5866 probatur
2949 5803 3070 5848 esse
3098 5785 3363 5860 superior,
