  <div class='ocr_page' id='page_1' title='image "/cluster/home/n/w/nwhite01/storage/ocr_20150623/130/hvd.32044015471717/333.png"; bbox 0 0 3888 6436; ppageno 0'>
   <div class='ocr_carea' id='block_1_1' title="bbox 548 394 683 455">
    <p class='ocr_par' dir='ltr' id='par_1_1' title="bbox 548 394 683 455">
     <span class='ocr_line' id='line_1_1' title="bbox 548 394 683 455; baseline -0.022 0"><span class='ocrx_word' id='word_1_1' title='bbox 548 419 557 427; x_wconf 79' lang='grc'><strong>’</strong></span> <span class='ocrx_word' id='word_1_2' title='bbox 576 394 683 455; x_wconf 81' lang='grc' dir='ltr'><strong>6οἰ</strong></span> 
     </span>
    </p>
   </div>
   <div class='ocr_carea' id='block_1_2' title="bbox 1306 370 3788 455">
    <p class='ocr_par' dir='ltr' id='par_1_2' title="bbox 1306 370 3788 455">
     <span class='ocr_line' id='line_1_2' title="bbox 1306 370 3788 455; baseline -0.013 1"><span class='ocrx_word' id='word_1_3' title='bbox 1306 430 1313 439; x_wconf 90' lang='lat'><strong><em>-</em></strong></span> <span class='ocrx_word' id='word_1_4' title='bbox 1409 388 1694 455; x_wconf 72' lang='lat' dir='ltr'><strong>APPEND.</strong></span> <span class='ocrx_word' id='word_1_5' title='bbox 1728 393 1838 449; x_wconf 81' lang='lat' dir='ltr'><strong>AD.</strong></span> <span class='ocrx_word' id='word_1_6' title='bbox 1872 391 2044 453; x_wconf 60' lang='grc' dir='ltr'><strong>ειιΕε.</strong></span> <span class='ocrx_word' id='word_1_7' title='bbox 2074 388 2254 445; x_wconf 76' lang='lat' dir='ltr'><strong>lX.-—-</strong></span> <span class='ocrx_word' id='word_1_8' title='bbox 2276 381 2527 442; x_wconf 78' lang='lat' dir='ltr'><strong>lSlDORl</strong></span> <span class='ocrx_word' id='word_1_9' title='bbox 2599 375 3039 436; x_wconf 75' lang='lat' dir='ltr'><strong>MERCATORIS</strong></span> <span class='ocrx_word' id='word_1_10' title='bbox 3706 370 3788 436; x_wconf 69' lang='grc' dir='ltr'>ωε</span> 
     </span>
    </p>
   </div>
   <div class='ocr_carea' id='block_1_3' title="bbox 577 486 3787 587">
    <p class='ocr_par' dir='ltr' id='par_1_3' title="bbox 577 486 3787 587">
     <span class='ocr_line' id='line_1_3' title="bbox 577 486 3787 587; baseline -0.006 -25"><span class='ocrx_word' id='word_1_11' title='bbox 577 504 862 564; x_wconf 77' lang='lat' dir='ltr'><strong>humiliora</strong></span> <span class='ocrx_word' id='word_1_12' title='bbox 896 515 1072 564; x_wconf 90' lang='lat' dir='ltr'><strong>autem</strong></span> <span class='ocrx_word' id='word_1_13' title='bbox 1096 514 1300 563; x_wconf 77' lang='lat' dir='ltr'><strong>natura:</strong></span> <span class='ocrx_word' id='word_1_14' title='bbox 1322 508 1569 563; x_wconf 68' lang='lat' dir='ltr'><strong>humanae</strong></span> <span class='ocrx_word' id='word_1_15' title='bbox 1596 505 1876 568; x_wconf 87' lang='lat' dir='ltr'><strong>attribuas,</strong></span> <span class='ocrx_word' id='word_1_16' title='bbox 1921 517 2041 572; x_wconf 67' lang='lat' dir='ltr'><strong>quin</strong></span> <span class='ocrx_word' id='word_1_17' title='bbox 2067 515 2135 555; x_wconf 75' lang='lat' dir='ltr'><strong>ex</strong></span> <span class='ocrx_word' id='word_1_18' title='bbox 2174 537 2217 587; x_wconf 60' lang='grc' dir='ltr'><strong>Α</strong></span> <span class='ocrx_word' id='word_1_19' title='bbox 2251 497 2476 587; x_wconf 65' lang='lat' dir='ltr'><strong>sitionc</strong></span> <span class='ocrx_word' id='word_1_20' title='bbox 2500 491 2723 550; x_wconf 78' lang='lat' dir='ltr'><strong>Joannis</strong></span> <span class='ocrx_word' id='word_1_21' title='bbox 2765 490 3174 587; x_wconf 68' lang='lat' dir='ltr'><strong>evangelista:</strong></span> <span class='ocrx_word' id='word_1_22' title='bbox 3227 486 3357 587; x_wconf 63' lang='lat' dir='ltr'><strong>Quis</strong></span> <span class='ocrx_word' id='word_1_23' title='bbox 3404 501 3538 587; x_wconf 74' lang='lat' dir='ltr'><strong>ergo</strong></span> <span class='ocrx_word' id='word_1_24' title='bbox 3592 498 3669 545; x_wconf 89' lang='lat' dir='ltr'><strong>est</strong></span> 
     </span>
    </p>
   </div>
   <div class='ocr_carea' id='block_1_4' title="bbox 573 591 2135 667">
    <p class='ocr_par' dir='ltr' id='par_1_4' title="bbox 573 591 2135 667">
     <span class='ocr_line' id='line_1_4' title="bbox 573 591 2135 667; baseline -0.005 -16"><span class='ocrx_word' id='word_1_25' title='bbox 573 608 726 666; x_wconf 82' lang='lat' dir='ltr'><strong>parte</strong></span> <span class='ocrx_word' id='word_1_26' title='bbox 762 596 1087 651; x_wconf 87' lang='lat' dir='ltr'><strong>inﬁrmitatis</strong></span> <span class='ocrx_word' id='word_1_27' title='bbox 1115 605 1310 651; x_wconf 68' lang='lat' dir='ltr'><strong>nustrae</strong></span> <span class='ocrx_word' id='word_1_28' title='bbox 1338 605 1610 667; x_wconf 86' lang='lat' dir='ltr'><strong>assumpta</strong></span> <span class='ocrx_word' id='word_1_29' title='bbox 1645 606 1747 650; x_wconf 90' lang='lat' dir='ltr'><strong>est.</strong></span> <span class='ocrx_word' id='word_1_30' title='bbox 1779 594 1909 649; x_wconf 83' lang='lat' dir='ltr'><strong>Item</strong></span> <span class='ocrx_word' id='word_1_31' title='bbox 1940 593 2053 661; x_wconf 90' lang='lat' dir='ltr'><strong>ipse</strong></span> <span class='ocrx_word' id='word_1_32' title='bbox 2084 591 2135 644; x_wconf 89' lang='lat' dir='ltr'><strong>in</strong></span> 
     </span>
    </p>
   </div>
   <div class='ocr_carea' id='block_1_5' title="bbox 572 681 2141 757">
    <p class='ocr_par' dir='ltr' id='par_1_5' title="bbox 572 681 2141 757">
     <span class='ocr_line' id='line_1_5' title="bbox 572 681 2141 757; baseline -0.005 -16"><span class='ocrx_word' id='word_1_33' title='bbox 572 696 766 757; x_wconf 77' lang='lat' dir='ltr'><strong>quarto</strong></span> <span class='ocrx_word' id='word_1_34' title='bbox 796 687 932 742; x_wconf 91' lang='lat' dir='ltr'><strong>libro</strong></span> <span class='ocrx_word' id='word_1_35' title='bbox 980 696 1173 742; x_wconf 83' lang='lat' dir='ltr'><strong>contra</strong></span> <span class='ocrx_word' id='word_1_36' title='bbox 1206 686 1573 741; x_wconf 85' lang='lat' dir='ltr'><strong>Eunomium:</strong></span> <span class='ocrx_word' id='word_1_37' title='bbox 1618 686 1685 740; x_wconf 84' lang='lat' dir='ltr'><strong>Et</strong></span> <span class='ocrx_word' id='word_1_38' title='bbox 1728 700 1796 739; x_wconf 91' lang='lat' dir='ltr'><strong>ne</strong></span> <span class='ocrx_word' id='word_1_39' title='bbox 1835 682 2030 752; x_wconf 85' lang='lat' dir='ltr'><strong>aliquis</strong></span> <span class='ocrx_word' id='word_1_40' title='bbox 2057 681 2141 734; x_wconf 86' lang='lat' dir='ltr'><strong>in-</strong></span> 
     </span>
    </p>
   </div>
   <div class='ocr_carea' id='block_1_6' title="bbox 568 770 2140 845">
    <p class='ocr_par' dir='ltr' id='par_1_6' title="bbox 568 770 2140 845">
     <span class='ocr_line' id='line_1_6' title="bbox 568 770 2140 845; baseline -0.006 -14"><span class='ocrx_word' id='word_1_41' title='bbox 568 774 904 844; x_wconf 78' lang='lat' dir='ltr'><strong>corruptibili</strong></span> <span class='ocrx_word' id='word_1_42' title='bbox 921 783 1131 845; x_wconf 63' lang='lat' dir='ltr'><strong>natura:</strong></span> <span class='ocrx_word' id='word_1_43' title='bbox 1146 774 1361 829; x_wconf 82' lang='lat' dir='ltr'><strong>dcitatis</strong></span> <span class='ocrx_word' id='word_1_44' title='bbox 1375 788 1590 830; x_wconf 89' lang='lat' dir='ltr'><strong>crucem</strong></span> <span class='ocrx_word' id='word_1_45' title='bbox 1610 772 1874 843; x_wconf 78' lang='lat' dir='ltr'><strong>passionis</strong></span> <span class='ocrx_word' id='word_1_46' title='bbox 1888 770 2140 840; x_wconf 89' lang='lat' dir='ltr'><strong>applicet,</strong></span> 
     </span>
    </p>
   </div>
   <div class='ocr_carea' id='block_1_7' title="bbox 573 859 2142 932">
    <p class='ocr_par' dir='ltr' id='par_1_7' title="bbox 573 859 2142 932">
     <span class='ocr_line' id='line_1_7' title="bbox 573 859 2142 932; baseline 0 -19"><span class='ocrx_word' id='word_1_47' title='bbox 573 880 669 932; x_wconf 79' lang='lat' dir='ltr'><strong>per</strong></span> <span class='ocrx_word' id='word_1_48' title='bbox 688 865 790 918; x_wconf 87' lang='lat' dir='ltr'><strong>alia</strong></span> <span class='ocrx_word' id='word_1_49' title='bbox 817 862 1151 919; x_wconf 81' lang='lat' dir='ltr'><strong>manileslius</strong></span> <span class='ocrx_word' id='word_1_50' title='bbox 1175 864 1333 918; x_wconf 91' lang='lat' dir='ltr'><strong>talem</strong></span> <span class='ocrx_word' id='word_1_51' title='bbox 1354 864 1873 925; x_wconf 89' lang='lat' dir='ltr'><strong>emendaterrorem,</strong></span> <span class='ocrx_word' id='word_1_52' title='bbox 1890 859 2142 914; x_wconf 88' lang='lat' dir='ltr'><strong>mediato-</strong></span> 
     </span>
    </p>
   </div>
   <div class='ocr_carea' id='block_1_8' title="bbox 572 950 2179 1024">
    <p class='ocr_par' dir='ltr' id='par_1_8' title="bbox 572 950 2179 1024">
     <span class='ocr_line' id='line_1_8' title="bbox 572 950 2179 1024; baseline -0.003 -18"><span class='ocrx_word' id='word_1_53' title='bbox 572 969 685 1007; x_wconf 86' lang='lat' dir='ltr'><strong>rem</strong></span> <span class='ocrx_word' id='word_1_54' title='bbox 718 955 891 1024; x_wconf 81' lang='lat' dir='ltr'><strong>ipsum</strong></span> <span class='ocrx_word' id='word_1_55' title='bbox 912 955 1006 1009; x_wconf 87' lang='lat' dir='ltr'><strong>Dei</strong></span> <span class='ocrx_word' id='word_1_56' title='bbox 1032 955 1308 1009; x_wconf 89' lang='lat' dir='ltr'><strong>hominum</strong></span> <span class='ocrx_word' id='word_1_57' title='bbox 1331 961 1384 1007; x_wconf 89' lang='lat' dir='ltr'><strong>et</strong></span> <span class='ocrx_word' id='word_1_58' title='bbox 1406 954 1673 1008; x_wconf 82' lang='lat' dir='ltr'><strong>hominem</strong></span> <span class='ocrx_word' id='word_1_59' title='bbox 1694 960 1751 1006; x_wconf 91' lang='lat' dir='ltr'><strong>et</strong></span> <span class='ocrx_word' id='word_1_60' title='bbox 1777 952 1940 1005; x_wconf 89' lang='lat' dir='ltr'><strong>Deum</strong></span> <span class='ocrx_word' id='word_1_61' title='bbox 1967 950 2137 1017; x_wconf 80' lang='lat' dir='ltr'><strong>ipsum</strong></span> <span class='ocrx_word' id='word_1_62' title='bbox 2176 950 2179 951; x_wconf 65' lang='grc'><strong><em>⁷</em></strong></span> 
     </span>
    </p>
   </div>
   <div class='ocr_carea' id='block_1_9' title="bbox 572 1043 2137 1109">
    <p class='ocr_par' dir='ltr' id='par_1_9' title="bbox 572 1043 2137 1109">
     <span class='ocr_line' id='line_1_9' title="bbox 572 1043 2137 1109; baseline -0.004 -13"><span class='ocrx_word' id='word_1_63' title='bbox 572 1046 853 1099; x_wconf 82' lang='lat' dir='ltr'><strong>nominans</strong></span> <span class='ocrx_word' id='word_1_64' title='bbox 874 1084 890 1109; x_wconf 89' lang='lat'><strong>,</strong></span> <span class='ocrx_word' id='word_1_65' title='bbox 923 1053 981 1099; x_wconf 88' lang='lat' dir='ltr'><strong>ut</strong></span> <span class='ocrx_word' id='word_1_66' title='bbox 1023 1060 1145 1099; x_wconf 86' lang='lat' dir='ltr'><strong>cum</strong></span> <span class='ocrx_word' id='word_1_67' title='bbox 1176 1045 1281 1099; x_wconf 90' lang='lat' dir='ltr'><strong>duo</strong></span> <span class='ocrx_word' id='word_1_68' title='bbox 1311 1045 1376 1098; x_wconf 90' lang='lat' dir='ltr'><strong>de</strong></span> <span class='ocrx_word' id='word_1_69' title='bbox 1411 1059 1516 1097; x_wconf 88' lang='lat' dir='ltr'><strong>uno</strong></span> <span class='ocrx_word' id='word_1_70' title='bbox 1542 1043 1811 1105; x_wconf 86' lang='lat' dir='ltr'><strong>dicantur,</strong></span> <span class='ocrx_word' id='word_1_71' title='bbox 1843 1052 2137 1109; x_wconf 79' lang='lat' dir='ltr'><strong>congruum</strong></span> 
     </span>
    </p>
   </div>
   <div class='ocr_carea' id='block_1_10' title="bbox 570 1126 2141 1208">
    <p class='ocr_par' dir='ltr' id='par_1_10' title="bbox 570 1126 2141 1208">
     <span class='ocr_line' id='line_1_10' title="bbox 570 1126 2141 1208; baseline -0.007 -17"><span class='ocrx_word' id='word_1_72' title='bbox 570 1136 896 1208; x_wconf 76' lang='lat' dir='ltr'><strong>intelligatur</strong></span> <span class='ocrx_word' id='word_1_73' title='bbox 929 1136 1072 1192; x_wconf 89' lang='lat' dir='ltr'><strong>circa</strong></span> <span class='ocrx_word' id='word_1_74' title='bbox 1098 1145 1405 1205; x_wconf 87' lang='lat' dir='ltr'><strong>utrumque.</strong></span> <span class='ocrx_word' id='word_1_75' title='bbox 1435 1134 1591 1189; x_wconf 89' lang='lat' dir='ltr'><strong>Circa</strong></span> <span class='ocrx_word' id='word_1_76' title='bbox 1619 1132 1784 1186; x_wconf 89' lang='lat' dir='ltr'><strong>Deum</strong></span> <span class='ocrx_word' id='word_1_77' title='bbox 1815 1139 1990 1183; x_wconf 89' lang='lat' dir='ltr'><strong>tamen</strong></span> <span class='ocrx_word' id='word_1_78' title='bbox 2019 1126 2141 1197; x_wconf 83' lang='lat' dir='ltr'><strong>qui-</strong></span> 
     </span>
    </p>
   </div>
   <div class='ocr_carea' id='block_1_11' title="bbox 569 1219 2139 1297">
    <p class='ocr_par' dir='ltr' id='par_1_11' title="bbox 569 1219 2139 1297">
     <span class='ocr_line' id='line_1_11' title="bbox 569 1219 2139 1297; baseline -0.006 -16"><span class='ocrx_word' id='word_1_79' title='bbox 569 1228 692 1281; x_wconf 86' lang='lat' dir='ltr'><strong>dem</strong></span> <span class='ocrx_word' id='word_1_80' title='bbox 716 1227 1134 1297; x_wconf 86' lang='lat' dir='ltr'><strong>impassibilitas,</strong></span> <span class='ocrx_word' id='word_1_81' title='bbox 1159 1226 1301 1280; x_wconf 89' lang='lat' dir='ltr'><strong>circa</strong></span> <span class='ocrx_word' id='word_1_82' title='bbox 1324 1223 1712 1279; x_wconf 85' lang='lat' dir='ltr'><strong>immanitatem</strong></span> <span class='ocrx_word' id='word_1_83' title='bbox 1733 1230 1909 1276; x_wconf 89' lang='lat' dir='ltr'><strong>autem</strong></span> <span class='ocrx_word' id='word_1_84' title='bbox 1932 1219 2139 1288; x_wconf 86' lang='lat' dir='ltr'><strong>dispen-</strong></span> 
     </span>
    </p>
   </div>
   <div class='ocr_carea' id='block_1_12' title="bbox 564 1312 2137 1389">
    <p class='ocr_par' dir='ltr' id='par_1_12' title="bbox 564 1312 2137 1389">
     <span class='ocr_line' id='line_1_12' title="bbox 564 1312 2137 1389; baseline -0.006 -16"><span class='ocrx_word' id='word_1_85' title='bbox 564 1318 706 1373; x_wconf 81' lang='lat' dir='ltr'><strong>satio</strong></span> <span class='ocrx_word' id='word_1_86' title='bbox 747 1318 1034 1389; x_wconf 84' lang='lat' dir='ltr'><strong>passionis.</strong></span> <span class='ocrx_word' id='word_1_87' title='bbox 1081 1315 1313 1371; x_wconf 88' lang='lat' dir='ltr'><strong>Sanctus</strong></span> <span class='ocrx_word' id='word_1_88' title='bbox 1344 1329 1557 1386; x_wconf 90' lang='lat' dir='ltr'><strong>quoque</strong></span> <span class='ocrx_word' id='word_1_89' title='bbox 1594 1313 1826 1367; x_wconf 87' lang='lat' dir='ltr'><strong>Basilius</strong></span> <span class='ocrx_word' id='word_1_90' title='bbox 1864 1312 1916 1365; x_wconf 91' lang='lat' dir='ltr'><strong>in</strong></span> <span class='ocrx_word' id='word_1_91' title='bbox 1945 1319 2137 1379; x_wconf 89' lang='lat' dir='ltr'><strong>quarto</strong></span> 
     </span>
    </p>
   </div>
   <div class='ocr_carea' id='block_1_13' title="bbox 566 1399 2138 1469">
    <p class='ocr_par' dir='ltr' id='par_1_13' title="bbox 566 1399 2138 1469">
     <span class='ocr_line' id='line_1_13' title="bbox 566 1399 2138 1469; baseline -0.004 -8"><span class='ocrx_word' id='word_1_92' title='bbox 566 1408 705 1463; x_wconf 86' lang='lat' dir='ltr'><strong>libro</strong></span> <span class='ocrx_word' id='word_1_93' title='bbox 732 1418 915 1463; x_wconf 89' lang='lat' dir='ltr'><strong>contra</strong></span> <span class='ocrx_word' id='word_1_94' title='bbox 942 1407 1263 1462; x_wconf 79' lang='lat' dir='ltr'><strong>Eunmnium</strong></span> <span class='ocrx_word' id='word_1_95' title='bbox 1312 1405 1383 1458; x_wconf 89' lang='lat' dir='ltr'><strong>ita</strong></span> <span class='ocrx_word' id='word_1_96' title='bbox 1418 1404 1609 1459; x_wconf 79' lang='lat' dir='ltr'><strong>scribit</strong></span> <span class='ocrx_word' id='word_1_97' title='bbox 1640 1421 1652 1456; x_wconf 90' lang='lat'><strong>:</strong></span> <span class='ocrx_word' id='word_1_98' title='bbox 1684 1402 1820 1469; x_wconf 82' lang='lat' dir='ltr'><strong>Quid</strong></span> <span class='ocrx_word' id='word_1_99' title='bbox 1847 1408 1928 1455; x_wconf 81' lang='lat' dir='ltr'><strong>est</strong></span> <span class='ocrx_word' id='word_1_100' title='bbox 1960 1399 2138 1455; x_wconf 83' lang='lat' dir='ltr'><strong>Domi-</strong></span> 
     </span>
    </p>
   </div>
   <div class='ocr_carea' id='block_1_14' title="bbox 569 1491 2138 1566">
    <p class='ocr_par' dir='ltr' id='par_1_14' title="bbox 569 1491 2138 1566">
     <span class='ocr_line' id='line_1_14' title="bbox 569 1491 2138 1566; baseline -0.004 -12"><span class='ocrx_word' id='word_1_101' title='bbox 569 1517 669 1555; x_wconf 90' lang='lat' dir='ltr'><strong>nus</strong></span> <span class='ocrx_word' id='word_1_102' title='bbox 711 1501 912 1556; x_wconf 85' lang='lat' dir='ltr'><strong>creavit</strong></span> <span class='ocrx_word' id='word_1_103' title='bbox 953 1516 1039 1556; x_wconf 91' lang='lat' dir='ltr'><strong>me</strong></span> <span class='ocrx_word' id='word_1_104' title='bbox 1082 1510 1136 1554; x_wconf 91' lang='lat' dir='ltr'><strong>et</strong></span> <span class='ocrx_word' id='word_1_105' title='bbox 1174 1507 1299 1555; x_wconf 90' lang='lat' dir='ltr'><strong>ante</strong></span> <span class='ocrx_word' id='word_1_106' title='bbox 1342 1513 1532 1553; x_wconf 91' lang='lat' dir='ltr'><strong>omnes</strong></span> <span class='ocrx_word' id='word_1_107' title='bbox 1578 1496 1743 1551; x_wconf 83' lang='lat' dir='ltr'><strong>colles</strong></span> <span class='ocrx_word' id='word_1_108' title='bbox 1783 1495 1969 1566; x_wconf 78' lang='lat' dir='ltr'><strong>genuit</strong></span> <span class='ocrx_word' id='word_1_109' title='bbox 2016 1491 2138 1548; x_wconf 74' lang='lat' dir='ltr'><strong>me?</strong></span> 
     </span>
    </p>
   </div>
   <div class='ocr_carea' id='block_1_15' title="bbox 568 1584 2133 1662">
    <p class='ocr_par' dir='ltr' id='par_1_15' title="bbox 568 1584 2133 1662">
     <span class='ocr_line' id='line_1_15' title="bbox 568 1584 2133 1662; baseline -0.008 -13"><span class='ocrx_word' id='word_1_110' title='bbox 568 1592 669 1649; x_wconf 88' lang='lat' dir='ltr'><strong>Ubi</strong></span> <span class='ocrx_word' id='word_1_111' title='bbox 723 1592 1126 1662; x_wconf 75' lang='lat' dir='ltr'><strong>intelligendum</strong></span> <span class='ocrx_word' id='word_1_112' title='bbox 1161 1598 1282 1657; x_wconf 89' lang='lat' dir='ltr'><strong>est,</strong></span> <span class='ocrx_word' id='word_1_113' title='bbox 1333 1589 1437 1645; x_wconf 89' lang='lat' dir='ltr'><strong>hoc</strong></span> <span class='ocrx_word' id='word_1_114' title='bbox 1487 1589 1634 1658; x_wconf 91' lang='lat' dir='ltr'><strong>quod</strong></span> <span class='ocrx_word' id='word_1_115' title='bbox 1680 1587 1864 1658; x_wconf 86' lang='lat' dir='ltr'><strong>genuit</strong></span> <span class='ocrx_word' id='word_1_116' title='bbox 1914 1585 1981 1640; x_wconf 89' lang='lat' dir='ltr'><strong>de</strong></span> <span class='ocrx_word' id='word_1_117' title='bbox 2042 1584 2133 1638; x_wconf 87' lang='lat' dir='ltr'><strong>Dei</strong></span> 
     </span>
    </p>
   </div>
   <div class='ocr_carea' id='block_1_16' title="bbox 573 1687 2145 1760">
    <p class='ocr_par' dir='ltr' id='par_1_16' title="bbox 573 1687 2145 1760">
     <span class='ocr_line' id='line_1_16' title="bbox 573 1687 2145 1760; baseline -0.007 -15"><span class='ocrx_word' id='word_1_118' title='bbox 573 1689 731 1756; x_wconf 83' lang='lat' dir='ltr'><strong>Filio,</strong></span> <span class='ocrx_word' id='word_1_119' title='bbox 764 1693 866 1747; x_wconf 92' lang='lat' dir='ltr'><strong>hoc</strong></span> <span class='ocrx_word' id='word_1_120' title='bbox 912 1700 1091 1746; x_wconf 86' lang='lat' dir='ltr'><strong>autem</strong></span> <span class='ocrx_word' id='word_1_121' title='bbox 1140 1690 1280 1760; x_wconf 88' lang='lat' dir='ltr'><strong>quod</strong></span> <span class='ocrx_word' id='word_1_122' title='bbox 1332 1690 1464 1745; x_wconf 87' lang='lat' dir='ltr'><strong>dicit</strong></span> <span class='ocrx_word' id='word_1_123' title='bbox 1499 1687 1704 1743; x_wconf 87' lang='lat' dir='ltr'><strong>creavit</strong></span> <span class='ocrx_word' id='word_1_124' title='bbox 1733 1687 1798 1740; x_wconf 87' lang='lat' dir='ltr'><strong>de</strong></span> <span class='ocrx_word' id='word_1_125' title='bbox 1844 1698 1909 1738; x_wconf 88' lang='lat' dir='ltr'><strong>ea</strong></span> <span class='ocrx_word' id='word_1_126' title='bbox 1955 1690 2145 1752; x_wconf 85' lang='lat' dir='ltr'><strong>parte,</strong></span> 
     </span>
    </p>
   </div>
   <div class='ocr_carea' id='block_1_17' title="bbox 569 1773 2147 1852">
    <p class='ocr_par' dir='ltr' id='par_1_17' title="bbox 569 1773 2147 1852">
     <span class='ocr_line' id='line_1_17' title="bbox 569 1773 2147 1852; baseline -0.008 -15"><span class='ocrx_word' id='word_1_127' title='bbox 569 1798 678 1852; x_wconf 89' lang='lat' dir='ltr'><strong>qua</strong></span> <span class='ocrx_word' id='word_1_128' title='bbox 709 1782 761 1836; x_wconf 90' lang='lat' dir='ltr'><strong>in</strong></span> <span class='ocrx_word' id='word_1_129' title='bbox 802 1779 973 1836; x_wconf 84' lang='lat' dir='ltr'><strong>forma</strong></span> <span class='ocrx_word' id='word_1_130' title='bbox 1015 1782 1155 1837; x_wconf 81' lang='lat' dir='ltr'><strong>servi</strong></span> <span class='ocrx_word' id='word_1_131' title='bbox 1191 1792 1311 1846; x_wconf 82' lang='lat' dir='ltr'><strong>est,</strong></span> <span class='ocrx_word' id='word_1_132' title='bbox 1355 1790 1413 1834; x_wconf 90' lang='lat' dir='ltr'><strong>ut</strong></span> <span class='ocrx_word' id='word_1_133' title='bbox 1460 1788 1747 1848; x_wconf 88' lang='lat' dir='ltr'><strong>utramque</strong></span> <span class='ocrx_word' id='word_1_134' title='bbox 1787 1783 2039 1831; x_wconf 89' lang='lat' dir='ltr'><strong>naturam</strong></span> <span class='ocrx_word' id='word_1_135' title='bbox 2094 1773 2147 1826; x_wconf 88' lang='lat' dir='ltr'><strong>in</strong></span> 
     </span>
    </p>
   </div>
   <div class='ocr_carea' id='block_1_18' title="bbox 2251 578 3785 659">
    <p class='ocr_par' dir='ltr' id='par_1_18' title="bbox 2251 578 3785 659">
     <span class='ocr_line' id='line_1_18' title="bbox 2251 578 3785 659; baseline -0.003 -18"><span class='ocrx_word' id='word_1_136' title='bbox 2251 601 2413 657; x_wconf 89' lang='lat' dir='ltr'><strong>quem</strong></span> <span class='ocrx_word' id='word_1_137' title='bbox 2451 584 2629 640; x_wconf 76' lang='lat' dir='ltr'><strong>factus</strong></span> <span class='ocrx_word' id='word_1_138' title='bbox 2668 592 2755 638; x_wconf 91' lang='lat' dir='ltr'><strong>est</strong></span> <span class='ocrx_word' id='word_1_139' title='bbox 2801 580 3069 638; x_wconf 83' lang='lat' dir='ltr'><strong>mundus?</strong></span> <span class='ocrx_word' id='word_1_140' title='bbox 3114 580 3363 636; x_wconf 84' lang='lat' dir='ltr'><strong>Christus</strong></span> <span class='ocrx_word' id='word_1_141' title='bbox 3400 578 3583 659; x_wconf 69' lang='lat' dir='ltr'><strong>Iesus,</strong></span> <span class='ocrx_word' id='word_1_142' title='bbox 3625 583 3707 636; x_wconf 84' lang='lat' dir='ltr'><strong>sed</strong></span> <span class='ocrx_word' id='word_1_143' title='bbox 3745 585 3785 637; x_wconf 86' lang='lat' dir='ltr'><strong>in</strong></span> 
     </span>
    </p>
   </div>
   <div class='ocr_carea' id='block_1_19' title="bbox 2248 666 3790 745">
    <p class='ocr_par' dir='ltr' id='par_1_19' title="bbox 2248 666 3790 745">
     <span class='ocr_line' id='line_1_19' title="bbox 2248 666 3790 745; baseline -0.002 -11"><span class='ocrx_word' id='word_1_144' title='bbox 2248 679 2423 735; x_wconf 80' lang='lat' dir='ltr'><strong>forma</strong></span> <span class='ocrx_word' id='word_1_145' title='bbox 2451 677 2586 743; x_wconf 74' lang='lat' dir='ltr'><strong>Dei;</strong></span> <span class='ocrx_word' id='word_1_146' title='bbox 2618 675 2741 745; x_wconf 87' lang='lat' dir='ltr'><strong>quis</strong></span> <span class='ocrx_word' id='word_1_147' title='bbox 2788 683 2873 730; x_wconf 92' lang='lat' dir='ltr'><strong>est</strong></span> <span class='ocrx_word' id='word_1_148' title='bbox 2914 673 3014 728; x_wconf 87' lang='lat' dir='ltr'><strong>sub</strong></span> <span class='ocrx_word' id='word_1_149' title='bbox 3063 673 3255 728; x_wconf 87' lang='lat' dir='ltr'><strong>Pontio</strong></span> <span class='ocrx_word' id='word_1_150' title='bbox 3278 671 3453 728; x_wconf 84' lang='lat' dir='ltr'><strong>Pilato</strong></span> <span class='ocrx_word' id='word_1_151' title='bbox 3505 666 3790 731; x_wconf 69' lang='lat' dir='ltr'><strong>cruciﬁle</strong></span> 
     </span>
    </p>
   </div>
   <div class='ocr_carea' id='block_1_20' title="bbox 2247 761 3789 837">
    <p class='ocr_par' dir='ltr' id='par_1_20' title="bbox 2247 761 3789 837">
     <span class='ocr_line' id='line_1_20' title="bbox 2247 761 3789 837; baseline -0.002 -14"><span class='ocrx_word' id='word_1_152' title='bbox 2247 769 2391 825; x_wconf 89' lang='lat' dir='ltr'><strong>idem</strong></span> <span class='ocrx_word' id='word_1_153' title='bbox 2417 768 2532 837; x_wconf 90' lang='lat' dir='ltr'><strong>ipse</strong></span> <span class='ocrx_word' id='word_1_154' title='bbox 2559 765 2830 831; x_wconf 77' lang='lat' dir='ltr'><strong>Christus,</strong></span> <span class='ocrx_word' id='word_1_155' title='bbox 2861 765 2956 821; x_wconf 85' lang='lat' dir='ltr'><strong>sed</strong></span> <span class='ocrx_word' id='word_1_156' title='bbox 2984 763 3038 818; x_wconf 90' lang='lat' dir='ltr'><strong>in</strong></span> <span class='ocrx_word' id='word_1_157' title='bbox 3082 764 3253 820; x_wconf 74' lang='lat' dir='ltr'><strong>forma</strong></span> <span class='ocrx_word' id='word_1_158' title='bbox 3279 763 3441 819; x_wconf 80' lang='lat' dir='ltr'><strong>servi.</strong></span> <span class='ocrx_word' id='word_1_159' title='bbox 3470 761 3663 819; x_wconf 81' lang='lat' dir='ltr'><strong>Beatus</strong></span> <span class='ocrx_word' id='word_1_160' title='bbox 3682 780 3789 833; x_wconf 54' lang='lat' dir='ltr'><strong>qut»</strong></span> 
     </span>
    </p>
   </div>
   <div class='ocr_carea' id='block_1_21' title="bbox 2246 856 3786 932">
    <p class='ocr_par' dir='ltr' id='par_1_21' title="bbox 2246 856 3786 932">
     <span class='ocr_line' id='line_1_21' title="bbox 2246 856 3786 932; baseline -0.004 -14"><span class='ocrx_word' id='word_1_161' title='bbox 2246 877 2353 932; x_wconf 90' lang='lat' dir='ltr'><strong>que</strong></span> <span class='ocrx_word' id='word_1_162' title='bbox 2391 860 2505 917; x_wconf 84' lang='lat' dir='ltr'><strong>Leo</strong></span> <span class='ocrx_word' id='word_1_163' title='bbox 2547 858 2858 929; x_wconf 68' lang='lat' dir='ltr'><strong>apostolica:</strong></span> <span class='ocrx_word' id='word_1_164' title='bbox 2888 857 3032 913; x_wconf 89' lang='lat' dir='ltr'><strong>sedis</strong></span> <span class='ocrx_word' id='word_1_165' title='bbox 3083 857 3311 912; x_wconf 84' lang='lat' dir='ltr'><strong>antistes</strong></span> <span class='ocrx_word' id='word_1_166' title='bbox 3357 856 3410 911; x_wconf 90' lang='lat' dir='ltr'><strong>in</strong></span> <span class='ocrx_word' id='word_1_167' title='bbox 3460 870 3560 911; x_wconf 88' lang='lat' dir='ltr'><strong>sua</strong></span> <span class='ocrx_word' id='word_1_168' title='bbox 3604 857 3786 925; x_wconf 80' lang='lat' dir='ltr'><strong>epis&#39;ola</strong></span> 
     </span>
    </p>
   </div>
   <div class='ocr_carea' id='block_1_22' title="bbox 2247 947 3787 1023">
    <p class='ocr_par' dir='ltr' id='par_1_22' title="bbox 2247 947 3787 1023">
     <span class='ocr_line' id='line_1_22' title="bbox 2247 947 3787 1023; baseline -0.001 -19"><span class='ocrx_word' id='word_1_169' title='bbox 2247 969 2409 1023; x_wconf 86' lang='lat' dir='ltr'><strong>quam</strong></span> <span class='ocrx_word' id='word_1_170' title='bbox 2450 950 2671 1021; x_wconf 87' lang='lat' dir='ltr'><strong>scripsit</strong></span> <span class='ocrx_word' id='word_1_171' title='bbox 2713 951 2781 1005; x_wconf 87' lang='lat' dir='ltr'><strong>ad</strong></span> <span class='ocrx_word' id='word_1_172' title='bbox 2816 949 3132 1003; x_wconf 84' lang='lat' dir='ltr'><strong>Flavianum</strong></span> <span class='ocrx_word' id='word_1_173' title='bbox 3177 947 3787 1018; x_wconf 78' lang='lat' dir='ltr'><strong>ConstantinOpolitanum</strong></span> 
     </span>
    </p>
   </div>
   <div class='ocr_carea' id='block_1_23' title="bbox 2247 1038 3790 1112">
    <p class='ocr_par' dir='ltr' id='par_1_23' title="bbox 2247 1038 3790 1112">
     <span class='ocr_line' id='line_1_23' title="bbox 2247 1038 3790 1112; baseline -0.004 -15"><span class='ocrx_word' id='word_1_174' title='bbox 2247 1044 2557 1112; x_wconf 89' lang='lat' dir='ltr'><strong>episcopum</strong></span> <span class='ocrx_word' id='word_1_175' title='bbox 2589 1042 2670 1096; x_wconf 89' lang='lat' dir='ltr'><strong>sic</strong></span> <span class='ocrx_word' id='word_1_176' title='bbox 2696 1040 2773 1094; x_wconf 89' lang='lat' dir='ltr'><strong>ait</strong></span> <span class='ocrx_word' id='word_1_177' title='bbox 2802 1058 2814 1095; x_wconf 95' lang='lat'>:</span> <span class='ocrx_word' id='word_1_178' title='bbox 2847 1038 3006 1094; x_wconf 84' lang='lat' dir='ltr'><strong>Salva</strong></span> <span class='ocrx_word' id='word_1_179' title='bbox 3033 1054 3162 1109; x_wconf 79' lang='lat' dir='ltr'><strong>ergo</strong></span> <span class='ocrx_word' id='word_1_180' title='bbox 3187 1038 3524 1109; x_wconf 85' lang='lat' dir='ltr'><strong>proprietate</strong></span> <span class='ocrx_word' id='word_1_181' title='bbox 3554 1039 3790 1108; x_wconf 81' lang='lat' dir='ltr'><strong>utriusque</strong></span> 
     </span>
    </p>
   </div>
   <div class='ocr_carea' id='block_1_24' title="bbox 2249 1132 3787 1199">
    <p class='ocr_par' dir='ltr' id='par_1_24' title="bbox 2249 1132 3787 1199">
     <span class='ocr_line' id='line_1_24' title="bbox 2249 1132 3787 1199; baseline -0.003 -12"><span class='ocrx_word' id='word_1_182' title='bbox 2249 1142 2455 1187; x_wconf 71' lang='lat' dir='ltr'><strong>natura:</strong></span> <span class='ocrx_word' id='word_1_183' title='bbox 2486 1141 2543 1186; x_wconf 91' lang='lat' dir='ltr'><strong>et</strong></span> <span class='ocrx_word' id='word_1_184' title='bbox 2571 1132 2624 1185; x_wconf 91' lang='lat' dir='ltr'><strong>in</strong></span> <span class='ocrx_word' id='word_1_185' title='bbox 2652 1145 2811 1185; x_wconf 88' lang='lat' dir='ltr'><strong>unam</strong></span> <span class='ocrx_word' id='word_1_186' title='bbox 2842 1138 3072 1185; x_wconf 91' lang='lat' dir='ltr'><strong>coeunte</strong></span> <span class='ocrx_word' id='word_1_187' title='bbox 3119 1143 3431 1199; x_wconf 84' lang='lat' dir='ltr'><strong>personam,</strong></span> <span class='ocrx_word' id='word_1_188' title='bbox 3465 1139 3699 1197; x_wconf 82' lang='lat' dir='ltr'><strong>suscepta</strong></span> <span class='ocrx_word' id='word_1_189' title='bbox 3724 1138 3787 1183; x_wconf 85' lang='lat' dir='ltr'><strong>cst</strong></span> 
     </span>
    </p>
   </div>
   <div class='ocr_carea' id='block_1_25' title="bbox 2249 1216 3788 1290">
    <p class='ocr_par' dir='ltr' id='par_1_25' title="bbox 2249 1216 3788 1290">
     <span class='ocr_line' id='line_1_25' title="bbox 2249 1216 3788 1290; baseline -0.004 -15"><span class='ocrx_word' id='word_1_190' title='bbox 2249 1237 2279 1275; x_wconf 88' lang='lat' dir='ltr'><strong>a</strong></span> <span class='ocrx_word' id='word_1_191' title='bbox 2309 1219 2594 1290; x_wconf 84' lang='lat' dir='ltr'><strong>majestate</strong></span> <span class='ocrx_word' id='word_1_192' title='bbox 2623 1218 2919 1283; x_wconf 86' lang='lat' dir='ltr'><strong>humilitas,</strong></span> <span class='ocrx_word' id='word_1_193' title='bbox 2947 1233 2977 1272; x_wconf 89' lang='lat' dir='ltr'><strong>a</strong></span> <span class='ocrx_word' id='word_1_194' title='bbox 3003 1219 3202 1272; x_wconf 87' lang='lat' dir='ltr'><strong>virtute</strong></span> <span class='ocrx_word' id='word_1_195' title='bbox 3228 1217 3542 1281; x_wconf 80' lang='lat' dir='ltr'><strong>inﬁrmitas,</strong></span> <span class='ocrx_word' id='word_1_196' title='bbox 3572 1216 3637 1271; x_wconf 89' lang='lat' dir='ltr'><strong>ab</strong></span> <span class='ocrx_word' id='word_1_197' title='bbox 3667 1226 3788 1271; x_wconf 67' lang='lat' dir='ltr'><strong>artu-</strong></span> 
     </span>
    </p>
   </div>
   <div class='ocr_carea' id='block_1_26' title="bbox 2249 1308 3789 1375">
    <p class='ocr_par' dir='ltr' id='par_1_26' title="bbox 2249 1308 3789 1375">
     <span class='ocr_line' id='line_1_26' title="bbox 2249 1308 3789 1375; baseline -0.001 -9"><span class='ocrx_word' id='word_1_198' title='bbox 2249 1312 2419 1366; x_wconf 88' lang='lat' dir='ltr'><strong>nitate</strong></span> <span class='ocrx_word' id='word_1_199' title='bbox 2470 1309 2805 1375; x_wconf 89' lang='lat' dir='ltr'><strong>mortalitas,</strong></span> <span class='ocrx_word' id='word_1_200' title='bbox 2854 1319 2913 1366; x_wconf 89' lang='lat' dir='ltr'><strong>et</strong></span> <span class='ocrx_word' id='word_1_201' title='bbox 2962 1310 3030 1364; x_wconf 91' lang='lat' dir='ltr'><strong>ad</strong></span> <span class='ocrx_word' id='word_1_202' title='bbox 3080 1309 3463 1365; x_wconf 78' lang='lat' dir='ltr'><strong>resolvendum</strong></span> <span class='ocrx_word' id='word_1_203' title='bbox 3508 1308 3789 1364; x_wconf 76' lang='lat' dir='ltr'><strong>conditionis</strong></span> 
     </span>
    </p>
   </div>
   <div class='ocr_carea' id='block_1_27' title="bbox 2248 1398 3789 1459">
    <p class='ocr_par' dir='ltr' id='par_1_27' title="bbox 2248 1398 3789 1459">
     <span class='ocr_line' id='line_1_27' title="bbox 2248 1398 3789 1459; baseline -0.004 -2"><span class='ocrx_word' id='word_1_204' title='bbox 2248 1412 2447 1459; x_wconf 72' lang='lat' dir='ltr'><strong>nostrae</strong></span> <span class='ocrx_word' id='word_1_205' title='bbox 2493 1402 2735 1458; x_wconf 89' lang='lat' dir='ltr'><strong>debitum</strong></span> <span class='ocrx_word' id='word_1_206' title='bbox 2783 1399 3111 1455; x_wconf 82' lang='lat' dir='ltr'><strong>inviolabilis</strong></span> <span class='ocrx_word' id='word_1_207' title='bbox 3155 1409 3350 1455; x_wconf 88' lang='lat' dir='ltr'><strong>natura</strong></span> <span class='ocrx_word' id='word_1_208' title='bbox 3399 1407 3489 1453; x_wconf 90' lang='lat' dir='ltr'><strong>est</strong></span> <span class='ocrx_word' id='word_1_209' title='bbox 3536 1398 3676 1452; x_wconf 88' lang='lat' dir='ltr'><strong>unita</strong></span> <span class='ocrx_word' id='word_1_210' title='bbox 3714 1413 3789 1451; x_wconf 80' lang='lat' dir='ltr'><strong>na-</strong></span> 
     </span>
    </p>
   </div>
   <div class='ocr_carea' id='block_1_28' title="bbox 2250 1489 3789 1567">
    <p class='ocr_par' dir='ltr' id='par_1_28' title="bbox 2250 1489 3789 1567">
     <span class='ocr_line' id='line_1_28' title="bbox 2250 1489 3789 1567; baseline -0.005 -17"><span class='ocrx_word' id='word_1_211' title='bbox 2250 1506 2383 1550; x_wconf 65' lang='lat' dir='ltr'><strong>tura:</strong></span> <span class='ocrx_word' id='word_1_212' title='bbox 2423 1493 2689 1567; x_wconf 86' lang='lat' dir='ltr'><strong>passibili,</strong></span> <span class='ocrx_word' id='word_1_213' title='bbox 2727 1501 2787 1547; x_wconf 88' lang='lat' dir='ltr'><strong>ut</strong></span> <span class='ocrx_word' id='word_1_214' title='bbox 2836 1492 2980 1562; x_wconf 86' lang='lat' dir='ltr'><strong>quod</strong></span> <span class='ocrx_word' id='word_1_215' title='bbox 3031 1490 3232 1546; x_wconf 87' lang='lat' dir='ltr'><strong>nostris</strong></span> <span class='ocrx_word' id='word_1_216' title='bbox 3276 1489 3538 1545; x_wconf 87' lang='lat' dir='ltr'><strong>remediis</strong></span> <span class='ocrx_word' id='word_1_217' title='bbox 3572 1503 3789 1559; x_wconf 80' lang='lat' dir='ltr'><strong>congrue-</strong></span> 
     </span>
    </p>
   </div>
   <div class='ocr_carea' id='block_1_29' title="bbox 2248 1582 3787 1656">
    <p class='ocr_par' dir='ltr' id='par_1_29' title="bbox 2248 1582 3787 1656">
     <span class='ocr_line' id='line_1_29' title="bbox 2248 1582 3787 1656; baseline -0.007 -11"><span class='ocrx_word' id='word_1_218' title='bbox 2248 1590 2381 1655; x_wconf 85' lang='lat' dir='ltr'><strong>bat,</strong></span> <span class='ocrx_word' id='word_1_219' title='bbox 2434 1603 2576 1644; x_wconf 88' lang='lat' dir='ltr'><strong>unus</strong></span> <span class='ocrx_word' id='word_1_220' title='bbox 2617 1595 2779 1656; x_wconf 89' lang='lat' dir='ltr'><strong>atque</strong></span> <span class='ocrx_word' id='word_1_221' title='bbox 2832 1586 2974 1640; x_wconf 90' lang='lat' dir='ltr'><strong>idem</strong></span> <span class='ocrx_word' id='word_1_222' title='bbox 3019 1584 3284 1640; x_wconf 85' lang='lat' dir='ltr'><strong>mediator</strong></span> <span class='ocrx_word' id='word_1_223' title='bbox 3318 1582 3418 1637; x_wconf 89' lang='lat' dir='ltr'><strong>Dei</strong></span> <span class='ocrx_word' id='word_1_224' title='bbox 3471 1594 3527 1639; x_wconf 88' lang='lat' dir='ltr'><strong>et</strong></span> <span class='ocrx_word' id='word_1_225' title='bbox 3558 1582 3787 1637; x_wconf 77' lang='lat' dir='ltr'><strong>hominum</strong></span> 
     </span>
    </p>
   </div>
   <div class='ocr_carea' id='block_1_30' title="bbox 2247 1670 3787 1746">
    <p class='ocr_par' dir='ltr' id='par_1_30' title="bbox 2247 1670 3787 1746">
     <span class='ocr_line' id='line_1_30' title="bbox 2247 1670 3787 1746; baseline -0.007 -9"><span class='ocrx_word' id='word_1_226' title='bbox 2247 1679 2498 1737; x_wconf 85' lang='lat' dir='ltr'><strong>Christus</strong></span> <span class='ocrx_word' id='word_1_227' title='bbox 2533 1676 2692 1733; x_wconf 72' lang='lat' dir='ltr'><strong>Iesus</strong></span> <span class='ocrx_word' id='word_1_228' title='bbox 2719 1686 2776 1731; x_wconf 90' lang='lat' dir='ltr'><strong>et</strong></span> <span class='ocrx_word' id='word_1_229' title='bbox 2819 1675 2955 1730; x_wconf 90' lang='lat' dir='ltr'><strong>mori</strong></span> <span class='ocrx_word' id='word_1_230' title='bbox 2981 1684 3162 1746; x_wconf 80' lang='lat' dir='ltr'><strong>posset</strong></span> <span class='ocrx_word' id='word_1_231' title='bbox 3207 1690 3273 1729; x_wconf 76' lang='lat' dir='ltr'><strong>ex</strong></span> <span class='ocrx_word' id='word_1_232' title='bbox 3304 1690 3448 1737; x_wconf 89' lang='lat' dir='ltr'><strong>uno,</strong></span> <span class='ocrx_word' id='word_1_233' title='bbox 3479 1683 3535 1728; x_wconf 91' lang='lat' dir='ltr'><strong>et</strong></span> <span class='ocrx_word' id='word_1_234' title='bbox 3556 1670 3685 1729; x_wconf 86' lang='lat' dir='ltr'><strong>mori</strong></span> <span class='ocrx_word' id='word_1_235' title='bbox 3712 1687 3787 1727; x_wconf 77' lang='lat' dir='ltr'><strong>non</strong></span> 
     </span>
    </p>
   </div>
   <div class='ocr_carea' id='block_1_31' title="bbox 2248 1762 3789 1844">
    <p class='ocr_par' dir='ltr' id='par_1_31' title="bbox 2248 1762 3789 1844">
     <span class='ocr_line' id='line_1_31' title="bbox 2248 1762 3789 1844; baseline -0.006 -17"><span class='ocrx_word' id='word_1_236' title='bbox 2248 1780 2433 1844; x_wconf 84' lang='lat' dir='ltr'><strong>posset</strong></span> <span class='ocrx_word' id='word_1_237' title='bbox 2479 1785 2547 1825; x_wconf 78' lang='lat' dir='ltr'><strong>ex</strong></span> <span class='ocrx_word' id='word_1_238' title='bbox 2587 1768 2779 1823; x_wconf 87' lang='lat' dir='ltr'><strong>altero.</strong></span> <span class='ocrx_word' id='word_1_239' title='bbox 2807 1766 2863 1820; x_wconf 88' lang='lat' dir='ltr'><strong>lu</strong></span> <span class='ocrx_word' id='word_1_240' title='bbox 2908 1767 3114 1837; x_wconf 79' lang='lat' dir='ltr'><strong>integra</strong></span> <span class='ocrx_word' id='word_1_241' title='bbox 3143 1781 3272 1837; x_wconf 73' lang='lat' dir='ltr'><strong>ergo</strong></span> <span class='ocrx_word' id='word_1_242' title='bbox 3300 1764 3542 1820; x_wconf 87' lang='lat' dir='ltr'><strong>hominis</strong></span> <span class='ocrx_word' id='word_1_243' title='bbox 3572 1762 3789 1834; x_wconf 78' lang='lat' dir='ltr'><strong>perfecta-</strong></span> 
     </span>
    </p>
   </div>
   <div class='ocr_carea' id='block_1_32' title="bbox 570 1857 3786 1960">
    <p class='ocr_par' dir='ltr' id='par_1_32' title="bbox 570 1857 3786 1960">
     <span class='ocr_line' id='line_1_32' title="bbox 570 1857 3786 1960; baseline -0.005 -34"><span class='ocrx_word' id='word_1_244' title='bbox 570 1888 675 1926; x_wconf 90' lang='lat' dir='ltr'><strong>una</strong></span> <span class='ocrx_word' id='word_1_245' title='bbox 712 1887 940 1940; x_wconf 87' lang='lat' dir='ltr'><strong>persona</strong></span> <span class='ocrx_word' id='word_1_246' title='bbox 968 1873 1296 1929; x_wconf 85' lang='lat' dir='ltr'><strong>ostenderet.</strong></span> <span class='ocrx_word' id='word_1_247' title='bbox 1347 1871 1581 1926; x_wconf 85' lang='lat' dir='ltr'><strong>Sanctus</strong></span> <span class='ocrx_word' id='word_1_248' title='bbox 1606 1868 1842 1940; x_wconf 74' lang='lat' dir='ltr'><strong>(iyrillus</strong></span> <span class='ocrx_word' id='word_1_249' title='bbox 1877 1867 1932 1921; x_wconf 91' lang='lat' dir='ltr'><strong>in</strong></span> <span class='ocrx_word' id='word_1_250' title='bbox 1976 1865 2146 1935; x_wconf 91' lang='lat' dir='ltr'><strong>prima</strong></span> <span class='ocrx_word' id='word_1_251' title='bbox 2180 1900 2224 1960; x_wconf 74' lang='grc' dir='ltr'><strong>Β</strong></span> <span class='ocrx_word' id='word_1_252' title='bbox 2253 1880 2359 1935; x_wconf 90' lang='lat' dir='ltr'><strong>que</strong></span> <span class='ocrx_word' id='word_1_253' title='bbox 2386 1864 2501 1920; x_wconf 87' lang='lat' dir='ltr'><strong>veri</strong></span> <span class='ocrx_word' id='word_1_254' title='bbox 2537 1872 2749 1925; x_wconf 89' lang='lat' dir='ltr'><strong>natura,</strong></span> <span class='ocrx_word' id='word_1_255' title='bbox 2773 1875 2934 1915; x_wconf 86' lang='lat' dir='ltr'><strong>verus</strong></span> <span class='ocrx_word' id='word_1_256' title='bbox 2956 1868 3114 1915; x_wconf 88' lang='lat' dir='ltr'><strong>natus</strong></span> <span class='ocrx_word' id='word_1_257' title='bbox 3137 1869 3221 1913; x_wconf 90' lang='lat' dir='ltr'><strong>est</strong></span> <span class='ocrx_word' id='word_1_258' title='bbox 3248 1858 3410 1921; x_wconf 89' lang='lat' dir='ltr'><strong>Deus,</strong></span> <span class='ocrx_word' id='word_1_259' title='bbox 3442 1866 3590 1913; x_wconf 89' lang='lat' dir='ltr'><strong>totus</strong></span> <span class='ocrx_word' id='word_1_260' title='bbox 3614 1857 3786 1960; x_wconf 40' lang='lat' dir='ltr'><strong>in‘suis,</strong></span> 
     </span>
    </p>
   </div>
   <div class='ocr_carea' id='block_1_33' title="bbox 566 1953 2147 2030">
    <p class='ocr_par' dir='ltr' id='par_1_33' title="bbox 566 1953 2147 2030">
     <span class='ocr_line' id='line_1_33' title="bbox 566 1953 2147 2030; baseline -0.004 -17"><span class='ocrx_word' id='word_1_261' title='bbox 566 1960 637 2014; x_wconf 83' lang='lat' dir='ltr'><strong>ad</strong></span> <span class='ocrx_word' id='word_1_262' title='bbox 695 1960 1014 2016; x_wconf 74' lang='lat' dir='ltr'><strong>Successum</strong></span> <span class='ocrx_word' id='word_1_263' title='bbox 1057 1960 1283 2030; x_wconf 88' lang='lat' dir='ltr'><strong>cpistola</strong></span> <span class='ocrx_word' id='word_1_264' title='bbox 1332 1961 1508 2015; x_wconf 89' lang='lat' dir='ltr'><strong>dicit:</strong></span> <span class='ocrx_word' id='word_1_265' title='bbox 1540 1960 1684 2029; x_wconf 79' lang='lat' dir='ltr'><strong>Ergo</strong></span> <span class='ocrx_word' id='word_1_266' title='bbox 1726 1965 1989 2029; x_wconf 89' lang='lat' dir='ltr'><strong>quantum</strong></span> <span class='ocrx_word' id='word_1_267' title='bbox 2023 1953 2147 2023; x_wconf 87' lang='lat' dir='ltr'><strong>qui-</strong></span> 
     </span>
    </p>
   </div>
   <div class='ocr_carea' id='block_1_34' title="bbox 568 2049 2148 2121">
    <p class='ocr_par' dir='ltr' id='par_1_34' title="bbox 568 2049 2148 2121">
     <span class='ocr_line' id='line_1_34' title="bbox 568 2049 2148 2121; baseline -0.002 -16"><span class='ocrx_word' id='word_1_268' title='bbox 568 2049 691 2105; x_wconf 89' lang='lat' dir='ltr'><strong>dem</strong></span> <span class='ocrx_word' id='word_1_269' title='bbox 724 2052 787 2106; x_wconf 88' lang='lat' dir='ltr'><strong>ad</strong></span> <span class='ocrx_word' id='word_1_270' title='bbox 820 2053 1146 2107; x_wconf 88' lang='lat' dir='ltr'><strong>intellectum</strong></span> <span class='ocrx_word' id='word_1_271' title='bbox 1190 2052 1428 2121; x_wconf 84' lang='lat' dir='ltr'><strong>pertinet</strong></span> <span class='ocrx_word' id='word_1_272' title='bbox 1473 2059 1529 2106; x_wconf 86' lang='lat' dir='ltr'><strong>et</strong></span> <span class='ocrx_word' id='word_1_273' title='bbox 1568 2050 1725 2106; x_wconf 79' lang='lat' dir='ltr'><strong>[idem</strong></span> <span class='ocrx_word' id='word_1_274' title='bbox 1750 2090 1766 2116; x_wconf 92' lang='lat'><strong>,</strong></span> <span class='ocrx_word' id='word_1_275' title='bbox 1814 2049 2148 2118; x_wconf 86' lang='lat' dir='ltr'><strong>tantumdem</strong></span> 
     </span>
    </p>
   </div>
   <div class='ocr_carea' id='block_1_35' title="bbox 566 2138 2153 2211">
    <p class='ocr_par' dir='ltr' id='par_1_35' title="bbox 566 2138 2153 2211">
     <span class='ocr_line' id='line_1_35' title="bbox 566 2138 2153 2211; baseline -0.002 -16"><span class='ocrx_word' id='word_1_276' title='bbox 566 2139 740 2195; x_wconf 90' lang='lat' dir='ltr'><strong>oculis</strong></span> <span class='ocrx_word' id='word_1_277' title='bbox 763 2142 978 2206; x_wconf 74' lang='lat' dir='ltr'><strong>animm,</strong></span> <span class='ocrx_word' id='word_1_278' title='bbox 995 2142 1444 2211; x_wconf 89' lang='lat' dir='ltr'><strong>quemadmodum</strong></span> <span class='ocrx_word' id='word_1_279' title='bbox 1473 2142 1784 2197; x_wconf 88' lang='lat' dir='ltr'><strong>incarnatus</strong></span> <span class='ocrx_word' id='word_1_280' title='bbox 1804 2150 1888 2195; x_wconf 86' lang='lat' dir='ltr'><strong>est</strong></span> <span class='ocrx_word' id='word_1_281' title='bbox 1908 2138 2153 2209; x_wconf 76' lang='lat' dir='ltr'><strong>unigeni-</strong></span> 
     </span>
    </p>
   </div>
   <div class='ocr_carea' id='block_1_36' title="bbox 569 2228 2150 2296">
    <p class='ocr_par' dir='ltr' id='par_1_36' title="bbox 569 2228 2150 2296">
     <span class='ocr_line' id='line_1_36' title="bbox 569 2228 2150 2296; baseline 0 -14"><span class='ocrx_word' id='word_1_282' title='bbox 569 2238 676 2291; x_wconf 87' lang='lat' dir='ltr'><strong>tus.</strong></span> <span class='ocrx_word' id='word_1_283' title='bbox 704 2230 835 2285; x_wconf 90' lang='lat' dir='ltr'><strong>duas</strong></span> <span class='ocrx_word' id='word_1_284' title='bbox 863 2240 1085 2286; x_wconf 86' lang='lat' dir='ltr'><strong>naturas</strong></span> <span class='ocrx_word' id='word_1_285' title='bbox 1120 2246 1240 2287; x_wconf 89' lang='lat' dir='ltr'><strong>esse</strong></span> <span class='ocrx_word' id='word_1_286' title='bbox 1273 2231 1522 2296; x_wconf 83' lang='lat' dir='ltr'><strong>dicimus,</strong></span> <span class='ocrx_word' id='word_1_287' title='bbox 1554 2247 1716 2285; x_wconf 86' lang='lat' dir='ltr'><strong>unum</strong></span> <span class='ocrx_word' id='word_1_288' title='bbox 1749 2238 1928 2286; x_wconf 86' lang='lat' dir='ltr'><strong>autem</strong></span> <span class='ocrx_word' id='word_1_289' title='bbox 1960 2228 2150 2283; x_wconf 87' lang='lat' dir='ltr'><strong>Filium</strong></span> 
     </span>
    </p>
   </div>
   <div class='ocr_carea' id='block_1_37' title="bbox 567 2318 2147 2386">
    <p class='ocr_par' dir='ltr' id='par_1_37' title="bbox 567 2318 2147 2386">
     <span class='ocr_line' id='line_1_37' title="bbox 567 2318 2147 2386; baseline 0.002 -15"><span class='ocrx_word' id='word_1_290' title='bbox 567 2328 623 2372; x_wconf 93' lang='lat' dir='ltr'><strong>et</strong></span> <span class='ocrx_word' id='word_1_291' title='bbox 654 2318 929 2374; x_wconf 84' lang='lat' dir='ltr'><strong>Christum</strong></span> <span class='ocrx_word' id='word_1_292' title='bbox 975 2320 1262 2377; x_wconf 87' lang='lat' dir='ltr'><strong>Dominum</strong></span> <span class='ocrx_word' id='word_1_293' title='bbox 1308 2322 1495 2386; x_wconf 87' lang='lat' dir='ltr'><strong>Deum,</strong></span> <span class='ocrx_word' id='word_1_294' title='bbox 1545 2320 1780 2377; x_wconf 91' lang='lat' dir='ltr'><strong>Verbum</strong></span> <span class='ocrx_word' id='word_1_295' title='bbox 1810 2321 2147 2375; x_wconf 85' lang='lat' dir='ltr'><strong>incarnatum</strong></span> 
     </span>
    </p>
   </div>
   <div class='ocr_carea' id='block_1_38' title="bbox 564 2409 2148 2467">
    <p class='ocr_par' dir='ltr' id='par_1_38' title="bbox 564 2409 2148 2467">
     <span class='ocr_line' id='line_1_38' title="bbox 564 2409 2148 2467; baseline 0.002 -5"><span class='ocrx_word' id='word_1_296' title='bbox 564 2419 637 2465; x_wconf 88' lang='lat' dir='ltr'><strong>et-</strong></span> <span class='ocrx_word' id='word_1_297' title='bbox 652 2409 923 2465; x_wconf 89' lang='lat' dir='ltr'><strong>hominem</strong></span> <span class='ocrx_word' id='word_1_298' title='bbox 953 2410 1151 2466; x_wconf 80' lang='lat' dir='ltr'><strong>factum</strong></span> <span class='ocrx_word' id='word_1_299' title='bbox 1181 2410 1523 2467; x_wconf 88' lang='lat' dir='ltr'><strong>conﬁtemur.</strong></span> <span class='ocrx_word' id='word_1_300' title='bbox 1550 2411 1681 2467; x_wconf 80' lang='lat' dir='ltr'><strong>Item</strong></span> <span class='ocrx_word' id='word_1_301' title='bbox 1712 2412 1765 2466; x_wconf 92' lang='lat' dir='ltr'><strong>in</strong></span> <span class='ocrx_word' id='word_1_302' title='bbox 1802 2411 2040 2467; x_wconf 86' lang='lat' dir='ltr'><strong>secunda</strong></span> <span class='ocrx_word' id='word_1_303' title='bbox 2079 2409 2148 2465; x_wconf 82' lang='lat' dir='ltr'><strong>ad</strong></span> 
     </span>
    </p>
   </div>
   <div class='ocr_carea' id='block_1_39' title="bbox 568 2498 2147 2571">
    <p class='ocr_par' dir='ltr' id='par_1_39' title="bbox 568 2498 2147 2571">
     <span class='ocr_line' id='line_1_39' title="bbox 568 2498 2147 2571; baseline 0.003 -20"><span class='ocrx_word' id='word_1_304' title='bbox 568 2499 817 2554; x_wconf 86' lang='lat' dir='ltr'><strong>etnndem</strong></span> <span class='ocrx_word' id='word_1_305' title='bbox 850 2498 1171 2555; x_wconf 86' lang='lat' dir='ltr'><strong>Successum</strong></span> <span class='ocrx_word' id='word_1_306' title='bbox 1201 2500 1428 2571; x_wconf 88' lang='lat' dir='ltr'><strong>epistola</strong></span> <span class='ocrx_word' id='word_1_307' title='bbox 1456 2502 1534 2557; x_wconf 91' lang='lat' dir='ltr'><strong>sic</strong></span> <span class='ocrx_word' id='word_1_308' title='bbox 1558 2502 1635 2556; x_wconf 87' lang='lat' dir='ltr'><strong>ait</strong></span> <span class='ocrx_word' id='word_1_309' title='bbox 1663 2518 1677 2557; x_wconf 86' lang='lat'><strong>:</strong></span> <span class='ocrx_word' id='word_1_310' title='bbox 1711 2500 1843 2556; x_wconf 86' lang='lat' dir='ltr'><strong>Cum</strong></span> <span class='ocrx_word' id='word_1_311' title='bbox 1867 2517 2026 2566; x_wconf 90' lang='lat' dir='ltr'><strong>unus,</strong></span> <span class='ocrx_word' id='word_1_312' title='bbox 2060 2501 2147 2556; x_wconf 78' lang='lat' dir='ltr'><strong>in-</strong></span> 
     </span>
    </p>
   </div>
   <div class='ocr_carea' id='block_1_40' title="bbox 566 2589 2151 2660">
    <p class='ocr_par' dir='ltr' id='par_1_40' title="bbox 566 2589 2151 2660">
     <span class='ocr_line' id='line_1_40' title="bbox 566 2589 2151 2660; baseline 0.004 -22"><span class='ocrx_word' id='word_1_313' title='bbox 566 2589 705 2657; x_wconf 86' lang='lat' dir='ltr'><strong>quit,</strong></span> <span class='ocrx_word' id='word_1_314' title='bbox 737 2589 809 2643; x_wconf 85' lang='lat' dir='ltr'><strong>sit</strong></span> <span class='ocrx_word' id='word_1_315' title='bbox 836 2589 985 2644; x_wconf 88' lang='lat' dir='ltr'><strong>solus</strong></span> <span class='ocrx_word' id='word_1_316' title='bbox 1018 2589 1185 2645; x_wconf 83' lang='lat' dir='ltr'><strong>Filius</strong></span> <span class='ocrx_word' id='word_1_317' title='bbox 1214 2591 1466 2646; x_wconf 80' lang='lat' dir='ltr'><strong>Christus</strong></span> <span class='ocrx_word' id='word_1_318' title='bbox 1493 2626 1508 2657; x_wconf 84' lang='grc'><strong>,</strong></span> <span class='ocrx_word' id='word_1_319' title='bbox 1554 2591 1696 2647; x_wconf 89' lang='lat' dir='ltr'><strong>idem</strong></span> <span class='ocrx_word' id='word_1_320' title='bbox 1744 2591 1861 2660; x_wconf 85' lang='lat' dir='ltr'><strong>ipse</strong></span> <span class='ocrx_word' id='word_1_321' title='bbox 1908 2592 2051 2646; x_wconf 89' lang='lat' dir='ltr'><strong>Deus</strong></span> <span class='ocrx_word' id='word_1_322' title='bbox 2093 2600 2151 2645; x_wconf 87' lang='lat' dir='ltr'><strong>et</strong></span> 
     </span>
    </p>
   </div>
   <div class='ocr_carea' id='block_1_41' title="bbox 566 2676 2146 2750">
    <p class='ocr_par' dir='ltr' id='par_1_41' title="bbox 566 2676 2146 2750">
     <span class='ocr_line' id='line_1_41' title="bbox 566 2676 2146 2750; baseline 0.002 -19"><span class='ocrx_word' id='word_1_323' title='bbox 566 2676 728 2732; x_wconf 90' lang='lat' dir='ltr'><strong>homo</strong></span> <span class='ocrx_word' id='word_1_324' title='bbox 750 2676 892 2734; x_wconf 83' lang='lat' dir='ltr'><strong>sicut</strong></span> <span class='ocrx_word' id='word_1_325' title='bbox 920 2679 973 2733; x_wconf 92' lang='lat' dir='ltr'><strong>in</strong></span> <span class='ocrx_word' id='word_1_326' title='bbox 1001 2680 1198 2734; x_wconf 87' lang='lat' dir='ltr'><strong>deitate</strong></span> <span class='ocrx_word' id='word_1_327' title='bbox 1214 2679 1504 2750; x_wconf 83' lang='lat' dir='ltr'><strong>perfectus,</strong></span> <span class='ocrx_word' id='word_1_328' title='bbox 1538 2681 1610 2734; x_wconf 92' lang='lat' dir='ltr'><strong>ita</strong></span> <span class='ocrx_word' id='word_1_329' title='bbox 1636 2680 1765 2736; x_wconf 90' lang='lat' dir='ltr'><strong>etin</strong></span> <span class='ocrx_word' id='word_1_330' title='bbox 1790 2680 2146 2736; x_wconf 89' lang='lat' dir='ltr'><strong>humanitate.</strong></span> 
     </span>
    </p>
   </div>
   <div class='ocr_carea' id='block_1_42' title="bbox 565 2767 2149 2842">
    <p class='ocr_par' dir='ltr' id='par_1_42' title="bbox 565 2767 2149 2842">
     <span class='ocr_line' id='line_1_42' title="bbox 565 2767 2149 2842; baseline 0.004 -20"><span class='ocrx_word' id='word_1_331' title='bbox 565 2767 684 2825; x_wconf 82' lang='lat' dir='ltr'><strong>Non</strong></span> <span class='ocrx_word' id='word_1_332' title='bbox 714 2780 892 2826; x_wconf 89' lang='lat' dir='ltr'><strong>autem</strong></span> <span class='ocrx_word' id='word_1_333' title='bbox 928 2772 1101 2842; x_wconf 91' lang='lat' dir='ltr'><strong>ipsum</strong></span> <span class='ocrx_word' id='word_1_334' title='bbox 1135 2774 1464 2842; x_wconf 80' lang='lat' dir='ltr'><strong>unigenitum</strong></span> <span class='ocrx_word' id='word_1_335' title='bbox 1497 2773 1693 2827; x_wconf 84' lang='lat' dir='ltr'><strong>Filium</strong></span> <span class='ocrx_word' id='word_1_336' title='bbox 1728 2773 1823 2829; x_wconf 89' lang='lat' dir='ltr'><strong>Dei</strong></span> <span class='ocrx_word' id='word_1_337' title='bbox 1854 2772 2149 2829; x_wconf 89' lang='lat' dir='ltr'><strong>secundum</strong></span> 
     </span>
    </p>
   </div>
   <div class='ocr_carea' id='block_1_43' title="bbox 564 2863 2151 2934">
    <p class='ocr_par' dir='ltr' id='par_1_43' title="bbox 564 2863 2151 2934">
     <span class='ocr_line' id='line_1_43' title="bbox 564 2863 2151 2934; baseline 0.002 -18"><span class='ocrx_word' id='word_1_338' title='bbox 564 2864 708 2931; x_wconf 90' lang='lat' dir='ltr'><strong>quod</strong></span> <span class='ocrx_word' id='word_1_339' title='bbox 728 2863 1043 2933; x_wconf 80' lang='lat' dir='ltr'><strong>intelligitur</strong></span> <span class='ocrx_word' id='word_1_340' title='bbox 1060 2874 1115 2920; x_wconf 91' lang='lat' dir='ltr'><strong>et</strong></span> <span class='ocrx_word' id='word_1_341' title='bbox 1134 2874 1217 2920; x_wconf 89' lang='lat' dir='ltr'><strong>est</strong></span> <span class='ocrx_word' id='word_1_342' title='bbox 1237 2866 1396 2929; x_wconf 88' lang='lat' dir='ltr'><strong>Deus,</strong></span> <span class='ocrx_word' id='word_1_343' title='bbox 1425 2880 1642 2934; x_wconf 88' lang='lat' dir='ltr'><strong>passum</strong></span> <span class='ocrx_word' id='word_1_344' title='bbox 1664 2879 1787 2919; x_wconf 90' lang='lat' dir='ltr'><strong>esse</strong></span> <span class='ocrx_word' id='word_1_345' title='bbox 1807 2866 1859 2919; x_wconf 92' lang='lat' dir='ltr'><strong>iu</strong></span> <span class='ocrx_word' id='word_1_346' title='bbox 1881 2880 1975 2919; x_wconf 86' lang='lat' dir='ltr'><strong>sua</strong></span> <span class='ocrx_word' id='word_1_347' title='bbox 1998 2872 2151 2920; x_wconf 78' lang='lat' dir='ltr'><strong>natu-</strong></span> 
     </span>
    </p>
   </div>
   <div class='ocr_carea' id='block_1_44' title="bbox 567 2957 2151 3028">
    <p class='ocr_par' dir='ltr' id='par_1_44' title="bbox 567 2957 2151 3028">
     <span class='ocr_line' id='line_1_44' title="bbox 567 2957 2151 3028; baseline 0.004 -18"><span class='ocrx_word' id='word_1_348' title='bbox 567 2970 652 3021; x_wconf 86' lang='lat' dir='ltr'><strong>ra,</strong></span> <span class='ocrx_word' id='word_1_349' title='bbox 683 2957 778 3011; x_wconf 91' lang='lat' dir='ltr'><strong>sed</strong></span> <span class='ocrx_word' id='word_1_350' title='bbox 827 2966 1037 3012; x_wconf 88' lang='lat' dir='ltr'><strong>terrena</strong></span> <span class='ocrx_word' id='word_1_351' title='bbox 1075 2968 1287 3013; x_wconf 91' lang='lat' dir='ltr'><strong>natura.</strong></span> <span class='ocrx_word' id='word_1_352' title='bbox 1331 2958 1553 3028; x_wconf 87' lang='lat' dir='ltr'><strong>Oportet</strong></span> <span class='ocrx_word' id='word_1_353' title='bbox 1594 2960 1796 3015; x_wconf 87' lang='lat' dir='ltr'><strong>etenim</strong></span> <span class='ocrx_word' id='word_1_354' title='bbox 1844 2961 2151 3017; x_wconf 88' lang='lat' dir='ltr'><strong>necessario</strong></span> 
     </span>
    </p>
   </div>
   <div class='ocr_carea' id='block_1_45' title="bbox 565 3047 2149 3120">
    <p class='ocr_par' dir='ltr' id='par_1_45' title="bbox 565 3047 2149 3120">
     <span class='ocr_line' id='line_1_45' title="bbox 565 3047 2149 3120; baseline 0.005 -23"><span class='ocrx_word' id='word_1_355' title='bbox 565 3055 796 3115; x_wconf 89' lang='lat' dir='ltr'><strong>utraque</strong></span> <span class='ocrx_word' id='word_1_356' title='bbox 807 3061 1024 3101; x_wconf 86' lang='lat' dir='ltr'><strong>servare</strong></span> <span class='ocrx_word' id='word_1_357' title='bbox 1040 3047 1129 3101; x_wconf 93' lang='lat' dir='ltr'><strong>uni</strong></span> <span class='ocrx_word' id='word_1_358' title='bbox 1144 3056 1197 3102; x_wconf 91' lang='lat' dir='ltr'><strong>et</strong></span> <span class='ocrx_word' id='word_1_359' title='bbox 1215 3064 1343 3103; x_wconf 90' lang='lat' dir='ltr'><strong>vero</strong></span> <span class='ocrx_word' id='word_1_360' title='bbox 1359 3048 1517 3116; x_wconf 77' lang='lat' dir='ltr'><strong>Filio,</strong></span> <span class='ocrx_word' id='word_1_361' title='bbox 1532 3059 1585 3104; x_wconf 89' lang='lat' dir='ltr'><strong>et</strong></span> <span class='ocrx_word' id='word_1_362' title='bbox 1601 3065 1707 3105; x_wconf 90' lang='lat' dir='ltr'><strong>non</strong></span> <span class='ocrx_word' id='word_1_363' title='bbox 1732 3051 1840 3120; x_wconf 87' lang='lat' dir='ltr'><strong>pati</strong></span> <span class='ocrx_word' id='word_1_364' title='bbox 1854 3051 2149 3105; x_wconf 88' lang='lat' dir='ltr'><strong>secundum</strong></span> 
     </span>
    </p>
   </div>
   <div class='ocr_carea' id='block_1_46' title="bbox 565 3135 2153 3207">
    <p class='ocr_par' dir='ltr' id='par_1_46' title="bbox 565 3135 2153 3207">
     <span class='ocr_line' id='line_1_46' title="bbox 565 3135 2153 3207; baseline 0.003 -17"><span class='ocrx_word' id='word_1_365' title='bbox 565 3135 839 3203; x_wconf 86' lang='lat' dir='ltr'><strong>deitatem,</strong></span> <span class='ocrx_word' id='word_1_366' title='bbox 860 3146 917 3191; x_wconf 92' lang='lat' dir='ltr'><strong>et</strong></span> <span class='ocrx_word' id='word_1_367' title='bbox 933 3137 1035 3190; x_wconf 87' lang='lat' dir='ltr'><strong>dici</strong></span> <span class='ocrx_word' id='word_1_368' title='bbox 1059 3153 1275 3207; x_wconf 91' lang='lat' dir='ltr'><strong>passum</strong></span> <span class='ocrx_word' id='word_1_369' title='bbox 1298 3154 1418 3195; x_wconf 89' lang='lat' dir='ltr'><strong>esse</strong></span> <span class='ocrx_word' id='word_1_370' title='bbox 1440 3143 1688 3196; x_wconf 88' lang='lat' dir='ltr'><strong>eumdem</strong></span> <span class='ocrx_word' id='word_1_371' title='bbox 1730 3142 2023 3197; x_wconf 88' lang='lat' dir='ltr'><strong>secundum</strong></span> <span class='ocrx_word' id='word_1_372' title='bbox 2052 3141 2153 3195; x_wconf 89' lang='lat' dir='ltr'><strong>im-</strong></span> 
     </span>
    </p>
   </div>
   <div class='ocr_carea' id='block_1_47' title="bbox 2255 1947 3787 2021">
    <p class='ocr_par' dir='ltr' id='par_1_47' title="bbox 2255 1947 3787 2021">
     <span class='ocr_line' id='line_1_47' title="bbox 2255 1947 3787 2021; baseline -0.007 -9"><span class='ocrx_word' id='word_1_373' title='bbox 2255 1964 2398 2012; x_wconf 89' lang='lat' dir='ltr'><strong>totus</strong></span> <span class='ocrx_word' id='word_1_374' title='bbox 2419 1956 2470 2010; x_wconf 91' lang='lat' dir='ltr'><strong>in</strong></span> <span class='ocrx_word' id='word_1_375' title='bbox 2502 1954 2733 2019; x_wconf 89' lang='lat' dir='ltr'><strong>nostris;</strong></span> <span class='ocrx_word' id='word_1_376' title='bbox 2759 1961 2814 2008; x_wconf 87' lang='lat' dir='ltr'><strong>et</strong></span> <span class='ocrx_word' id='word_1_377' title='bbox 2837 1951 2994 2021; x_wconf 89' lang='lat' dir='ltr'><strong>paulo</strong></span> <span class='ocrx_word' id='word_1_378' title='bbox 3016 1960 3136 2020; x_wconf 84' lang='lat' dir='ltr'><strong>post</strong></span> <span class='ocrx_word' id='word_1_379' title='bbox 3159 1969 3173 2005; x_wconf 88' lang='lat'><strong>:</strong></span> <span class='ocrx_word' id='word_1_380' title='bbox 3195 1949 3295 2016; x_wconf 79' lang='lat' dir='ltr'><strong>Qui</strong></span> <span class='ocrx_word' id='word_1_381' title='bbox 3319 1962 3546 2003; x_wconf 79' lang='lat' dir='ltr'><strong>manens</strong></span> <span class='ocrx_word' id='word_1_382' title='bbox 3580 1948 3632 2002; x_wconf 90' lang='lat' dir='ltr'><strong>in</strong></span> <span class='ocrx_word' id='word_1_383' title='bbox 3656 1947 3787 2002; x_wconf 77' lang='lat' dir='ltr'><strong>form</strong></span> 
     </span>
    </p>
   </div>
   <div class='ocr_carea' id='block_1_48' title="bbox 2254 2039 3788 2109">
    <p class='ocr_par' dir='ltr' id='par_1_48' title="bbox 2254 2039 3788 2109">
     <span class='ocr_line' id='line_1_48' title="bbox 2254 2039 3788 2109; baseline -0.007 -5"><span class='ocrx_word' id='word_1_384' title='bbox 2254 2047 2499 2104; x_wconf 76' lang='lat' dir='ltr'><strong>Dcifecit</strong></span> <span class='ocrx_word' id='word_1_385' title='bbox 2527 2046 2819 2109; x_wconf 84' lang='lat' dir='ltr'><strong>hominem,</strong></span> <span class='ocrx_word' id='word_1_386' title='bbox 2846 2045 2985 2099; x_wconf 87' lang='lat' dir='ltr'><strong>idem</strong></span> <span class='ocrx_word' id='word_1_387' title='bbox 3012 2044 3066 2096; x_wconf 92' lang='lat' dir='ltr'><strong>in</strong></span> <span class='ocrx_word' id='word_1_388' title='bbox 3114 2041 3290 2097; x_wconf 78' lang='lat' dir='ltr'><strong>forma</strong></span> <span class='ocrx_word' id='word_1_389' title='bbox 3319 2042 3467 2097; x_wconf 89' lang='lat' dir='ltr'><strong>servi</strong></span> <span class='ocrx_word' id='word_1_390' title='bbox 3522 2039 3683 2094; x_wconf 78' lang='lat' dir='ltr'><strong>factus</strong></span> <span class='ocrx_word' id='word_1_391' title='bbox 3729 2046 3788 2092; x_wconf 70' lang='lat' dir='ltr'><strong>est</strong></span> 
     </span>
    </p>
   </div>
   <div class='ocr_carea' id='block_1_49' title="bbox 2250 2131 3786 2203">
    <p class='ocr_par' dir='ltr' id='par_1_49' title="bbox 2250 2131 3786 2203">
     <span class='ocr_line' id='line_1_49' title="bbox 2250 2131 3786 2203; baseline -0.007 -9"><span class='ocrx_word' id='word_1_392' title='bbox 2250 2139 2433 2203; x_wconf 86' lang='lat' dir='ltr'><strong>homo,</strong></span> <span class='ocrx_word' id='word_1_393' title='bbox 2472 2146 2615 2192; x_wconf 89' lang='lat' dir='ltr'><strong>tenet</strong></span> <span class='ocrx_word' id='word_1_394' title='bbox 2662 2136 2806 2191; x_wconf 89' lang='lat' dir='ltr'><strong>enim</strong></span> <span class='ocrx_word' id='word_1_395' title='bbox 2853 2135 2969 2190; x_wconf 87' lang='lat' dir='ltr'><strong>sine</strong></span> <span class='ocrx_word' id='word_1_396' title='bbox 3007 2131 3220 2188; x_wconf 80' lang='lat' dir='ltr'><strong>defectu</strong></span> <span class='ocrx_word' id='word_1_397' title='bbox 3253 2132 3638 2202; x_wconf 88' lang='lat' dir='ltr'><strong>proprietatem</strong></span> <span class='ocrx_word' id='word_1_398' title='bbox 3671 2144 3786 2184; x_wconf 83' lang='lat' dir='ltr'><strong>suam</strong></span> 
     </span>
    </p>
   </div>
   <div class='ocr_carea' id='block_1_50' title="bbox 2252 2223 3787 2301">
    <p class='ocr_par' dir='ltr' id='par_1_50' title="bbox 2252 2223 3787 2301">
     <span class='ocr_line' id='line_1_50' title="bbox 2252 2223 3787 2301; baseline -0.008 -14"><span class='ocrx_word' id='word_1_399' title='bbox 2252 2240 2482 2301; x_wconf 87' lang='lat' dir='ltr'><strong>utraque</strong></span> <span class='ocrx_word' id='word_1_400' title='bbox 2525 2238 2717 2285; x_wconf 89' lang='lat' dir='ltr'><strong>natura</strong></span> <span class='ocrx_word' id='word_1_401' title='bbox 2744 2267 2759 2293; x_wconf 95' lang='lat'><strong>,</strong></span> <span class='ocrx_word' id='word_1_402' title='bbox 2793 2236 2849 2282; x_wconf 93' lang='lat' dir='ltr'><strong>et</strong></span> <span class='ocrx_word' id='word_1_403' title='bbox 2900 2226 3050 2281; x_wconf 88' lang='lat' dir='ltr'><strong>sicut</strong></span> <span class='ocrx_word' id='word_1_404' title='bbox 3094 2225 3268 2280; x_wconf 83' lang='lat' dir='ltr'><strong>forma</strong></span> <span class='ocrx_word' id='word_1_405' title='bbox 3320 2223 3468 2279; x_wconf 80' lang='lat' dir='ltr'><strong>servi</strong></span> <span class='ocrx_word' id='word_1_406' title='bbox 3497 2223 3586 2278; x_wconf 88' lang='lat' dir='ltr'><strong>Dei</strong></span> <span class='ocrx_word' id='word_1_407' title='bbox 3609 2223 3787 2277; x_wconf 72' lang='lat' dir='ltr'><strong>formam</strong></span> 
     </span>
    </p>
   </div>
   <div class='ocr_carea' id='block_1_51' title="bbox 2252 2316 3786 2387">
    <p class='ocr_par' dir='ltr' id='par_1_51' title="bbox 2252 2316 3786 2387">
     <span class='ocr_line' id='line_1_51' title="bbox 2252 2316 3786 2387; baseline -0.01 -7"><span class='ocrx_word' id='word_1_408' title='bbox 2252 2340 2359 2380; x_wconf 91' lang='lat' dir='ltr'><strong>non</strong></span> <span class='ocrx_word' id='word_1_409' title='bbox 2386 2324 2596 2387; x_wconf 87' lang='lat' dir='ltr'><strong>adimit,</strong></span> <span class='ocrx_word' id='word_1_410' title='bbox 2621 2322 2695 2376; x_wconf 91' lang='lat' dir='ltr'><strong>ita</strong></span> <span class='ocrx_word' id='word_1_411' title='bbox 2723 2321 2898 2377; x_wconf 84' lang='lat' dir='ltr'><strong>forma</strong></span> <span class='ocrx_word' id='word_1_412' title='bbox 2920 2319 3016 2375; x_wconf 89' lang='lat' dir='ltr'><strong>Dei</strong></span> <span class='ocrx_word' id='word_1_413' title='bbox 3048 2318 3279 2375; x_wconf 80' lang='lat' dir='ltr'><strong>formam</strong></span> <span class='ocrx_word' id='word_1_414' title='bbox 3310 2318 3460 2373; x_wconf 88' lang='lat' dir='ltr'><strong>servi</strong></span> <span class='ocrx_word' id='word_1_415' title='bbox 3487 2331 3592 2373; x_wconf 91' lang='lat' dir='ltr'><strong>non</strong></span> <span class='ocrx_word' id='word_1_416' title='bbox 3618 2316 3786 2369; x_wconf 85' lang='lat' dir='ltr'><strong>minuit.</strong></span> 
     </span>
    </p>
   </div>
   <div class='ocr_carea' id='block_1_52' title="bbox 2250 2411 3789 2490">
    <p class='ocr_par' dir='ltr' id='par_1_52' title="bbox 2250 2411 3789 2490">
     <span class='ocr_line' id='line_1_52' title="bbox 2250 2411 3789 2490; baseline -0.006 -15"><span class='ocrx_word' id='word_1_417' title='bbox 2250 2419 2383 2475; x_wconf 89' lang='lat' dir='ltr'><strong>Item</strong></span> <span class='ocrx_word' id='word_1_418' title='bbox 2411 2418 2572 2490; x_wconf 88' lang='lat' dir='ltr'><strong>paulo</strong></span> <span class='ocrx_word' id='word_1_419' title='bbox 2595 2427 2713 2489; x_wconf 78' lang='lat' dir='ltr'><strong>post</strong></span> <span class='ocrx_word' id='word_1_420' title='bbox 2741 2437 2753 2471; x_wconf 91' lang='lat'>:</span> <span class='ocrx_word' id='word_1_421' title='bbox 2785 2418 2912 2488; x_wconf 74' lang='lat' dir='ltr'><strong>Agit</strong></span> <span class='ocrx_word' id='word_1_422' title='bbox 2936 2416 3082 2473; x_wconf 84' lang='lat' dir='ltr'><strong>enim</strong></span> <span class='ocrx_word' id='word_1_423' title='bbox 3109 2424 3338 2486; x_wconf 86' lang='lat' dir='ltr'><strong>utraque</strong></span> <span class='ocrx_word' id='word_1_424' title='bbox 3362 2414 3539 2472; x_wconf 79' lang='lat' dir='ltr'><strong>forma</strong></span> <span class='ocrx_word' id='word_1_425' title='bbox 3558 2428 3670 2469; x_wconf 88' lang='lat' dir='ltr'><strong>cum</strong></span> <span class='ocrx_word' id='word_1_426' title='bbox 3691 2411 3789 2465; x_wconf 78' lang='lat' dir='ltr'><strong>alte-</strong></span> 
     </span>
    </p>
   </div>
   <div class='ocr_carea' id='block_1_53' title="bbox 2253 2502 3788 2578">
    <p class='ocr_par' dir='ltr' id='par_1_53' title="bbox 2253 2502 3788 2578">
     <span class='ocr_line' id='line_1_53' title="bbox 2253 2502 3788 2578; baseline -0.006 -14"><span class='ocrx_word' id='word_1_427' title='bbox 2253 2509 2367 2564; x_wconf 93' lang='lat' dir='ltr'><strong>rius</strong></span> <span class='ocrx_word' id='word_1_428' title='bbox 2393 2508 2772 2563; x_wconf 87' lang='lat' dir='ltr'><strong>communione</strong></span> <span class='ocrx_word' id='word_1_429' title='bbox 2811 2508 2955 2578; x_wconf 90' lang='lat' dir='ltr'><strong>quod</strong></span> <span class='ocrx_word' id='word_1_430' title='bbox 2982 2507 3262 2578; x_wconf 89' lang='lat' dir='ltr'><strong>proprium</strong></span> <span class='ocrx_word' id='word_1_431' title='bbox 3291 2517 3400 2570; x_wconf 85' lang='lat' dir='ltr'><strong>est,</strong></span> <span class='ocrx_word' id='word_1_432' title='bbox 3432 2505 3605 2560; x_wconf 90' lang='lat' dir='ltr'><strong>Verbo</strong></span> <span class='ocrx_word' id='word_1_433' title='bbox 3627 2502 3788 2558; x_wconf 78' lang='lat' dir='ltr'><strong>scilicet</strong></span> 
     </span>
    </p>
   </div>
   <div class='ocr_carea' id='block_1_54' title="bbox 2250 2596 3788 2669">
    <p class='ocr_par' dir='ltr' id='par_1_54' title="bbox 2250 2596 3788 2669">
     <span class='ocr_line' id='line_1_54' title="bbox 2250 2596 3788 2669; baseline -0.006 -15"><span class='ocrx_word' id='word_1_434' title='bbox 2250 2608 2510 2669; x_wconf 87' lang='lat' dir='ltr'><strong>operante</strong></span> <span class='ocrx_word' id='word_1_435' title='bbox 2555 2598 2698 2668; x_wconf 91' lang='lat' dir='ltr'><strong>quod</strong></span> <span class='ocrx_word' id='word_1_436' title='bbox 2748 2596 2908 2652; x_wconf 84' lang='lat' dir='ltr'><strong>Verbi</strong></span> <span class='ocrx_word' id='word_1_437' title='bbox 2951 2608 3071 2663; x_wconf 88' lang='lat' dir='ltr'><strong>est,</strong></span> <span class='ocrx_word' id='word_1_438' title='bbox 3117 2605 3175 2653; x_wconf 87' lang='lat' dir='ltr'><strong>et</strong></span> <span class='ocrx_word' id='word_1_439' title='bbox 3216 2598 3269 2652; x_wconf 89' lang='lat' dir='ltr'><strong>in</strong></span> <span class='ocrx_word' id='word_1_440' title='bbox 3301 2612 3476 2653; x_wconf 87' lang='lat' dir='ltr'><strong>carne</strong></span> <span class='ocrx_word' id='word_1_441' title='bbox 3516 2603 3788 2663; x_wconf 76' lang='lat' dir='ltr'><strong>cxseqnente</strong></span> 
     </span>
    </p>
   </div>
   <div class='ocr_carea' id='block_1_55' title="bbox 2231 2683 3785 2759">
    <p class='ocr_par' dir='ltr' id='par_1_55' title="bbox 2231 2683 3785 2759">
     <span class='ocr_line' id='line_1_55' title="bbox 2231 2683 3785 2759; baseline -0.003 -17"><span class='ocrx_word' id='word_1_442' title='bbox 2231 2683 2396 2759; x_wconf 58' lang='lat' dir='ltr'><strong>&quot;quod</strong></span> <span class='ocrx_word' id='word_1_443' title='bbox 2440 2689 2624 2744; x_wconf 86' lang='lat' dir='ltr'><strong>carnis</strong></span> <span class='ocrx_word' id='word_1_444' title='bbox 2665 2697 2784 2755; x_wconf 90' lang='lat' dir='ltr'><strong>est;</strong></span> <span class='ocrx_word' id='word_1_445' title='bbox 2813 2703 2978 2742; x_wconf 89' lang='lat' dir='ltr'><strong>unum</strong></span> <span class='ocrx_word' id='word_1_446' title='bbox 3017 2689 3209 2744; x_wconf 90' lang='lat' dir='ltr'><strong>horum</strong></span> <span class='ocrx_word' id='word_1_447' title='bbox 3254 2696 3511 2744; x_wconf 77' lang='lat' dir='ltr'><strong>coruscat</strong></span> <span class='ocrx_word' id='word_1_448' title='bbox 3538 2685 3785 2749; x_wconf 81' lang='lat' dir='ltr'><strong>miraculis,</strong></span> 
     </span>
    </p>
   </div>
   <div class='ocr_carea' id='block_1_56' title="bbox 2253 2776 3786 2847">
    <p class='ocr_par' dir='ltr' id='par_1_56' title="bbox 2253 2776 3786 2847">
     <span class='ocr_line' id='line_1_56' title="bbox 2253 2776 3786 2847; baseline -0.005 -14"><span class='ocrx_word' id='word_1_449' title='bbox 2253 2778 2398 2834; x_wconf 87' lang='lat' dir='ltr'><strong>aliud</strong></span> <span class='ocrx_word' id='word_1_450' title='bbox 2424 2778 2728 2834; x_wconf 90' lang='lat' dir='ltr'><strong>succumbit</strong></span> <span class='ocrx_word' id='word_1_451' title='bbox 2760 2777 2991 2847; x_wconf 70' lang='lat' dir='ltr'><strong>injuriis.</strong></span> <span class='ocrx_word' id='word_1_452' title='bbox 3026 2787 3085 2833; x_wconf 81' lang='lat' dir='ltr'><strong>et</strong></span> <span class='ocrx_word' id='word_1_453' title='bbox 3120 2780 3258 2834; x_wconf 91' lang='lat' dir='ltr'><strong>sicut</strong></span> <span class='ocrx_word' id='word_1_454' title='bbox 3291 2779 3530 2835; x_wconf 80' lang='lat' dir='ltr'><strong>Verbum</strong></span> <span class='ocrx_word' id='word_1_455' title='bbox 3568 2776 3631 2831; x_wconf 88' lang='lat' dir='ltr'><strong>ab</strong></span> <span class='ocrx_word' id='word_1_456' title='bbox 3655 2789 3786 2845; x_wconf 56' lang='lat' dir='ltr'><strong>arqua-</strong></span> 
     </span>
    </p>
   </div>
   <div class='ocr_carea' id='block_1_57' title="bbox 2254 2867 3784 2939">
    <p class='ocr_par' dir='ltr' id='par_1_57' title="bbox 2254 2867 3784 2939">
     <span class='ocr_line' id='line_1_57' title="bbox 2254 2867 3784 2939; baseline -0.004 -17"><span class='ocrx_word' id='word_1_457' title='bbox 2254 2869 2405 2922; x_wconf 86' lang='lat' dir='ltr'><strong>litate</strong></span> <span class='ocrx_word' id='word_1_458' title='bbox 2433 2878 2675 2939; x_wconf 69' lang='lat' dir='ltr'><strong>paterna:</strong></span> <span class='ocrx_word' id='word_1_459' title='bbox 2705 2867 2890 2937; x_wconf 67' lang='lat' dir='ltr'><strong>gloriae</strong></span> <span class='ocrx_word' id='word_1_460' title='bbox 2932 2882 3038 2921; x_wconf 87' lang='lat' dir='ltr'><strong>non</strong></span> <span class='ocrx_word' id='word_1_461' title='bbox 3071 2868 3295 2934; x_wconf 75' lang='lat' dir='ltr'><strong>recedit,</strong></span> <span class='ocrx_word' id='word_1_462' title='bbox 3329 2868 3403 2922; x_wconf 88' lang='lat' dir='ltr'><strong>ita</strong></span> <span class='ocrx_word' id='word_1_463' title='bbox 3432 2882 3559 2923; x_wconf 87' lang='lat' dir='ltr'><strong>caro</strong></span> <span class='ocrx_word' id='word_1_464' title='bbox 3585 2874 3784 2920; x_wconf 81' lang='lat' dir='ltr'><strong>naturam</strong></span> 
     </span>
    </p>
   </div>
   <div class='ocr_carea' id='block_1_58' title="bbox 2253 2957 3783 3031">
    <p class='ocr_par' dir='ltr' id='par_1_58' title="bbox 2253 2957 3783 3031">
     <span class='ocr_line' id='line_1_58' title="bbox 2253 2957 3783 3031; baseline -0.002 -18"><span class='ocrx_word' id='word_1_465' title='bbox 2253 2961 2425 3014; x_wconf 88' lang='lat' dir='ltr'><strong>nostri</strong></span> <span class='ocrx_word' id='word_1_466' title='bbox 2456 2960 2671 3031; x_wconf 77' lang='lat' dir='ltr'><strong>generis</strong></span> <span class='ocrx_word' id='word_1_467' title='bbox 2718 2977 2823 3016; x_wconf 89' lang='lat' dir='ltr'><strong>non</strong></span> <span class='ocrx_word' id='word_1_468' title='bbox 2856 2960 3132 3031; x_wconf 88' lang='lat' dir='ltr'><strong>relinquit.</strong></span> <span class='ocrx_word' id='word_1_469' title='bbox 3177 2961 3413 3016; x_wconf 86' lang='lat' dir='ltr'><strong>Sanctus</strong></span> <span class='ocrx_word' id='word_1_470' title='bbox 3457 2976 3657 3031; x_wconf 87' lang='lat' dir='ltr'><strong>quoque</strong></span> <span class='ocrx_word' id='word_1_471' title='bbox 3691 2957 3783 3012; x_wconf 74' lang='lat' dir='ltr'><strong>Ful-</strong></span> 
     </span>
    </p>
   </div>
   <div class='ocr_carea' id='block_1_59' title="bbox 2256 3048 3781 3122">
    <p class='ocr_par' dir='ltr' id='par_1_59' title="bbox 2256 3048 3781 3122">
     <span class='ocr_line' id='line_1_59' title="bbox 2256 3048 3781 3122; baseline -0.002 -17"><span class='ocrx_word' id='word_1_472' title='bbox 2256 3051 2472 3122; x_wconf 80' lang='lat' dir='ltr'><strong>gentius</strong></span> <span class='ocrx_word' id='word_1_473' title='bbox 2537 3052 2592 3107; x_wconf 92' lang='lat' dir='ltr'><strong>in</strong></span> <span class='ocrx_word' id='word_1_474' title='bbox 2648 3052 2787 3106; x_wconf 91' lang='lat' dir='ltr'><strong>libro</strong></span> <span class='ocrx_word' id='word_1_475' title='bbox 2830 3066 2991 3121; x_wconf 90' lang='lat' dir='ltr'><strong>quem</strong></span> <span class='ocrx_word' id='word_1_476' title='bbox 3066 3051 3134 3107; x_wconf 92' lang='lat' dir='ltr'><strong>de</strong></span> <span class='ocrx_word' id='word_1_477' title='bbox 3186 3052 3565 3108; x_wconf 88' lang='lat' dir='ltr'><strong>lncaruatione</strong></span> <span class='ocrx_word' id='word_1_478' title='bbox 3620 3048 3781 3106; x_wconf 77' lang='lat' dir='ltr'><strong>Domini</strong></span> 
     </span>
    </p>
   </div>
   <div class='ocr_carea' id='block_1_60' title="bbox 2257 3140 3781 3212">
    <p class='ocr_par' dir='ltr' id='par_1_60' title="bbox 2257 3140 3781 3212">
     <span class='ocr_line' id='line_1_60' title="bbox 2257 3140 3781 3212; baseline -0.003 -17"><span class='ocrx_word' id='word_1_479' title='bbox 2257 3141 2427 3195; x_wconf 88' lang='lat' dir='ltr'><strong>nostri</strong></span> <span class='ocrx_word' id='word_1_480' title='bbox 2477 3140 2605 3196; x_wconf 80' lang='lat' dir='ltr'><strong>Jesu</strong></span> <span class='ocrx_word' id='word_1_481' title='bbox 2653 3141 2856 3196; x_wconf 89' lang='lat' dir='ltr'><strong>Christi</strong></span> <span class='ocrx_word' id='word_1_482' title='bbox 2908 3142 3124 3212; x_wconf 83' lang='lat' dir='ltr'><strong>scripsit</strong></span> <span class='ocrx_word' id='word_1_483' title='bbox 3156 3143 3296 3197; x_wconf 89' lang='lat' dir='ltr'><strong>inter</strong></span> <span class='ocrx_word' id='word_1_484' title='bbox 3345 3143 3457 3197; x_wconf 86' lang='lat' dir='ltr'><strong>alia</strong></span> <span class='ocrx_word' id='word_1_485' title='bbox 3504 3142 3581 3198; x_wconf 91' lang='lat' dir='ltr'><strong>sic</strong></span> <span class='ocrx_word' id='word_1_486' title='bbox 3607 3140 3781 3195; x_wconf 86' lang='lat' dir='ltr'><strong>intulit:</strong></span> 
     </span>
    </p>
   </div>
   <div class='ocr_carea' id='block_1_61' title="bbox 566 3227 3786 3315">
    <p class='ocr_par' dir='ltr' id='par_1_61' title="bbox 566 3227 3786 3315">
     <span class='ocr_line' id='line_1_61' title="bbox 566 3227 3786 3315; baseline 0.002 -37"><span class='ocrx_word' id='word_1_487' title='bbox 566 3227 903 3292; x_wconf 88' lang='lat' dir='ltr'><strong>manitatem,</strong></span> <span class='ocrx_word' id='word_1_488' title='bbox 927 3228 1094 3298; x_wconf 91' lang='lat' dir='ltr'><strong>ipsius</strong></span> <span class='ocrx_word' id='word_1_489' title='bbox 1118 3230 1260 3284; x_wconf 90' lang='lat' dir='ltr'><strong>enim</strong></span> <span class='ocrx_word' id='word_1_490' title='bbox 1280 3246 1437 3300; x_wconf 87' lang='lat' dir='ltr'><strong>passa</strong></span> <span class='ocrx_word' id='word_1_491' title='bbox 1467 3242 1548 3287; x_wconf 87' lang='lat' dir='ltr'><strong>est</strong></span> <span class='ocrx_word' id='word_1_492' title='bbox 1573 3248 1721 3288; x_wconf 89' lang='lat' dir='ltr'><strong>caro.</strong></span> <span class='ocrx_word' id='word_1_493' title='bbox 1746 3233 1876 3288; x_wconf 88' lang='lat' dir='ltr'><strong>Item</strong></span> <span class='ocrx_word' id='word_1_494' title='bbox 1902 3233 1956 3288; x_wconf 92' lang='lat' dir='ltr'><strong>in</strong></span> <span class='ocrx_word' id='word_1_495' title='bbox 1982 3248 2148 3303; x_wconf 74' lang='lat' dir='ltr'><strong>expo—</strong></span> <span class='ocrx_word' id='word_1_496' title='bbox 2180 3252 2227 3315; x_wconf 69' lang='grc' dir='ltr'>ο</span> <span class='ocrx_word' id='word_1_497' title='bbox 2258 3230 2388 3285; x_wconf 89' lang='lat' dir='ltr'><strong>Dico</strong></span> <span class='ocrx_word' id='word_1_498' title='bbox 2414 3231 2597 3300; x_wconf 90' lang='lat' dir='ltr'><strong>itaque</strong></span> <span class='ocrx_word' id='word_1_499' title='bbox 2632 3231 2785 3286; x_wconf 82' lang='lat' dir='ltr'><strong>vobis</strong></span> <span class='ocrx_word' id='word_1_500' title='bbox 2827 3230 2991 3299; x_wconf 38' lang='lat' dir='ltr'><strong>juxta.</strong></span> <span class='ocrx_word' id='word_1_501' title='bbox 3010 3243 3323 3287; x_wconf 89' lang='lat' dir='ltr'><strong>sanctorum</strong></span> <span class='ocrx_word' id='word_1_502' title='bbox 3354 3242 3572 3303; x_wconf 88' lang='lat' dir='ltr'><strong>patrum</strong></span> <span class='ocrx_word' id='word_1_503' title='bbox 3596 3229 3786 3285; x_wconf 87' lang='lat' dir='ltr'><strong>traditio-</strong></span> 
     </span>
    </p>
   </div>
   <div class='ocr_carea' id='block_1_62' title="bbox 564 3316 2147 3381">
    <p class='ocr_par' dir='ltr' id='par_1_62' title="bbox 564 3316 2147 3381">
     <span class='ocr_line' id='line_1_62' title="bbox 564 3316 2147 3381; baseline 0.007 -12"><span class='ocrx_word' id='word_1_504' title='bbox 564 3316 760 3371; x_wconf 86' lang='lat' dir='ltr'><strong>sitione</strong></span> <span class='ocrx_word' id='word_1_505' title='bbox 810 3317 1036 3374; x_wconf 89' lang='lat' dir='ltr'><strong>Levitici</strong></span> <span class='ocrx_word' id='word_1_506' title='bbox 1067 3319 1208 3375; x_wconf 88' lang='lat' dir='ltr'><strong>inter</strong></span> <span class='ocrx_word' id='word_1_507' title='bbox 1255 3321 1359 3376; x_wconf 89' lang='lat' dir='ltr'><strong>alia</strong></span> <span class='ocrx_word' id='word_1_508' title='bbox 1410 3338 1425 3374; x_wconf 90' lang='lat'><strong>:</strong></span> <span class='ocrx_word' id='word_1_509' title='bbox 1484 3322 1679 3380; x_wconf 79' lang='lat' dir='ltr'><strong>Totum</strong></span> <span class='ocrx_word' id='word_1_510' title='bbox 1731 3327 1782 3380; x_wconf 91' lang='lat' dir='ltr'><strong>in</strong></span> <span class='ocrx_word' id='word_1_511' title='bbox 1813 3326 1897 3380; x_wconf 90' lang='lat' dir='ltr'><strong>his</strong></span> <span class='ocrx_word' id='word_1_512' title='bbox 1951 3326 2147 3381; x_wconf 88' lang='lat' dir='ltr'><strong>iterum</strong></span> 
     </span>
    </p>
   </div>
   <div class='ocr_carea' id='block_1_63' title="bbox 561 3408 2150 3486">
    <p class='ocr_par' dir='ltr' id='par_1_63' title="bbox 561 3408 2150 3486">
     <span class='ocr_line' id='line_1_63' title="bbox 561 3408 2150 3486; baseline 0.004 -23"><span class='ocrx_word' id='word_1_513' title='bbox 561 3408 920 3480; x_wconf 82' lang='lat' dir='ltr'><strong>circumspice</strong></span> <span class='ocrx_word' id='word_1_514' title='bbox 958 3410 1258 3468; x_wconf 86' lang='lat' dir='ltr'><strong>Salvatoris</strong></span> <span class='ocrx_word' id='word_1_515' title='bbox 1297 3413 1468 3469; x_wconf 87' lang='lat' dir='ltr'><strong>nostri</strong></span> <span class='ocrx_word' id='word_1_516' title='bbox 1501 3415 1850 3486; x_wconf 87' lang='lat' dir='ltr'><strong>mysterium,</strong></span> <span class='ocrx_word' id='word_1_517' title='bbox 1877 3424 1934 3471; x_wconf 90' lang='lat' dir='ltr'><strong>et</strong></span> <span class='ocrx_word' id='word_1_518' title='bbox 1960 3431 2150 3471; x_wconf 84' lang='lat' dir='ltr'><strong>eumn—</strong></span> 
     </span>
    </p>
   </div>
   <div class='ocr_carea' id='block_1_64' title="bbox 562 3500 2147 3576">
    <p class='ocr_par' dir='ltr' id='par_1_64' title="bbox 562 3500 2147 3576">
     <span class='ocr_line' id='line_1_64' title="bbox 562 3500 2147 3576; baseline 0.004 -21"><span class='ocrx_word' id='word_1_519' title='bbox 562 3500 835 3557; x_wconf 87' lang='lat' dir='ltr'><strong>dationem</strong></span> <span class='ocrx_word' id='word_1_520' title='bbox 865 3518 984 3573; x_wconf 64' lang='lat' dir='ltr'><strong>quae</strong></span> <span class='ocrx_word' id='word_1_521' title='bbox 1012 3519 1109 3574; x_wconf 90' lang='lat' dir='ltr'><strong>per</strong></span> <span class='ocrx_word' id='word_1_522' title='bbox 1144 3514 1389 3561; x_wconf 90' lang='lat' dir='ltr'><strong>sanctum</strong></span> <span class='ocrx_word' id='word_1_523' title='bbox 1421 3507 1686 3576; x_wconf 87' lang='lat' dir='ltr'><strong>baptisma</strong></span> <span class='ocrx_word' id='word_1_524' title='bbox 1714 3506 1793 3572; x_wconf 93' lang='lat' dir='ltr'><strong>ﬁt,</strong></span> <span class='ocrx_word' id='word_1_525' title='bbox 1824 3509 1959 3562; x_wconf 89' lang='lat' dir='ltr'><strong>duas</strong></span> <span class='ocrx_word' id='word_1_526' title='bbox 2002 3509 2147 3563; x_wconf 88' lang='lat' dir='ltr'><strong>enim</strong></span> 
     </span>
    </p>
   </div>
   <div class='ocr_carea' id='block_1_65' title="bbox 561 3589 2148 3664">
    <p class='ocr_par' dir='ltr' id='par_1_65' title="bbox 561 3589 2148 3664">
     <span class='ocr_line' id='line_1_65' title="bbox 561 3589 2148 3664; baseline 0.005 -21"><span class='ocrx_word' id='word_1_527' title='bbox 561 3589 802 3646; x_wconf 84' lang='lat' dir='ltr'><strong>aviculas</strong></span> <span class='ocrx_word' id='word_1_528' title='bbox 839 3594 975 3647; x_wconf 84' lang='lat' dir='ltr'><strong>sumi</strong></span> <span class='ocrx_word' id='word_1_529' title='bbox 1016 3594 1270 3664; x_wconf 87' lang='lat' dir='ltr'><strong>jubetur,</strong></span> <span class='ocrx_word' id='word_1_530' title='bbox 1303 3596 1456 3651; x_wconf 83' lang='lat' dir='ltr'><strong>vivas</strong></span> <span class='ocrx_word' id='word_1_531' title='bbox 1481 3604 1538 3652; x_wconf 85' lang='lat' dir='ltr'><strong>et</strong></span> <span class='ocrx_word' id='word_1_532' title='bbox 1563 3597 1812 3661; x_wconf 77' lang='lat' dir='ltr'><strong>mundus,</strong></span> <span class='ocrx_word' id='word_1_533' title='bbox 1850 3606 1911 3650; x_wconf 90' lang='lat' dir='ltr'><strong>ut</strong></span> <span class='ocrx_word' id='word_1_534' title='bbox 1952 3596 2148 3651; x_wconf 89' lang='lat' dir='ltr'><strong>intelli-</strong></span> 
     </span>
    </p>
   </div>
   <div class='ocr_carea' id='block_1_66' title="bbox 562 3685 2149 3754">
    <p class='ocr_par' dir='ltr' id='par_1_66' title="bbox 562 3685 2149 3754">
     <span class='ocr_line' id='line_1_66' title="bbox 562 3685 2149 3754; baseline 0.003 -17"><span class='ocrx_word' id='word_1_535' title='bbox 562 3697 660 3752; x_wconf 76' lang='lat' dir='ltr'><strong>gas</strong></span> <span class='ocrx_word' id='word_1_536' title='bbox 687 3698 783 3754; x_wconf 90' lang='lat' dir='ltr'><strong>per</strong></span> <span class='ocrx_word' id='word_1_537' title='bbox 809 3685 1047 3741; x_wconf 84' lang='lat' dir='ltr'><strong>volatilia</strong></span> <span class='ocrx_word' id='word_1_538' title='bbox 1077 3686 1354 3742; x_wconf 75' lang='lat' dir='ltr'><strong>ctelestem</strong></span> <span class='ocrx_word' id='word_1_539' title='bbox 1384 3687 1654 3747; x_wconf 86' lang='lat' dir='ltr'><strong>hominem</strong></span> <span class='ocrx_word' id='word_1_540' title='bbox 1691 3687 1851 3742; x_wconf 88' lang='lat' dir='ltr'><strong>simul</strong></span> <span class='ocrx_word' id='word_1_541' title='bbox 1889 3696 1944 3742; x_wconf 88' lang='lat' dir='ltr'><strong>et</strong></span> <span class='ocrx_word' id='word_1_542' title='bbox 1979 3686 2149 3742; x_wconf 90' lang='lat' dir='ltr'><strong>Deum</strong></span> 
     </span>
    </p>
   </div>
   <div class='ocr_carea' id='block_1_67' title="bbox 564 3774 2149 3850">
    <p class='ocr_par' dir='ltr' id='par_1_67' title="bbox 564 3774 2149 3850">
     <span class='ocr_line' id='line_1_67' title="bbox 564 3774 2149 3850; baseline 0.005 -24"><span class='ocrx_word' id='word_1_543' title='bbox 564 3774 619 3827; x_wconf 91' lang='lat' dir='ltr'><strong>in</strong></span> <span class='ocrx_word' id='word_1_544' title='bbox 667 3775 878 3831; x_wconf 90' lang='lat' dir='ltr'><strong>duabus</strong></span> <span class='ocrx_word' id='word_1_545' title='bbox 927 3777 1159 3843; x_wconf 90' lang='lat' dir='ltr'><strong>naturis,</strong></span> <span class='ocrx_word' id='word_1_546' title='bbox 1191 3785 1451 3848; x_wconf 90' lang='lat' dir='ltr'><strong>quantum</strong></span> <span class='ocrx_word' id='word_1_547' title='bbox 1482 3781 1717 3850; x_wconf 86' lang='lat' dir='ltr'><strong>pertinet</strong></span> <span class='ocrx_word' id='word_1_548' title='bbox 1761 3779 1829 3835; x_wconf 89' lang='lat' dir='ltr'><strong>ad</strong></span> <span class='ocrx_word' id='word_1_549' title='bbox 1860 3781 2149 3846; x_wconf 89' lang='lat' dir='ltr'><strong>rationem,</strong></span> 
     </span>
    </p>
   </div>
   <div class='ocr_carea' id='block_1_68' title="bbox 561 3865 2150 3939">
    <p class='ocr_par' dir='ltr' id='par_1_68' title="bbox 561 3865 2150 3939">
     <span class='ocr_line' id='line_1_68' title="bbox 561 3865 2150 3939; baseline 0.005 -20"><span class='ocrx_word' id='word_1_550' title='bbox 561 3865 907 3923; x_wconf 87' lang='lat' dir='ltr'><strong>dividendum</strong></span> <span class='ocrx_word' id='word_1_551' title='bbox 975 3869 1269 3939; x_wconf 89' lang='lat' dir='ltr'><strong>unicuique</strong></span> <span class='ocrx_word' id='word_1_552' title='bbox 1322 3872 1756 3927; x_wconf 85' lang='lat' dir='ltr'><strong>convenientem.</strong></span> <span class='ocrx_word' id='word_1_553' title='bbox 1815 3872 1947 3927; x_wconf 86' lang='lat' dir='ltr'><strong>Item</strong></span> <span class='ocrx_word' id='word_1_554' title='bbox 2020 3888 2150 3929; x_wconf 88' lang='lat' dir='ltr'><strong>san-</strong></span> 
     </span>
    </p>
   </div>
   <div class='ocr_carea' id='block_1_69' title="bbox 561 3958 2150 4035">
    <p class='ocr_par' dir='ltr' id='par_1_69' title="bbox 561 3958 2150 4035">
     <span class='ocr_line' id='line_1_69' title="bbox 561 3958 2150 4035; baseline 0.005 -23"><span class='ocrx_word' id='word_1_555' title='bbox 561 3968 684 4013; x_wconf 90' lang='lat' dir='ltr'><strong>ctus</strong></span> <span class='ocrx_word' id='word_1_556' title='bbox 724 3958 1056 4029; x_wconf 75' lang='lat' dir='ltr'><strong>Augustinus</strong></span> <span class='ocrx_word' id='word_1_557' title='bbox 1107 3980 1120 4015; x_wconf 93' lang='lat'>:</span> <span class='ocrx_word' id='word_1_558' title='bbox 1163 3961 1347 4032; x_wconf 84' lang='lat' dir='ltr'><strong>Neque</strong></span> <span class='ocrx_word' id='word_1_559' title='bbox 1373 3963 1520 4017; x_wconf 90' lang='lat' dir='ltr'><strong>enim</strong></span> <span class='ocrx_word' id='word_1_560' title='bbox 1566 3962 1622 4017; x_wconf 91' lang='lat' dir='ltr'><strong>in</strong></span> <span class='ocrx_word' id='word_1_561' title='bbox 1670 3962 1760 4018; x_wconf 89' lang='lat' dir='ltr'><strong>illa</strong></span> <span class='ocrx_word' id='word_1_562' title='bbox 1807 3963 2150 4035; x_wconf 89' lang='lat' dir='ltr'><strong>susceptione</strong></span> 
     </span>
    </p>
   </div>
   <div class='ocr_carea' id='block_1_70' title="bbox 562 4046 2150 4126">
    <p class='ocr_par' dir='ltr' id='par_1_70' title="bbox 562 4046 2150 4126">
     <span class='ocr_line' id='line_1_70' title="bbox 562 4046 2150 4126; baseline 0.006 -25"><span class='ocrx_word' id='word_1_563' title='bbox 562 4046 794 4103; x_wconf 86' lang='lat' dir='ltr'><strong>alterum</strong></span> <span class='ocrx_word' id='word_1_564' title='bbox 871 4066 1060 4107; x_wconf 90' lang='lat' dir='ltr'><strong>eorum</strong></span> <span class='ocrx_word' id='word_1_565' title='bbox 1138 4053 1194 4107; x_wconf 88' lang='lat' dir='ltr'><strong>in</strong></span> <span class='ocrx_word' id='word_1_566' title='bbox 1271 4053 1502 4108; x_wconf 89' lang='lat' dir='ltr'><strong>alterum</strong></span> <span class='ocrx_word' id='word_1_567' title='bbox 1591 4069 1912 4110; x_wconf 87' lang='lat' dir='ltr'><strong>conversum</strong></span> <span class='ocrx_word' id='word_1_568' title='bbox 1984 4065 2150 4126; x_wconf 89' lang='lat' dir='ltr'><strong>atque</strong></span> 
     </span>
    </p>
   </div>
   <div class='ocr_carea' id='block_1_71' title="bbox 566 4142 2147 4214">
    <p class='ocr_par' dir='ltr' id='par_1_71' title="bbox 566 4142 2147 4214">
     <span class='ocr_line' id='line_1_71' title="bbox 566 4142 2147 4214; baseline 0.008 -26"><span class='ocrx_word' id='word_1_569' title='bbox 566 4145 834 4193; x_wconf 86' lang='lat' dir='ltr'><strong>mutatum</strong></span> <span class='ocrx_word' id='word_1_570' title='bbox 883 4149 990 4206; x_wconf 91' lang='lat' dir='ltr'><strong>est,</strong></span> <span class='ocrx_word' id='word_1_571' title='bbox 1033 4156 1135 4197; x_wconf 91' lang='lat' dir='ltr'><strong>nec</strong></span> <span class='ocrx_word' id='word_1_572' title='bbox 1160 4142 1419 4197; x_wconf 89' lang='lat' dir='ltr'><strong>divinitas</strong></span> <span class='ocrx_word' id='word_1_573' title='bbox 1466 4143 1665 4214; x_wconf 88' lang='lat' dir='ltr'><strong>quippe</strong></span> <span class='ocrx_word' id='word_1_574' title='bbox 1734 4144 1788 4200; x_wconf 92' lang='lat' dir='ltr'><strong>in</strong></span> <span class='ocrx_word' id='word_1_575' title='bbox 1844 4153 2147 4201; x_wconf 87' lang='lat' dir='ltr'><strong>creaturam</strong></span> 
     </span>
    </p>
   </div>
   <div class='ocr_carea' id='block_1_72' title="bbox 564 4237 2151 4310">
    <p class='ocr_par' dir='ltr' id='par_1_72' title="bbox 564 4237 2151 4310">
     <span class='ocr_line' id='line_1_72' title="bbox 564 4237 2151 4310; baseline 0.006 -25"><span class='ocrx_word' id='word_1_576' title='bbox 564 4238 773 4285; x_wconf 88' lang='lat' dir='ltr'><strong>mutata</strong></span> <span class='ocrx_word' id='word_1_577' title='bbox 836 4240 919 4287; x_wconf 89' lang='lat' dir='ltr'><strong>est</strong></span> <span class='ocrx_word' id='word_1_578' title='bbox 953 4272 967 4299; x_wconf 94' lang='lat'><strong>,</strong></span> <span class='ocrx_word' id='word_1_579' title='bbox 1023 4247 1124 4289; x_wconf 89' lang='lat' dir='ltr'><strong>nec</strong></span> <span class='ocrx_word' id='word_1_580' title='bbox 1186 4243 1437 4290; x_wconf 84' lang='lat' dir='ltr'><strong>creatura</strong></span> <span class='ocrx_word' id='word_1_581' title='bbox 1502 4237 1556 4292; x_wconf 88' lang='lat' dir='ltr'><strong>in</strong></span> <span class='ocrx_word' id='word_1_582' title='bbox 1625 4237 1959 4293; x_wconf 85' lang='lat' dir='ltr'><strong>divinitatem</strong></span> <span class='ocrx_word' id='word_1_583' title='bbox 2021 4255 2151 4310; x_wconf 75' lang='lat' dir='ltr'><strong>aug-</strong></span> 
     </span>
    </p>
   </div>
   <div class='ocr_carea' id='block_1_73' title="bbox 562 4321 2151 4398">
    <p class='ocr_par' dir='ltr' id='par_1_73' title="bbox 562 4321 2151 4398">
     <span class='ocr_line' id='line_1_73' title="bbox 562 4321 2151 4398; baseline 0.006 -24"><span class='ocrx_word' id='word_1_584' title='bbox 562 4321 826 4375; x_wconf 84' lang='lat' dir='ltr'><strong>tnentavit</strong></span> <span class='ocrx_word' id='word_1_585' title='bbox 890 4322 1093 4393; x_wconf 90' lang='lat' dir='ltr'><strong>aliquid</strong></span> <span class='ocrx_word' id='word_1_586' title='bbox 1139 4323 1375 4380; x_wconf 88' lang='lat' dir='ltr'><strong>deitatis.</strong></span> <span class='ocrx_word' id='word_1_587' title='bbox 1431 4323 1538 4381; x_wconf 90' lang='lat' dir='ltr'><strong>Sed</strong></span> <span class='ocrx_word' id='word_1_588' title='bbox 1589 4327 1731 4382; x_wconf 85' lang='lat' dir='ltr'><strong>absit</strong></span> <span class='ocrx_word' id='word_1_589' title='bbox 1781 4336 1840 4381; x_wconf 90' lang='lat' dir='ltr'><strong>ut</strong></span> <span class='ocrx_word' id='word_1_590' title='bbox 1892 4342 2151 4398; x_wconf 83' lang='lat' dir='ltr'><strong>augmen-</strong></span> 
     </span>
    </p>
   </div>
   <div class='ocr_carea' id='block_1_74' title="bbox 564 4410 2147 4488">
    <p class='ocr_par' dir='ltr' id='par_1_74' title="bbox 564 4410 2147 4488">
     <span class='ocr_line' id='line_1_74' title="bbox 564 4410 2147 4488; baseline 0.006 -24"><span class='ocrx_word' id='word_1_591' title='bbox 564 4421 677 4464; x_wconf 89' lang='lat' dir='ltr'><strong>tum</strong></span> <span class='ocrx_word' id='word_1_592' title='bbox 707 4410 937 4480; x_wconf 89' lang='lat' dir='ltr'><strong>recipiat</strong></span> <span class='ocrx_word' id='word_1_593' title='bbox 978 4410 1267 4469; x_wconf 72' lang='lat' dir='ltr'><strong>incﬁ‘abilis</strong></span> <span class='ocrx_word' id='word_1_594' title='bbox 1291 4423 1347 4469; x_wconf 92' lang='lat' dir='ltr'><strong>et</strong></span> <span class='ocrx_word' id='word_1_595' title='bbox 1375 4414 1936 4486; x_wconf 87' lang='lat' dir='ltr'><strong>incomprehensibilis</strong></span> <span class='ocrx_word' id='word_1_596' title='bbox 1973 4417 2147 4488; x_wconf 90' lang='lat' dir='ltr'><strong>pleni-</strong></span> 
     </span>
    </p>
   </div>
   <div class='ocr_carea' id='block_1_75' title="bbox 562 4501 2142 4574">
    <p class='ocr_par' dir='ltr' id='par_1_75' title="bbox 562 4501 2142 4574">
     <span class='ocr_line' id='line_1_75' title="bbox 562 4501 2142 4574; baseline 0.006 -21"><span class='ocrx_word' id='word_1_597' title='bbox 562 4501 691 4555; x_wconf 86' lang='lat' dir='ltr'><strong>tudo</strong></span> <span class='ocrx_word' id='word_1_598' title='bbox 715 4538 732 4565; x_wconf 95' lang='lat'><strong>,</strong></span> <span class='ocrx_word' id='word_1_599' title='bbox 786 4512 970 4557; x_wconf 87' lang='lat' dir='ltr'><strong>manet</strong></span> <span class='ocrx_word' id='word_1_600' title='bbox 1006 4518 1136 4574; x_wconf 75' lang='lat' dir='ltr'><strong>ergo</strong></span> <span class='ocrx_word' id='word_1_601' title='bbox 1166 4514 1395 4574; x_wconf 87' lang='lat' dir='ltr'><strong>utraque</strong></span> <span class='ocrx_word' id='word_1_602' title='bbox 1435 4505 1558 4561; x_wconf 88' lang='lat' dir='ltr'><strong>Filii</strong></span> <span class='ocrx_word' id='word_1_603' title='bbox 1606 4507 1703 4562; x_wconf 89' lang='lat' dir='ltr'><strong>Dei</strong></span> <span class='ocrx_word' id='word_1_604' title='bbox 1733 4516 1928 4563; x_wconf 88' lang='lat' dir='ltr'><strong>natura</strong></span> <span class='ocrx_word' id='word_1_605' title='bbox 1954 4518 2012 4563; x_wconf 90' lang='lat' dir='ltr'><strong>et</strong></span> <span class='ocrx_word' id='word_1_606' title='bbox 2037 4525 2142 4563; x_wconf 90' lang='lat' dir='ltr'><strong>una</strong></span> 
     </span>
    </p>
   </div>
   <div class='ocr_carea' id='block_1_76' title="bbox 2257 3320 3784 3388">
    <p class='ocr_par' dir='ltr' id='par_1_76' title="bbox 2257 3320 3784 3388">
     <span class='ocr_line' id='line_1_76' title="bbox 2257 3320 3784 3388; baseline -0.003 -12"><span class='ocrx_word' id='word_1_607' title='bbox 2257 3336 2405 3388; x_wconf 89' lang='lat' dir='ltr'><strong>nem,</strong></span> <span class='ocrx_word' id='word_1_608' title='bbox 2436 3321 2724 3376; x_wconf 90' lang='lat' dir='ltr'><strong>Dominum</strong></span> <span class='ocrx_word' id='word_1_609' title='bbox 2768 3330 3013 3377; x_wconf 88' lang='lat' dir='ltr'><strong>nostrum</strong></span> <span class='ocrx_word' id='word_1_610' title='bbox 3060 3320 3243 3378; x_wconf 86' lang='lat' dir='ltr'><strong>Jesum</strong></span> <span class='ocrx_word' id='word_1_611' title='bbox 3292 3322 3570 3378; x_wconf 88' lang='lat' dir='ltr'><strong>Christum</strong></span> <span class='ocrx_word' id='word_1_612' title='bbox 3604 3322 3651 3377; x_wconf 92' lang='lat' dir='ltr'><strong>in</strong></span> <span class='ocrx_word' id='word_1_613' title='bbox 3690 3322 3784 3374; x_wconf 73' lang='lat' dir='ltr'><strong>dna-</strong></span> 
     </span>
    </p>
   </div>
   <div class='ocr_carea' id='block_1_77' title="bbox 2253 3412 3784 3481">
    <p class='ocr_par' dir='ltr' id='par_1_77' title="bbox 2253 3412 3784 3481">
     <span class='ocr_line' id='line_1_77' title="bbox 2253 3412 3784 3481; baseline -0.003 -13"><span class='ocrx_word' id='word_1_614' title='bbox 2253 3414 2356 3468; x_wconf 87' lang='lat' dir='ltr'><strong>bns</strong></span> <span class='ocrx_word' id='word_1_615' title='bbox 2388 3414 2596 3469; x_wconf 91' lang='lat' dir='ltr'><strong>naturis</strong></span> <span class='ocrx_word' id='word_1_616' title='bbox 2635 3412 2933 3469; x_wconf 73' lang='lat' dir='ltr'><strong>inconfusis</strong></span> <span class='ocrx_word' id='word_1_617' title='bbox 2958 3453 2972 3481; x_wconf 96' lang='lat'><strong>,</strong></span> <span class='ocrx_word' id='word_1_618' title='bbox 3003 3414 3054 3468; x_wconf 91' lang='lat' dir='ltr'><strong>id</strong></span> <span class='ocrx_word' id='word_1_619' title='bbox 3096 3423 3182 3470; x_wconf 89' lang='lat' dir='ltr'><strong>est</strong></span> <span class='ocrx_word' id='word_1_620' title='bbox 3219 3414 3522 3472; x_wconf 83' lang='lat' dir='ltr'><strong>divinitatis</strong></span> <span class='ocrx_word' id='word_1_621' title='bbox 3548 3423 3599 3470; x_wconf 90' lang='lat' dir='ltr'><strong>et</strong></span> <span class='ocrx_word' id='word_1_622' title='bbox 3642 3413 3784 3468; x_wconf 79' lang='lat' dir='ltr'><strong>huma-</strong></span> 
     </span>
    </p>
   </div>
   <div class='ocr_carea' id='block_1_78' title="bbox 2257 3502 3779 3574">
    <p class='ocr_par' dir='ltr' id='par_1_78' title="bbox 2257 3502 3779 3574">
     <span class='ocr_line' id='line_1_78' title="bbox 2257 3502 3779 3574; baseline -0.001 -18"><span class='ocrx_word' id='word_1_623' title='bbox 2257 3503 2465 3566; x_wconf 89' lang='lat' dir='ltr'><strong>nitatis,</strong></span> <span class='ocrx_word' id='word_1_624' title='bbox 2496 3518 2657 3557; x_wconf 89' lang='lat' dir='ltr'><strong>unam</strong></span> <span class='ocrx_word' id='word_1_625' title='bbox 2686 3517 2974 3574; x_wconf 83' lang='lat' dir='ltr'><strong>personam</strong></span> <span class='ocrx_word' id='word_1_626' title='bbox 3010 3505 3125 3559; x_wconf 82' lang='lat' dir='ltr'><strong>sive</strong></span> <span class='ocrx_word' id='word_1_627' title='bbox 3156 3505 3521 3560; x_wconf 89' lang='lat' dir='ltr'><strong>substantiam</strong></span> <span class='ocrx_word' id='word_1_628' title='bbox 3548 3502 3779 3563; x_wconf 86' lang='lat' dir='ltr'><strong>conﬁteri;</strong></span> 
     </span>
    </p>
   </div>
   <div class='ocr_carea' id='block_1_79' title="bbox 2255 3592 3780 3669">
    <p class='ocr_par' dir='ltr' id='par_1_79' title="bbox 2255 3592 3780 3669">
     <span class='ocr_line' id='line_1_79' title="bbox 2255 3592 3780 3669; baseline -0.001 -20"><span class='ocrx_word' id='word_1_629' title='bbox 2255 3595 2394 3649; x_wconf 90' lang='lat' dir='ltr'><strong>idem</strong></span> <span class='ocrx_word' id='word_1_630' title='bbox 2421 3606 2547 3665; x_wconf 88' lang='lat' dir='ltr'><strong>post</strong></span> <span class='ocrx_word' id='word_1_631' title='bbox 2576 3595 2680 3650; x_wconf 90' lang='lat' dir='ltr'><strong>alia</strong></span> <span class='ocrx_word' id='word_1_632' title='bbox 2709 3613 2723 3650; x_wconf 86' lang='lat'><strong>:</strong></span> <span class='ocrx_word' id='word_1_633' title='bbox 2755 3595 2812 3651; x_wconf 89' lang='lat' dir='ltr'><strong>Si</strong></span> <span class='ocrx_word' id='word_1_634' title='bbox 2841 3597 2965 3666; x_wconf 90' lang='lat' dir='ltr'><strong>quis</strong></span> <span class='ocrx_word' id='word_1_635' title='bbox 2999 3611 3130 3669; x_wconf 74' lang='lat' dir='ltr'><strong>ergo</strong></span> <span class='ocrx_word' id='word_1_636' title='bbox 3158 3598 3210 3652; x_wconf 93' lang='lat' dir='ltr'><strong>in</strong></span> <span class='ocrx_word' id='word_1_637' title='bbox 3240 3597 3473 3655; x_wconf 89' lang='lat' dir='ltr'><strong>Domino</strong></span> <span class='ocrx_word' id='word_1_638' title='bbox 3502 3605 3668 3652; x_wconf 90' lang='lat' dir='ltr'><strong>nostro</strong></span> <span class='ocrx_word' id='word_1_639' title='bbox 3688 3592 3780 3648; x_wconf 81' lang='lat' dir='ltr'><strong>Jcsu</strong></span> 
     </span>
    </p>
   </div>
   <div class='ocr_carea' id='block_1_80' title="bbox 2254 3687 3781 3754">
    <p class='ocr_par' dir='ltr' id='par_1_80' title="bbox 2254 3687 3781 3754">
     <span class='ocr_line' id='line_1_80' title="bbox 2254 3687 3781 3754; baseline -0.001 -14"><span class='ocrx_word' id='word_1_640' title='bbox 2254 3688 2471 3743; x_wconf 81' lang='lat' dir='ltr'><strong>Christo</strong></span> <span class='ocrx_word' id='word_1_641' title='bbox 2493 3724 2511 3752; x_wconf 83' lang='lat'><strong>,</strong></span> <span class='ocrx_word' id='word_1_642' title='bbox 2540 3697 2634 3743; x_wconf 87' lang='lat' dir='ltr'><strong>aut</strong></span> <span class='ocrx_word' id='word_1_643' title='bbox 2663 3688 2797 3744; x_wconf 91' lang='lat' dir='ltr'><strong>duas</strong></span> <span class='ocrx_word' id='word_1_644' title='bbox 2825 3697 3050 3744; x_wconf 87' lang='lat' dir='ltr'><strong>naturas</strong></span> <span class='ocrx_word' id='word_1_645' title='bbox 3098 3698 3192 3745; x_wconf 88' lang='lat' dir='ltr'><strong>aut</strong></span> <span class='ocrx_word' id='word_1_646' title='bbox 3227 3707 3393 3746; x_wconf 89' lang='lat' dir='ltr'><strong>unam</strong></span> <span class='ocrx_word' id='word_1_647' title='bbox 3424 3691 3669 3754; x_wconf 83' lang='lat' dir='ltr'><strong>noluerit,</strong></span> <span class='ocrx_word' id='word_1_648' title='bbox 3699 3687 3781 3741; x_wconf 79' lang='lat' dir='ltr'><strong>sive</strong></span> 
     </span>
    </p>
   </div>
   <div class='ocr_carea' id='block_1_81' title="bbox 2253 3777 3780 3859">
    <p class='ocr_par' dir='ltr' id='par_1_81' title="bbox 2253 3777 3780 3859">
     <span class='ocr_line' id='line_1_81' title="bbox 2253 3777 3780 3859; baseline 0 -22"><span class='ocrx_word' id='word_1_649' title='bbox 2253 3783 2581 3839; x_wconf 86' lang='lat' dir='ltr'><strong>dubitaverit</strong></span> <span class='ocrx_word' id='word_1_650' title='bbox 2611 3784 2834 3839; x_wconf 88' lang='lat' dir='ltr'><strong>credere</strong></span> <span class='ocrx_word' id='word_1_651' title='bbox 2859 3824 2875 3850; x_wconf 93' lang='lat'><strong>,</strong></span> <span class='ocrx_word' id='word_1_652' title='bbox 2924 3793 3019 3840; x_wconf 90' lang='lat' dir='ltr'><strong>aut</strong></span> <span class='ocrx_word' id='word_1_653' title='bbox 3057 3786 3354 3856; x_wconf 77' lang='lat' dir='ltr'><strong>pranlicare</strong></span> <span class='ocrx_word' id='word_1_654' title='bbox 3402 3777 3780 3859; x_wconf 68' lang='lat' dir='ltr'><strong>personam,v0|</strong></span> 
     </span>
    </p>
   </div>
   <div class='ocr_carea' id='block_1_82' title="bbox 2252 3875 3779 3944">
    <p class='ocr_par' dir='ltr' id='par_1_82' title="bbox 2252 3875 3779 3944">
     <span class='ocr_line' id='line_1_82' title="bbox 2252 3875 3779 3944; baseline 0 -16"><span class='ocrx_word' id='word_1_655' title='bbox 2252 3875 2299 3929; x_wconf 88' lang='lat' dir='ltr'><strong>si</strong></span> <span class='ocrx_word' id='word_1_656' title='bbox 2371 3875 2492 3944; x_wconf 90' lang='lat' dir='ltr'><strong>quis</strong></span> <span class='ocrx_word' id='word_1_657' title='bbox 2551 3875 2790 3931; x_wconf 89' lang='lat' dir='ltr'><strong>noluerit</strong></span> <span class='ocrx_word' id='word_1_658' title='bbox 2835 3876 3086 3932; x_wconf 88' lang='lat' dir='ltr'><strong>conﬁteri</strong></span> <span class='ocrx_word' id='word_1_659' title='bbox 3135 3877 3388 3933; x_wconf 89' lang='lat' dir='ltr'><strong>eumdem</strong></span> <span class='ocrx_word' id='word_1_660' title='bbox 3453 3877 3611 3932; x_wconf 85' lang='lat' dir='ltr'><strong>Deum</strong></span> <span class='ocrx_word' id='word_1_661' title='bbox 3660 3881 3779 3940; x_wconf 76' lang='lat' dir='ltr'><strong>atque</strong></span> 
     </span>
    </p>
   </div>
   <div class='ocr_carea' id='block_1_83' title="bbox 2253 3960 3779 4030">
    <p class='ocr_par' dir='ltr' id='par_1_83' title="bbox 2253 3960 3779 4030">
     <span class='ocr_line' id='line_1_83' title="bbox 2253 3960 3779 4030; baseline -0.001 -11"><span class='ocrx_word' id='word_1_662' title='bbox 2253 3963 2527 4019; x_wconf 87' lang='lat' dir='ltr'><strong>hominem</strong></span> <span class='ocrx_word' id='word_1_663' title='bbox 2558 4004 2574 4030; x_wconf 89' lang='lat'><strong>,</strong></span> <span class='ocrx_word' id='word_1_664' title='bbox 2629 3965 2685 4019; x_wconf 92' lang='lat' dir='ltr'><strong>id</strong></span> <span class='ocrx_word' id='word_1_665' title='bbox 2737 3973 2824 4020; x_wconf 89' lang='lat' dir='ltr'><strong>est</strong></span> <span class='ocrx_word' id='word_1_666' title='bbox 2877 3965 3109 4021; x_wconf 84' lang='lat' dir='ltr'><strong>Verbum</strong></span> <span class='ocrx_word' id='word_1_667' title='bbox 3164 3967 3510 4023; x_wconf 88' lang='lat' dir='ltr'><strong>incarnatum</strong></span> <span class='ocrx_word' id='word_1_668' title='bbox 3558 3966 3618 4021; x_wconf 84' lang='lat' dir='ltr'><strong>de</strong></span> <span class='ocrx_word' id='word_1_669' title='bbox 3655 3960 3779 4017; x_wconf 73' lang='lat' dir='ltr'><strong>Maria</strong></span> 
     </span>
    </p>
   </div>
   <div class='ocr_carea' id='block_1_84' title="bbox 2253 4054 3775 4126">
    <p class='ocr_par' dir='ltr' id='par_1_84' title="bbox 2253 4054 3775 4126">
     <span class='ocr_line' id='line_1_84' title="bbox 2253 4054 3775 4126; baseline -0.001 -19"><span class='ocrx_word' id='word_1_670' title='bbox 2253 4054 2460 4126; x_wconf 74' lang='lat' dir='ltr'><strong>virgine</strong></span> <span class='ocrx_word' id='word_1_671' title='bbox 2496 4070 2595 4126; x_wconf 88' lang='lat' dir='ltr'><strong>pro</strong></span> <span class='ocrx_word' id='word_1_672' title='bbox 2640 4066 2826 4112; x_wconf 91' lang='lat' dir='ltr'><strong>nostra</strong></span> <span class='ocrx_word' id='word_1_673' title='bbox 2857 4056 3034 4112; x_wconf 88' lang='lat' dir='ltr'><strong>salute</strong></span> <span class='ocrx_word' id='word_1_674' title='bbox 3060 4059 3329 4115; x_wconf 90' lang='lat' dir='ltr'><strong>veraciter</strong></span> <span class='ocrx_word' id='word_1_675' title='bbox 3357 4069 3563 4122; x_wconf 89' lang='lat' dir='ltr'><strong>natum,</strong></span> <span class='ocrx_word' id='word_1_676' title='bbox 3590 4066 3735 4110; x_wconf 85' lang='lat' dir='ltr'><strong>tamen</strong></span> <span class='ocrx_word' id='word_1_677' title='bbox 3754 4068 3775 4102; x_wconf 70' lang='grc' dir='ltr'><strong><em>ι</em></strong></span> 
     </span>
    </p>
   </div>
   <div class='ocr_carea' id='block_1_85' title="bbox 2251 4147 3777 4220">
    <p class='ocr_par' dir='ltr' id='par_1_85' title="bbox 2251 4147 3777 4220">
     <span class='ocr_line' id='line_1_85' title="bbox 2251 4147 3777 4220; baseline -0.005 -16"><span class='ocrx_word' id='word_1_678' title='bbox 2251 4147 2516 4204; x_wconf 88' lang='lat' dir='ltr'><strong>catholica</strong></span> <span class='ocrx_word' id='word_1_679' title='bbox 2544 4149 2649 4205; x_wconf 90' lang='lat' dir='ltr'><strong>ﬁde</strong></span> <span class='ocrx_word' id='word_1_680' title='bbox 2679 4150 3101 4220; x_wconf 88' lang='lat' dir='ltr'><strong>deprehenditur</strong></span> <span class='ocrx_word' id='word_1_681' title='bbox 3124 4167 3188 4208; x_wconf 91' lang='lat' dir='ltr'><strong>ac</strong></span> <span class='ocrx_word' id='word_1_682' title='bbox 3232 4153 3624 4208; x_wconf 85' lang='lat' dir='ltr'><strong>demonstratur</strong></span> <span class='ocrx_word' id='word_1_683' title='bbox 3645 4156 3777 4204; x_wconf 80' lang='lat' dir='ltr'><strong>extra-</strong></span> 
     </span>
    </p>
   </div>
   <div class='ocr_carea' id='block_1_86' title="bbox 2252 4239 3773 4313">
    <p class='ocr_par' dir='ltr' id='par_1_86' title="bbox 2252 4239 3773 4313">
     <span class='ocr_line' id='line_1_86' title="bbox 2252 4239 3773 4313; baseline 0.001 -20"><span class='ocrx_word' id='word_1_684' title='bbox 2252 4254 2408 4304; x_wconf 91' lang='lat' dir='ltr'><strong>neus,</strong></span> <span class='ocrx_word' id='word_1_685' title='bbox 2446 4247 2504 4293; x_wconf 90' lang='lat' dir='ltr'><strong>ut</strong></span> <span class='ocrx_word' id='word_1_686' title='bbox 2553 4250 2895 4296; x_wconf 90' lang='lat' dir='ltr'><strong>sacramento</strong></span> <span class='ocrx_word' id='word_1_687' title='bbox 2927 4241 3310 4313; x_wconf 89' lang='lat' dir='ltr'><strong>redemptionis</strong></span> <span class='ocrx_word' id='word_1_688' title='bbox 3337 4243 3583 4298; x_wconf 78' lang='lat' dir='ltr'><strong>humana:</strong></span> <span class='ocrx_word' id='word_1_689' title='bbox 3609 4239 3773 4294; x_wconf 71' lang='lat' dir='ltr'><strong>resistat</strong></span> 
     </span>
    </p>
   </div>
   <div class='ocr_carea' id='block_1_87' title="bbox 2252 4329 3773 4401">
    <p class='ocr_par' dir='ltr' id='par_1_87' title="bbox 2252 4329 3773 4401">
     <span class='ocr_line' id='line_1_87' title="bbox 2252 4329 3773 4401; baseline -0.001 -17"><span class='ocrx_word' id='word_1_690' title='bbox 2252 4330 2513 4400; x_wconf 80' lang='lat' dir='ltr'><strong>ingratus.</strong></span> <span class='ocrx_word' id='word_1_691' title='bbox 2532 4329 2597 4384; x_wconf 84' lang='lat' dir='ltr'><strong>Et</strong></span> <span class='ocrx_word' id='word_1_692' title='bbox 2610 4330 2768 4400; x_wconf 87' lang='lat' dir='ltr'><strong>paulo</strong></span> <span class='ocrx_word' id='word_1_693' title='bbox 2781 4339 2902 4401; x_wconf 91' lang='lat' dir='ltr'><strong>post</strong></span> <span class='ocrx_word' id='word_1_694' title='bbox 2922 4349 2936 4385; x_wconf 88' lang='lat'><strong>:</strong></span> <span class='ocrx_word' id='word_1_695' title='bbox 2953 4332 3190 4389; x_wconf 89' lang='lat' dir='ltr'><strong>Verbum</strong></span> <span class='ocrx_word' id='word_1_696' title='bbox 3209 4348 3333 4390; x_wconf 88' lang='lat' dir='ltr'><strong>caro</strong></span> <span class='ocrx_word' id='word_1_697' title='bbox 3356 4333 3555 4389; x_wconf 78' lang='lat' dir='ltr'><strong>factum</strong></span> <span class='ocrx_word' id='word_1_698' title='bbox 3575 4339 3662 4395; x_wconf 89' lang='lat' dir='ltr'><strong>est,</strong></span> <span class='ocrx_word' id='word_1_699' title='bbox 3675 4338 3773 4381; x_wconf 79' lang='lat' dir='ltr'><strong>unus</strong></span> 
     </span>
    </p>
   </div>
   <div class='ocr_carea' id='block_1_88' title="bbox 2250 4422 3770 4494">
    <p class='ocr_par' dir='ltr' id='par_1_88' title="bbox 2250 4422 3770 4494">
     <span class='ocr_line' id='line_1_88' title="bbox 2250 4422 3770 4494; baseline -0.001 -20"><span class='ocrx_word' id='word_1_700' title='bbox 2250 4436 2316 4475; x_wconf 84' lang='lat' dir='ltr'><strong>ex</strong></span> <span class='ocrx_word' id='word_1_701' title='bbox 2344 4431 2573 4494; x_wconf 89' lang='lat' dir='ltr'><strong>utraque</strong></span> <span class='ocrx_word' id='word_1_702' title='bbox 2592 4430 2648 4478; x_wconf 89' lang='lat' dir='ltr'><strong>et</strong></span> <span class='ocrx_word' id='word_1_703' title='bbox 2674 4424 2727 4477; x_wconf 90' lang='lat' dir='ltr'><strong>in</strong></span> <span class='ocrx_word' id='word_1_704' title='bbox 2751 4430 3001 4493; x_wconf 89' lang='lat' dir='ltr'><strong>utraque,</strong></span> <span class='ocrx_word' id='word_1_705' title='bbox 3025 4424 3079 4478; x_wconf 93' lang='lat' dir='ltr'><strong>id</strong></span> <span class='ocrx_word' id='word_1_706' title='bbox 3101 4433 3185 4480; x_wconf 88' lang='lat' dir='ltr'><strong>est</strong></span> <span class='ocrx_word' id='word_1_707' title='bbox 3212 4425 3265 4480; x_wconf 92' lang='lat' dir='ltr'><strong>in</strong></span> <span class='ocrx_word' id='word_1_708' title='bbox 3286 4426 3522 4480; x_wconf 76' lang='lat' dir='ltr'><strong>humana</strong></span> <span class='ocrx_word' id='word_1_709' title='bbox 3546 4422 3770 4486; x_wconf 82' lang='lat' dir='ltr'><strong>divinaque</strong></span> 
     </span>
    </p>
   </div>
   <div class='ocr_carea' id='block_1_89' title="bbox 2252 4510 3769 4591">
    <p class='ocr_par' dir='ltr' id='par_1_89' title="bbox 2252 4510 3769 4591">
     <span class='ocr_line' id='line_1_89' title="bbox 2252 4510 3769 4591; baseline -0.006 -22"><span class='ocrx_word' id='word_1_710' title='bbox 2252 4526 2440 4571; x_wconf 85' lang='lat' dir='ltr'><strong>natura</strong></span> <span class='ocrx_word' id='word_1_711' title='bbox 2465 4533 2688 4588; x_wconf 87' lang='lat' dir='ltr'><strong>prorsus</strong></span> <span class='ocrx_word' id='word_1_712' title='bbox 2711 4518 2867 4573; x_wconf 86' lang='lat' dir='ltr'><strong>initiu</strong></span> <span class='ocrx_word' id='word_1_713' title='bbox 2894 4518 3125 4591; x_wconf 80' lang='lat' dir='ltr'><strong>gloriosa</strong></span> <span class='ocrx_word' id='word_1_714' title='bbox 3147 4520 3407 4589; x_wconf 85' lang='lat' dir='ltr'><strong>persistit,</strong></span> <span class='ocrx_word' id='word_1_715' title='bbox 3427 4527 3484 4573; x_wconf 91' lang='lat' dir='ltr'><strong>ut</strong></span> <span class='ocrx_word' id='word_1_716' title='bbox 3505 4518 3608 4573; x_wconf 78' lang='lat' dir='ltr'><strong>sive</strong></span> <span class='ocrx_word' id='word_1_717' title='bbox 3622 4510 3769 4569; x_wconf 80' lang='lat' dir='ltr'><strong>divini-</strong></span> 
     </span>
    </p>
   </div>
   <div class='ocr_carea' id='block_1_90' title="bbox 560 4595 3769 4681">
    <p class='ocr_par' dir='ltr' id='par_1_90' title="bbox 560 4595 3769 4681">
     <span class='ocr_line' id='line_1_90' title="bbox 560 4595 3769 4681; baseline 0.002 -34"><span class='ocrx_word' id='word_1_718' title='bbox 560 4608 811 4664; x_wconf 89' lang='lat' dir='ltr'><strong>persoua.</strong></span> <span class='ocrx_word' id='word_1_719' title='bbox 855 4595 1064 4651; x_wconf 87' lang='lat' dir='ltr'><strong>Rursus</strong></span> <span class='ocrx_word' id='word_1_720' title='bbox 1095 4597 1210 4667; x_wconf 92' lang='lat' dir='ltr'><strong>ipse</strong></span> <span class='ocrx_word' id='word_1_721' title='bbox 1240 4598 1498 4654; x_wconf 85' lang='lat' dir='ltr'><strong>adversus</strong></span> <span class='ocrx_word' id='word_1_722' title='bbox 1547 4598 1838 4656; x_wconf 78' lang='lat' dir='ltr'><strong>Maximum</strong></span> <span class='ocrx_word' id='word_1_723' title='bbox 1879 4620 1891 4657; x_wconf 92' lang='lat'>:</span> <span class='ocrx_word' id='word_1_724' title='bbox 1924 4601 1984 4658; x_wconf 89' lang='lat' dir='ltr'><strong>Si</strong></span> <span class='ocrx_word' id='word_1_725' title='bbox 2011 4618 2141 4674; x_wconf 77' lang='lat' dir='ltr'><strong>ergo</strong></span> <span class='ocrx_word' id='word_1_726' title='bbox 2176 4599 2220 4659; x_wconf 90' lang='lat' dir='ltr'><strong>D</strong></span> <span class='ocrx_word' id='word_1_727' title='bbox 2250 4607 2344 4660; x_wconf 90' lang='lat' dir='ltr'><strong>lati</strong></span> <span class='ocrx_word' id='word_1_728' title='bbox 2368 4607 2570 4662; x_wconf 88' lang='lat' dir='ltr'><strong>Christi</strong></span> <span class='ocrx_word' id='word_1_729' title='bbox 2600 4609 2992 4665; x_wconf 86' lang='lat' dir='ltr'><strong>humanitatem</strong></span> <span class='ocrx_word' id='word_1_730' title='bbox 3018 4610 3140 4681; x_wconf 90' lang='lat' dir='ltr'><strong>quis</strong></span> <span class='ocrx_word' id='word_1_731' title='bbox 3161 4612 3362 4677; x_wconf 90' lang='lat' dir='ltr'><strong>demat,</strong></span> <span class='ocrx_word' id='word_1_732' title='bbox 3386 4612 3497 4667; x_wconf 86' lang='lat' dir='ltr'><strong>sive</strong></span> <span class='ocrx_word' id='word_1_733' title='bbox 3515 4600 3769 4664; x_wconf 80' lang='lat' dir='ltr'><strong>humanitati</strong></span> 
     </span>
    </p>
   </div>
   <div class='ocr_carea' id='block_1_91' title="bbox 562 4688 2149 4760">
    <p class='ocr_par' dir='ltr' id='par_1_91' title="bbox 562 4688 2149 4760">
     <span class='ocr_line' id='line_1_91' title="bbox 562 4688 2149 4760; baseline 0.006 -18"><span class='ocrx_word' id='word_1_734' title='bbox 562 4688 816 4744; x_wconf 81' lang='lat' dir='ltr'><strong>attendas</strong></span> <span class='ocrx_word' id='word_1_735' title='bbox 864 4690 1238 4747; x_wconf 87' lang='lat' dir='ltr'><strong>distinctiones</strong></span> <span class='ocrx_word' id='word_1_736' title='bbox 1285 4702 1623 4760; x_wconf 89' lang='lat' dir='ltr'><strong>naturarum,</strong></span> <span class='ocrx_word' id='word_1_737' title='bbox 1688 4694 1861 4750; x_wconf 86' lang='lat' dir='ltr'><strong>Filius</strong></span> <span class='ocrx_word' id='word_1_738' title='bbox 1928 4694 2024 4751; x_wconf 91' lang='lat' dir='ltr'><strong>Dei</strong></span> <span class='ocrx_word' id='word_1_739' title='bbox 2081 4695 2149 4752; x_wconf 90' lang='lat' dir='ltr'><strong>de</strong></span> 
     </span>
    </p>
   </div>
   <div class='ocr_carea' id='block_1_92' title="bbox 559 4778 2147 4854">
    <p class='ocr_par' dir='ltr' id='par_1_92' title="bbox 559 4778 2147 4854">
     <span class='ocr_line' id='line_1_92' title="bbox 559 4778 2147 4854; baseline 0.006 -20"><span class='ocrx_word' id='word_1_740' title='bbox 559 4778 701 4835; x_wconf 75' lang='lat' dir='ltr'><strong>ctnlo</strong></span> <span class='ocrx_word' id='word_1_741' title='bbox 728 4778 1045 4848; x_wconf 85' lang='lat' dir='ltr'><strong>descendit,</strong></span> <span class='ocrx_word' id='word_1_742' title='bbox 1098 4782 1270 4838; x_wconf 86' lang='lat' dir='ltr'><strong>Filius</strong></span> <span class='ocrx_word' id='word_1_743' title='bbox 1322 4784 1556 4840; x_wconf 89' lang='lat' dir='ltr'><strong>hominis</strong></span> <span class='ocrx_word' id='word_1_744' title='bbox 1602 4787 1893 4842; x_wconf 78' lang='lat' dir='ltr'><strong>cruciﬁxus</strong></span> <span class='ocrx_word' id='word_1_745' title='bbox 1935 4796 2059 4854; x_wconf 90' lang='lat' dir='ltr'><strong>est;</strong></span> <span class='ocrx_word' id='word_1_746' title='bbox 2102 4790 2147 4844; x_wconf 88' lang='lat' dir='ltr'><strong>si</strong></span> 
     </span>
    </p>
   </div>
   <div class='ocr_carea' id='block_1_93' title="bbox 558 4871 2149 4941">
    <p class='ocr_par' dir='ltr' id='par_1_93' title="bbox 558 4871 2149 4941">
     <span class='ocr_line' id='line_1_93' title="bbox 558 4871 2149 4941; baseline 0.008 -16"><span class='ocrx_word' id='word_1_747' title='bbox 558 4871 824 4927; x_wconf 87' lang='lat' dir='ltr'><strong>unitatem</strong></span> <span class='ocrx_word' id='word_1_748' title='bbox 852 4887 1114 4941; x_wconf 65' lang='lat' dir='ltr'><strong>personae,</strong></span> <span class='ocrx_word' id='word_1_749' title='bbox 1144 4873 1314 4930; x_wconf 89' lang='lat' dir='ltr'><strong>Filius</strong></span> <span class='ocrx_word' id='word_1_750' title='bbox 1335 4874 1402 4931; x_wconf 87' lang='lat' dir='ltr'><strong>de</strong></span> <span class='ocrx_word' id='word_1_751' title='bbox 1434 4875 1575 4931; x_wconf 60' lang='lat' dir='ltr'><strong>coelo</strong></span> <span class='ocrx_word' id='word_1_752' title='bbox 1601 4876 1878 4934; x_wconf 86' lang='lat' dir='ltr'><strong>descendit</strong></span> <span class='ocrx_word' id='word_1_753' title='bbox 1901 4887 1957 4934; x_wconf 91' lang='lat' dir='ltr'><strong>et</strong></span> <span class='ocrx_word' id='word_1_754' title='bbox 1978 4879 2149 4937; x_wconf 89' lang='lat' dir='ltr'><strong>Filius</strong></span> 
     </span>
    </p>
   </div>
   <div class='ocr_carea' id='block_1_94' title="bbox 563 4960 2147 5041">
    <p class='ocr_par' dir='ltr' id='par_1_94' title="bbox 563 4960 2147 5041">
     <span class='ocr_line' id='line_1_94' title="bbox 563 4960 2147 5041; baseline 0.007 -27"><span class='ocrx_word' id='word_1_755' title='bbox 563 4960 854 5018; x_wconf 79' lang='lat' dir='ltr'><strong>cruciﬁxus</strong></span> <span class='ocrx_word' id='word_1_756' title='bbox 876 4965 1041 5020; x_wconf 91' lang='lat' dir='ltr'><strong>estin</strong></span> <span class='ocrx_word' id='word_1_757' title='bbox 1068 4973 1245 5031; x_wconf 88' lang='lat' dir='ltr'><strong>terra;</strong></span> <span class='ocrx_word' id='word_1_758' title='bbox 1277 4966 1419 5022; x_wconf 87' lang='lat' dir='ltr'><strong>idem</strong></span> <span class='ocrx_word' id='word_1_759' title='bbox 1454 4967 1508 5021; x_wconf 92' lang='lat' dir='ltr'><strong>in</strong></span> <span class='ocrx_word' id='word_1_760' title='bbox 1546 4969 1897 5038; x_wconf 84' lang='lat' dir='ltr'><strong>sequentibus</strong></span> <span class='ocrx_word' id='word_1_761' title='bbox 1924 4986 1938 5024; x_wconf 87' lang='lat'><strong>:</strong></span> <span class='ocrx_word' id='word_1_762' title='bbox 1971 4969 2147 5041; x_wconf 82' lang='lat' dir='ltr'><strong>Opor-</strong></span> 
     </span>
    </p>
   </div>
   <div class='ocr_carea' id='block_1_95' title="bbox 567 5050 2149 5128">
    <p class='ocr_par' dir='ltr' id='par_1_95' title="bbox 567 5050 2149 5128">
     <span class='ocr_line' id='line_1_95' title="bbox 567 5050 2149 5128; baseline 0.008 -25"><span class='ocrx_word' id='word_1_763' title='bbox 567 5050 715 5106; x_wconf 86' lang='lat' dir='ltr'><strong>tebat</strong></span> <span class='ocrx_word' id='word_1_764' title='bbox 772 5053 1047 5110; x_wconf 88' lang='lat' dir='ltr'><strong>Christum</strong></span> <span class='ocrx_word' id='word_1_765' title='bbox 1105 5058 1212 5127; x_wconf 91' lang='lat' dir='ltr'><strong>pati</strong></span> <span class='ocrx_word' id='word_1_766' title='bbox 1268 5066 1324 5113; x_wconf 89' lang='lat' dir='ltr'><strong>et</strong></span> <span class='ocrx_word' id='word_1_767' title='bbox 1374 5074 1661 5128; x_wconf 72' lang='lat' dir='ltr'><strong>resurgere</strong></span> <span class='ocrx_word' id='word_1_768' title='bbox 1708 5075 1738 5115; x_wconf 90' lang='lat' dir='ltr'><strong>a</strong></span> <span class='ocrx_word' id='word_1_769' title='bbox 1787 5063 2017 5119; x_wconf 88' lang='lat' dir='ltr'><strong>mortuis</strong></span> <span class='ocrx_word' id='word_1_770' title='bbox 2062 5065 2149 5119; x_wconf 79' lang='lat' dir='ltr'><strong>die.</strong></span> 
     </span>
    </p>
   </div>
   <div class='ocr_carea' id='block_1_96' title="bbox 567 5142 2150 5221">
    <p class='ocr_par' dir='ltr' id='par_1_96' title="bbox 567 5142 2150 5221">
     <span class='ocr_line' id='line_1_96' title="bbox 567 5142 2150 5221; baseline 0.007 -23"><span class='ocrx_word' id='word_1_771' title='bbox 567 5142 750 5206; x_wconf 86' lang='lat' dir='ltr'><strong>tertia,</strong></span> <span class='ocrx_word' id='word_1_772' title='bbox 778 5144 869 5198; x_wconf 91' lang='lat' dir='ltr'><strong>ubi</strong></span> <span class='ocrx_word' id='word_1_773' title='bbox 905 5148 1175 5218; x_wconf 74' lang='lat' dir='ltr'><strong>resurgit,</strong></span> <span class='ocrx_word' id='word_1_774' title='bbox 1218 5149 1320 5204; x_wconf 91' lang='lat' dir='ltr'><strong>nisi</strong></span> <span class='ocrx_word' id='word_1_775' title='bbox 1369 5150 1423 5204; x_wconf 91' lang='lat' dir='ltr'><strong>in</strong></span> <span class='ocrx_word' id='word_1_776' title='bbox 1452 5165 1519 5205; x_wconf 93' lang='lat' dir='ltr'><strong>eo</strong></span> <span class='ocrx_word' id='word_1_777' title='bbox 1547 5150 1691 5220; x_wconf 90' lang='lat' dir='ltr'><strong>quod</strong></span> <span class='ocrx_word' id='word_1_778' title='bbox 1720 5153 1895 5221; x_wconf 88' lang='lat' dir='ltr'><strong>potuit</strong></span> <span class='ocrx_word' id='word_1_779' title='bbox 1921 5154 2150 5210; x_wconf 81' lang='lat' dir='ltr'><strong>cadere?</strong></span> 
     </span>
    </p>
   </div>
   <div class='ocr_carea' id='block_1_97' title="bbox 563 5232 2146 5311">
    <p class='ocr_par' dir='ltr' id='par_1_97' title="bbox 563 5232 2146 5311">
     <span class='ocr_line' id='line_1_97' title="bbox 563 5232 2146 5311; baseline 0.008 -22"><span class='ocrx_word' id='word_1_780' title='bbox 563 5232 656 5289; x_wconf 84' lang='lat' dir='ltr'><strong>ubi</strong></span> <span class='ocrx_word' id='word_1_781' title='bbox 682 5238 983 5292; x_wconf 76' lang='lat' dir='ltr'><strong>resurrexit</strong></span> <span class='ocrx_word' id='word_1_782' title='bbox 1024 5240 1128 5295; x_wconf 90' lang='lat' dir='ltr'><strong>nisi</strong></span> <span class='ocrx_word' id='word_1_783' title='bbox 1158 5242 1211 5296; x_wconf 90' lang='lat' dir='ltr'><strong>in</strong></span> <span class='ocrx_word' id='word_1_784' title='bbox 1246 5258 1311 5296; x_wconf 90' lang='lat' dir='ltr'><strong>co</strong></span> <span class='ocrx_word' id='word_1_785' title='bbox 1344 5242 1435 5296; x_wconf 91' lang='lat' dir='ltr'><strong>ubi</strong></span> <span class='ocrx_word' id='word_1_786' title='bbox 1465 5244 1752 5298; x_wconf 87' lang='lat' dir='ltr'><strong>mortuus?</strong></span> <span class='ocrx_word' id='word_1_787' title='bbox 1776 5245 1968 5311; x_wconf 65' lang='lat' dir='ltr'><strong>Quaere</strong></span> <span class='ocrx_word' id='word_1_788' title='bbox 1997 5261 2146 5301; x_wconf 87' lang='lat' dir='ltr'><strong>mor-</strong></span> 
     </span>
    </p>
   </div>
   <div class='ocr_carea' id='block_1_98' title="bbox 565 5324 2143 5403">
    <p class='ocr_par' dir='ltr' id='par_1_98' title="bbox 565 5324 2143 5403">
     <span class='ocr_line' id='line_1_98' title="bbox 565 5324 2143 5403; baseline 0.009 -26"><span class='ocrx_word' id='word_1_789' title='bbox 565 5330 675 5379; x_wconf 87' lang='lat' dir='ltr'><strong>tem</strong></span> <span class='ocrx_word' id='word_1_790' title='bbox 705 5324 760 5378; x_wconf 92' lang='lat' dir='ltr'><strong>in</strong></span> <span class='ocrx_word' id='word_1_791' title='bbox 793 5324 990 5392; x_wconf 76' lang='lat' dir='ltr'><strong>Verbo,</strong></span> <span class='ocrx_word' id='word_1_792' title='bbox 1030 5346 1303 5400; x_wconf 88' lang='lat' dir='ltr'><strong>nunquam</strong></span> <span class='ocrx_word' id='word_1_793' title='bbox 1330 5347 1454 5389; x_wconf 84' lang='lat' dir='ltr'><strong>esse</strong></span> <span class='ocrx_word' id='word_1_794' title='bbox 1478 5334 1670 5403; x_wconf 89' lang='lat' dir='ltr'><strong>potuit.</strong></span> <span class='ocrx_word' id='word_1_795' title='bbox 1698 5333 1890 5401; x_wconf 81' lang='lat' dir='ltr'><strong>Qua-re</strong></span> <span class='ocrx_word' id='word_1_796' title='bbox 1915 5346 2143 5391; x_wconf 89' lang='lat' dir='ltr'><strong>mortem</strong></span> 
     </span>
    </p>
   </div>
   <div class='ocr_carea' id='block_1_99' title="bbox 563 5414 2146 5497">
    <p class='ocr_par' dir='ltr' id='par_1_99' title="bbox 563 5414 2146 5497">
     <span class='ocr_line' id='line_1_99' title="bbox 563 5414 2146 5497; baseline 0.009 -27"><span class='ocrx_word' id='word_1_797' title='bbox 563 5414 620 5470; x_wconf 87' lang='lat' dir='ltr'><strong>in</strong></span> <span class='ocrx_word' id='word_1_798' title='bbox 649 5431 835 5481; x_wconf 84' lang='lat' dir='ltr'><strong>carne,</strong></span> <span class='ocrx_word' id='word_1_799' title='bbox 873 5418 1029 5488; x_wconf 89' lang='lat' dir='ltr'><strong>plane</strong></span> <span class='ocrx_word' id='word_1_800' title='bbox 1059 5420 1130 5476; x_wconf 90' lang='lat' dir='ltr'><strong>ibi</strong></span> <span class='ocrx_word' id='word_1_801' title='bbox 1177 5421 1298 5489; x_wconf 80' lang='lat' dir='ltr'><strong>fuit,</strong></span> <span class='ocrx_word' id='word_1_802' title='bbox 1349 5432 1405 5479; x_wconf 89' lang='lat' dir='ltr'><strong>ct</strong></span> <span class='ocrx_word' id='word_1_803' title='bbox 1450 5425 1572 5480; x_wconf 89' lang='lat' dir='ltr'><strong>ideo</strong></span> <span class='ocrx_word' id='word_1_804' title='bbox 1605 5426 1678 5481; x_wconf 87' lang='lat' dir='ltr'><strong>ibi</strong></span> <span class='ocrx_word' id='word_1_805' title='bbox 1718 5425 1818 5481; x_wconf 81' lang='lat' dir='ltr'><strong>fuit</strong></span> <span class='ocrx_word' id='word_1_806' title='bbox 1845 5428 1972 5497; x_wconf 88' lang='lat' dir='ltr'><strong>quia</strong></span> <span class='ocrx_word' id='word_1_807' title='bbox 1997 5444 2146 5485; x_wconf 89' lang='lat' dir='ltr'><strong>mors</strong></span> 
     </span>
    </p>
   </div>
   <div class='ocr_carea' id='block_1_100' title="bbox 562 5511 2145 5593">
    <p class='ocr_par' dir='ltr' id='par_1_100' title="bbox 562 5511 2145 5593">
     <span class='ocr_line' id='line_1_100' title="bbox 562 5511 2145 5593; baseline 0.008 -28"><span class='ocrx_word' id='word_1_808' title='bbox 562 5524 691 5566; x_wconf 85' lang='lat' dir='ltr'><strong>vera</strong></span> <span class='ocrx_word' id='word_1_809' title='bbox 720 5511 851 5577; x_wconf 81' lang='lat' dir='ltr'><strong>fuit;</strong></span> <span class='ocrx_word' id='word_1_810' title='bbox 877 5523 931 5567; x_wconf 89' lang='lat' dir='ltr'><strong>et</strong></span> <span class='ocrx_word' id='word_1_811' title='bbox 951 5513 1108 5584; x_wconf 88' lang='lat' dir='ltr'><strong>paulo</strong></span> <span class='ocrx_word' id='word_1_812' title='bbox 1130 5530 1249 5585; x_wconf 81' lang='lat' dir='ltr'><strong>pOSt</strong></span> <span class='ocrx_word' id='word_1_813' title='bbox 1275 5517 1446 5593; x_wconf 72' lang='lat' dir='ltr'><strong>:Qnid</strong></span> <span class='ocrx_word' id='word_1_814' title='bbox 1472 5520 1722 5575; x_wconf 88' lang='lat' dir='ltr'><strong>miraris?</strong></span> <span class='ocrx_word' id='word_1_815' title='bbox 1743 5520 1905 5577; x_wconf 89' lang='lat' dir='ltr'><strong>Certe</strong></span> <span class='ocrx_word' id='word_1_816' title='bbox 1928 5522 2037 5576; x_wconf 89' lang='lat' dir='ltr'><strong>vita</strong></span> <span class='ocrx_word' id='word_1_817' title='bbox 2062 5532 2145 5578; x_wconf 88' lang='lat' dir='ltr'><strong>est</strong></span> 
     </span>
    </p>
   </div>
   <div class='ocr_carea' id='block_1_101' title="bbox 560 5600 2145 5675">
    <p class='ocr_par' dir='ltr' id='par_1_101' title="bbox 560 5600 2145 5675">
     <span class='ocr_line' id='line_1_101' title="bbox 560 5600 2145 5675; baseline 0.007 -17"><span class='ocrx_word' id='word_1_818' title='bbox 560 5600 831 5669; x_wconf 80' lang='lat' dir='ltr'><strong>Christus,</strong></span> <span class='ocrx_word' id='word_1_819' title='bbox 859 5620 1040 5675; x_wconf 71' lang='lat' dir='ltr'><strong>qurere</strong></span> <span class='ocrx_word' id='word_1_820' title='bbox 1069 5619 1337 5662; x_wconf 84' lang='lat' dir='ltr'><strong>mortuam</strong></span> <span class='ocrx_word' id='word_1_821' title='bbox 1368 5611 1551 5674; x_wconf 88' lang='lat' dir='ltr'><strong>vitam,</strong></span> <span class='ocrx_word' id='word_1_822' title='bbox 1592 5626 1693 5666; x_wconf 90' lang='lat' dir='ltr'><strong>nec</strong></span> <span class='ocrx_word' id='word_1_823' title='bbox 1729 5612 1906 5667; x_wconf 88' lang='lat' dir='ltr'><strong>anima</strong></span> <span class='ocrx_word' id='word_1_824' title='bbox 1934 5622 2145 5669; x_wconf 87' lang='lat' dir='ltr'><strong>mortua</strong></span> 
     </span>
    </p>
   </div>
   <div class='ocr_carea' id='block_1_102' title="bbox 563 5696 2146 5767">
    <p class='ocr_par' dir='ltr' id='par_1_102' title="bbox 563 5696 2146 5767">
     <span class='ocr_line' id='line_1_102' title="bbox 563 5696 2146 5767; baseline 0.008 -19"><span class='ocrx_word' id='word_1_825' title='bbox 563 5702 671 5758; x_wconf 82' lang='lat' dir='ltr'><strong>est,</strong></span> <span class='ocrx_word' id='word_1_826' title='bbox 693 5709 793 5751; x_wconf 87' lang='lat' dir='ltr'><strong>nec</strong></span> <span class='ocrx_word' id='word_1_827' title='bbox 821 5696 1055 5753; x_wconf 84' lang='lat' dir='ltr'><strong>Verbum</strong></span> <span class='ocrx_word' id='word_1_828' title='bbox 1082 5708 1350 5754; x_wconf 91' lang='lat' dir='ltr'><strong>mortuum</strong></span> <span class='ocrx_word' id='word_1_829' title='bbox 1376 5711 1478 5757; x_wconf 91' lang='lat' dir='ltr'><strong>cst.</strong></span> <span class='ocrx_word' id='word_1_830' title='bbox 1506 5703 1645 5767; x_wconf 76' lang='lat' dir='ltr'><strong>Caro</strong></span> <span class='ocrx_word' id='word_1_831' title='bbox 1689 5712 1895 5758; x_wconf 90' lang='lat' dir='ltr'><strong>tantum</strong></span> <span class='ocrx_word' id='word_1_832' title='bbox 1934 5714 2146 5760; x_wconf 88' lang='lat' dir='ltr'><strong>mortua</strong></span> 
     </span>
    </p>
   </div>
   <div class='ocr_carea' id='block_1_103' title="bbox 564 5790 2143 5867">
    <p class='ocr_par' dir='ltr' id='par_1_103' title="bbox 564 5790 2143 5867">
     <span class='ocr_line' id='line_1_103' title="bbox 564 5790 2143 5867; baseline 0.008 -26"><span class='ocrx_word' id='word_1_833' title='bbox 564 5793 670 5851; x_wconf 89' lang='lat' dir='ltr'><strong>est,</strong></span> <span class='ocrx_word' id='word_1_834' title='bbox 696 5790 905 5856; x_wconf 78' lang='lat' dir='ltr'><strong>quare?</strong></span> <span class='ocrx_word' id='word_1_835' title='bbox 932 5799 989 5844; x_wconf 89' lang='lat' dir='ltr'><strong>ut</strong></span> <span class='ocrx_word' id='word_1_836' title='bbox 1022 5790 1074 5845; x_wconf 88' lang='lat' dir='ltr'><strong>in</strong></span> <span class='ocrx_word' id='word_1_837' title='bbox 1102 5805 1164 5845; x_wconf 87' lang='lat' dir='ltr'><strong>ea</strong></span> <span class='ocrx_word' id='word_1_838' title='bbox 1208 5806 1354 5867; x_wconf 77' lang='lat' dir='ltr'><strong>mors</strong></span> <span class='ocrx_word' id='word_1_839' title='bbox 1380 5805 1700 5850; x_wconf 87' lang='lat' dir='ltr'><strong>moreretur.</strong></span> <span class='ocrx_word' id='word_1_840' title='bbox 1727 5794 1872 5850; x_wconf 86' lang='lat' dir='ltr'><strong>Idem</strong></span> <span class='ocrx_word' id='word_1_841' title='bbox 1894 5796 1945 5853; x_wconf 91' lang='lat' dir='ltr'><strong>iu</strong></span> <span class='ocrx_word' id='word_1_842' title='bbox 1973 5810 2143 5867; x_wconf 77' lang='lat' dir='ltr'><strong>expo-</strong></span> 
     </span>
    </p>
   </div>
   <div class='ocr_carea' id='block_1_104' title="bbox 2252 4698 3768 4776">
    <p class='ocr_par' dir='ltr' id='par_1_104' title="bbox 2252 4698 3768 4776">
     <span class='ocr_line' id='line_1_104' title="bbox 2252 4698 3768 4776; baseline -0.005 -23"><span class='ocrx_word' id='word_1_843' title='bbox 2252 4699 2588 4756; x_wconf 88' lang='lat' dir='ltr'><strong>divinitatem</strong></span> <span class='ocrx_word' id='word_1_844' title='bbox 2618 4702 2886 4768; x_wconf 88' lang='lat' dir='ltr'><strong>detrahat,</strong></span> <span class='ocrx_word' id='word_1_845' title='bbox 2919 4702 3194 4760; x_wconf 86' lang='lat' dir='ltr'><strong>Christum</strong></span> <span class='ocrx_word' id='word_1_846' title='bbox 3226 4704 3487 4776; x_wconf 81' lang='lat' dir='ltr'><strong>sacrilega</strong></span> <span class='ocrx_word' id='word_1_847' title='bbox 3516 4698 3768 4757; x_wconf 76' lang='lat' dir='ltr'><strong>inﬁdelitate</strong></span> 
     </span>
    </p>
   </div>
   <div class='ocr_carea' id='block_1_105' title="bbox 2251 4783 3766 4862">
    <p class='ocr_par' dir='ltr' id='par_1_105' title="bbox 2251 4783 3766 4862">
     <span class='ocr_line' id='line_1_105' title="bbox 2251 4783 3766 4862; baseline 0.001 -18"><span class='ocrx_word' id='word_1_848' title='bbox 2251 4798 2307 4844; x_wconf 85' lang='lat' dir='ltr'><strong>ct</strong></span> <span class='ocrx_word' id='word_1_849' title='bbox 2363 4790 2677 4860; x_wconf 80' lang='lat' dir='ltr'><strong>blasphema</strong></span> <span class='ocrx_word' id='word_1_850' title='bbox 2719 4792 3105 4862; x_wconf 76' lang='lat' dir='ltr'><strong>przedicatione</strong></span> <span class='ocrx_word' id='word_1_851' title='bbox 3157 4794 3437 4850; x_wconf 87' lang='lat' dir='ltr'><strong>dissolvat.</strong></span> <span class='ocrx_word' id='word_1_852' title='bbox 3481 4793 3599 4848; x_wconf 83' lang='lat' dir='ltr'><strong>item</strong></span> <span class='ocrx_word' id='word_1_853' title='bbox 3648 4783 3766 4857; x_wconf 75' lang='lat' dir='ltr'><strong>paulo</strong></span> 
     </span>
    </p>
   </div>
   <div class='ocr_carea' id='block_1_106' title="bbox 2249 4872 3765 4957">
    <p class='ocr_par' dir='ltr' id='par_1_106' title="bbox 2249 4872 3765 4957">
     <span class='ocr_line' id='line_1_106' title="bbox 2249 4872 3765 4957; baseline 0 -19"><span class='ocrx_word' id='word_1_854' title='bbox 2249 4891 2369 4953; x_wconf 90' lang='lat' dir='ltr'><strong>post</strong></span> <span class='ocrx_word' id='word_1_855' title='bbox 2400 4899 2413 4936; x_wconf 90' lang='lat'><strong>:</strong></span> <span class='ocrx_word' id='word_1_856' title='bbox 2441 4882 2690 4938; x_wconf 86' lang='lat' dir='ltr'><strong>Christus</strong></span> <span class='ocrx_word' id='word_1_857' title='bbox 2717 4900 2814 4955; x_wconf 89' lang='lat' dir='ltr'><strong>pro</strong></span> <span class='ocrx_word' id='word_1_858' title='bbox 2855 4884 3009 4941; x_wconf 88' lang='lat' dir='ltr'><strong>nobis</strong></span> <span class='ocrx_word' id='word_1_859' title='bbox 3052 4900 3213 4942; x_wconf 90' lang='lat' dir='ltr'><strong>carne</strong></span> <span class='ocrx_word' id='word_1_860' title='bbox 3256 4896 3342 4942; x_wconf 88' lang='lat' dir='ltr'><strong>est</strong></span> <span class='ocrx_word' id='word_1_861' title='bbox 3386 4900 3567 4957; x_wconf 89' lang='lat' dir='ltr'><strong>passus</strong></span> <span class='ocrx_word' id='word_1_862' title='bbox 3615 4879 3688 4951; x_wconf 85' lang='lat' dir='ltr'><strong>qui</strong></span> <span class='ocrx_word' id='word_1_863' title='bbox 3720 4872 3765 4928; x_wconf 71' lang='lat' dir='ltr'><strong>de</strong></span> 
     </span>
    </p>
   </div>
   <div class='ocr_carea' id='block_1_107' title="bbox 2254 4971 3761 5048">
    <p class='ocr_par' dir='ltr' id='par_1_107' title="bbox 2254 4971 3761 5048">
     <span class='ocr_line' id='line_1_107' title="bbox 2254 4971 3761 5048; baseline 0.003 -22"><span class='ocrx_word' id='word_1_864' title='bbox 2254 4972 2364 5029; x_wconf 89' lang='lat' dir='ltr'><strong>Deo</strong></span> <span class='ocrx_word' id='word_1_865' title='bbox 2391 4973 2552 5029; x_wconf 86' lang='lat' dir='ltr'><strong>Patre</strong></span> <span class='ocrx_word' id='word_1_866' title='bbox 2593 4984 2752 5030; x_wconf 88' lang='lat' dir='ltr'><strong>natus</strong></span> <span class='ocrx_word' id='word_1_867' title='bbox 2778 4975 2925 5032; x_wconf 88' lang='lat' dir='ltr'><strong>solus</strong></span> <span class='ocrx_word' id='word_1_868' title='bbox 2953 4986 3037 5032; x_wconf 92' lang='lat' dir='ltr'><strong>est</strong></span> <span class='ocrx_word' id='word_1_869' title='bbox 3068 4977 3414 5048; x_wconf 87' lang='lat' dir='ltr'><strong>impassihilis</strong></span> <span class='ocrx_word' id='word_1_870' title='bbox 3458 4979 3600 5033; x_wconf 88' lang='lat' dir='ltr'><strong>Deus.</strong></span> <span class='ocrx_word' id='word_1_871' title='bbox 3634 4971 3761 5040; x_wconf 73' lang='grc' dir='ltr'><strong>Ιρςιιω</strong></span> 
     </span>
    </p>
   </div>
   <div class='ocr_carea' id='block_1_108' title="bbox 2250 5065 3760 5140">
    <p class='ocr_par' dir='ltr' id='par_1_108' title="bbox 2250 5065 3760 5140">
     <span class='ocr_line' id='line_1_108' title="bbox 2250 5065 3760 5140; baseline -0.003 -19"><span class='ocrx_word' id='word_1_872' title='bbox 2250 5067 2434 5137; x_wconf 86' lang='lat' dir='ltr'><strong>itaque</strong></span> <span class='ocrx_word' id='word_1_873' title='bbox 2458 5067 2732 5122; x_wconf 86' lang='lat' dir='ltr'><strong>Christum</strong></span> <span class='ocrx_word' id='word_1_874' title='bbox 2778 5065 2975 5122; x_wconf 85' lang='lat' dir='ltr'><strong>Filium</strong></span> <span class='ocrx_word' id='word_1_875' title='bbox 3021 5068 3116 5124; x_wconf 89' lang='lat' dir='ltr'><strong>Dei</strong></span> <span class='ocrx_word' id='word_1_876' title='bbox 3147 5069 3237 5138; x_wconf 91' lang='lat' dir='ltr'><strong>qni</strong></span> <span class='ocrx_word' id='word_1_877' title='bbox 3268 5084 3366 5140; x_wconf 90' lang='lat' dir='ltr'><strong>pro</strong></span> <span class='ocrx_word' id='word_1_878' title='bbox 3405 5066 3551 5124; x_wconf 89' lang='lat' dir='ltr'><strong>nobis</strong></span> <span class='ocrx_word' id='word_1_879' title='bbox 3590 5067 3760 5117; x_wconf 72' lang='lat' dir='ltr'><strong>mortem</strong></span> 
     </span>
    </p>
   </div>
   <div class='ocr_carea' id='block_1_109' title="bbox 2251 5148 3756 5230">
    <p class='ocr_par' dir='ltr' id='par_1_109' title="bbox 2251 5148 3756 5230">
     <span class='ocr_line' id='line_1_109' title="bbox 2251 5148 3756 5230; baseline -0.005 -17"><span class='ocrx_word' id='word_1_880' title='bbox 2251 5173 2415 5214; x_wconf 91' lang='lat' dir='ltr'><strong>carne</strong></span> <span class='ocrx_word' id='word_1_881' title='bbox 2449 5167 2717 5230; x_wconf 84' lang='lat' dir='ltr'><strong>gustasse,</strong></span> <span class='ocrx_word' id='word_1_882' title='bbox 2743 5158 2886 5214; x_wconf 87' lang='lat' dir='ltr'><strong>salva</strong></span> <span class='ocrx_word' id='word_1_883' title='bbox 2916 5158 3324 5214; x_wconf 88' lang='lat' dir='ltr'><strong>immortalitate</strong></span> <span class='ocrx_word' id='word_1_884' title='bbox 3356 5154 3633 5214; x_wconf 85' lang='lat' dir='ltr'><strong>divinitatis</strong></span> <span class='ocrx_word' id='word_1_885' title='bbox 3658 5148 3756 5219; x_wconf 60' lang='lat' dir='ltr'><strong>ejus</strong></span> 
     </span>
    </p>
   </div>
   <div class='ocr_carea' id='block_1_110' title="bbox 2248 5243 3757 5319">
    <p class='ocr_par' dir='ltr' id='par_1_110' title="bbox 2248 5243 3757 5319">
     <span class='ocr_line' id='line_1_110' title="bbox 2248 5243 3757 5319; baseline -0.005 -14"><span class='ocrx_word' id='word_1_886' title='bbox 2248 5251 2515 5305; x_wconf 89' lang='lat' dir='ltr'><strong>veraciter</strong></span> <span class='ocrx_word' id='word_1_887' title='bbox 2566 5249 2856 5304; x_wconf 90' lang='lat' dir='ltr'><strong>credimus.</strong></span> <span class='ocrx_word' id='word_1_888' title='bbox 2902 5248 3033 5303; x_wconf 85' lang='lat' dir='ltr'><strong>Item</strong></span> <span class='ocrx_word' id='word_1_889' title='bbox 3074 5262 3193 5319; x_wconf 88' lang='lat' dir='ltr'><strong>post</strong></span> <span class='ocrx_word' id='word_1_890' title='bbox 3234 5250 3338 5305; x_wconf 91' lang='lat' dir='ltr'><strong>hoc</strong></span> <span class='ocrx_word' id='word_1_891' title='bbox 3388 5249 3555 5316; x_wconf 81' lang='lat' dir='ltr'><strong>:Quia</strong></span> <span class='ocrx_word' id='word_1_892' title='bbox 3588 5257 3673 5300; x_wconf 85' lang='lat' dir='ltr'><strong>non</strong></span> <span class='ocrx_word' id='word_1_893' title='bbox 3700 5243 3757 5292; x_wconf 73' lang='lat' dir='ltr'><strong>cs!</strong></span> 
     </span>
    </p>
   </div>
   <div class='ocr_carea' id='block_1_111' title="bbox 2248 5333 3759 5407">
    <p class='ocr_par' dir='ltr' id='par_1_111' title="bbox 2248 5333 3759 5407">
     <span class='ocr_line' id='line_1_111' title="bbox 2248 5333 3759 5407; baseline -0.005 -12"><span class='ocrx_word' id='word_1_894' title='bbox 2248 5342 2384 5397; x_wconf 87' lang='lat' dir='ltr'><strong>alter</strong></span> <span class='ocrx_word' id='word_1_895' title='bbox 2426 5343 2588 5407; x_wconf 90' lang='lat' dir='ltr'><strong>Deus,</strong></span> <span class='ocrx_word' id='word_1_896' title='bbox 2618 5341 2755 5396; x_wconf 89' lang='lat' dir='ltr'><strong>alter</strong></span> <span class='ocrx_word' id='word_1_897' title='bbox 2783 5341 2967 5407; x_wconf 87' lang='lat' dir='ltr'><strong>homo,</strong></span> <span class='ocrx_word' id='word_1_898' title='bbox 2994 5342 3087 5396; x_wconf 89' lang='lat' dir='ltr'><strong>sed</strong></span> <span class='ocrx_word' id='word_1_899' title='bbox 3119 5340 3260 5396; x_wconf 83' lang='lat' dir='ltr'><strong>idem</strong></span> <span class='ocrx_word' id='word_1_900' title='bbox 3304 5357 3439 5396; x_wconf 90' lang='lat' dir='ltr'><strong>unus</strong></span> <span class='ocrx_word' id='word_1_901' title='bbox 3462 5350 3537 5395; x_wconf 88' lang='lat' dir='ltr'><strong>est</strong></span> <span class='ocrx_word' id='word_1_902' title='bbox 3569 5333 3759 5393; x_wconf 70' lang='lat' dir='ltr'><strong>Christus</strong></span> 
     </span>
    </p>
   </div>
   <div class='ocr_carea' id='block_1_112' title="bbox 2250 5417 3753 5502">
    <p class='ocr_par' dir='ltr' id='par_1_112' title="bbox 2250 5417 3753 5502">
     <span class='ocr_line' id='line_1_112' title="bbox 2250 5417 3753 5502; baseline -0.007 -15"><span class='ocrx_word' id='word_1_903' title='bbox 2250 5434 2400 5489; x_wconf 76' lang='lat' dir='ltr'><strong>Deus</strong></span> <span class='ocrx_word' id='word_1_904' title='bbox 2429 5445 2484 5488; x_wconf 91' lang='lat' dir='ltr'><strong>ct</strong></span> <span class='ocrx_word' id='word_1_905' title='bbox 2523 5434 2703 5499; x_wconf 89' lang='lat' dir='ltr'><strong>homo,</strong></span> <span class='ocrx_word' id='word_1_906' title='bbox 2752 5432 2996 5502; x_wconf 79' lang='lat' dir='ltr'><strong>profecto</strong></span> <span class='ocrx_word' id='word_1_907' title='bbox 3045 5433 3186 5488; x_wconf 89' lang='lat' dir='ltr'><strong>idem</strong></span> <span class='ocrx_word' id='word_1_908' title='bbox 3256 5434 3398 5490; x_wconf 89' lang='lat' dir='ltr'><strong>Deus</strong></span> <span class='ocrx_word' id='word_1_909' title='bbox 3445 5431 3659 5488; x_wconf 85' lang='lat' dir='ltr'><strong>Christus</strong></span> <span class='ocrx_word' id='word_1_910' title='bbox 3691 5417 3753 5489; x_wconf 78' lang='lat' dir='ltr'><strong>qui</strong></span> 
     </span>
    </p>
   </div>
   <div class='ocr_carea' id='block_1_113' title="bbox 2247 5510 3753 5595">
    <p class='ocr_par' dir='ltr' id='par_1_113' title="bbox 2247 5510 3753 5595">
     <span class='ocr_line' id='line_1_113' title="bbox 2247 5510 3753 5595; baseline -0.004 -19"><span class='ocrx_word' id='word_1_911' title='bbox 2247 5533 2305 5576; x_wconf 89' lang='lat' dir='ltr'><strong>et</strong></span> <span class='ocrx_word' id='word_1_912' title='bbox 2332 5532 2561 5579; x_wconf 90' lang='lat' dir='ltr'><strong>mortem</strong></span> <span class='ocrx_word' id='word_1_913' title='bbox 2585 5540 2736 5579; x_wconf 88' lang='lat' dir='ltr'><strong>suam</strong></span> <span class='ocrx_word' id='word_1_914' title='bbox 2764 5539 2932 5578; x_wconf 88' lang='lat' dir='ltr'><strong>carne</strong></span> <span class='ocrx_word' id='word_1_915' title='bbox 2953 5524 3213 5595; x_wconf 71' lang='lat' dir='ltr'><strong>suscepit,</strong></span> <span class='ocrx_word' id='word_1_916' title='bbox 3239 5534 3294 5580; x_wconf 90' lang='lat' dir='ltr'><strong>et</strong></span> <span class='ocrx_word' id='word_1_917' title='bbox 3316 5526 3450 5581; x_wconf 90' lang='lat' dir='ltr'><strong>idem</strong></span> <span class='ocrx_word' id='word_1_918' title='bbox 3479 5525 3617 5578; x_wconf 78' lang='lat' dir='ltr'><strong>homo</strong></span> <span class='ocrx_word' id='word_1_919' title='bbox 3636 5510 3753 5571; x_wconf 76' lang='lat' dir='ltr'><strong>Chri-</strong></span> 
     </span>
    </p>
   </div>
   <div class='ocr_carea' id='block_1_114' title="bbox 2248 5603 3748 5687">
    <p class='ocr_par' dir='ltr' id='par_1_114' title="bbox 2248 5603 3748 5687">
     <span class='ocr_line' id='line_1_114' title="bbox 2248 5603 3748 5687; baseline -0.009 -16"><span class='ocrx_word' id='word_1_920' title='bbox 2248 5626 2363 5672; x_wconf 89' lang='lat' dir='ltr'><strong>stus</strong></span> <span class='ocrx_word' id='word_1_921' title='bbox 2421 5628 2505 5671; x_wconf 88' lang='lat' dir='ltr'><strong>est</strong></span> <span class='ocrx_word' id='word_1_922' title='bbox 2548 5618 2638 5687; x_wconf 88' lang='lat' dir='ltr'><strong>qui</strong></span> <span class='ocrx_word' id='word_1_923' title='bbox 2692 5626 2920 5671; x_wconf 88' lang='lat' dir='ltr'><strong>mortem</strong></span> <span class='ocrx_word' id='word_1_924' title='bbox 2973 5632 3124 5672; x_wconf 88' lang='lat' dir='ltr'><strong>suam</strong></span> <span class='ocrx_word' id='word_1_925' title='bbox 3193 5617 3471 5672; x_wconf 89' lang='lat' dir='ltr'><strong>divinitate</strong></span> <span class='ocrx_word' id='word_1_926' title='bbox 3517 5603 3748 5667; x_wconf 78' lang='lat' dir='ltr'><strong>destruxit,</strong></span> 
     </span>
    </p>
   </div>
   <div class='ocr_carea' id='block_1_115' title="bbox 2248 5692 3748 5781">
    <p class='ocr_par' dir='ltr' id='par_1_115' title="bbox 2248 5692 3748 5781">
     <span class='ocr_line' id='line_1_115' title="bbox 2248 5692 3748 5781; baseline -0.007 -18"><span class='ocrx_word' id='word_1_927' title='bbox 2248 5709 2388 5764; x_wconf 81' lang='lat' dir='ltr'><strong>idem</strong></span> <span class='ocrx_word' id='word_1_928' title='bbox 2425 5710 2621 5779; x_wconf 89' lang='lat' dir='ltr'><strong>quippe</strong></span> <span class='ocrx_word' id='word_1_929' title='bbox 2666 5708 2913 5765; x_wconf 89' lang='lat' dir='ltr'><strong>Christus</strong></span> <span class='ocrx_word' id='word_1_930' title='bbox 2943 5710 3033 5765; x_wconf 91' lang='lat' dir='ltr'><strong>Dei</strong></span> <span class='ocrx_word' id='word_1_931' title='bbox 3067 5709 3236 5766; x_wconf 88' lang='lat' dir='ltr'><strong>Filius</strong></span> <span class='ocrx_word' id='word_1_932' title='bbox 3264 5712 3354 5781; x_wconf 89' lang='lat' dir='ltr'><strong>qui</strong></span> <span class='ocrx_word' id='word_1_933' title='bbox 3386 5707 3634 5764; x_wconf 78' lang='lat' dir='ltr'><strong>divinitate</strong></span> <span class='ocrx_word' id='word_1_934' title='bbox 3652 5692 3748 5753; x_wconf 69' lang='lat' dir='ltr'><strong>moti</strong></span> 
     </span>
    </p>
   </div>
   <div class='ocr_carea' id='block_1_116' title="bbox 2247 5790 3747 5873">
    <p class='ocr_par' dir='ltr' id='par_1_116' title="bbox 2247 5790 3747 5873">
     <span class='ocr_line' id='line_1_116' title="bbox 2247 5790 3747 5873; baseline -0.008 -18"><span class='ocrx_word' id='word_1_935' title='bbox 2247 5815 2354 5856; x_wconf 88' lang='lat' dir='ltr'><strong>non</strong></span> <span class='ocrx_word' id='word_1_936' title='bbox 2371 5801 2564 5871; x_wconf 89' lang='lat' dir='ltr'><strong>potuit,</strong></span> <span class='ocrx_word' id='word_1_937' title='bbox 2585 5815 2750 5856; x_wconf 78' lang='lat' dir='ltr'><strong>carne</strong></span> <span class='ocrx_word' id='word_1_938' title='bbox 2780 5811 3024 5856; x_wconf 86' lang='lat' dir='ltr'><strong>mortuus</strong></span> <span class='ocrx_word' id='word_1_939' title='bbox 3051 5812 3153 5866; x_wconf 92' lang='lat' dir='ltr'><strong>est,</strong></span> <span class='ocrx_word' id='word_1_940' title='bbox 3183 5817 3346 5873; x_wconf 90' lang='lat' dir='ltr'><strong>quam</strong></span> <span class='ocrx_word' id='word_1_941' title='bbox 3376 5796 3622 5856; x_wconf 85' lang='lat' dir='ltr'><strong>mortalem</strong></span> <span class='ocrx_word' id='word_1_942' title='bbox 3648 5790 3747 5843; x_wconf 72' lang='lat' dir='ltr'><strong>Deus</strong></span> 
     </span>
    </p>
   </div>
  </div>
