3888 6432
78 398 176 456 609

1169 393 1659 451 DECRET.lLlUM
1696 390 2095 450 COLLECTIO.

3220 396 3325 454 6l0

79 506 394 566 immortalis
450 505 696 576 accepit,
750 513 804 559 ct
868 505 987 561 ideo
1032 505 1276 562 Christus
1345 507 1433 561 Dei
1491 506 1656 561 Filius
1685 513 1729 570 Α
1761 507 1975 562 nomine
2008 503 2247 561 ecclesia:
2297 504 2640 561 Asidonensis
2686 506 2966 576 episcopus
3012 504 3321 580 subscripsi.

78 616 230 655 carne
259 607 515 654 mortuus
544 599 871 663 resurrexit,
901 599 1027 668 quia
1059 597 1514 652 immortalitatem
1542 613 1652 651 sua:

75 690 366 744 divinitatis
395 703 564 742 carne
589 697 831 743 mortuus
858 703 963 741 non
999 688 1209 751 amisit;
1233 686 1360 740 hinc
1402 694 1486 740 est
1509 686 1649 754 quod

75 782 228 835 etiam
255 788 381 849 post
414 779 866 834 resurrectionem
917 793 1067 833 suam
1097 777 1235 831 sicut
1283 777 1335 830 in
1382 775 1650 831 cicatrici-

75 869 169 924 bus
217 868 362 923 veris
416 876 475 923 et
525 868 577 921 in
620 880 745 922 vela
793 866 1127 923 comestione
1174 865 1334 936 piscis
1381 873 1436 920 et
1478 864 1652 919 mellis

76 960 393 1014 soliditatem
446 957 505 1013 in
540 973 600 1014 se
648 972 773 1014 vere
826 957 1004 1013 carnis
1055 957 1288 1020 edocuit,
1337 956 1409 1011 ita
1456 953 1653 1011 clausis

77 1048 270 1104 foribus
298 1048 621 1119 ingrediens
645 1063 828 1103 veram
858 1048 909 1102 in
941 1062 1001 1103 se
1028 1047 1279 1102 virtutem
1311 1047 1653 1117 sempiterna:

78 1140 362 1194 divinitatis
409 1139 682 1201 ostendit,
748 1148 809 1193 ut
854 1126 1237 1210 agnosceretur
1283 1146 1336 1192 et
1389 1139 1652 1194 naturalis

80 1230 234 1284 fuisse
277 1230 487 1285 Christi
525 1229 806 1284 morientis
851 1228 1161 1292 inﬁrmitas,
1217 1237 1273 1281 et
1316 1229 1488 1282 eidem
1541 1244 1651 1283 mo-

78 1319 221 1374 rienti
251 1319 521 1374 naturalis
547 1319 725 1375 inesse
757 1318 1010 1387 majestas
1044 1336 1057 1372 :
1095 1319 1223 1397 haec
1266 1318 1481 1387 quidem
1530 1332 1649 1388 qurc

79 1422 174 1466 tam
219 1412 416 1466 divina:
461 1409 759 1481 Scriptura:
805 1425 964 1481 quam
995 1410 1158 1465 etiam
1211 1418 1523 1465 sanctorum
1555 1409 1653 1463 Pa-

81 1511 205 1554 trum
231 1500 544 1571 eloquentia
578 1501 896 1564 docuerunt,
926 1500 1159 1555 decretis
1192 1499 1391 1554 nostris
1415 1499 1652 1555 breviter

80 1592 259 1647 inserta
288 1592 624 1663 protulimus
648 1633 664 1658 ,
696 1593 1129 1649 demonstrantes
1171 1592 1439 1663 geminam
1474 1592 1653 1647 carnis

78 1692 127 1738 et
169 1684 378 1739 dcitatis
426 1693 681 1739 naturam
732 1684 784 1738 in
836 1699 940 1738 una
998 1685 1204 1738 Domini
1250 1693 1304 1739 et
1355 1683 1653 1738 Salvatoris

81 1774 232 1827 nostri
263 1789 500 1843 persona
524 1816 537 1837 ,
570 1789 788 1843 passum
814 1789 1030 1844 quoque
1064 1774 1313 1828 eumdem
1357 1773 1410 1827 in
1441 1788 1502 1828 ea
1557 1788 1652 1827 na-

82 1874 183 1917 tura
211 1879 328 1934 quae
356 1865 612 1934 corporis
629 1872 730 1929 est,
757 1881 860 1918 non
883 1880 1101 1935 passum
1134 1865 1185 1918 in
1215 1879 1279 1919 ea
1302 1873 1494 1918 natura
1532 1879 1650 1934 qua:
1683 1898 1724 1958 Β

83 1956 275 2010 deitatis
302 1964 405 2010 est.
435 1955 575 2011 Hinc
604 1969 733 2026 ergo
774 1955 1027 2012 concordi
1050 1955 1314 2011 sententia
1345 1955 1645 2011 deﬁnitioni

84 2061 166 2114 pro
180 2047 461 2104 conﬁrmat
474 2050 598 2104 ione
613 2050 692 2103 sui
709 2048 980 2119 propriam
1006 2047 1454 2119 subscriptionem
1478 2046 1650 2115 suhjc.

87 2137 253 2190 cimus.
274 2137 518 2193 Isidorus
551 2138 603 2192 in
633 2137 834 2193 Christi
859 2135 1337 2192 nomine'ccclcsia'.
1378 2135 1653 2206 Spalensis

83 2228 344 2299 episcOpus
365 2230 690 2299 subscripsi.
723 2229 936 2284 Bisiuns
954 2229 1006 2281 in
1029 2228 1225 2283 Christi
1251 2227 1464 2281 nomine
1482 2227 1655 2281 eccle-

91 2319 167 2372 sia:
177 2318 494 2375 Liberitanzc
506 2322 893 2392 episcopussub
908 2319 1121 2391 scripsi.
1140 2317 1362 2373 Ruﬁnus
1384 2318 1435 2371 in
1453 2317 1653 2373 Christi

1753 596 2050 651 Caatbrain
2077 595 2275 651 Christi
2304 596 2518 651 nomine
2563 595 2803 651 ecclesia:
2832 594 3078 653 ltalensis
3112 598 3324 668 episco-

1753 701 1851 755 pns
1886 687 2166 757 subcripsi.
2202 686 2482 741 Fidentius
2509 687 2559 740 in
2587 685 2788 741 Christi
2827 688 3041 742 nomine
3084 688 3327 745 ecclesiae

1752 775 2049 831 Tuicitanzn
2099 777 2383 847 episcopus
2459 777 2771 848 subscripsi.
2833 777 3229 848 Thcodulphus'
3273 780 3325 834 in

1751 865 1951 922 Christi
1981 866 2196 922 nomine
2239 866 2480 922 ecclesia:
2506 866 2861 922 Cordubensis
2888 868 3171 938 episcopus
3200 869 3327 923 sub~

1752 957 1962 1027 scripsi.
1990 957 2256 1012 Honorius
2302 957 2353 1011 in
2400 956 2595 1012 Christi
2632 956 2846 1013 nomine
2891 958 3134 1013 ecclesiae
3162 956 3329 1014 Mala-

1751 1045 1943 1100 citanae
1969 1047 2250 1118 episcopus
2274 1046 2588 1118 subscripsi.
3160 1044 3163 1047 ’
3308 1034 3311 1041 ’

1822 1160 1997 1234 Habes
2053 1164 2345 1234 hucusque,
2395 1163 2625 1217 studiose
2672 1162 2831 1218 lector
2858 1169 3092 1233 (auctore
3118 1161 3328 1219 Isidoro

1752 1229 2043 1304 Spalensi),
2065 1229 2475 1303 quem'ordinen't
2506 1233 2775 1287 observare
2808 1229 3059 1304 debeant,
3081 1235 3170 1304 qui
3200 1250 3325 1304 con-

1751 1302 1928 1355 cilium
1971 1302 2228 1358 celebrare
2255 1303 2593 1373 constituunt,
2642 1319 2865 1357 canones
2904 1303 3025 1373 item
3057 1302 3325 1373 apostolo-

1752 1387 1890 1433 rum,
1919 1373 2125 1427 decreta
2162 1388 2363 1443 quoque
2389 1371 2459 1425 50
2483 1373 2803 1443 pontiﬁcum,
2837 1371 3157 1429 caementa
3184 1373 3328 1428 scili-

1752 1389 1890 1433 rum.
1919 1389 2125 1427 aecreta
2197 1389 2363 1443 noque
2389 1389 2459 1425 au
2483 1389 2803 1443 ponti/tcum,
2837 1389 3157 1429 owentente
3184 1389 3325 1428 scm-

1751 1451 1826 1515 cet
1865 1458 2026 1511 usque
2058 1389 2493 1515 “Agilvestrum,
2541 1452 2657 1496 acta
2685 1443 2903 1515 denique
2942 1443 3325 1514 quinquaginta

1751 1510 1974 1565 duorum
2001 1512 2360 1566 conciliorum.

1822 1622 1983 1694 150
2008 1622 2272 1677 Hactenus
2294 1623 2504 1694 digestis
2524 1623 2754 1694 conciliis
2774 1632 3074 1694 sanctorum
3107 1621 3329 1678 Patruus

1750 1692 2037 1763 sequuntur
2050 1694 2253 1746 decreta
2256 1692 2495 1815 [irresqu
2503 1711 2549 1746 nt
2573 1692 2923 1748 Romanorum
2936 1693 3172 1763 prtefnta:
3185 1693 3324 1747 sedis

1751 1763 2047 1815 apostolica:
2084 1779 2253 1815 nrtesn
2280 1779 2364 1815 unt
2390 1765 2692 1815 constituta.
2720 1780 2837 1815 autc
2859 1766 2926 1815 ad
2948 1763 3071 1815 ﬁdei
3092 1762 3324 1815 reaulam

1751 1762 2047 1832 apustolica:
2083 1762 2364 1833 prtesnlunt
2390 1765 2692 1825 constituta,
2720 1780 2837 1830 qua:
2859 1766 2926 1817 ad
2946 1762 3071 1831 ﬁdei
3092 1762 3325 1833 regulum

1750 1833 1831 1903 vel
1859 1832 2277 1903 ecclesiasticam,
2304 1833 2559 1901 pertinent
2601 1834 2944 1903 disciplinam.
2961 1834 3015 1885 in
3056 1833 3151 1887 hoc
3192 1832 3328 1885 libro

1751 1902 1989 1972 diligen.‘i
2022 1920 2150 1957 cura
2179 1902 2393 1956 collecta
2420 1911 2562 1972 sunt,
2601 1902 2677 1956 ita
2715 1902 2767 1957 ut
2808 1902 3133 1973 singulorum
3156 1902 3327 1973 ponti:-

1750 1970 1905 2041 ﬁcuin
1961 1981 2209 2044 quotquot
2253 1973 2465 2044 decreta
2522 1970 2555 2044 ti
2612 1973 2757 2027 nobis
2804 1970 3004 2044 reperto
3050 1970 3169 2026 sunt
3230 1970 3326 2025 sub

1751 2042 2163 2111 uniuscujusque
2182 2042 2412 2108 epistola:
2445 2043 2577 2097 serie
2605 2044 2829 2110 prapriis
2854 2042 3019 2096 titulis
3060 2053 3326 2110 promota-

1753 2122 1933 2166 rentur
1941 2127 2000 2164 eo
2015 2115 2168 2165 modo
2181 2128 2283 2182 quo
2294 2113 2540 2182 superius
2560 2111 2847 2180 priscorum
2866 2112 3085 2167 Patrum
3101 2126 3326 2165 canones

1753 2192 1930 2251 nostra
1954 2182 2378 2251 studioordinati
2402 2192 2811 2251 sunt,quatenus
2833 2182 3327 2251 lectoris‘imlustria

1753 2250 1964 2319 facilius
2018 2250 2303 2321 intelligere
2339 2252 2523 2321 possit,
2551 2250 2675 2304 dum
2699 2252 2938 2321 capitulis
2977 2251 3200 2321 pmpriis
3245 2250 3328 2302 di-

1754 2323 1943 2373 stincta
1968 2322 2211 2374 intendit.

87 2431 3304 2467 W

97 2578 625 2661 INCIPIUNT
701 2579 1473 2660 DECEBPTIONES
1564 2581 1690 2657 ΕΧ
1750 2580 2244 2658 DECRETIS
2330 2581 2691 2661 SANGTI
2782 2582 3316 2660 SILVESTRI

1544 2705 1851 2783 ΡΑΡίΕ.

153 2901 488 2974 Temporibus
522 2907 699 2962 sancti
725 2904 970 2962 Silvestri
1012 2878 1162 2977 papa:
1205 2915 1263 2961 et
1305 2903 1642 2962 Constantini

98 2995 293 3061 piissimi
334 3000 571 3070 Augusti
613 3000 812 3056 factum
839 3010 924 3056 est
970 3015 1223 3070 magnum
1273 2999 1560 3055 concilium
1589 3001 1641 3053 in

102 3084 284 3142 Nicena
306 3088 594 3162 Bythinize,
618 3100 672 3147 et
695 3092 1005 3164 congregati
1027 3091 1489 3162 suntregulariter
1501 3090 1642 3160 ejus-

1750 2904 1913 2970 bitur,
1981 2903 2362 2972 subdiaconus,
2428 2904 2733 2977 acolythus,
2780 2884 3069 2972 exorcista,
3129 2906 3324 2972 lector,

1750 2999 2007 3055 ostiarius
2035 2999 2158 3063 nisi,
2193 2999 2332 3054 sicut
2361 2999 2621 3068 scriptum
2647 3009 2751 3064 cst,
2781 3000 2833 3054 in
2860 3010 3065 3071 septem
3101 3001 3329 3055 testibus

1751 3104 1857 3143 non
1885 3089 2248 3145 damnabitur.
2291 3088 2481 3145 Testes
2510 3098 2687 3145 autem
2732 3098 2787 3145 et
2822 3090 3165 3147 accusatores
3210 3093 3328 3147 sine

101 3176 197 3232 dem
246 3180 489 3238 Silvestri
532 3199 684 3255 papa:
720 3184 1003 3240 vocatione
1056 3184 1108 3238 in
1154 3183 1384 3252 idipsnm
1418 3183 1642 3238 trecenti
1675 3196 1718 3256 ρ
1751 3179 1928 3249 aliqua
1973 3181 2079 3234 sint
2131 3179 2349 3235 infamia
2397 3195 2596 3238 uxores
2641 3191 2695 3237 et
2749 3182 2886 3239 ﬁlios
2939 3183 3221 3248 habentes,
3274 3195 3330 3240 et

103 3269 255 3326 decem
279 3283 329 3330 et
361 3285 488 3331 octo
514 3276 752 3346 episcopi
779 3274 1034 3330 catholici
1072 3274 1162 3344 qui
1191 3270 1555 3343 exposuerunt
1585 3273 1646 3327 ﬁ-

103 3360 199 3416 dem
227 3364 484 3437 integram
529 3367 849 3422 catholicam
883 3365 1303 3429 immaculatum,
1332 3375 1386 3419 et
1423 3364 1650 3420 damna-

106 3466 267 3510 verunt
290 3458 500 3524 Arium,
521 3459 797 3524 Fotinum,
825 3458 1229 3529 Sabelliumque
1261 3468 1424 3528 atque
1458 3474 1654 3528 sequa-

106 3557 179 3598 ces
204 3560 400 3604 eorum.
440 3551 756 3621 Eodemque
800 3558 1042 3621 tempore
1064 3559 1119 3605 et
1148 3567 1241 3605 xm
1289 3551 1649 3606 Kalendarum

108 3632 349 3704 luliarum,
370 3643 455 3698 die
476 3657 585 3713 qua
611 3652 992 3709 memoratum,
1021 3643 1305 3698 concilium
1330 3657 1580 3714 magnum
1597 3644 1650 3697 in

108 3723 253 3783 Nicata
303 3744 685 3806 congregatum
725 3745 844 3799 est,
883 3734 1144 3789 canonica
1177 3732 1287 3803 jam
1309 3732 1447 3788 facta
1500 3742 1655 3803 papae

109 3819 349 3877 vocatione
369 3825 420 3878 in
442 3826 636 3880 urbem
659 3824 884 3879 Romam
911 3825 1281 3896 cungrcgavit,
1310 3834 1364 3880 et
1389 3825 1505 3896 ipse
1528 3839 1650 3879 cum

112 3911 303 3969 concilio
326 3916 538 3984 praelati
568 3915 908 3972 Constantini
942 3914 1171 3985 Augusti
1208 3916 1470 3971 ducentos
1493 3916 1651 3985 quin-

114 4005 328 4071 quaginta
361 4020 486 4065 octo
536 4010 837 4079 episcopos,
861 4015 917 4063 et
961 4008 1245 4063 damnavit
1294 4008 1488 4063 iterum
1540 4017 1650 4063 tam

115 4088 341 4152 Calixtum
385 4116 550 4171 quam
589 4100 815 4167 Arium,
860 4108 917 4156 et
961 4099 1211 4155 Fotinum
1255 4109 1415 4170 atque
1460 4099 1648 4156 Sabel-

116 4176 237 4250 lium,
276 4196 327 4244 et
367 4191 655 4247 constituit
698 4202 759 4246 ut
807 4192 1184 4263 presbyterum
1213 4191 1473 4246 Arianum
1512 4192 1649 4247 resi-

117 4272 369 4339 lliscentem
413 4297 525 4339 non
569 4284 888 4353 susciperet,
940 4284 1045 4338 nisi
1074 4283 1359 4353 episcopus
1413 4281 1650 4351 ejusdem

119 4358 201 4417 loci
221 4381 329 4423 eum
354 4372 760 4438 reconciliaret,
785 4380 840 4427 et
861 4381 1209 4429 sacrosancto
1234 4372 1529 4427 chrismate
1558 4389 1654 4442 per

122 4452 395 4528 elliscopalis
418 4478 613 4531 manus
641 4462 1040 4533 impositionem
1068 4464 1241 4519 sancti
1267 4462 1504 4533 Spiritus
1526 4480 1646 4535 gra-

1753 3270 1972 3324 omnino
2021 3269 2293 3325 Christum
2342 3272 2739 3341 praedicantes;
2794 3274 3155 3329 testimonium
3202 3275 3329 3331 laici

1754 3364 2012 3419 adversus
2038 3364 2294 3421 clericum
2325 3381 2481 3420 nemo
2508 3365 2750 3436 recipiat,
2776 3381 2935 3422 nemo
2987 3368 3131 3422 enim
3169 3367 3329 3423 cleri-

1752 3474 1874 3515 cum
1904 3458 2195 3529 quemlibet
2227 3460 2277 3513 in
2308 3458 2521 3529 publico
2545 3460 2857 3514 examinare
2894 3469 3186 3530 praesumat
3227 3461 3329 3516 nisi

1755 3551 1807 3605 in
1832 3549 2095 3613 ecclesia;
2145 3565 2302 3605 nemo
2328 3549 2470 3604 enim
2514 3549 2745 3605 clericus
2792 3550 2875 3604 vel
2922 3552 3180 3606 diaconus
3238 3561 3332 3607 aut

1754 3639 2057 3710 presbyter,
2081 3649 2302 3709 propter
2336 3639 2629 3710 quamlibet
2677 3655 2893 3695 causam
2943 3643 3185 3697 intretin
3231 3658 3329 3699 cu-

1755 3730 1914 3797 riam,
1943 3744 2043 3785 nec
2068 3739 2191 3785 ante
2212 3729 2446 3799 judicem
2473 3730 2710 3785 cinctum
2743 3746 2960 3786 causam
2987 3733 3164 3788 dicere
3187 3749 3327 3804 prte-

1753 3827 1951 3887 sumat,
1977 3821 2228 3891 quoniam
2271 3820 2447 3875 omnis
2469 3821 2617 3876 curia
2647 3838 2676 3876 a
2709 3837 2897 3878 cruore
2924 3823 3121 3878 dicitur
3145 3834 3199 3879 et
3232 3825 3331 3879 im-

1754 3914 2046 3969 molatione
2098 3912 2525 3967 simulacrorum.
2560 3913 2627 3967 Et
2671 3913 2715 3967 si
2763 3913 2883 3985 quis
2913 3914 3142 3970 clericus
3170 3931 3333 3970 accu-

1755 4019 1880 4059 sans
1902 4003 2157 4058 clericum
2185 4002 2238 4057 in
2262 4003 2467 4057 curiam
2493 4003 2817 4070 introivcrit,
2841 4005 3127 4060 anathema
3156 4006 3329 4061 susci-

1754 4093 1884 4164 piat.
1916 4093 2041 4149 llsec
2084 4093 2230 4147 inter
2254 4101 2445 4147 ca‘tera
2484 4094 2535 4147 in
2587 4095 2842 4164 prmdicta
2896 4096 3040 4151 omni
3088 4096 3330 4151 consulta

1756 4184 2035 4239 constituit
2085 4185 2310 4255 synodo,
2341 4193 2400 4239 ut
2442 4184 2769 4240 sacriﬁcium
2802 4185 2991 4242 altaris
3033 4203 3137 4243 non
3166 4188 3219 4243 in
3248 4205 3333 4244 sc-

1757 4276 1869 4332 rico
1902 4290 2101 4347 panno,
2129 4284 2222 4330 aut
2253 4275 2422 4331 tincto
2470 4277 2751 4347 quisquam
2805 4278 3081 4335 celebrare
3124 4297 3332 4352 pracsu-

1758 4378 1947 4430 mcret,
2007 4366 2099 4422 sed
2137 4367 2190 4421 in
2238 4382 2374 4437 puro
2406 4366 2546 4422 lineo
2591 4369 2658 4424 ab
2714 4368 2968 4441 episcopo
2994 4382 3328 4438 consecrato,

1758 4467 1974 4513 terreno
2021 4458 2225 4513 scilicet
2275 4457 2382 4511 lino
2423 4467 2705 4529 procreato
2756 4469 2918 4531 atque
2947 4471 3223 4529 contexto,
3256 4464 3330 4518 si-

123 4539 182 4594 tia
199 4559 289 4614 qua
305 4551 369 4607 ab
387 4552 658 4609 haereticis
685 4552 801 4607 dari
828 4569 934 4609 non
972 4562 1169 4625 potest,
1199 4554 1565 4610 conlirmaret.
1594 4554 1649 4609 In
1685 4557 1728 4614 ι)
1754 4560 1843 4605 cut
1900 4565 2096 4620 corpus
2140 4548 2348 4603 Domini
2382 4550 2551 4604 nostri
2599 4549 2724 4605 Jesu
2773 4550 2972 4607 Christi
3026 4553 3077 4608 in
3105 4554 3329 4609 sindone

126 4642 208 4696 qua
230 4645 281 4691 et
314 4653 576 4700 consensu
628 4651 687 4699 et
721 4644 1116 4715 subscriptione
1165 4646 1405 4700 omnium
1452 4646 1652 4699 consti-

127 4726 266 4779 tutum
289 4739 387 4798 est,
408 4743 469 4789 ut
497 4734 678 4789 nullus
698 4734 869 4791 laicus
896 4736 1100 4791 crimen
1127 4736 1326 4791 clerico
1346 4736 1543 4790 audeat
1568 4736 1652 4791 in-

130 4804 257 4877 lcrre,
283 4827 408 4876 etut
432 4824 715 4895 presbyter
750 4839 856 4879 non
893 4824 1154 4879 adversus
1180 4824 1514 4894 episcopum,
1549 4839 1653 4878 non

132 4897 346 4966 diaconus
389 4916 647 4972 adversus
689 4916 1086 4988 presbyterum,
1133 4931 1237 4972 non
1295 4917 1656 4973 subdiaconus

133 4991 346 5058 adversus
370 5007 670 5072 diaconum,
698 5023 803 5063 non
833 5008 1116 5080 acolythus
1145 5009 1403 5085 advprsus
1441 5009 1657 5065 subdia-

137 5094 313 5171 mnum,
334 5109 432 5152 non
454 5098 727 5155 exorcista
743 5098 1004 5154 adversus
1014 5099 1342 5171 acolytbum,
1359 5116 1467 5154 non
1493 5100 1658 5155 lector

137 5170 350 5238 adversus
360 5188 703 5253 exorcistam,
731 5188 1104 5243 non‘ostiarius
1124 5170 1381 5244 adversus
1400 5189 1656 5256 lectorem

140 5257 210 5351 del
231 5279 598 5336 accusationem
623 5281 879 5350 aliquam,
916 5289 971 5337 et
1014 5296 1121 5336 non
1152 5280 1495 5336 damnabitur
1522 5297 1660 5351 pra:-

140 5350 205 5403 δυ]
231 5358 318 5414 nisi
346 5363 396 5420 in
423 5370 760 5439 septuaginta
790 5370 1019 5426 duobus.
1053 5369 1237 5441 Neque
1268 5371 1464 5441 pracsul
1508 5350 1626 5425 sum
1644 5400 1659 5412 -

114 5498 117 5525 :
145 5450 239 5532 “‘35
263 5462 290 5502 ³
313 5468 570 5527 quoquam
614 5460 966 5529 iudicabitur,
990 5461 1243 5530 quoniam
1267 5463 1526 5532 scriptum
1555 5472 1656 5517 est;

114 5546 122 5611 ξ
147 5542 162 5574 ι
180 5526 274 5589 Non
289 5526 663 5617 cstdiscipulus
683 5526 846 5617 super
868 5526 1184 5619 magistrum
1200 5526 1414 5619 (Mauri.
1437 5568 1492 5616 κ,
1507 5551 1655 5622 24),›

146 5624 378 5714 Ple$byter
398 5647 569 5695 autem
596 5640 888 5695 cardinalis
914 5641 1015 5695 nisi
1044 5643 1401 5714 quadraginta
1431 5652 1664 5713 quatuor

148 5712 331 5775 “5mm
353 5741 448 5783 non
485 5731 848 5794 damnabitur,
875 5731 1137 5788 diaconus
1158 5712 1500 5790 cardinarius
1527 5749 1658 5791 con-

148 5806 341 5867 ειηαυε
366 5821 500 5876 urhis
519 5810 701 5877 Roma:
728 5823 828 5903 nisi
859 5823 911 5876 in
952 5824 1140 5897 viginti
1173 5840 1264 5881 se:
1298 5842 1405 5881 non
1436 5826 1662 5887 damna-

484 5914 754 5974 Pnnoc.
800 5914 1063 5978 CXXX.
1400 5919 1406 5925 ’

1756 4643 1951 4697 munda
1979 4641 2244 4711 sepultum
2269 4640 2387 4695 fuit.
2414 4640 2480 4695 Et
2502 4641 2545 4696 si
2570 4642 2690 4712 quis
2713 4643 3044 4698 desideraret
3074 4644 3127 4697 in
3160 4642 3329 4698 eccle-

1755 4737 1832 4791 sia
1862 4736 2113 4799 militare,
2153 4744 2242 4788 aut
2296 4733 2582 4803 proﬁcere,
2612 4743 2669 4788 ut
2694 4745 2836 4789 esset
2867 4735 3015 4805 prius
3055 4735 3328 4801 ostiarius,

1755 4824 2209 4894 deinde_lcctor,et
2229 4832 2413 4895 postea
2427 4824 2694 4878 exon-cista
2715 4839 2808 4894 per
2824 4833 3065 4895 tempora
3085 4841 3204 4897 quae
3218 4827 3331 4896 cpi-

1756 4934 1949 4989 scopus
1963 4914 2323 4979 constituerit,
2352 4916 2543 4971 deinde
2568 4915 2848 4987 acolythus
2871 4931 3042 4973 annos
3064 4914 3343 4989 quinque.

1759 5009 2119 5065 subdiaconus
2164 5009 2403 5080 quinque
2425 5008 2601 5073 annis,
2634 5022 2813 5063 custos
2846 5020 3146 5083 martyrum
3175 5015 3334 5071 annis

1758 5100 2018 5170 quinque,
2046 5099 2303 5155 diaconus
2355 5100 2511 5154 annis
2542 5099 2799 5168 quinque,
2837 5102 3118 5172 presbyter
3177 5105 3335 5160 annis

1760 5191 1953 5255 tribus,
1974 5191 2231 5260 probatus
2256 5206 2320 5245 ex
2343 5190 2488 5245 omni
2513 5190 2732 5259 partein
2752 5199 2955 5246 tantum
2987 5206 3047 5249 ut
3076 5197 3239 5251 etiam
3267 5198 3336 5251 ab

1761 5283 1845 5339 his
1866 5283 1957 5352 qui
2001 5280 2134 5337 foris
2157 5290 2282 5337 sunt
2304 5282 2667 5336 testimonium
2699 5281 2895 5339 habeat
2923 5285 3144 5352 bonum,
3175 5276 3343 5357 unius:

1759 5374 2010 5431 videlicet
2054 5374 2237 5429 uxoris
2270 5374 2444 5427 virum
2474 5388 2614 5443 ‘anc
2651 5382 2829 5429 tamen
2861 5390 2891 5429 a
2942 5370 3221 5435 sacerdote
3266 5368 3347 5437 sit.

1761 5466 2059 5528 benedicta,
2090 5473 2145 5519 et
2176 5464 2222 5518 si
2262 5464 2518 5533 probatus
2559 5463 2719 5519 fuerit
2743 5464 2958 5535 dignus,
2983 5474 3037 5521 et
3080 5476 3206 5521 vota
3242 5482 3347 5545 po-i

1761 5556 1869 5626 puli
1907 5565 1963 5612 et
1987 5554 2118 5610 cleri
2152 5553 2526 5609 concurrerint
2558 5553 2817 5608 canonice
2842 5556 3109 5625 episcopis
3150 5571 3341 5611 conse~

1761 5655 1967 5710 cretur,
1992 5658 2149 5715 quem
2165 5654 2350 5714 postea
2382 5659 2482 5699 nec
2510 5644 2707 5712 clerus,
2736 5640 2834 5703 nec
2869 5648 3093 5718 populus
3121 5656 3334 5717 pertur-

1762 5738 1887 5793 bare
1916 5737 2110 5803 debet;
2157 5738 2283 5806 quia
2321 5737 2555 5806 episcopi
2590 5740 2681 5809 qui
2731 5740 2906 5795 throni
2958 5740 3051 5794 Dei
3079 5749 3340 5795 vocantur

1763 5844 1866 5884 non
1896 5836 2018 5882 sunt
2038 5827 2333 5897 laeerandi,
2364 5828 2429 5884 de
2454 5831 2650 5900 quibus
2677 5833 2753 5886 ait
2774 5833 2964 5887 beatus
2980 5830 3181 5889 Paulus
3208 5822 3343 5901 apol
