3820 5318
87 337 189 398 613

1251 337 1735 397 DECRETAUUM
1762 335 2166 395 COLLECTIO.

3226 329 3330 386 6N

85 452 324 525 praestitit
348 452 639 508 altissimus
660 466 778 508 esse
796 454 1159 526 cognoverltls
1173 456 1377 528 absque
1397 456 1648 511 tarditate
1675 457 1723 516 Α
1753 454 2023 510 testiﬁcati
2052 459 2179 510 sunt
2221 465 2327 507 non
2377 458 2437 504 ut
2470 462 2570 503 nos
2600 445 2800 516 aliquid
2841 444 3122 501 sinistrum
3144 452 3332 501 vestra

84 553 358 613 praestare,
437 551 675 598 uttanta:
726 543 956 600 miseria:
1011 545 1290 616 squalores
1333 562 1364 601 a
1413 546 1650 601 ﬁdelium

84 635 350 691 mentibus
393 635 765 705 detergantur,
794 644 848 690 et
874 636 1028 705 quasi
1060 637 1255 692 vulnus
1300 638 1516 709 corpori
1574 637 1652 691 in-

83 725 244 778 ﬁxum
266 723 412 778 aditu
443 731 604 778 tantze
639 724 868 780 miseria:
885 725 1170 780 obsecrato
1186 725 1408 780 salutari
1433 734 1654 781 curetur

83 816 336 880 antidoto,
365 825 423 869 ut
453 815 634 870 divino
660 814 782 870 freti
803 816 1103 887 juvamine,
1140 825 1426 888 vestraque
1459 825 1651 871 aucto-

77 907 240 961 ritate
263 915 422 976 atque
442 905 642 962 auxilio
680 905 920 961 roborati
949 906 1356 961 adversantium
1386 908 1650 976 tergiver-

81 997 312 1052 sationes
359 997 586 1051 evadere
625 995 923 1062 valeamus,
983 1004 1146 1064 atque
1192 996 1476 1053 inconfuso
1505 997 1654 1052 vultu

81 1104 188 1143 non
235 1087 419 1143 fraude
475 1087 791 1157 cujusquam
853 1087 1086 1158 perculsi
1140 1088 1396 1144 assistere
1452 1097 1655 1143 aeterno

73 1182 244 1252 judici
273 1197 595 1247 mereamur,
626 1190 681 1236 et
706 1196 896 1237 vocem
932 1183 1119 1237 audire
1148 1181 1349 1238 Christi
1378 1201 1390 1236 :
1436 1201 1454 1235 ‹
1486 1183 1653 1253 Euge,

79 1288 236 1328 serve
258 1272 394 1326 bone
418 1279 472 1327 et
499 1271 690 1336 ﬁdelis,
721 1271 847 1342 quia
891 1287 1054 1343 super
1081 1288 1250 1343 pauca
1283 1272 1432 1330 fuisti
1464 1274 1654 1340 ﬁdelis,

79 1379 241 1432 supra
263 1362 425 1418 multa
451 1371 502 1417 te
523 1363 850 1417 constituam
876 1380 888 1416 :
921 1363 1060 1418 intra
1092 1363 1420 1435 in§gaudium
1449 1366 1657 1422 Domini

79 1456 159 1509 tui
185 1453 396 1523 (Matth.
427 1469 554 1520 xxv,
586 1455 703 1524 23).
742 1473 760 1507 ι
796 1455 862 1509 Et
884 1456 1208 1526 subscriptio
1236 1475 1250 1510 :
1281 1455 1660 1530 Orantempro

79 1548 237 1603 nobis
256 1555 499 1602 sanctum
523 1545 882 1616 apostolatum
904 1554 1146 1602 vestrum
1190 1546 1445 1618 longmvis
1478 1547 1660 1603 Domi-

81 1654 185 1693 nus
221 1646 500 1693 conservet
526 1636 879 1708 temporibus.

81 1750 372 1820 Rescriptio
421 1749 590 1803 Marci
648 1766 829 1818 papw,
891 1749 956 1803 de
1007 1750 1252 1804 missione
1307 1750 1656 1820 capitulorum

1753 561 1818 600 ex
1842 554 1996 616 parte
2025 543 2432 607 arbitraremur,
2453 541 2546 596 sed
2568 547 2626 593 ut
2647 553 2744 593 nos
2768 545 2823 593 et
2842 552 2939 592 vos
2965 535 3191 606 illosque
3211 535 3335 592 abs-

1752 653 1857 708 que
1886 636 1990 692 ulla
2021 636 2076 692 in
2104 644 2378 706 posterum
2408 632 2727 688 titubatione
2759 645 2920 684 unum
2959 628 3161 684 sentire
3185 636 3339 698 opta-

1756 741 1956 790 retnus,
2026 733 2081 779 et
2130 733 2311 780 sancta
2368 723 2610 778 Romana
2657 720 2896 776 Ecclesia
2959 734 3079 787 ane
3127 733 3341 788 semper

1755 818 2102 874 immaculata
2137 815 2355 880 mansit,
2379 823 2436 870 et
2462 813 2688 869 Domino
2719 811 3069 882 praavidente,
3106 817 3161 863 et
3185 811 3343 865 beato

1756 908 1917 964 Petro
1957 906 2197 978 apostolo
2223 921 2379 978 opem
2409 906 2614 960 ferente
2651 904 2704 956 in
2731 902 2916 958 futuro
2942 901 3200 966 manebit,
3228 899 3344 954 sine

1755 1000 1865 1056 ulla
1911 999 2291 1055 haereticorum
2345 996 2690 1052 insultatione
2735 994 2891 1050 ﬁrma
2940 1001 2996 1048 et
3054 991 3344 1048 immobilis

1753 1092 1904 1148 omni
1929 1100 2171 1161 tempore
2203 1089 2546 1161 persisteret.
2594 1086 2690 1142 llis
2710 1085 2784 1141 ita
2805 1084 3043 1156 peracus
3065 1083 3348 1154 diligenter

1760 1183 2100 1252 requirentes
2150 1182 2205 1236 in
2241 1188 2430 1237 sancto
2480 1187 2679 1233 nostra:
2728 1184 2783 1232 et
2837 1173 3146 1245 apostolicae
3203 1171 3346 1228 sedis

1761 1274 1959 1330 scrinio
1993 1273 2181 1329 eadem
2224 1286 2346 1342 qua-3
2384 1277 2587 1324 sanctae
2630 1265 3019 1322 recordationis
3042 1263 3345 1335 praedeces-

1761 1365 1871 1422 sori
1922 1379 2042 1419 meo
2085 1363 2344 1418 Silvestro
2371 1370 2499 1417 sunt
2539 1359 2744 1416 directa
2796 1358 3139 1429 septuaginta
3187 1355 3353 1427 (sicut
3428 1405 3430 1408 ,

1762 1455 2126 1528 signiﬁcastis)
2174 1453 2406 1524 capitula
2455 1452 2616 1507 illmsa
2668 1450 2990 1506 invenimus.
3034 1448 3155 1519 .lpsa
3200 1448 3352 1503 enim

1764 1549 1916 1605 vobis
1950 1555 2169 1618 propter
2201 1546 2600 1608 auctoritatem,
2649 1553 2702 1598 ct
2750 1542 3200 1613 subscriptionem
3232 1551 3354 1595 tan-

1769 1651 1944 1697 torum
1972 1640 2215 1706 Patrum,
2263 1648 2318 1694 et
2343 1637 2456 1707 ejus
2498 1637 2677 1709 magni
2707 1635 2920 1692 concilii
2957 1635 3178 1690 minime
3204 1634 3354 1688 misi—

1769 1747 1907 1790 mus.
1933 1731 2028 1789 scd
2056 1746 2149 1802 per
2173 1731 2359 1786 eadem
2387 1745 2572 1785 coram
2615 1728 2985 1798 apocrisiariis
3016 1727 3208 1785 vestris
3247 1725 3354 1780 alia

157 1818 376 1900 Nic-icui
397 1820 607 1875 concilii
635 1821 922 1874 Athanasio
951 1831 998 1874 et
1029 1820 1267 1875 omnibus
1293 1818 1663 1892 zEgyptiorum
1702 1840 1744 1900 Β
1773 1823 1992 1888 similia,
2037 1823 2284 1877 eumdem
2349 1836 2635 1877 nmnerum
2707 1821 3003 1888 eademque
3061 1818 3248 1884 verba,
3300 1827 3359 1873 et

150 1891 423 1963 episcopis.

153 2002 395 2057 Dominis
414 2001 817 2057 venerabilibus
837 2002 1102 2058 fratribus
1132 2003 1442 2061 Aruamsro
1471 2014 1526 2060 et
1547 2005 1670 2061 uni-

75 2094 254 2148 versis
277 2089 659 2163 Egyptiorum
691 2091 981 2162 episcopis,
1005 2092 1226 2149 Mancus
1248 2105 1448 2150 sancte
1471 2095 1670 2150 Ronta-

80 2202 166 2240 mn
192 2195 246 2240 et
261 2183 747 2255 apostolica‘sedis,
766 2183 1084 2239 universalis
1102 2184 1352 2240 Ecclesia:
1367 2187 1670 2256 episcopus.

145 2276 362 2340 Doleo,
428 2275 678 2340 fratres,
742 2283 797 2329 et
860 2275 1085 2329 nimium
1151 2277 1444 2332 contristor
1513 2292 1674 2346 super

81 2367 376 2422 afﬂictione
401 2376 605 2429 vestra,
638 2365 729 2421 sed
759 2365 958 2436 oppido
1004 2366 1279 2432 consolor,
1315 2367 1458 2438 quod
1511 2378 1672 2422 vento

78 2460 286 2530 agitata
331 2473 437 2514 non
472 2458 606 2513 estis
648 2457 877 2523 arundo,
928 2458 1021 2514 sed
1073 2458 1209 2514 recti
1262 2461 1314 2514 in
1379 2459 1483 2515 ﬁde
1537 2459 1677 2514 inter

77 2569 274 2610 omnes
323 2555 681 2625 procellarum
711 2564 765 2610 et
807 2555 1084 2610 turbinum
1131 2555 1547 2612 colluctationes
1597 2555 1676 2610 in-

71 2654 366 2701 cessanter
395 2647 723 2716 perduratis.
747 2645 924 2701 Lectis
944 2661 1072 2717 ergo
1104 2644 1461 2700 fraternitatis
1482 2656 1678 2699 vestra:

73 2736 282 2792 litteris
322 2736 561 2808 vigorem
608 2737 926 2791 constantiae
966 2745 1163 2792 vestrae
1201 2752 1360 2806 quem
1422 2735 1551 2790 olim
1583 2751 1680 2792 no-

73 2843 358 2890 veramus,
393 2828 712 2899 agnovimus
759 2827 1199 2898 congratulantes
1224 2827 1402 2893 vobis,
1432 2827 1574 2897 quod
1613 2827 1679 2881 ad

71 2920 504 2975 custodiendum
534 2935 752 2990 gregem
799 2917 1126 2989 pastoralem
1177 2933 1365 2973 curam
1395 2917 1682 2989 vigilanter

73 3013 460 3083 insequimini,
483 3027 548 3068 ne
573 3012 704 3083 lupi,
728 3012 818 3082 qui
843 3011 943 3066 sub
973 3011 1151 3082 specie
1176 3012 1355 3064 ovium
1398 3011 1674 3065 subintra-

73 3113 237 3168 runt,
258 3101 469 3156 bestiali
485 3102 688 3156 saavitia
705 3101 973 3172 supplices
988 3114 1232 3171 quasque
1253 3099 1572 3164 dilacerent,
1589 3099 1680 3168 qui

1771 1919 1943 1989 ipsam
1983 1915 2431 1985 subscriptionem
2463 1913 2794 1970 continentia
2844 1911 2996 1968 vobis
3032 1909 3354 1972 rescribere.

1771 2018 1828 2064 et
1879 2009 1978 2063 sub
2013 2018 2160 2063 certa
2209 2005 2556 2077 stipulatione
2598 2015 2652 2060 et
2689 2003 3099 2060 conﬁrmatione
3143 2003 3359 2057 mittere

1772 2099 2103 2156 curavimus.
2144 2098 2213 2152 Et
2260 2098 2382 2168 quis
2417 2107 2500 2152 est
2529 2097 2620 2166 qui
2652 2095 2912 2150 fratribus
2952 2094 3063 2150 suis
3093 2094 3220 2149 talia
3265 2109 3360 2148 ne—

1773 2205 1902 2262 gare
1954 2189 2191 2244 audeat?
2238 2187 2372 2242 Nam
2423 2204 2529 2241 non
2564 2185 2878 2258 negligenda
2918 2186 3075 2244 nobis
3103 2185 3218 2240 haec
3264 2199 3362 2255 per

1775 2281 1944 2336 sancti
1979 2280 2212 2351 Spiritus
2246 2279 2476 2352 gratiam
2510 2279 2771 2335 Dominus
2812 2279 3018 2344 docuit,
3065 2278 3160 2334 sed
3193 2276 3364 2333 ﬁdeli-

1777 2383 1858 2428 ter
1885 2373 2189 2427 esercenda
2231 2379 2286 2427 et
2325 2370 2582 2426 fratribus
2614 2371 2982 2427 contradenda
3026 2379 3083 2426 ct
3120 2370 3361 2426 docenda

1777 2465 2070 2521 distribuit.
2123 2464 2249 2520 llzee
2288 2463 2653 2534 apostolorum
2683 2463 2802 2517 viva
2836 2461 3088 2528 traditio,
3126 2461 3240 2516 haec
3279 2473 3364 2515 est

1779 2570 1903 2611 vera
1933 2556 2173 2612 charitas
2203 2570 2322 2626 quae
2345 2553 2688 2626 praedicanda
2716 2562 2827 2618 est,
2859 2562 2914 2608 et
2942 2554 3214 2623 praecipue
3244 2551 3365 2606 diti.

1782 2649 1954 2721 genua
1989 2665 2052 2704 ac
2079 2648 2334 2713 fovenda,
2366 2657 2528 2718 atque
2561 2646 2882 2702 ﬁtlucialitcr
2915 2647 2984 2701 ab
3013 2645 3267 2700 omnibus
3292 2655 3367 2700 tc-

1781 2742 1979 2806 ncnda,
1995 2741 2306 2797 hmcsancta
2328 2740 2691 2810 etapostolica
2717 2749 2889 2795 mater
2915 2739 3154 2794 omnium
3171 2737 3367 2792 Eccle-

1781 2832 1985 2888 siarum
2039 2831 2243 2887 Christi
2284 2831 2526 2886 Ecclesia
2572 2847 2694 2901 (ισιίε
2723 2845 2819 2901 per
2843 2829 3230 2900 omnipotentis
3269 2827 3368 2883 Dei

1783 2924 2012 2994 gratiam
2056 2939 2088 2978 a
2138 2923 2357 2978 tramite
2387 2923 2694 2992 apostolica:
2739 2921 3047 2978 traditionis
3091 2936 3368 2991 nunquam

1777 3031 1997 3071 errasse
2031 3017 2314 3086 probatur,
2363 3033 2462 3071 nec
2501 3015 2877 3071 haereticorum
2906 3014 3236 3077 novitatibus
3281 3015 3374 3068 de-

1787 3107 2059 3176 pravanda
2090 3107 2394 3171 succubuit,
2426 3108 2518 3161 sed
2547 3115 2606 3161 ut
2642 3107 2694 3160 in
2720 3107 2944 3160 exordio
2971 3121 3216 3160 normam
3234 3105 3373 3160 ﬁdei

72 3212 192 3250 non
237 3195 308 3251 ad
336 3196 439 3251 hoc
459 3195 853 3258 subinlrarunt.
887 3202 944 3248 ul
970 3193 1150 3263 aliqua
1169 3192 1514 3247 correctione
1542 3207 1668 3260 pro-
1699 3199 1742 3258 C
1774 3197 2098 3254 Christianae
2127 3196 2370 3266 percepit
2408 3196 2476 3250 ab
2506 3196 2818 3251 auctoribus
2846 3195 2962 3250 suis
3005 3195 3373 3265 apostolorum

75 3286 281 3342 ﬁciant
331 3301 425 3342 seu
459 3295 518 3341 ut
546 3301 608 3340 ea
639 3301 759 3356 qua:
782 3294 908 3340 sunt
938 3299 1090 3349 sana,
1124 3290 1490 3352 corrumpant.
1533 3282 1678 3348 Qua-

74 3388 318 3448 propter
365 3391 560 3432 moneo
596 3385 661 3431 eet
709 3376 900 3430 hortor
942 3374 1284 3429 dilectionem
1335 3380 1591 3437 vestram,
1624 3380 1682 3424 ut

73 3475 296 3529 bonum
343 3467 486 3538 quod
515 3466 819 3536 incaepistis
847 3464 1270 3519 adminiculante
1299 3463 1479 3517 divina
1512 3462 1681 3532 gratia

78 3578 272 3636 usque
317 3562 372 3616 in
421 3560 581 3614 ﬁnem
614 3559 914 3630 perducere
963 3556 1224 3628 satagatis
1257 3553 1502 3609 veritatis
1555 3568 1685 3608 voce

77 3666 361 3716 monente
401 3673 414 3710 :
455 3676 472 3707 ι
503 3655 700 3710 Beatus
730 3655 820 3723 qui
855 3654 1291 3724 perseveraverit
1337 3666 1508 3721 usque
1534 3651 1585 3705 in
1625 3651 1686 3704 ﬁ-

75 3766 219 3806 nem
252 3747 475 3820 (Matth.
506 3761 652 3810 xxrv,
684 3745 812 3815 13);
851 3764 870 3796 ι
927 3745 1068 3799 unde
1108 3745 1254 3799 enim
1294 3744 1453 3799 beata
1503 3757 1688 3813 perse-

71 3841 350 3898 verantia
393 3838 496 3894 nisi
523 3839 588 3892 de
627 3839 826 3893 virtute
867 3839 1335 3908 patientiaah‘tam
1360 3839 1517 3908 juxta
1544 3840 1688 3911 Apo-

73 3931 301 3987 stolum
355 3942 548 3985 omnes
599 3928 690 3996 qui
743 3927 1014 3982 voluerint
1039 3929 1125 3999 pic
1153 3929 1353 3994 vivere,
1388 3929 1441 3984 in
1471 3930 1690 3985 Christo

75 4023 536 4097 persecutionem
561 4020 860 4091 patientur,
898 4036 1016 4090 quae
1043 4037 1150 4076 non
1176 4021 1228 4075 in
1250 4036 1316 4078 eo
1339 4032 1516 4076 tamen
1543 4037 1694 4076 com-

73 4115 344 4187 putanda
367 4120 474 4178 est,
499 4113 641 4183 quod
671 4120 861 4167 contra
880 4109 1243 4166 Christianam
1288 4112 1570 4183 pietatem,
1603 4121 1695 4168 aut

77 4207 269 4274 ferro,
285 4215 386 4262 aut
417 4206 629 4277 ignibus
649 4206 849 4276 agitur,
872 4207 1390 4279 autquibuscunque
1417 4209 1695 4279 suppliciis

76 4318 224 4358 cum
259 4301 707 4373 persecutionum
739 4301 1004 4355 saevitiam
1047 4302 1356 4372 suppleant,
1387 4303 1483 4358 sed
1538 4304 1696 4358 dissi-

1783 3288 1983 3344 Christi
2029 3288 2365 3357 principibus
2407 3287 2608 3342 illibata
2645 3286 2911 3341 ﬁnctenus
2956 3295 3163 3352 manet,
3185 3302 3379 3341 secun-

1783 3385 1909 3439 dum
1951 3383 2119 3453 ipsius
2165 3383 2378 3438 Domini
2419 3381 2720 3437 Salvatoris
2745 3379 2985 3434 divinam
3023 3377 3374 3447 pollicitatio-

1785 3490 1929 3540 nem,
1967 3475 2056 3544 qui
2085 3473 2469 3545 discipulorum
2496 3488 2718 3528 suorum
2746 3469 2976 3540 principi
3006 3468 3059 3522 in
3093 3467 3206 3522 suis
3233 3467 3379 3521 latus

1785 3575 1869 3620 cst
1901 3565 2236 3636 Evangeliis:
2265 3585 2284 3614 ‹
2313 3563 2531 3629 Simon,
2572 3563 2856 3632 inquiens:
2881 3561 3026 3616 Ecce
3067 3558 3239 3614 Satan
3283 3575 3379 3614 es-

1788 3657 1978 3726 petivit
2034 3665 2092 3710 ut
2122 3657 2390 3711 cribraret
2428 3670 2522 3710 vos
2553 3656 2694 3710 sicut
2733 3653 2823 3724 qui
2865 3653 3075 3708 cribrat
3113 3652 3378 3715 triticum,

1783 3765 1890 3820 ego
1920 3758 2100 3804 autem
2116 3763 2224 3820 pro
2254 3758 2304 3803 te
2334 3748 2516 3819 rogavi
2547 3757 2604 3802 ttt
2635 3762 2740 3802 non
2765 3746 2985 3802 deﬁciat
3007 3746 3147 3801 ﬁdes
3180 3754 3294 3809 tua,
3327 3754 3384 3799 et

1791 3851 1847 3896 tu
1875 3840 2163 3910 aliquando
2185 3840 2446 3895 conﬁrma
2476 3840 2672 3894 fratres
2700 3847 2820 3894 tuos
2843 3837 2996 3910 (Luc.
3038 3853 3175 3903 xm,
3208 3836 3319 3907 5|).
3351 3855 3401 3889 θ’

1792 3933 2110 3990 Consideret
2161 3933 2346 4002 itaque
2379 3942 2559 3988 vestra
2608 3931 2879 3987 excellens
2905 3928 3195 4000 prudentia
3215 3942 3381 3998 quam

1794 4028 1996 4082 bonum
2040 4026 2112 4082 sit
2139 4025 2506 4097 supersistere
2549 4026 2603 4079 in
2645 4025 3048 4095 dispensatione
3082 4021 3235 4079 vobis
3265 4034 3385 4076 cre-

1796 4120 1930 4184 dita,
1983 4127 2040 4174 et
2080 4119 2133 4172 in
2176 4117 2287 4173 ﬁde
2330 4125 2507 4184 recta,
2562 4124 2728 4186 atque
2774 4114 3047 4171 haereticis
3075 4122 3133 4169 et
3177 4111 3387 4169 aemulis

1792 4211 1995 4266 Christi
2034 4224 2358 4280 repugnare,
2406 4219 2461 4263 et
2488 4223 2762 4278 nunquam
2811 4223 2842 4262 a
2885 4207 3130 4262 veritatis
3170 4205 3388 4261 tramite

1799 4303 2090 4367 declinare,
2120 4301 2376 4372 quoniam
2400 4300 2657 4356 Dominus
2676 4311 2732 4354 et
2745 4299 2996 4355 Salvator
3014 4299 3257 4356 omnium
3289 4313 3387 4353 cu-

76 4391 446 4447 militudines
481 4405 688 4445 morum
717 4400 773 4445 et
794 4391 1148 4447 contumaciae
1170 4391 1612 4457 inobedientium,
1644 4401 1700 4447 et
1796 4393 1885 4464 jus
1911 4394 2014 4448 ﬁde
2033 4401 2134 4459 est,
2158 4393 2249 4462 qui
2271 4407 2370 4462 pro
2401 4391 2555 4447 nobis
2578 4391 2714 4447 mori
2739 4407 2844 4447 non
2875 4391 3160 4454 dubitavit,
3189 4399 3242 4445 et
3267 4404 3390 4458 pro-

76 4484 472 4556 malignarum
512 4481 614 4536 tela
647 4481 975 4552 linguarum,
1009 4482 1314 4554 quibusque
1337 4482 1694 4539 conﬂictatio-

1803 4485 1922 4555 prio
1951 4499 2050 4539 nos
2072 4499 2172 4540 suo
2199 4483 2428 4539 redemit
2452 4483 2734 4556 sanguine;
2763 4483 2855 4552 qui
2888 4483 3045 4538 ﬁdem
3078 4481 3218 4536 beati
3242 4479 3390 4533 Petri

77 4577 265 4632 ribus
290 4574 604 4631 communia
631 4589 846 4645 semper
866 4575 1110 4630 membra
1141 4575 1424 4646 pulsantur
1451 4617 1466 4643 ,
1497 4592 1527 4632 a
1554 4576 1697 4632 nulla
1729 4558 1779 4617 υ
1801 4593 1914 4633 non
1940 4575 2274 4632 defecturam
2299 4575 2570 4645 promisit,
2593 4583 2649 4629 et
2687 4573 3012 4630 conﬁrmare
3039 4586 3161 4626 eum
3191 4571 3388 4625 fratres

73 4669 329 4739 piorum
397 4666 574 4736 portio
633 4663 1034 4722 conﬂictatione
1097 4667 1168 4721 sit
1221 4667 1415 4724 libera.
1492 4670 1570 4725 lta
1641 4679 1700 4725 ut

76 4759 372 4832 periculis
437 4772 540 4814 nec
599 4758 713 4814 otio
777 4768 1046 4823 careant,
1109 4775 1208 4815 nec
1271 4759 1463 4817 labore
1488 4800 1512 4825 .,
1576 4775 1700 4816 nam

77 4851 218 4905 haec
266 4856 332 4903 et
386 4846 568 4902 omnia
611 4847 948 4902 incrementa
979 4848 1342 4918 probabilium
1375 4849 1701 4917 studiorum,

76 4942 238 4997 etin
288 4940 378 4994 eis
406 4954 577 5008 usque
616 4939 672 4994 in
715 4937 874 4994 ﬁnem
913 4941 1316 5011 perseverantia
1353 4953 1516 5014 atque
1550 4944 1706 4999 bona:

81 5036 270 5108 151
345 5034 639 5090 voluntatis
700 5033 1035 5089 incrementa
1089 5033 1157 5088 ad
1209 5033 1413 5091 Christi
1473 5037 1705 5106 gratiam

78 5143 338 5160 ρΛση-ἰοο
367 5135 488 5160 clunt
538 5124 786 5160 rural-and
798 5141 818 5160 ’ἱ

886 5138 937 5160 nl
974 5126 1024 5160 in
1069 5127 1317 5160 Λινιηῖιιηο
1353 5144 1472 5160 num
1502 5131 1708 5160 ηηέιιιηη

1807 4685 1937 4725 suos
1963 4667 2245 4723 admonuit
2271 4669 2416 4738 quod
2448 4666 2770 4736 apostolicos
2802 4664 3086 4734 pontifices
3117 4677 3254 4717 mea:
3274 4663 3395 4717 exi-

1808 4761 2032 4833 guitatis
2079 4761 2507 4830 pmedecessores
2554 4755 2893 4814 conﬁdenter
2943 4756 3138 4812 fecisse
3179 4769 3398 4823 semper

1811 4850 2026 4906 cunctis
2053 4858 2134 4903 est
2162 4847 2461 4920 cognitum,
2482 4860 2712 4917 quorum
2737 4854 2794 4899 et
2820 4844 3091 4915 pusillitas
3117 4842 3410 4906 mea,licet

1809 4942 1988 5012 impar
2041 4940 2114 4996 sit
2164 4951 2221 4996 et
2267 4939 2503 5004 inﬁrma,
2551 4951 2649 5007 pro
2695 4950 2956 5010 suscepto
3003 4948 3191 4996 tamen
3229 4933 3416 4988 divina

1812 5031 2124 5102 dignatione
2177 5029 2484 5086 ministerio
2513 5067 2530 5092 ,
2579 5024 2915 5099 pedissequa
2960 5033 3110 5102 cupit
3164 5024 3424 5080 existere.

1817 5124 1907 5160 Vra
1934 5124 2076 5160 anim
2106 5124 2207 5160 ιιι-ἔα
2245 5119 2404 5160 ηηῑιίς
2425 5120 2514 5160 nni
2540 5115 2698 5160 huius
2737 5121 3034 5160 minium-3:
3067 5133 3211 5160 ηηης
3245 5131 3434 5160 stuen-
