3888 6452
496 367 635 430 -6l5

1359 376 1647 433 APPEND.
1686 377 1781 436 AD
1818 376 1988 436 SIEC.
2018 375 2108 432 1X.
2140 407 2208 417 —
2234 373 2485 433 lSlDORl
2525 373 2962 432 MERCATORIS
3667 385 3752 441 6ιῦ

529 489 632 543 erit
658 486 724 542 de
760 486 913 541 nobis
948 500 1069 542 cum
1096 502 1162 543 oe
1184 489 1486 544 commissis
1532 490 1687 546 nobis
1714 489 2016 554 animabus,
2047 496 2102 544 et
2128 501 2169 550 Α
2206 485 2348 539 niam
2377 495 2434 539 ut
2464 486 2683 541 habebit
2724 502 2751 538 a
2786 485 2894 542 Deo
2938 486 3097 556 digne
3145 490 3602 548 remunerationis
3641 509 3752 564 pne-

528 579 594 633 de
622 575 796 632 ofﬁcio
834 586 1083 647 suscepto
1134 580 1399 635 rationem
1439 580 1619 649 justus
1661 582 1825 653 judex
1852 581 2103 649 Christus

532 669 672 724 Deus
698 677 878 724 noster
924 669 1224 725 districtam
1257 672 1515 742 exegerit.
1548 672 1690 739 Ideo,
1729 672 1948 737 fratres,
1974 674 2105 730 bor-

530 766 617 812 tor
639 757 978 812 dilectionem
1010 766 1267 824 vestram,
1295 745 1540 814 obtestor
1563 768 1618 814 et
1652 774 1863 825 moneo,
1896 769 1956 815 ut
1984 776 2104 831 qua;

531 849 738 903 debetis
764 856 819 905 et
857 840 1082 918 potestis
1123 849 1483 905 sollicitudine
1510 850 1748 920 vigiletis
1773 851 1840 905 ad
1878 850 2102 905 investi-

490 959 496 973 ε
530 939 735 1009 gandos
760 939 1044 993 haereticos
1071 945 1125 993 ct
1168 938 1413 994 inimicos
1443 948 1644 994 sanctae
1690 939 1780 993 Dei
1828 939 2101 1006 Ecclesiae,

526 1037 586 1083 et
619 1043 649 1081 a
677 1029 789 1083 suis
831 1026 1100 1082 mentibus
1128 1042 1195 1082 ne
1219 1028 1386 1098 pestis
1430 1029 1542 1083 haec
1589 1027 1749 1083 latius
1779 1028 2104 1101 divulgetur,

532 1120 819 1176 severitate
841 1133 948 1189 qua
971 1118 1197 1188 potestis
1231 1133 1329 1189 pro
1369 1117 1576 1173 viribus
1612 1119 1940 1189 exstirpctis,
1970 1134 2106 1188 quo-

2206 575 2371 629 mium
2399 576 2490 644 qui
2513 575 2817 645 diligentius
2838 576 2979 647 quod
3008 577 3075 631 ad
3097 577 3323 633 salutem
3355 583 3657 638 commissa:
3671 586 3753 641 sibi

2205 666 2375 735 plebis
2399 665 2663 737 proﬁciat,
2705 666 2869 722 fuerit
2906 676 3195 725 exsecutus
3217 709 3233 734 ,
3266 668 3339 725 ita
3390 680 3520 727 ante
3549 672 3752 731 tribunal

2207 758 2416 812 Domini
2447 759 2513 813 de
2540 767 2687 814 reatu
2720 759 3055 831 negligentia:
3078 774 3136 816 se
3160 776 3266 815 non
3302 764 3505 832 poterit
3524 780 3754 822 excusare

2208 849 2513 920 quicunque
2536 850 2751 919 plebem,
2775 866 2927 905 suam
2954 859 3138 906 contra
3166 852 3446 924 sacrilegae
3472 856 3755 924 prasuasio—

2210 939 2295 993 nis
2323 948 2573 994 auctores
2611 939 2845 994 noluerit
2872 941 3164 995 custodire.
3216 941 3349 996 Data
3401 959 3477 998 xx
3514 943 3749 1001 Kalendas

2211 1029 2548 1095 Novembris,
2598 1029 2896 1101 Nepotiano
2947 1041 3001 1087 et
3031 1032 3280 1109 Secundo
3321 1033 3458 1090 viris
3478 1034 3755 1093 clarissimis

2213 1120 2540 1176 consulibus.

547 1246 3682 1276 W

1102 1405 1736 1497 INCIPIUNT
1809 1402 2342 1495 DECRETA
2409 1404 2730 1494 JULII
2810 1404 3192 1494 PAPE.

607 1609 800 1678 Incipit
841 1607 1080 1662 Romana
1119 1605 1353 1678 synodus
1399 1602 1579 1658 habita
1610 1616 1639 1654 a
1684 1599 1824 1655 Julio
1854 1613 2009 1670 papa,
2053 1607 2107 1653 et

539 1700 760 1769 reliquis
784 1698 1094 1753 ortliodoxis
1120 1696 1402 1767 episcopis.
1441 1768 1448 1774 _
1574 1762 1577 1771 .

608 1790 666 1844 In
702 1790 917 1844 nomine
970 1787 1175 1842 Domini
1223 1786 1315 1839 Dei
1354 1793 1408 1839 et
1447 1781 1741 1838 Salvatoris
1788 1778 1957 1835 nostri
1985 1776 2110 1833 Iesu

528 1882 760 1943 ‘Christi,
793 1878 1180 1948 imperantibus
1205 1890 1417 1946 quoque
1444 1871 1756 1928 Constantio
1782 1879 1832 1926 ct
1859 1869 2114 1924 Constan-

540 1983 594 2028 te
622 1971 897 2043 Augustis,
946 1984 1086 2024 anno
1131 1978 1348 2037 quarto,
1386 1964 1485 2020 sub
1514 1964 1597 2018 die
1636 1978 1725 2016 χιχ
1756 1960 2114 2015 Kalendarum

2209 1612 2275 1652 ex
2316 1597 2444 1662 Deo,
2474 1595 2655 1653 lumen
2685 1612 2750 1653 ex
2783 1596 3007 1664 lumine,
3040 1599 3209 1656 Deum
3248 1616 3438 1656 verum
3468 1617 3530 1658 ex
3565 1603 3663 1659 Deo
3685 1621 3754 1660 ve-

2216 1703 2299 1747 ro,
2342 1695 2550 1751 natum,
2596 1701 2702 1740 non
2736 1686 2958 1753 factum,
2990 1688 3502 1746 consubstantialem
3531 1693 3661 1747 Patri
3683 1710 3752 1763 per

2214 1789 2374 1843 quem
2406 1774 2584 1829 omnia
2617 1773 2760 1829 facta
2804 1784 2929 1830 sunt
2953 1793 2966 1830 :
2990 1786 3045 1832 et
3065 1792 3184 1847 quae
3222 1778 3276 1833 in
3320 1778 3486 1845 caelo,
3515 1791 3570 1836 et
3592 1798 3693 1851 qua:
3713 1785 3752 1837 in

2218 1873 2361 1919 terra
2391 1881 2405 1929 ;
2447 1865 2536 1934 qui
2568 1874 2788 1935 propter
2834 1882 2932 1921 nos
2955 1867 3203 1924 homines
3226 1876 3281 1923 et
3307 1879 3535 1941 propter
3553 1881 3751 1927 nostram

2220 1956 2443 2011 salutem
2472 1957 2779 2022 descendit;
2804 1966 2859 2013 et
2880 1958 3191 2015 incarnatus
3217 1969 3321 2027 est,
3347 1970 3405 2016 et
3433 1961 3592 2017 homo
3615 1963 3754 2017 iactus

538 2027 880 2127 Gctob'rium,
933 2060 1227 2114 indictione
1273 2067 1447 2121 sexta,
1479 2055 1799 2126 prmsidente
1845 2059 2031 2105 sancto
2054 2065 2115 2104 ac
2150 2027 2190 2086 Β
2219 2056 2324 2112 est,
2356 2062 2564 2117 passus.
2616 2048 2683 2103 Et
2720 2049 3017 2104 resurrexit
3047 2051 3201 2106 tertia
3247 2050 3359 2117 die,
3392 2059 3449 2107 et
3476 2054 3694 2109 ascendit
3712 2055 3749 2108 in

540 2153 860 2209 beatissimo
881 2150 1022 2206 Julio
1056 2165 1195 2219 papa
1224 2148 1366 2202 sedis
1399 2144 1706 2216 apostolicm
1738 2141 1888 2196 urbis
1909 2141 2113 2201 Romae,

534 2244 839 2316 prsnpositis
887 2228 1245 2297 sacrosanctis
1295 2247 1349 2294 et
1394 2235 1787 2292 vencrabilibus
1818 2231 2118 2302 Evangeliis

504 2334 598 2388 “in
625 2332 861 2387 Ecclesia
888 2330 1207 2385 DontiniDei
1233 2337 1286 2383 et
1308 2327 1602 2382 Salvatoris
1630 2324 1799 2379 nostri
1824 2319 2121 2377 JesuChri-

504 2440 510 2444 '
544 2426 635 2490 sti,
662 2439 784 2495 quae
811 2431 1037 2479 vocatur
1062 2419 1506 2476 Constantiniana
1525 2458 1539 2483 ,
1571 2415 1929 2471 residentibus
1957 2412 2119 2467 etiam

542 2518 678 2572 viris
720 2515 1119 2572 venerabilibus
1154 2513 1464 2584 pariterque
1509 2523 1629 2565 cum
1672 2522 1736 2562 eo
1782 2504 2122 2583 audientibus

516 2609 833 2665 'llencdicto
894 2604 1222 2676 Aquileiensi
1275 2602 1571 2673 episcopo,
1625 2598 1766 2653 Rufo
1802 2606 1805 2609 '
1838 2593 2122 2664 Carthagi-

512 2700 697 2755 nensi
746 2699 1020 2769 episcopo,
1069 2694 1294 2765 Agapito
1343 2689 1670 2746 Ravennatis
1719 2685 1961 2741 ecclesia:
2009 2682 2122 2752 cpi-

545 2803 729 2857 scopo,
762 2786 902 2841 Julio
945 2782 1329 2839 Medioluncnsi
1378 2781 1652 2849 episeopo,
1701 2776 1939 2831 Luciano
1978 2773 2122 2828 Mau—

514 2877 782 2931 ‘rianeusi
828 2886 884 2930 et
933 2873 1154 2944 reliquis
1184 2888 1303 2927 cum
1344 2872 1421 2926 eis
1453 2880 1667 2925 centum
1716 2866 1986 2921 sexdecim
2017 2864 2126 2935 cpi-

517 2968 748 3038 oscnpis,
777 2966 952 3022 Julius
984 2964 1359 3019 sanctissimus
1385 2962 1673 3033 praedictus
1709 2959 1990 3038 episcopus
2029 2972 2122 3010 ur-

526 3036 846 3113 :v-bisltomae
867 3057 1001 3110 dixit
1025 3070 1040 3109 :
1069 3054 1282 3110 Sanctre
1312 3053 1402 3107 Dei
1429 3060 1483 3107 et
1512 3043 1817 3121 apostolica:
1843 3036 2046 3120 synodo
2071 3053 2125 3101 et

530 3148 641 3204 Dei
676 3149 973 3213 voluntate,
1006 3155 1061 3202 et
1086 3147 1258 3217 gratia
1288 3143 1519 3199 indivisa
1544 3140 1921 3198 communione
1951 3139 2122 3194 sancti

542 3240 781 3311 Spiritus
803 3239 856 3293 in
873 3241 971 3294 hac
992 3246 1351 3293 consonanter
1365 3244 1418 3290 et
1439 3234 1765 3289 unanimiter
1790 3238 2126 3302 congregatae

549 3332 769 3401 antiqua
828 3330 966 3385 alma
1019 3330 1153 3384 urbe
1197 3327 1380 3381 Roma:
1416 3326 1482 3379 ad
1528 3323 1991 3380 continuationem
2040 3334 2125 3375 sa-

547 3436 697 3476 cram
727 3429 784 3476 et
811 3419 1198 3476 correctionem
1230 3416 1350 3471 ﬁdei
1374 3424 1591 3479 nostrae,
1616 3421 1669 3467 et
1692 3411 2125 3467 Christianorum
2157 3428 2197 3486 ε

550 3508 1216 3579 immaculatmdisciplinte
1234 3546 1250 3573 ,
1293 3515 1352 3560 ut
1376 3506 1568 3570 nostis,
1596 3502 1887 3559 beatissimi
1908 3501 2124 3566 fratres,

540 3619 772 3660 necesse
799 3612 883 3659 est
908 3603 1177 3674 cogitare,
1199 3610 1258 3655 et
1294 3607 1653 3656 consonanter
1676 3611 1865 3651 onmcs
1903 3609 2003 3651 nos
2031 3595 2126 3650 do-

522 3710 682 3751 ἀτε
710 3694 1007 3750 secundum
1053 3701 1301 3747 naturam
1329 3691 1422 3745 Dei
1456 3688 1673 3756 summi,
1718 3697 1772 3743 et
1820 3687 2000 3743 Patris
2042 3700 2131 3741 sa-

528 3785 807 3856 .pientiam
841 3783 1048 3839 Domini
1080 3783 1174 3838 Dei
1202 3791 1257 3837 et
1294 3781 1589 3836 Salvatoris
1617 3779 1787 3834 nostri
1828 3776 1952 3833 Jesu
1979 3775 2133 3833 Chri-

527 3877 620 3932 -sti
668 3876 814 3932 omni
866 3875 1192 3930 desideranti
1250 3875 1538 3929 humanam
1583 3871 1924 3940 div-inanique
1966 3869 2018 3924 in
2065 3882 2130 3924 eo

534 3975 842 4022 attestaute
867 3965 1119 4021 Veritatis
1138 3979 1269 4019 voce
1288 3971 1557 4029 naturam,
1587 3980 1605 4014 ι
1626 3960 1873 4030 quoniam
1887 3959 1978 4030 qui
1999 3974 2129 4014 con-

551 4056 792 4111 ﬁtebitur
840 4070 926 4109 me
983 4069 1164 4108 coram
1210 4053 1517 4108 hominibus
1569 4051 1867 4106 conﬁtebor
1911 4058 1967 4104 et
2032 4064 2131 4120 ego

532 4162 676 4202 eum
703 4161 885 4202 coram
922 4146 1085 4200 Patre
1121 4159 1244 4199 meo
1272 4144 1361 4216 qui
1408 4144 1463 4197 in
1508 4143 1660 4199 caelis
1683 4151 1786 4204 est,
1823 4141 1922 4209 Qui
1950 4149 2129 4195 autem

553 4236 832 4306 negaverit
868 4251 954 4289 me
991 4247 1048 4289 et
1071 4235 1234 4289 verba
1262 4249 1402 4299 mea,
1447 4236 1654 4305 negabo
1680 4250 1802 4288 eum
1829 4241 1883 4288 et
1909 4248 2009 4304 ego
2036 4247 2129 4288 co-

550 4325 859 4381 ramPatre
894 4340 1014 4381 meo
1056 4325 1145 4395 qui
1197 4326 1249 4380 in
1291 4324 1441 4379 cmlis
1486 4335 1569 4380 est
1618 4323 1830 4391 (Matth.
1862 4340 1917 4390 x,
1960 4324 2073 4386 55).
2107 4340 2126 4374 ι

557 4416 710 4472 Unde
736 4426 969 4487 Oportet,
998 4425 1059 4472 ut
1097 4417 1270 4489 primo
1297 4419 1454 4473 [idem
1481 4427 1840 4473 trecentorum
1862 4417 2046 4471 decem
2077 4424 2132 4469 et

550 4521 678 4568 octo
705 4511 928 4567 Patrum
960 4511 1012 4566 in
1040 4511 1251 4567 Nicama
1279 4512 1481 4585 synodo
1520 4510 1920 4567 corroboratam
1962 4525 2130 4581 pona-

555 4618 696 4668 mus,
748 4612 805 4658 et
848 4604 1187 4673 postmodum
1214 4619 1337 4674 qua:
1381 4602 1682 4658 necessaria
1727 4608 1851 4656 sunt
1904 4600 2135 4657 ﬁdeliter

555 4703 877 4749 tractemus.
935 4695 1033 4750 Cui
1063 4694 1132 4750 ab
1182 4695 1431 4750 omnibus
1479 4709 1585 4748 una
1629 4708 1759 4748 voce
1815 4707 2131 4762 responsum

2219 2138 2407 2205 oculos,
2454 2148 2508 2195 et
2545 2149 2807 2195 venturus
2838 2148 2921 2195 est
2942 2139 3188 2209 judicare
3232 2141 3384 2197 vivos
3428 2151 3483 2197 et
3533 2154 3750 2199 mortuos.

2219 2230 2285 2284 Et
2360 2231 2411 2284 in
2479 2231 2741 2300 Spiritum
2823 2243 3092 2298 sanctum,
3153 2234 3400 2290 dicentes
3448 2244 3621 2291 autem
3663 2245 3751 2291 erat

2220 2323 2436 2390 quando
2486 2337 2592 2376 non
2634 2330 2775 2389 erat,
2821 2332 2914 2379 aut
2972 2334 3233 2379 nouerat
3277 2334 3568 2394 antequam
3612 2324 3749 2389 ﬁeret,

2221 2423 2313 2467 aut
2338 2413 2462 2482 quia
2502 2428 2565 2469 ex
2595 2431 2698 2469 non
2738 2416 3094 2472 existentibus
3118 2414 3291 2472 factus
3322 2427 3430 2481 est,
3466 2426 3555 2473 aut
3596 2432 3652 2473 ex
3689 2420 3749 2470 al-

2223 2514 2335 2560 tera
2392 2505 2689 2561 substantia
2753 2507 2840 2563 vel
2914 2509 3148 2564 essentia
3211 2510 3457 2567 dicentes
3503 2526 3633 2575 esse,
3679 2521 3749 2564 aut

2222 2603 2502 2661 creatum;
2572 2606 2665 2651 aut
2730 2598 3149 2655 convertibilem.
3210 2599 3412 2656 Filium
3485 2601 3575 2657 Dei
3623 2602 3749 2656 :bos

2223 2686 2357 2742 tales
2404 2688 2881 2743 anathematizavit
2920 2690 3185 2745 catholica
3233 2700 3290 2746 et
3356 2693 3636 2763 apostolica
3675 2693 3749 2746 Ec-

2223 2775 2418 2841 clesia,
2470 2776 2609 2832 hanc
2681 2777 2838 2833 ﬁdem
2900 2780 3281 2836 venerabiliter
3331 2784 3555 2839 trecenti
3604 2783 3747 2838 decem

2225 2877 2275 2920 et
2304 2875 2428 2922 octo
2450 2878 2783 2938 agnoverunt
2799 2878 2851 2924 et
2864 2872 3747 2930 corroboraveruntconsonanteset

2227 2957 2509 3011 unanimes
2540 2958 2756 3027 scriptis
2788 2960 3228 3030 explanaverunt.
3258 2964 3395 3018 Nam
3428 2964 3661 3018 Dominus
3681 2980 3748 3017 no-

2227 3057 2340 3102 ster
2378 3042 2599 3104 mittens
2637 3050 2703 3103 ad
2743 3050 3129 3119 praadicantum
3181 3052 3473 3124 discipulos
3504 3069 3618 3109 suos
3659 3055 3744 3107 ait:

2233 3158 2251 3191 ι
2280 3139 2504 3205 Euntes,
2532 3140 2720 3196 docete
2767 3156 2956 3197 omnes
2983 3151 3194 3214 gentes,
3240 3144 3573 3215 baptizantes
3594 3159 3673 3199 eos
3707 3145 3745 3196 in

2226 3230 2438 3284 nomine
2452 3228 2645 3295 Patris,
2663 3239 2716 3286 et
2729 3230 2875 3297 Filii,
2898 3242 2954 3287 et
2967 3232 3201 3302 Spiritus
3213 3236 3387 3289 sancti
3405 3232 3584 3306 (Matii.
3597 3247 3743 3294 xxrut,

2227 3321 2339 3391 l9),
2372 3342 2390 3374 ι
2424 3324 2489 3377 de
2513 3323 2708 3392 quibus
2732 3332 2787 3378 et
2813 3322 3141 3381 aﬁirmamus
3167 3326 3238 3379 ita
3268 3327 3489 3392 habere,
3513 3335 3563 3382 et
3601 3326 3660 3380 ita
3684 3339 3747 3377 sa-

2231 3429 2378 3485 pere.
2404 3415 2497 3470 sed
2518 3416 2679 3470 etiam
2701 3416 2901 3471 dudum
2929 3418 3007 3473 sic
3026 3418 3296 3481 habuisse.
3325 3429 3383 3476 et
3407 3421 3480 3476 ita
3509 3419 3743 3489 sapuissse.

2227 3514 2282 3559 et
2313 3520 2481 3575 usque
2507 3494 2574 3561 ad
2613 3516 2838 3563 mortem
2869 3523 2966 3578 pro
2994 3510 3096 3564 hac
3122 3510 3323 3565 instare
3353 3511 3456 3566 ﬁde
3488 3510 3744 3566 anathema-

2233 3597 2467 3654 tizantcs
2509 3600 2722 3654 omnem
2757 3599 2874 3656 sine
2903 3599 3012 3655 Deo
3054 3600 3322 3656 haeresim.
3375 3602 3494 3658 llaec
3519 3601 3672 3658 omnia
3693 3614 3740 3653 ex

2231 3686 2416 3754 corde,
2449 3697 2503 3742 et
2522 3689 2702 3743 anima
2723 3690 2985 3758 sapuisse,
3010 3705 3076 3745 ex
3100 3706 3206 3760 quo
3238 3693 3482 3747 novimus
3505 3690 3742 3758 nosmetip-

2230 3792 2338 3846 sos,
2371 3787 2427 3832 et
2466 3793 2611 3834 nunc
2651 3794 2840 3849 sapere
2887 3788 2941 3835 et
2986 3779 3168 3837 dicere
3210 3798 3394 3838 coram
3438 3782 3743 3851 omnipotente

2232 3867 2341 3925 Deo
2366 3877 2421 3923 et
2467 3869 2693 3925 Domino
2719 3879 2902 3926 nostro
2934 3868 3059 3927 Jesu
3085 3872 3302 3928 (Ibi-isto
3324 3890 3445 3929 cum
3473 3874 3671 3928 veritate
3689 3880 3744 3924 ιεο

2231 3970 2454 4015 stamur.
2487 3959 2583 4016 His
2619 3961 2761 4015 enim
2793 3962 2865 4016 ita
2914 3963 3208 4033 prmlibatis
3237 3965 3470 4037 ingenita
3504 3964 3654 4027 Patris
3674 3975 3742 4015 na-

2233 4060 2351 4106 tura
2376 4061 2627 4107 extranea
2655 4062 2753 4117 est,
2786 4055 2878 4109 sed
2905 4056 3303 4125 przedicandum
3326 4069 3540 4114 estesse
3562 4057 3740 4113 consub-

2232 4145 2535 4201 5tantialcm
2566 4145 2709 4200 Patri
2740 4144 2957 4212 Filium,
3002 4162 3067 4202 eo
3101 4150 3241 4219 quod
3280 4151 3478 4206 nullam
3514 4147 3737 4219 aequalita-

2234 4245 2339 4291 tem
2379 4237 2444 4290 ad
2472 4246 2746 4293 creaturas
2793 4237 2963 4294 factas
2996 4240 3085 4293 Dei
3114 4241 3282 4297 Filius
3309 4244 3520 4306 habeat,
3553 4240 3631 4297 sed
3665 4236 3735 4292 soli

2229 4325 2376 4380 Patri
2406 4327 2634 4396 genitori
2657 4341 2752 4396 per
2772 4343 2988 4383 omnem
3019 4331 3235 4385 modum
3263 4334 3335 4389 sit
3372 4334 3566 4400 similis,
3592 4340 3638 4385 et
3660 4344 3734 4383 non

2229 4421 2304 4503 'sit
2352 4434 2414 4475 ex
2459 4420 2561 4476 alia
2591 4421 2826 4492 qualibet
2855 4427 3154 4482 substantia
3180 4428 3265 4483 vel
3306 4429 3549 4492 essentia,
3578 4424 3652 4481 sed
3689 4436 3735 4474 el

2232 4511 2410 4568 Patris
2442 4522 2566 4569 ante
2598 4515 2799 4570 omnia.
2838 4514 3114 4587 Siquidem
3141 4521 3409 4590 exquisita
3459 4529 3572 4578 sunt
3612 4516 3733 4584 ittipia

2233 4614 2285 4661 et
2314 4607 2519 4677 iniqua,
2547 4617 2600 4661 et
2630 4608 2745 4663 sine
2773 4608 2880 4664 Deo
2902 4612 3150 4682 dogmata
3171 4614 3314 4673 Arii.
3341 4624 3395 4671 et
3415 4610 3732 4670 consentienti:

2236 4697 2285 4753 ei
2315 4698 2414 4753 sub
2441 4701 2797 4770 praesentique
2817 4704 3056 4761 omnium
3082 4709 3299 4766 decreto
3324 4708 3617 4781 complacuit
3633 4718 3731 4758 ana-

554 4798 672 4843 est:
698 4788 782 4842 Ad
803 4788 909 4843 hoc
936 4789 1381 4848 convenimus.ut
1406 4795 1527 4857 post
1554 4786 1659 4841 hoc
1684 4785 1916 4856 primum
1943 4800 2133 4840 secun-
2163 4807 2211 4866 D
2238 4789 2576 4845 thematizari
2617 4792 2832 4861 impiam
2880 4792 2996 4863 ejus
3030 4807 3264 4871 sectam,
3308 4812 3365 4858 et
3405 4802 3566 4872 iniqua
3612 4804 3731 4864 atque

555 4879 684 4934 dum
735 4878 829 4934 Dei
872 4878 1200 4934 voluntatem
1257 4876 1539 4941 faciamus,
1591 4884 1646 4930 et
1696 4890 1726 4928 a
1784 4874 2130 4929 fundamento

557 4970 895 5026 CbristiJesu
920 4970 1259 5039 incipiamus,
1283 4968 1529 5023 etdenuo
1554 4981 1651 5038 pro
1669 4966 1895 5021 fratrum
1918 4979 2134 5035 oppres-

557 5062 710 5116 sione
733 5069 1027 5114 tractantes
1072 5059 1415 5124 laboremus;
1456 5057 1581 5128 quia
1623 5058 1749 5111 dum
1780 5056 1856 5111 illi
1893 5055 2133 5127 graviter

559 5149 884 5218 alﬂiguutur,
917 5164 1015 5204 nos
1056 5148 1348 5219 respirare,
1378 5160 1480 5202 nec
1510 5160 1788 5217 quiescere
1826 5158 2163 5218 possumus,-

560 5240 687 5310 quia
716 5239 841 5293 dum
872 5241 1109 5295 membra
1148 5248 1435 5305 vexantur,
1490 5253 1685 5309 corpus
1727 5237 1991 5307 reliquum
2039 5252 2128 5307 pa-

560 5345 703 5396 cem,
734 5338 836 5384 aut
866 5330 1112 5399 quietem
1145 5331 1367 5385 minime
1398 5330 1596 5385 habere
1632 5329 1849 5399 poterit,
1899 5328 2015 5384 haec
2052 5334 2137 5382 est

560 5423 704 5479 enim
737 5421 870 5476 ﬁdes
889 5419 1360 5492 Nio'cnatgenerali
1388 5429 1613 5476 tractata
1637 5420 1860 5492 synodo.

630 5512 913 5568 Credimus
926 5511 978 5564 iu
993 5514 1159 5565 unum
1181 5506 1994 5583 De'umPatrcm‘omipotentem,
2019 5524 2136 5563 om-

562 5601 710 5657 nium
771 5601 1062 5657 visibilium
1120 5600 1574 5671 invisibiliumque
1632 5600 1916 5667 factorem,
1990 5609 2044 5657 et
2079 5601 2132 5657 in

563 5707 730 5748 unum
751 5693 1035 5748 Dominum
1062 5692 1247 5748 Jesum
1267 5691 1537 5747 Christum
1563 5691 1756 5749 Filium
1793 5693 1909 5758 Dei,
1946 5700 2129 5748 natum

563 5794 627 5837 ex
646 5781 817 5843 Patre
829 5784 1162 5862 unigenitum
1180 5799 1195 5848 ;
1216 5783 1317 5838 hoc
1334 5791 1416 5838 est
1437 5783 1946 5862 substantiaPatris,
1966 5786 2132 5842 Deum

2237 4877 2354 4933 sine
2385 4879 2494 4933 Deo
2521 4880 2681 4935 verba
2729 4882 2888 4936 simul
2956 4894 3011 4940 et
3038 4887 3254 4945 nomina
3289 4893 3478 4962 quibus
3518 4891 3727 4947 utebatur.

2237 4967 2374 5024 Filio
2406 4968 2497 5024 Dei
2520 4969 2917 5040 blasphemans,
2948 4983 3003 5030 et
3022 4977 3206 5036 dicens
3245 4998 3315 5038 ex
3339 5000 3437 5039 non
3458 4980 3725 5040 exstantibus

2238 5070 2377 5123 esse,
2417 5066 2471 5112 et
2494 5058 2691 5113 iterum
2716 5059 2816 5116 fuit
2841 5062 3128 5133 aliquando
3153 5074 3367 5139 quando
3389 5091 3485 5132 non
3508 5074 3605 5128 fuit.
3627 5072 3727 5138 Quo»

2240 5149 2399 5204 modo
2426 5149 2569 5203 enim
2601 5149 2730 5215 fuit,
2782 5162 2877 5208 aut
2904 5159 3172 5223 quomodo
3201 5161 3393 5220 iterum
3415 5179 3508 5220 non
3547 5160 3658 5216 fuit?
3678 5156 3724 5211 Et

2240 5253 2339 5310 pro
2366 5240 2534 5294 libero
2560 5239 2786 5295 arbitrio
2814 5242 3049 5310 malitias,
3079 5256 3241 5318 atque
3260 5254 3468 5309 virtutis
3491 5250 3722 5322 capabilem

2237 5328 2430 5384 Filium
2485 5330 2581 5385 Dei
2629 5331 2889 5400 dicentes,
2942 5345 3245 5397 creaturam
3299 5346 3719 5401 nominanteseﬂm

2235 5427 2396 5489 atque
2426 5419 2710 5476 facturam.
2745 5421 2869 5479 Haec
2898 5439 3028 5497 ergo
3072 5432 3256 5486 omnia
3305 5433 3446 5491 fatua
3472 5444 3521 5492 et
3541 5430 3664 5487 anilia
3683 5431 3720 5478 et

2236 5510 2548 5585 blasphema
2601 5515 3074 5575 anathematizavit
3124 5535 3367 5582 sanetum
3395 5536 3445 5582 et
3487 5514 3720 5579 universale

2238 5604 2547 5671 concilium,
2582 5613 2638 5660 et
2675 5620 2774 5663 nec
2816 5600 2986 5679 usque
3020 5606 3088 5665 ad
3130 5616 3366 5673 a‘uditum
3406 5617 3558 5688 impia:
3582 5620 3714 5668 που).

2242 5709 2404 5768 atque
2466 5699 2676 5753 timoris
2732 5696 2939 5769 hujusa
2971 5715 3064 5761 aut
3116 5709 3436 5768 intellectum
3484 5708 3713 5776 iniquorum

2240 5803 2457 5846 sensum
2486 5794 2913 5849 accounnodant.
2943 5796 3019 5853 Ea
3059 5801 3272 5869 quidem
3301 5818 3413 5875 quae
3439 5802 3496 5858 de
3519 5798 3590 5854 illo
3608 5795 3711 5862 8'35“
