3888 6434
117 387 208 444 617

1270 389 1758 451 DECRETALIUM
1788 386 2197 450 COLLECTIO.

2039 316 2118 324 .H-

3252 372 3381 457 aut"

115 516 230 564 sunt
247 505 459 579 qualem
492 506 779 564 terminum
803 506 1112 567 habuerunt
1146 514 1325 569 omnia
1353 514 1465 585 jam
1487 513 1668 568 audis—
1695 512 1744 572 Α
1771 524 1890 565 cem
1910 519 1965 565 et
1985 515 2245 581 sequatur
2262 526 2406 578 eam,
2433 514 2559 582 quia
2580 509 2721 567 oculi
2745 509 2954 567 Domini
2981 526 3140 583 super
3157 510 3357 582 justus,
3405 502 3419 526 '

115 602 199 664 tis,
231 607 284 653 et
307 599 540 655 audietis
568 613 667 656 nec
701 615 800 656 nos
830 600 970 658 forte
999 603 1278 659 videamur
1296 604 1413 658 viro
1435 603 1675 673 obloqui,

113 698 321 759 prepter
340 686 594 742 delictum
609 703 764 744 suum
788 689 1112 762 improperia
1126 690 1285 763 digna
1299 692 1554 763 portanti.
1573 684 1677 744 Eos

115 776 243 833 enim
271 772 360 846 qui
382 777 626 833 dividunt
644 793 675 834 a
696 776 856 836 Patre
876 782 1178 836 substantia
1202 790 1259 838 et
1286 772 1584 845 divinitate,
1623 789 1677 836 et

115 869 361 925 alienatur
388 868 612 925 verbum
642 886 673 926 a
698 867 879 941 Patre,
929 873 1093 931 dividi
1124 874 1192 929 ab
1215 873 1456 930 Ecclesia
1489 873 1675 928 catho-

114 958 204 1014 lica
235 961 507 1027 convenit,
550 969 603 1016 et
645 976 767 1018 esse
790 962 998 1018 alienos
1040 978 1070 1017 a
1100 962 1316 1017 nomine
1339 961 1670 1017 Christiano.

115 1045 226 1103 Sint
272 1046 435 1119 igitur
476 1046 633 1105 nobis
672 1058 728 1106 et
779 1048 1028 1105 omnibus
1081 1046 1397 1115 anathema,
1427 1064 1492 1104 eo
1532 1050 1673 1121 quod

115 1138 333 1196 Verbum
360 1138 611 1195 veritatis
644 1139 931 1194 videantur
953 1154 1074 1196 esse
1108 1139 1415 1210 cauponali.
1449 1140 1673 1210 Aposto-

114 1228 258 1283 licum
296 1243 536 1299 namque
574 1238 901 1300 praeceptum
939 1239 1023 1285 est
1063 1245 1076 1283 :
1116 1228 1173 1285 Si
1222 1230 1345 1300 quis
1383 1230 1534 1284 vobis
1574 1245 1672 1293 ang-

114 1318 422 1374 nuntiaverit
476 1327 677 1390 praeter
714 1319 855 1389 quod
887 1319 1173 1397 accepistis
1195 1360 1209 1384 ,
1248 1321 1534 1375 anathema
1578 1321 1668 1375 sit.

114 1410 197 1464 llis
217 1425 342 1481 ergo
374 1409 583 1465 nullum
614 1410 1015 1465 communicare
1046 1410 1359 1467 denuntiate
1382 1429 1395 1465 :
1420 1411 1562 1466 nulla
1589 1417 1671 1466 est

113 1499 239 1553 enim
277 1498 699 1553 communicatio
746 1499 896 1553 lucis.
922 1497 989 1553 ad
1018 1499 1311 1567 tenebras;
1344 1501 1442 1555 hos
1484 1499 1668 1571 pellite

116 1588 285 1659 procul
310 1590 377 1644 ab
404 1591 693 1646 omnibus:
726 1590 871 1646 nulla
895 1592 1036 1646 enim
1060 1592 1346 1648 concordia
1377 1591 1576 1648 Christi
1599 1592 1666 1647 ad

1777 610 1832 653 et
1877 615 2036 655 aures
2081 602 2197 671 ejus
2220 602 2271 657 in
2306 617 2496 673 preces
2542 617 2754 669 eorum,
2804 602 2977 659 vultus
3022 611 3201 659 autem
3248 606 3353 660 Do-

1777 688 1910 744 mini
1966 707 2128 761 super
2172 692 2433 751 facientes
2488 693 2628 747 mala
2684 692 2745 757 (1
2792 691 2936 747 Petr.
2980 708 3071 761 tu,
3120 694 3291 765 8-12).
3330 710 3377 748 ια

1776 778 1915 847 Quid
1947 780 2096 851 pejus
2134 792 2237 849 est,
2271 781 2489 849 fratres,
2522 799 2682 856 quam
2715 793 2769 839 ut
2803 786 3112 840 sacerdotes
3143 779 3375 841 Domini

1778 869 1935 944 152
1968 875 2061 946 qui
2087 876 2155 931 ab
2181 876 2329 933 omni
2360 865 2501 932 mala
2554 872 3028 947 coinquinatione,
3051 884 3107 932 et
3131 892 3160 931 a
3187 864 3384 932 nocu-'

1772 973 1956 1019 mento
1979 965 2219 1020 omnium
2241 965 2671 1023 Christianorum
2698 966 2861 1020 alieni
2885 965 3079 1021 debent
3097 966 3353 1022 existere.
3376 960 3383 967 ’

1772 1061 1977 1139 (111311ιο
1998 1057 2170 1126 magis
2197 1071 2225 1110 a
2250 1056 2481 1111 fratrum
2508 1064 2563 1111 et
2587 1071 3026 1127 cocpnscoporum
3056 1072 3192 1128 quos
3218 1055 3354 1111 tueri
3378 1040 3383 1048 ’

1772 1146 1826 1197 ει
1852 1142 2134 1200 sublevare
2165 1146 2363 1200 debent
2408 1145 2477 1201 ab
2526 1144 2767 1212 insidiis,
2818 1154 2872 1200 et
2917 1159 3054 1215 quos
3095 1144 3275 1200 fovere
3303 1150 3356 1199 et

1770 1233 1994 1306 diligere
2009 1251 2350 1307 summopere
2364 1240 2594 1306 oportet,
2614 1245 3008 1313 persequuntur
3026 1250 3121 1291 eos
3139 1235 3352 1304 ejicere,
3377 1227 3381 1247 ί

1768 1331 1825 1377 ει
1843 1325 2219 1381 communione
2249 1326 2449 1397 privari
2475 1326 2799 1383 detractant.
2842 1325 2954 1382 Nec
2993 1324 3354 1382 recordamini

1767 1414 2082 1484 sapientiam
2110 1432 2230 1483 quae
2253 1417 2329 1471 ait
2352 1436 2365 1471 :
2388 1435 2407 1469 ι
2434 1417 2707 1473 Perversze
2730 1417 2873 1472 enim
2888 1416 3248 1487 cogitationes
3271 1428 3360 1472 se-

1766 1516 1959 1575 parant
1981 1507 2272 1564 hominesa
2298 1508 2404 1563 Deo
2427 1507 2610 1580 (Prov.
2628 1525 2715 1574 xv,
2734 1508 2881 1578 26);»
2905 1509 2948 1564 si
2977 1522 3244 1579 perversa:
3265 1521 3359 1562 co-

1765 1597 2052 1669 gitationes
2079 1610 2333 1670 separant
2378 1601 2622 1656 homines
2665 1617 2694 1655 a
2746 1601 2888 1667 Deo,
2937 1609 3140 1671 quanto
3187 1596 3361 1669 magis

114 1680 279 1736 Belial.
339 1679 573 1736 Servate
612 1696 738 1747 vos,
773 1679 969 1738 fratres
1018 1682 1342 1748 charissimi,
1383 1692 1441 1737 ut
1492 1698 1664 1754 neque
1762 1690 1925 1757 opera
1965 1688 2185 1757 iniqua?
2232 1688 2371 1756 Quid
2400 1690 2546 1744 enim
2591 1690 2819 1759 nequius
2845 1700 2927 1745 est
2962 1687 3255 1759 quantillis
3290 1688 3367 1742 de-

113 1775 340 1831 scribatis
352 1775 453 1841 eis,
477 1791 653 1846 neque
669 1790 853 1831 eorum
879 1775 1076 1845 scripta
1095 1775 1416 1846 suscipiatis.
1439 1774 1660 1831 Studete

1762 1778 1957 1846 quibus
1988 1777 2248 1834 Dominus
2271 1779 2379 1833 ait:
2418 1778 2549 1847 «Qui
2576 1794 2672 1833 vos
2697 1779 2887 1849 tangit,
2912 1776 3365 1855 tangitpnpillam-

115 1867 255 1921 simul
314 1875 370 1922 et
433 1882 551 1931 vos,
616 1869 812 1922 fratres
889 1866 1196 1922 charissimi
1283 1876 1335 1921 et
1389 1868 1669 1922 commini-
1699 1850 1747 1910 Β
1773 1870 2045 1926 oculi-mei
2073 1869 2257 1940 (Zac/i.
2291 1887 2362 1936 ιι,
2391 1870 2478 1941 8),
2506 1889 2523 1921 ι
2550 1871 2832 1940 quiSquam
2865 1850 3135 1935 avertere,
3165 1882 3355 1938 perse-

114 1957 219 2023 stri,
253 1966 508 2025 tanquam
539 1958 786 2027 spiritum
816 1965 869 2011 et
897 1963 1186 2026 praesentes
1215 1964 1396 2011 nostro
1442 1957 1671 2011 concilio

115 2046 421 2112 consentire,
447 2053 614 2116 atque
636 2045 1030 2114 subscriptione
1063 2054 1241 2099 vestra
1271 2045 1586 2110 decernere,
1617 2055 1674 2101 ut

117 2136 173 2188 ab
209 2135 453 2190 omnibus
483 2135 684 2204 ubique
715 2134 1106 2191 comministris
1140 2136 1337 2190 nostris
1372 2152 1667 2191 consonan-

117 2225 177 2279 tia
218 2242 318 2282 una
366 2235 640 2283 servetur.
687 2227 1014 2283 Abdicamus
1060 2236 1238 2284 autem
1276 2228 1395 2284 illos
1422 2237 1477 2283 et
1517 2239 1668 2286 extra

117 2316 354 2371 terminos
391 2316 676 2373 Catholicm
715 2318 969 2374 Ecclesia:
998 2319 1182 2389 procul
1219 2318 1554 2389 abjiciamus,
1580 2322 1672 2391 qui

117 2421 205 2459 non
247 2405 514 2486 aﬂirmant
564 2406 705 2477 quod
755 2407 895 2464 Deus
940 2417 1021 2463 cst
1050 2409 1336 2476 Christus,
1364 2411 1457 2465 sed
1483 2413 1669 2469 aiunt:

119 2510 258 2550 verus
280 2497 417 2552 Deus
443 2512 557 2552 non
585 2507 687 2565 est,
718 2499 842 2567 quia
871 2499 1039 2555 Filius
1063 2510 1166 2566 est,
1195 2502 1288 2557 sed
1315 2518 1476 2558 verus
1502 2502 1672 2560 Filius

121 2601 210 2639 non
239 2595 336 2655 est,
362 2604 432 2644 ne
474 2591 693 2658 genitus
717 2590 787 2644 sit
815 2591 975 2645 simul
999 2600 1053 2646 et
1089 2592 1378 2664 ingenitus.
1410 2592 1500 2649 Sic
1530 2597 1671 2650 enim

119 2693 166 2730 se
195 2678 481 2750 intelligere
510 2689 696 2734 natum
721 2681 1064 2750 profitentur,
1095 2684 1221 2754 quia
1251 2683 1329 2739 sic
1364 2684 1619 2739 dixerunt
1646 2705 1657 2740 :

119 2766 251 2833 Quod
290 2779 473 2824 natum
515 2778 600 2825 est
648 2771 852 2827 factum
888 2782 989 2829 εει.
1014 2774 1080 2829 Et
1101 2775 1225 2844 quia
1258 2791 1379 2830 cum
1428 2775 1674 2833 Christus

121 2864 224 2911 ante
252 2858 440 2913 smcnla
463 2860 562 2925 sit,
592 2859 857 2916 dederunt
878 2862 926 2916 ei
954 2857 1274 2933 principium
1303 2873 1465 2935 atque
1492 2864 1673 2931 ilnetn,

119 2949 240 3016 quod
266 2967 365 3005 non
387 2952 439 3005 in
468 2961 732 3022 tempore,
762 2954 853 3010 sed
882 2956 1041 3011 habet
1064 2966 1188 3013 ante
1214 2961 1428 3014 saecula.
1447 2959 1674 3017 Oremus

121 3036 325 3093 simulet
352 3056 451 3109 pro
483 3041 641 3097 nobis
663 3043 911 3099 omnibus
941 3054 995 3099 et
1018 3045 1239 3116 reliquis
1267 3049 1540 3118 oppressis
1568 3048 1674 3104 fra-

123 3128 288 3195 tribus,
310 3128 366 3185 m
406 3119 509 3201 ipsi
539 3143 798 3188 eruantur
826 3134 999 3202 illaesi,
1032 3145 1086 3192 et
1109 3149 1392 3194 serventur
1420 3140 1674 3197 immacu-

121 3215 218 3281 lati,
247 3229 301 3274 ut
345 3238 465 3291 quae
498 3219 637 3278 bene
662 3225 981 3301 placuerunt
1009 3226 1160 3280 firma
1189 3239 1544 3297 permaneant
1569 3245 1670 3301 per
1701 3211 1746 3275 (ἶ

122 3305 373 3365 Dominum
397 3323 646 3368 nostrum
669 3312 850 3370 Jesum
866 3315 1141 3370 Christum
1165 3318 1457 3371 secundum
1476 3320 1668 3373 bonam

120 3396 419 3456 voluntatem
446 3400 613 3467 facta,
631 3403 787 3457 sicuti
811 3405 1082 3461 credimus
1102 3405 1196 3460 Dei
1219 3416 1266 3461 et
1291 3407 1468 3463 Patris
1487 3409 1537 3463 in
1553 3410 1674 3480 Spi-

121 3484 207 3538 ritu
222 3501 397 3545 saneto
410 3533 424 3555 ,
440 3492 531 3547 cui
556 3502 638 3546 est
655 3493 822 3563 gloria
846 3494 897 3548 in
919 3495 1112 3550 saecula
1129 3497 1464 3552 saeculorum.
1483 3502 1673 3555 Amen.

121 3571 328 3635 Trinitas
356 3582 838 3639 consubstantialis
875 3594 1076 3642 {eterna
1119 3595 1219 3642 est.
1266 3587 1396 3645 Data
1443 3589 1663 3646 Kalend.

120 3662 722 3736 Novembris,Feliciano
742 3681 797 3729 et
824 3673 1148 3731 Maximiano
1187 3677 1253 3732 ιν
1282 3678 1610 3734 consulibus.

123 3770 334 3843 Epistula
362 3781 719 3857 increpatoria
745 3780 881 3857 (alii
928 3800 1077 3857 papa:
1117 3784 1187 3837 ad
1229 3782 1521 3857 Orientales
1562 3788 1670 3857 epi-

178 3862 343 3920 scopo:
380 3851 697 3920 pro_causis
744 3851 1040 3920 Athanasii,
1083 3862 1132 3908 et
1160 3855 1449 3909 excessibus
1490 3851 1672 3912 contra

178 3912 454 3975 Romanam
471 3918 789 3975 Ecclesium.

177 4023 576 4086 Venerabilibus
650 4028 911 4087 fratribus
979 4031 1246 4089 universis
1308 4032 1671 4090 Orientalibus

121 4113 355 4187 episcopis
395 4119 608 4176 ιοιιυε.

178 4205 423 4265 Deeuerat
489 4226 626 4277 vos,
679 4210 875 4267 fratres
904 4255 919 4279 ,
968 4214 1102 4270 alios
1162 4215 1546 4273 ecclesiasticis
1591 4220 1669 4274 in.

121 4299 305 4350 struere
344 4298 668 4368 disciplinis,
716 4310 772 4355 et
809 4317 913 4375 non
970 4302 1162 4358 talibus
1203 4319 1430 4375 arguere
1469 4309 1672 4364 machi-

122 4384 344 4441 nantibus
401 4388 622 4444 dicente
670 4372 891 4446 Joanne.
940 4392 1178 4463 Baptista
1229 4404 1244 4446 ':
1272 4372 1291 4375 “
1318 4411 1337 4446 ι
1390 4393 1669 4453 Neminem

123 4473 430 4540 concutiatis,
444 4490 623 4545 neque
640 4476 960 4533 calumniam
985 4479 1195 4535 faciatis
1216 4480 1368 4553 (Luc.
1398 4499 1482 4551 ιιι,
1505 4484 1619 4556 14),
1642 4505 1662 4538 ι

123 4562 167 4609 ει
219 4560 429 4630 reliqua.
484 4563 560 4620 De
618 4581 721 4636 qua
776 4581 833 4622 re
888 4576 945 4623 et
991 4550 1265 4638 apostolus
1314 4550 1513 4628 Paulus
1563 4550 1663 4633 nos
1696 4550 1743 4609 θ

126 4644 314 4733 instruit
342 4654 530 4712 dicens
559 4672 573 4708 :
607 4675 625 4708 ι
655 4657 891 4722 Fratres,
917 4668 973 4716 et
998 4659 1045 4715 si
1072 4675 1481 4733 praeoccupatus
1502 4666 1665 4722 fuerit

127 4730 261 4791 homo
300 4740 351 4805 in
381 4743 573 4813 aliquo
593 4744 787 4801 delicto
804 4787 820 4814 ,
847 4763 943 4802 vos
965 4749 1056 4819 qui
1086 4730 1393 4820 spirituales
1419 4756 1554 4812 estis
1578 4758 1660 4813 in-

126 4827 290 4885 struite
335 4832 638 4904 hujusmodi
681 4838 736 4893 in
783 4841 975 4910 spiritu
1017 4842 1276 4911 lenitatis,
1309 4849 1661 4906 considerans

127 4916 348 5012 utipsam.
373 4942 437 4981 ne
464 4936 518 4982 et
542 4938 594 4983 tu
621 4932 839 4988 tenteris
859 4932 1002 5003 (Gal.
1020 4950 1097 5001 vr,
1123 4937 1198 5005 1),
1222 4958 1241 4991 ι
1271 4948 1327 4995 ει
1348 4940 1574 5012 reliqua.
1601 4944 1667 4998 Et

126 5006 232 5064 alibi
280 5014 461 5073 Petrus
504 5021 777 5089 apostolus
819 5025 937 5078 ait:
983 5043 1002 5077 ι
1038 5026 1237 5083 Omnes
1278 5006 1564 5089 unanimes
1610 5036 1671 5088 in

125 5100 339 5190 oratione
359 5116 550 5172 estote,
564 5113 978 5180 compatientes,
998 5114 1351 5175 fraternitatis
1373 5134 1664 5190 amatores,

128 5188 492 5263 misericordes,
522 5202 773 5267 modesti,
800 5204 1050 5272 humiles,
1084 5224 1190 5264 non
1218 5212 1507 5271 reddentes
1551 5188 1666 5272 tua;

126 5272 219 5332 lutn
248 5297 339 5351 pro
369 5288 539 5355 malo,
566 5291 653 5347 vel
701 5293 1045 5352 maledictum
1090 5315 1189 5370 pro
1222 5303 1537 5367 maledicto,
1573 5310 1667 5364 sed

128 5376 426 5463 ecolttrario
452 5378 860 5447 benedicentcs,
889 5387 1017 5454 quia
1048 5390 1100 5443 in
1130 5391 1233 5446 hoc
1277 5394 1455 5449 vocati
1503 5398 1664 5463 estis,

128 5460 620 5552 IIl-benedictionem
659 5468 972 5533 haereditate
1009 5481 1353 5549 possideatis.
1392 5485 1494 5552 Qui
1524 5460 1668 5541 enim

131 5549 227 5647 vult
271 5557 430 5617 vitam
458 5564 681 5637 diligere
726 5575 782 5622 et
820 5568 1006 5627 videre
1046 5573 1160 5629 dies
1199 5576 1390 5641 bonos,
1416 5549 1672 5634 coerceat

130 5635 335 5713 linguam
361 5667 508 5711 suam
539 5635 575 5712 ιι
603 5657 763 5724 malo,
787 5668 844 5715 et
871 5660 1009 5717 labia
1034 5665 1150 5735 ejus
1172 5681 1242 5721 ne
1272 5635 1561 5737 loquantur
1578 5671 1669 5724 do-

132 5736 254 5800 ιιιιιις
291 5740 506 5804 declinet
536 5766 564 5805 a
593 5751 735 5808 malo
767 5762 823 5808 et
853 5753 1015 5812 faciat
1048 5759 1267 5825 bonum,
1309 5761 1551 5833 inquirat
1575 5778 1668 5834 ρει-
1696 5790 1699 5793 λ

1774 1957 1864 2031 qui
1888 2001 1902 2026 ,
1931 1960 2214 2017 destruere
2246 1961 2490 2017 nitatur?
2525 1959 2754 2015 Probata
2801 1974 2981 2015 autem
3030 1960 3203 2015 virtus
3230 1972 3361 2029 por-

1775 2062 1880 2120 tat,
1912 2055 2172 2127 protegit,
2200 2065 2253 2110 et
2297 2056 2610 2111 consolatur
2641 2070 2931 2127 oppressos
2977 2064 3031 2109 et
3073 2054 3233 2109 docet
3275 2054 3357 2109 in-

1774 2146 2078 2217 sipientetn.
2137 2147 2232 2203 Est
2267 2148 2412 2203 enim
2459 2148 2602 2204 Deus
2657 2147 2811 2202 testis
2864 2147 3046 2225 cordis
3089 2147 3355 2213 hominis,

1775 2248 2148 2311 scrutaturque
2202 2255 2367 2295 verus
2399 2239 2735 2311 singularum
2776 2238 3237 2293 conscientiarum
3258 2279 3272 2299 ,
3301 2245 3382 2315 ει¹

1774 2331 2079 2403 linguarum
2104 2332 2436 2403 singularum
2461 2331 2695 2394 auditor,
2719 2346 2880 2402 quam
2904 2329 3126 2398 spiritus
3148 2316 3357 2383 Dumini

1781 2424 2017 2496 replevit
2043 2426 2228 2482 orbem
2264 2434 2549 2487 terrarum,
2570 2443 2588 2474 ‹
2613 2432 2661 2475 ει
2687 2423 2787 2477 hoc
2816 2420 2955 2491 quod
2983 2420 3223 2475 continet
3245 2432 3361 2472 om-

1778 2517 1862 2571 nia
1891 2516 2172 2572 scientiam
2209 2516 2376 2571 habet
2403 2515 2606 2570 vocis.»
2651 2515 2716 2569 Et
2752 2514 2888 2568 alias
2923 2514 3062 2567 idem
3094 2511 3204 2583 ipse
3231 2511 3307 2565 ait
3341 2526 3355 2563 :

1777 2606 1919 2662 Deus
1947 2607 2190 2662 charitas
2215 2616 2299 2661 est
2322 2646 2338 2671 ,
2387 2605 2439 2658 in
2490 2604 2592 2659 hoc
2628 2605 2875 2674 apparuit
2904 2604 3145 2658 charitas
3177 2600 3359 2657 Dei'in

1782 2696 2232 2767 nobis,quoniam
2264 2695 2462 2750 Filium
2494 2711 2648 2750 sumn
2688 2695 3022 2767 unigenitum
3047 2694 3194 2749 misit
3218 2693 3360 2748 Deus

1778 2788 1830 2841 in
1858 2789 2111 2842 mundum
2133 2828 2147 2853 ,
2174 2797 2233 2842 ut
2259 2787 2504 2842 vivamus
2548 2803 2644 2857 per
2667 2802 2811 2842 eum.
2843 2787 2897 2841 in
2932 2787 3033 2841 hoc
3057 2795 3137 2840 cst
3173 2772 3381 2841 chari-'

1779 2887 1860 2934 tas
1876 2896 1979 2935 non
2001 2880 2154 2950 quasi
2180 2894 2277 2934 nos
2299 2879 2646 2934 dilexeritnus
2671 2879 2854 2940 Deum,
2876 2878 3080 2934 scilicet
3101 2878 3381 2947 quoniam

1778 2970 1890 3040 ipse
1920 2970 2066 3040 prior
2094 2968 2279 3023 dilexit
2310 2984 2439 3035 nos,
2477 2979 2532 3025 et
2557 2969 2707 3024 misit
2750 2968 2944 3023 Filium
2994 2984 3147 3022 suum
3180 2966 3357 3035 propi-

1779 3060 2051 3117 tiationem
2081 3076 2178 3132 pro
2206 3061 2442 3131 peccatis
2482 3061 2697 3117 nostris.
2732 3059 3051 3116 Charissimi
3076 3099 3089 3125 ,
3127 3058 3168 3113 si
3214 3058 3356 3114 Dens

1777 3151 1965 3206 dilexit
2002 3166 2101 3206 nos
2130 3161 2182 3205 et
2214 3167 2311 3206 nos
2341 3152 2599 3206 debemus
2632 3150 2861 3206 invicem
2894 3151 3151 3222 diligere;
3186 3147 3361 3209 Deunr

1779 3256 1935 3296 nemo
1962 3240 2094 3295 vidit
2121 3257 2377 3310 unquam.
2425 3240 2481 3296 Si
2526 3240 2808 3311 diligamus
2837 3240 3064 3295 invicem
3090 3280 3104 3304 ,
3135 3239 3274 3293 Deus
3302 3237 3355 3291 in
3454 3308 3457 3309 ν

1780 3330 1931 3384 nobis
1963 3337 2165 3395 manet,
2195 3338 2250 3383 et
2279 3328 2517 3383 charitas
2554 3330 2669 3399 ejus
2698 3329 2748 3382 in
2779 3328 2934 3382 nobis
2975 3326 3213 3398 perfecta
3236 3333 3352 3389 est;

1778 3419 1829 3472 in
1860 3420 1962 3473 hoc
1994 3418 2361 3489 intelligimus,
2387 3419 2643 3488 quoniam
2679 3419 2730 3472 in
2753 3433 2817 3473 eo
2840 3433 3139 3481 manemus,
3162 3424 3217 3471 et
3245 3406 3383 3485 ipse

1778 3510 1829 3563 in
1860 3509 2048 3575 nobis,
2076 3508 2330 3579 quoniam
2374 3510 2441 3564 de
2484 3510 2675 3580 spiritu
2727 3524 2824 3564 suo
2870 3509 3017 3563 dedit
3068 3508 3255 3572 nobis,
3299 3496 3381 3561 et.

1777 3614 1874 3653 nos
1906 3599 2168 3665 vidimus,
2199 3606 2253 3653 et
2290 3600 2663 3663 testificamur,
2700 3600 2960 3669 quoniam
3008 3597 3170 3652 Pater
3212 3598 3360 3651 misit

1776 3685 1969 3740 Filium
1998 3701 2154 3741 suum
2187 3685 2524 3741 Salvatorem
2568 3687 2773 3740 mundi.
2804 3685 3058 3755 Quisquis
3079 3684 3375 3740 confessus

1778 3775 1968 3842 fuerit,
2023 3777 2277 3847 quoniam
2324 3774 2484 3830 Jesus
2527 3786 2611 3830 est
2652 3776 2820 3832 Filius
2859 3778 2989 3842 Dei,
3038 3779 3181 3832 Deus
3211 3777 3262 3830 in
3292 3790 3359 3829 eo

1774 3875 1987 3930 manet,
2015 3875 2071 3921 et
2102 3867 2214 3936 ipse
2256 3865 2309 3920 in
2338 3865 2477 3932 Deo;
2503 3874 2558 3920 et
2599 3882 2699 3922 nos
2734 3868 3083 3938 cognovimus
3105 3907 3120 3927 .
3152 3876 3352 3921 etcre-

1775 3956 1950 4011 dimus
1990 3956 2239 4011 charitati
2266 3970 2426 4026 quam
2473 3956 2637 4010 habet
2687 3956 2827 4010 Deus
2872 3956 2924 4011 in
2972 3956 3160 4020 nobis;
3213 3956 3357 4010 Deus

1774 4046 2011 4101 charitas
2044 4055 2160 4110 est,
2188 4054 2242 4100 et
2265 4048 2355 4115 qui
2385 4054 2584 4124 manet
2608 4046 2661 4100 in
2690 4047 2984 4111 charitate,
3016 4048 3070 4102 in
3099 4047 3211 4103 Deo
3243 4062 3359 4101 ma-

1775 4143 1896 4200 net,
1922 4143 1978 4189 et
2006 4134 2147 4189 Deus
2177 4135 2230 4188 in
2260 4150 2342 4190 eo.
2375 4135 2430 4190 In
2461 4136 2563 4189 hoc
2592 4134 2830 4206 perfecta
2857 4144 2941 4192 est
2967 4136 3208 4192 charitas
3251 4136 3375 4191 non‘
3449 4138 3458 4150 '

1773 4224 1926 4294 quasi
1953 4238 2050 4279 nos
2075 4223 2425 4279 dilexerimus
2449 4225 2641 4292 Deum,
2663 4226 2756 4280 sed
2777 4228 3034 4295 quoniam
3075 4227 3188 4297 ipse
3209 4226 3360 4297 prior

1774 4314 1959 4370 dilexit
1991 4328 2121 4377 nos,
2150 4314 2276 4384 quia
2301 4315 2448 4369 sicut
2473 4314 2561 4369 ille
2587 4324 2704 4380 εει,
2736 4323 2792 4371 ει
2821 4332 2920 4371 nos
2947 4333 3135 4371 smnus
3166 4318 3218 4371 in
3252 4318 3377 4371 hoc'

1774 4405 1994 4459 mundo.
2045 4404 2231 4459 Timor
2261 4418 2367 4459 non
2399 4414 2484 4460 est
2529 4406 2584 4460 in
2633 4406 2935 4474 charitatc,
2981 4409 3074 4464 sed
3118 4408 3355 4479 perfecta

1774 4498 2033 4564 charitas,
2047 4496 2193 4552 foras
2214 4497 2377 4552 mittit
2395 4498 2663 4563 timorem,
2678 4501 2934 4571 quoniam
2958 4516 3171 4572 pter-am
3196 4502 3357 4554 timor

1771 4591 1960 4656 habet;
1980 4589 2073 4660 qui
2093 4597 2270 4646 autem
2289 4591 2464 4659 timet,
2491 4609 2593 4648 non
2608 4602 2691 4649 est
2704 4593 2975 4664 perfectus
2996 4594 3047 4648 in
3067 4594 3351 4650 charitatc.

1769 4681 1879 4736 Nos
1906 4696 2033 4752 ergo
2055 4680 2341 4754 diligamus
2362 4683 2554 4750 Deum,
2573 4684 2824 4755 quoniam
2843 4684 2981 4739 Deus
2996 4684 3144 4753 prior
3168 4685 3355 4740 dilexit

1770 4787 1890 4828 nos.
1915 4771 1969 4827 Si
1992 4773 2114 4843 quis
2134 4773 2621 4846 dixerit,quoniam
2647 4776 2808 4845 diligo
2837 4776 3022 4838 Deum,
3052 4784 3107 4830 et
3130 4774 3351 4830 fratrem

1769 4877 1925 4917 suum
1940 4863 2136 4928 oderit,
2153 4864 2384 4920 mendax
2404 4876 2507 4920 est.
2525 4865 2625 4933 Qui
2642 4868 2784 4921 enim
2810 4882 2915 4919 non
2937 4865 3108 4934 diligit
3130 4865 3351 4919 fratrem

1773 4967 1928 5008 suum
1972 4968 2132 5022 quem
2178 4955 2357 5021 videt,
2410 4954 2585 5010 Deum
2639 4969 2798 5024 quem
2847 4970 2949 5009 non
2997 4955 3184 5021 videt,
3221 4972 3357 5026 quo-

1770 5040 1930 5096 modo
1971 5052 2147 5111 potest
2175 5043 2438 5113 diligere?
2462 5044 2527 5097 Et
2555 5045 2658 5098 hoc
2685 5043 2994 5097 mandatum
3027 5044 3291 5099 habemus
3321 5063 3353 5099 a

1772 5132 1911 5197 Deo,
1945 5151 1964 5183 ι
1995 5140 2052 5186 ιιι
2080 5133 2169 5202 ιιιιί
2216 5134 2390 5204 diligit
2434 5134 2636 5199 Deum,
2668 5134 2858 5205 diligat
2900 5133 3123 5190 fratrem
3169 5151 3351 5191 suum.

1770 5220 1821 5293 (Ι
1842 5220 2004 5276 Joan.
2022 5223 2280 5294 nati-2|).
2304 5243 2322 5277 ι
2353 5223 2485 5277 Nam
2508 5232 2562 5278 et
2583 5225 2696 5292 ip‘sa
2725 5224 3000 5294 Sapientia
3025 5227 3102 5281 ait
3127 5243 3141 5280 :
3174 5245 3193 5278 ι
3229 5226 3358 5282 Lin-

1770 5327 1871 5381 gua
1903 5313 2227 5382 sapientium
2255 5322 2417 5369 ornat
2442 5315 2725 5370 scientiam
2743 5355 2759 5381 ,
2785 5331 2846 5371 os
2869 5315 3141 5374 fatuorum
3165 5319 3358 5374 ebullit

1774 5404 2082 5459 stultitiam.
2112 5405 2170 5460 In
2202 5407 2350 5460 omni
2399 5405 2520 5461 loco
2560 5408 2702 5462 oculi
2739 5409 2950 5465 Domini
2981 5409 3360 5479 contemplan-

1775 5492 2055 5549 turbonos
2083 5503 2138 5549 et
2182 5495 2385 5562 malos,
2432 5496 2613 5569 lingua
2642 5497 2921 5567 placabilis
2949 5499 3151 5570 lignum
3192 5500 3352 5554 vitm.

1772 5599 1894 5655 quae
1919 5593 2099 5641 autem
2130 5586 2486 5643 immoderata
2516 5597 2601 5645 est
2620 5629 2635 5654 ,
2667 5598 2914 5646 conteret
2943 5590 3216 5660 spiritum.
3249 5596 3355 5652 Do—

1772 5692 1892 5731 mus
1919 5676 2051 5746 justi
2100 5677 2331 5746 plurima
2367 5678 2659 5746 fortitudo,
2703 5690 2760 5736 et
2802 5681 2855 5736 in
2888 5680 3156 5743 fructibus
3201 5688 3350 5758 impii

1771 5768 2146 5836 conturbatio;
2179 5769 2316 5826 labia
2359 5772 2677 5842 sapientium
2710 5773 3143 5836 dissentinaliunt
3169 5782 3355 5837 scien-
