3888 6438
519 335 622 392 619

1363 331 1656 390 APPEND.
1694 328 1785 384 AD
1830 324 2004 383 SIEC.
2045 325 2131 380 IX.
2159 357 2226 365 —
2257 325 2508 385 lSlDORl
2541 328 2984 389 MERCATORIS
3671 338 3751 393 620

519 456 682 520 tiam,
711 468 808 508 cor
835 451 1127 508 stultorum
1173 449 1436 506 dissimile
1477 450 1615 516 erit,
1642 448 1877 503 victim-.13
1911 446 2104 516 impio-
2138 458 2182 516 Α
2213 446 2454 502 cationes
2476 488 2490 512 ,
2520 446 2883 519 fratribnsque
2933 447 3255 513 subvenire,
3303 457 3357 502 et
3403 442 3625 505 invicem
3668 469 3754 508 non

518 561 642 599 rum
691 542 1082 599 abominabiles
1133 548 1293 596 erunt
1350 539 1610 606 Domino,
1666 547 1788 595 vota
1835 538 2105 608 justorum

517 633 825 706 placabilis.
866 632 968 701 Qui
1015 631 1264 702 sequitur
1304 630 1606 702 justitiam,
1655 628 1908 699 dirigitur
1936 643 1967 682 a
1995 627 2104 682 Do-

518 727 687 782 mino.
718 725 905 797 (Prov.
945 740 1033 788 xv,
1080 723 1217 796 2-9).
1258 743 1276 777 ι
1309 723 1443 780 item
1493 721 1621 778 alibi
1666 736 1681 776 :
1718 741 1736 774 ι
1763 720 1933 776 Labia
1972 717 2107 789 justi

517 817 864 872 considerant
894 814 1092 885 placita
1116 855 1130 880 ,
1156 829 1219 870 os
1247 813 1536 884 impiorum
1561 825 1815 882 perversa
1839 808 2022 882 (Prov.
2050 825 2102 875 it,

516 907 632 976 52),
670 906 987 976 simplicitas
1023 903 1294 974 justorum
1317 903 1513 974 diriget
1538 910 1720 967 eos,et
1744 899 2107 972 supplantatio

514 1016 900 1072 perversorum
918 999 1153 1054 vastabit
1177 1014 1291 1065 eos;
1319 998 1528 1070 justitia
1553 1007 1829 1054 rectorum
1852 995 2106 1051 liberabit

515 1107 633 1159 eos,
660 1103 715 1148 et
759 1092 815 1147 in
861 1092 1072 1148 insidiis
1122 1091 1238 1147 suis
1269 1091 1551 1162 capientur
1582 1089 1786 1159 iniqui;
1829 1088 2010 1160 justus
2040 1087 2108 1143 de

516 1186 762 1258 angustia
786 1184 1189 1250 liberabitur,et
1211 1183 1453 1240 tradetur
1471 1182 1669 1252 impius
1697 1196 1796 1252 pro
1817 1196 1901 1237 eo.
1930 1179 2108 1234 Simu-

515 1275 659 1332 lator
691 1290 788 1331 ore
813 1274 1014 1345 decipit
1053 1273 1286 1329 amicum
1317 1287 1496 1339 suum,
1531 1272 1662 1342 justi
1688 1279 1866 1326 autem
1902 1269 2106 1325 libera-

519 1368 726 1424 buntur
754 1366 982 1423 scientia
1005 1407 1019 1431 ,
1044 1365 1098 1420 in
1125 1365 1285 1421 bonis
1303 1363 1574 1433 justorum
1600 1361 1861 1418 exaltabit
1890 1360 2106 1424 civitas,

517 1469 575 1514 ct
598 1460 650 1514 in
673 1459 977 1530 perditione
990 1459 1290 1528 impiorum
1316 1457 1423 1513 erit
1445 1456 1706 1521 laudatio,
1731 1454 2106 1510 benedictione

510 1551 781 1619 justorum
803 1550 1131 1606 exaltabitur
1145 1550 1336 1605 civitas
1356 1547 1537 1621 (Prov.
1556 1547 1704 1614 xt,.5,
1721 1547 1780 1612 5,
1798 1547 1851 1612 6,
1875 1545 1930 1612 8,
1956 1545 2103 1614 11).»

514 1643 626 1699 Nec
645 1643 1024 1708 consideratis,
1058 1643 1148 1713 qui
1185 1637 1383 1696 fratres
1407 1641 1657 1712 persequi
1700 1653 1804 1695 non
1841 1638 2066 1695 cessatis
2088 1679 2104 1704 ,

513 1734 695 1805 qualia
723 1733 825 1790 Job
861 1733 1291 1804 patientissimus
1327 1734 1474 1788 inter
1520 1740 1716 1788 caetera
1764 1745 1992 1786 exorsus
2025 1729 2105 1784 lo-

2210 535 2485 603 invidere,
2508 538 2602 592 sed
2631 538 2906 608 adjuvare.
2935 538 3160 602 Audite,
3187 538 3402 609 inquam
3423 580 3436 603 ,
3456 537 3563 608 jam
3592 541 3750 596 factam

2209 627 2264 681 in
2295 626 2510 683 N—iczena
2543 628 2767 684 civitate
2806 629 3104 700 synodum,
3152 629 3238 684 cui
3286 639 3342 685 et
3385 645 3487 702 ego
3519 630 3621 700 ipse
3646 647 3750 688 con-

2208 720 2452 776 scientia:
2497 735 2631 775 mete
2676 721 2882 776 cultum
2913 721 3168 776 decenter
3201 721 3420 776 exhibui
3468 722 3594 777 nihil
3637 725 3751 781 aliud

2207 811 2396 868 volens
2437 827 2600 883 quam
2681 813 3033 868 concordiam
3078 813 3330 869 omnibus
3379 813 3672 882 fabricare,
3711 829 3753 872 et

2209 921 2303 976 per
2328 905 2541 960 cunctis
2566 918 2796 976 arguere
2825 913 2878 959 et
2926 919 3206 960 removere
3249 905 3391 960 hanc
3421 906 3749 964 insidiantium

2209 995 2614 1050 altercationem
2634 1036 2648 1059 ,
2683 1009 2822 1064 quas
2843 995 3193 1065 providentes
3220 995 3393 1051 sancti
3427 994 3626 1062 Patres,
3648 999 3750 1054 insi-

2207 1087 2325 1142 dias
2343 1127 2357 1152 ,
2387 1095 2442 1142 et
2460 1085 2676 1140 illicitas
2697 1085 3082 1142 altercationes
3103 1087 3438 1142 unanimiter
3459 1087 3512 1142 in
3534 1088 3748 1159 prmdicta

2208 1175 2422 1232 Nicaena
2453 1186 2762 1233 statuerunt
2787 1177 3026 1247 synodo,
3061 1186 3121 1233 ut
3164 1177 3345 1233 nullus
3378 1178 3650 1250 episcopus
3671 1181 3757 1235 nisi

2208 1269 2261 1324 in
2289 1268 2526 1340 legitima
2553 1270 2759 1341 synodo
2785 1278 2840 1326 et
2865 1285 2964 1326 suo
3009 1278 3249 1341 tempore
3275 1271 3569 1341 apostolica
3601 1283 3749 1329 aucto-

2208 1359 2370 1416 ritate
2405 1375 2701 1415 convocata
2723 1401 2737 1426 ,
2775 1375 2938 1430 super
2971 1361 3291 1430 quibusdam
3324 1361 3754 1418 criminationibus

2206 1451 2451 1523 pulsatus
2478 1453 2754 1519 audiatur,
2789 1453 2842 1508 id
2866 1462 2984 1520 cst,
3023 1451 3318 1523 jndicctur,
3355 1453 3444 1508 vel
3484 1453 3752 1509 damnetur.

2207 1541 2304 1598 Sin
2335 1543 2492 1599 aliter
2524 1553 2910 1616 prtesumptum
2955 1560 2986 1599 a
3033 1545 3352 1615 quibusdam
3384 1545 3575 1612 fuerit,
3605 1547 3649 1601 in
3675 1561 3748 1600 va-

2208 1650 2335 1689 num
2366 1635 2666 1691 deducatur
2712 1636 2844 1708 quid
2888 1637 3097 1710 egerint
3116 1678 3131 1704 ,
3161 1652 3261 1694 nec
3288 1637 3646 1694 ecclesiastica
3668 1639 3751 1694 ullo

2207 1724 2366 1781 modo
2393 1725 2804 1795 reputabuntur.
2838 1725 2944 1796 ipsi
2991 1741 3121 1782 vero
3145 1726 3336 1798 prima:
3365 1726 3510 1783 sedis
3550 1727 3749 1783 ecclesia

512 1825 697 1894 quitur
727 1843 740 1878 :
777 1843 796 1876 ι
830 1824 993 1880 Auris
1023 1823 1262 1879 audiens
1295 1822 1645 1878 beatificabat
1687 1838 1777 1878 me
1812 1831 1869 1877 et
1909 1820 2100 1878 oculus
2131 1826 2174 1885 Β
2203 1819 2671 1875 convocandarum
2703 1819 3038 1891 generalium
3071 1820 3408 1892 synodorum
3432 1819 3551 1889 jura
3576 1821 3749 1891 ctjudi-

511 1915 703 1971 videns
731 1914 1098 1970 testimonium
1123 1913 1388 1970 reddebat
1411 1913 1541 1968 mihi
1567 1954 1582 1977 ,
1610 1912 1753 1983 quod
1785 1911 2102 1967 liberassem

511 2020 810 2076 pauperem
841 2003 1264 2071 vociferantem,
1308 2013 1365 2059 et
1403 2002 1664 2074 pupillum
1711 2001 1796 2058 eui
1826 2008 2104 2057 non’esset

511 2097 746 2166 adiutor,
785 2097 1092 2154 benedictio
1138 2096 1365 2168 perituri
1418 2110 1580 2165 super
1620 2110 1706 2149 me
1748 2094 2018 2158 veniebat,
2050 2102 2106 2148 ct

511 2201 610 2242 eor
639 2187 813 2242 vidua:
839 2187 1152 2243 consolatus
1182 2201 1300 2241 sum
1328 2226 1343 2252 ,
1366 2186 1576 2256 justitia
1624 2185 1841 2241 indutus
1869 2199 1984 2240 sum
2005 2224 2020 2250 ,
2049 2191 2104 2239 et

510 2278 708 2334 vestivi
739 2293 826 2334 me
870 2279 1011 2336 sicut
1051 2279 1410 2345 vestimento,
1455 2289 1511 2336 et
1555 2277 1860 2334 diademate
1897 2275 2102 2347 judicio

512 2383 657 2425 meo.
685 2368 887 2426 Oculus
915 2370 990 2425 fui
1035 2385 1214 2439 caeco,
1247 2380 1303 2426 et
1345 2385 1442 2442 pes
1497 2369 1711 2425 claudo.
1747 2369 1907 2425 Pater
1951 2383 2102 2424 eram

510 2474 832 2530 pauperum,
855 2469 912 2516 et
930 2474 1148 2516 causam
1172 2476 1332 2532 quam
1357 2461 1667 2520 nesciebam
1691 2460 2102 2531 diligentissime

512 2549 930 2619 investigabam.
960 2551 1320 2607 Conterebam
1351 2550 1525 2606 molas
1553 2551 1755 2620 iniqui,
1785 2558 1838 2606 et
1868 2551 1935 2604 de
1966 2550 2102 2605 den-

513 2639 829 2696 tibus-illius
852 2639 1166 2696 auferebam
1213 2641 1449 2712 praedam
1479 2641 1600 2711 (Job
1638 2656 1765 2694 xxix
1789 2680 1803 2706 ,
1833 2639 2044 2708 11-17),
2078 2657 2097 2691 ι

512 2737 568 2782 et
597 2729 757 2798 paulo
791 2738 914 2800 post
945 2745 960 2782 :
1013 2748 1030 2781 ι
1069 2729 1127 2784 Si
1160 2731 1386 2801 negavi,
1419 2730 1632 2800 inquit,
1677 2731 1821 2800 quod
1848 2730 2101 2785 volebant

512 2821 874 2889 pauperibus,
902 2830 957 2877 et
985 2820 1172 2877 oculos
1198 2823 1371 2877 vidua:
1397 2831 1716 2890 exspectare
1760 2820 1881 2876 feci.
1917 2819 1973 2875 Si
2004 2837 2098 2876 co-

511 2911 656 2965 medi
686 2912 982 2967 buccellam
1007 2929 1183 2968 meam
1209 2913 1377 2979 solus,
1398 2923 1453 2968 et
1477 2930 1581 2969 non
1609 2914 1844 2969 comedit
1869 2914 2100 2984 pupillus

511 3015 578 3054 ex
605 3015 666 3055 ea
688 3039 704 3066 ,
728 3001 854 3070 quia
877 3001 946 3056 ab
969 3001 1198 3056 infantia
1224 3018 1341 3058 mea
1365 3004 1539 3058 crevit
1561 3018 1772 3058 mecum
1800 3005 2096 3072 miseratio,

511 3088 658 3144 etde
686 3098 841 3144 utero
869 3105 1090 3160 egressa
1136 3102 1222 3147 est
1252 3108 1460 3147 mecum
1489 3091 1612 3163 (Job
1641 3108 1798 3157 χχχι,
1831 3092 2040 3164 16-18).
2074 3113 2092 3146 ι

2207 1910 2289 1965 cia
2334 1910 2713 1981 episcoporum
2745 1910 3005 1983 singulari
3050 1913 3334 1985 privilegio
3385 1913 3688 1986 evangelicis
3707 1925 3749 1970 et

2203 1999 2535 2070 apostolicis,
2567 2009 2731 2070 atque
2754 2001 3034 2057 canonicis
3063 2017 3316 2059 concessa
3343 2013 3473 2059 sunt
3494 2004 3748 2068 institutis;

2204 2090 2330 2160 quia
2362 2104 2577 2160 semper
2605 2088 2841 2158 majores
2887 2105 3069 2147 causa:
3098 2092 3165 2146 ad
3200 2092 3390 2148 sedem
3440 2093 3744 2164 apostolicam

2203 2185 2387 2241 multis
2408 2185 2822 2241 auctoritatibus
2848 2185 3042 2241 referri
3071 2195 3356 2256 przccepta:
3379 2195 3533 2251 sunt,
3559 2201 3650 2242 nec
3665 2186 3750 2240 ullo

2203 2277 2363 2334 modo
2386 2287 2566 2349 potest
2598 2276 2774 2348 major
2801 2294 2832 2334 a
2877 2279 3086 2338 minore
3110 2278 3347 2350 judicari
3369 2322 3384 2346 ,
3417 2282 3529 2352 ipsa
3554 2296 3746 2352 namque

2202 2370 2455 2426 omnibus
2495 2367 2668 2438 major
2700 2377 2758 2426 et
2805 2371 3029 2441 praelata
3060 2379 3144 2427 est
3189 2371 3477 2437 ccclesiis,
3522 2387 3630 2442 qua
3663 2387 3743 2425 non

2203 2460 2540 2517 solummodo
2589 2476 2855 2516 canonum
2901 2470 3217 2517 sanctorum
3251 2461 3477 2517 Patrum
3521 2463 3746 2527 decretis,

2201 2551 2296 2606 sed
2326 2551 2535 2606 Domini
2581 2549 2882 2606 Salvatoris
2925 2551 3101 2606 nostri
3133 2566 3265 2606 voce
3289 2552 3610 2620 singularem
3635 2552 3744 2606 obti-

2203 2641 2321 2696 nuit
2345 2641 2727 2712 principatum.
2763 2661 2781 2694 ι
2815 2640 2894 2696 Tu
2922 2656 2981 2697 es
3001 2682 3022 2708 γ
3060 2641 3268 2712 inquit,
3294 2639 3518 2708 Petrus,
3547 2652 3594 2696 et
3618 2654 3744 2711 super

2204 2735 2344 2790 hanc
2383 2743 2591 2804 petram
2636 2733 2920 2789 aedificabo
2941 2733 3243 2789 Ecclesiatn
3286 2749 3498 2801 meam,
3526 2753 3544 2784 ι
3569 2741 3618 2788 et
3649 2732 3744 2786 reli-

2203 2839 2330 2895 qua.
2377 2823 2440 2877 Et
2475 2842 2492 2874 ι
2537 2824 2900 2893 quodcunque
2948 2823 3202 2894 ligaveris
3259 2838 3429 2893 super
3483 2833 3662 2878 terram
3701 2828 3746 2877 et

2202 2914 2462 2978 solveris,
2501 2924 2663 2968 erunt
2696 2914 2862 2984 ligata
2907 2924 2964 2970 et
2993 2915 3169 2970 soluta
3208 2914 3266 2970 in
3294 2915 3440 2971 etelo
3470 2923 3524 2970 et
3559 2915 3607 2969 in
3632 2922 3742 2968 terra

2203 3007 2420 3078 (.Ilauh.
2445 3023 2564 3069 xvi,
2601 3008 2667 3063 l8
2686 3046 2702 3074 ,
2751 3007 2858 3078 l9).
2892 3025 2912 3060 ι
2952 3007 3122 3063 Porro
3143 3006 3347 3062 dudum
3375 3023 3406 3062 a
3436 3006 3622 3064 sanctis
3643 3019 3746 3074 apo.

2202 3100 2386 3165 stolis,
2418 3100 2932 3170 successoribusqne
2959 3115 3146 3156 eorum
3175 3100 3227 3153 in
3259 3099 3503 3170 pmfatis
3546 3096 3741 3166 antiquis

509 3175 648 3232 Nam
680 3179 725 3234 si
749 3180 872 3250 quis
897 3195 962 3236 ex
991 3189 1137 3236 recto
1160 3182 1339 3238 omnia
1367 3182 1793 3239 consideraverit
1817 3183 1974 3239 oculo
2012 3201 2099 3240 ne-
2125 3183 2171 3246 C
2202 3193 2482 3248 decretum
2511 3191 2690 3248 fuerat
2722 3193 2978 3259 statutis,
3020 3208 3144 3264 qua:
3176 3193 3442 3250 hactenus
3495 3199 3661 3248 sancta
3698 3199 3739 3246 et

511 3285 786 3340 quaquam
816 3272 1079 3329 fratribus
1110 3289 1337 3338 nocere,
1368 3275 1462 3330 sed
1499 3275 1734 3332 liberare
1784 3276 2092 3344 festinabit;

511 3361 638 3430 quia
667 3362 801 3416 nihil
823 3363 1062 3419 deterius
1083 3374 1186 3430 est,
1212 3381 1376 3435 quam
1399 3366 1548 3421 cives
1589 3367 1796 3422 civibus
1831 3366 2094 3434 invidere,

510 3462 568 3508 et
597 3453 796 3510 fratres
823 3456 1086 3513 fratribus
1119 3459 1401 3527 insidiari,
1444 3470 1537 3516 aut
1570 3461 1867 3518 calumnias
1897 3461 2095 3517 facere.

512 3548 737 3608 Talibus
783 3555 928 3608 enim
981 3555 1246 3628 refragari
1299 3556 1540 3613 volentes
1595 3558 1840 3624 insidiis,
1907 3557 2099 3611 Patres

510 3643 687 3707 sancti
711 3646 976 3714 synodum
999 3658 1466 3720 eongregaverunt
1487 3651 1791 3722 generalem
1815 3651 1866 3705 in
1896 3650 2097 3716 Nicma,

423 3781 436 3794 ,
508 3733 977 3807 vitamjcerrigere
1003 3737 1279 3794 hominum
1302 3740 1584 3810 cupientes
1609 3740 1659 3795 in
1685 3740 1926 3796 Ecclesia
1953 3755 2099 3795 com-

510 3827 842 3882 morantium
863 3868 880 3893 ,
911 3829 1036 3884 licet
1066 3830 1268 3885 dudum
1295 3831 1543 3888 instituta
1571 3841 1884 3888 sanetormn
1926 3832 2097 3888 multa

509 3914 736 3970 Patrum
769 3928 954 3973 essent
995 3921 1344 3991 conscripta,
1391 3929 1692 3992 posuerunt
1739 3921 1916 3993 leges,
1964 3937 2100 3991 quas

512 4021 702 4062 saeros
729 4023 968 4064 canones
997 4011 1368 4081 appellamus,
1399 4013 1596 4082 quibus
1647 4013 1816 4067 multa
1865 4028 1962 4082 per
2006 4026 2100 4066 ne-

514 4099 752 4153 cessaria
783 4100 849 4153 ad
880 4109 1080 4156 statum
1113 4102 1369 4158 Ecclesiae
1395 4111 1596 4158 sancta:
1642 4103 1770 4170 Dei,
1805 4111 1860 4157 et
1888 4102 2099 4174 supple-

513 4197 758 4244 mentum
783 4190 1161 4246 columnarum
1189 4193 1308 4263 ejus
1327 4233 1342 4256 ,
1374 4192 1430 4246 id-
1457 4204 1572 4259 est,
1601 4194 1979 4264 episcoporum
2007 4193 2097 4263 qui

513 4295 635 4337 eam
672 4283 908 4353 propriis
934 4285 1174 4340 humeris
1205 4295 1454 4356 gestant,
1483 4297 1612 4341 sunt
1637 4289 1850 4342 decreta
1871 4325 1886 4352 ,
1916 4296 1970 4342 et
2000 4302 2098 4341 no-

515 4384 769 4430 cnmenta
787 4391 977 4430 eorum
1005 4377 1273 4446 prohibita
1301 4397 1314 4432 :
1345 4378 1418 4432 ita
1443 4378 1614 4449 utqui
1643 4379 1770 4433 talia
1799 4394 1960 4450 agere
1986 4388 2102 4434 ten-

516 4465 788 4529 tavcrint,
835 4474 930 4519 aut
970 4466 1050 4521 eis
1095 4481 1290 4522 nocere
1322 4470 1796 4540 prmsumpserint,
1833 4469 2099 4539 siquidem

2199 3283 2522 3339 universalis
2553 3284 2844 3354 apostolica
2894 3293 3043 3339 tenet
3082 3284 3364 3349 Ecclesia,
3401 3299 3506 3340 non
3533 3292 3741 3352 oportere

2199 3381 2394 3442 prarter
2434 3372 2762 3427 sententiam
2807 3371 3037 3427 Romani
3081 3372 3358 3442 pontificis
3387 3371 3602 3428 concilia
3626 3369 3738 3426 cele-

2200 3465 2346 3533 brari
2371 3505 2386 3530 ,
2417 3479 2519 3520 nec
2549 3465 2860 3535 episcOpum
2897 3464 3180 3528 damnari,
3229 3465 3490 3534 quoniam
3535 3471 3738 3518 sanctam

2200 3556 2500 3610 [hitnanam
2530 3557 2828 3612 Ecelesiam
2853 3557 3146 3628 primatum
3169 3558 3412 3612 omnium
3436 3557 3736 3613 ecclesiarum

2198 3661 2320 3702 esse
2365 3647 2673 3701 voluerunt.
2727 3647 2796 3702 Et
2851 3647 2996 3702 sicut
3038 3648 3230 3704 beatus
3273 3647 3470 3704 Petrus
3509 3645 3738 3717 apostolus

2201 3736 2413 3806 primus
2438 3736 2540 3790 fuit
2566 3736 2806 3792 omnium
2835 3737 3238 3807 apostolorum,
3269 3739 3346 3793 ita
3375 3748 3430 3794 et
3459 3740 3564 3794 haec
3589 3735 3739 3792 Eccle-

2199 3826 2279 3881 sia
2325 3840 2425 3880 suo
2453 3826 2674 3880 nomine
2703 3836 3045 3893 consecrata,
3067 3826 3295 3882 Domino
3317 3828 3634 3891 instituente,
3649 3823 3735 3896 pri-

2200 3924 2405 3969 matum
2439 3923 2602 3984 caput
2633 3913 2704 3969 sit
2752 3923 3113 3981 exterarum;
3154 3925 3210 3972 et
3259 3917 3330 3972 ad
3380 3934 3496 3974 eam
3525 3915 3658 3989 quasi
3683 3913 3733 3966 ad

2199 4010 2408 4081 apicem
2455 4023 2646 4064 omnes
2693 4008 2926 4078 majores
2965 4011 3213 4067 ecclesiae
3255 4027 3440 4070 causae
3488 4022 3541 4068 et
3569 4008 3732 4082 judicia

2200 4101 2578 4171 episc0porum
2643 4110 2958 4167 recurrant,
3006 4101 3233 4174 ejusque
3291 4103 3450 4176 juxta
3493 4101 3736 4158 terminum

2203 4198 2423 4244 sumant
2447 4189 2775 4245 sententiam
2796 4231 2814 4258 ,
2849 4206 2950 4247 nec
2979 4201 3136 4246 extra
3160 4191 3465 4248 Romanum
3491 4190 3730 4262 quidquam

2201 4296 2268 4336 ex
2303 4281 2388 4338 bis
2428 4281 2628 4338 debere
2655 4283 2872 4339 decerni
2902 4283 3252 4354 pontificem,
3277 4294 3540 4354 quatenus
3570 4296 3657 4337 non
3678 4278 3734 4332 ita

2204 4385 2478 4446 proterve,
2499 4387 2556 4432 et
2576 4391 2674 4447 pro
2700 4375 2852 4432 libitu
2877 4377 3163 4446 quisquam
3185 4393 3285 4433 suo
3306 4378 3520 4449 proprio
3533 4371 3733 4432 arbitrio,

2205 4467 2508 4537 quibusque
2574 4467 3054 4538 metropolitanus,
3107 4469 3254 4523 sicut
3330 4484 3490 4541 agere
3535 4465 3730 4526 solebat,

514 4554 698 4610 clerici
755 4554 957 4610 fuerint
1003 4572 1032 4609 a
1081 4557 1300 4626 proprio
1323 4533 1506 4630 gradu
1538 4533 1825 4624 decidant,
1879 4533 1922 4614 si
1968 4575 2098 4614 vero
2134 4533 2180 4592 ί)
2209 4533 2368 4615 liceat
2418 4533 2724 4614 inconsulto
2750 4533 3394 4629 'Romanopontifiee:
3418 4569 3506 4615 aut
3548 4556 3731 4626 majores

511 4645 767 4700 monachi
790 4656 887 4700 aut
913 4646 1032 4702 laici
1060 4645 1281 4713 fuerint,
1307 4649 1865 4703 anathematizentur.
1892 4649 2099 4716 Quibus

514 4737 710 4789 armati
742 4737 1005 4806 exemplis
1034 4747 1286 4807 oportere
1312 4737 1561 4792 arbitrati
1601 4753 1789 4794 sumus
1824 4740 1892 4794 ab
1920 4739 2098 4794 omni-

514 4828 719 4893 potenti
763 4829 871 4882 lleo
898 4829 1178 4898 iuspirati,
1225 4838 1285 4883 ttt
1333 4829 1475 4884 hanc
1502 4844 1786 4886 accensam
1820 4831 2102 4886 discordia:

515 4918 788 4972 flammam
815 4921 1162 4990 exstinguere
1193 4922 1484 4991 apostolica
1522 4922 1816 4979 debeamus
1864 4923 2103 4979 auctori-

515 5020 628 5064 tate
648 5050 662 5073 ,
691 5020 745 5066 ct
771 5028 876 5065 non
909 5015 1210 5068 concedere
1235 5029 1356 5083 eam
1387 5013 1620 5070 ulterius
1647 5015 1859 5070 animas
1889 5015 2104 5086 depasci

516 5101 802 5156 humanas.
834 5103 1174 5173 Quapropter
1204 5120 1309 5159 una
1337 5121 1464 5160 cum
1511 5107 1767 5162 ontnibus
1797 5107 2106 5177 apostolicae

517 5191 775 5261 subjectis
803 5195 1076 5250 sancimus
1099 5237 1112 5262 ,
1140 5212 1207 5251 ne
1241 5197 1531 5267 quisquam
1567 5199 1820 5270 deinceps
1846 5199 2106 5254 Christia-

519 5297 712 5337 norum
747 5283 870 5338 talia
893 5295 1225 5355 perpetrare,
1253 5297 1348 5343 aut
1372 5288 1640 5359 episcopis
1683 5299 1884 5345 temere
1910 5305 2108 5345 nocere

517 5384 846 5446 praesumat,
879 5391 1000 5431 cum
1028 5388 1084 5432 et
1113 5379 1304 5436 doctor
1329 5380 1606 5450 gentium,
1645 5381 1876 5451 idipsum
1921 5383 2107 5451 prohi-

521 5469 668 5532 beat,
702 5467 887 5524 dicens
917 5486 930 5522 :
969 5489 987 5520 ι
1010 5469 1292 5527 Seniorem
1324 5488 1394 5528 ne
1425 5473 1811 5542 inerepaveris,
1830 5474 1923 5529 sed
1954 5474 2110 5530 obse-

520 5577 611 5612 cra
643 5570 699 5612 ut
722 5571 928 5630 patrem
960 5561 1010 5630 (I
1047 5561 1182 5619 'l'int.
1230 5581 1280 5627 ν,
1334 5566 1422 5635 1),
1462 5585 1480 5616 ›
1535 5576 1590 5620 οι
1634 5565 1872 5636 reliqua;
1905 5567 2106 5622 bonum

521 5659 604 5702 est
636 5667 868 5720 namque
895 5653 1081 5723 procul
1125 5653 1324 5719 dubio,
1373 5667 1428 5711 et
1475 5658 1726 5712 omnibus
1795 5657 2110 5713 timentibus

525 5741 693 5797 Deum
727 5745 1112 5813 desiderabile,
1147 5749 1399 5805 cohibere
1429 5751 1828 5820 dissensiones,
1861 5763 1914 5808 et
1945 5751 2104 5807 alter-

2207 4651 2458 4707 Ecelesia:
2471 4665 2663 4706 causas
2679 4650 2986 4718 deturbare,
3003 4661 3097 4706 aut
3110 4652 3391 4722 episcopos
3404 4653 3648 4712 damnare;
3663 4644 3731 4700 sed

2208 4741 2482 4797 communi
2534 4751 2734 4796 saneta:
2763 4741 3021 4796 Romana:
3050 4742 3196 4797 sedis
3241 4741 3479 4813 episcopi
3518 4737 3728 4797 concilio.

2209 4843 2264 4888 et
2286 4833 2542 4889 concordi
2594 4834 2806 4888 actione
2828 4848 3057 4904 qumque
3086 4843 3210 4889 sunt
3230 4833 3427 4890 Christi
3451 4832 3556 4888 zelo
3572 4827 3728 4900 agenda

2211 4923 2520 4994 disponant,
2557 4924 2994 4991 unauitniterqne
3023 4933 3172 4979 recte
3207 4925 3475 4988 sentiant;
3501 4931 3548 4975 et
3572 4926 3731 4984 cauum

2212 5013 2482 5069 senserint
2510 5028 2616 5067 non
2645 5013 2862 5068 sibimet
2891 5013 3283 5081 discrepando,
3315 5013 3407 5068 sed
3451 5012 3553 5066 Deo
3577 5005 3726 5080 placiti|

2209 5109 2514 5179 perficiant.
2543 5107 2636 5162 Est
2655 5108 2820 5162 etiam
2847 5108 2900 5161 in
2924 5107 3036 5178 jam
3067 5107 3176 5162 fata
3207 5109 3418 5164 Nicaana
3447 5101 3729 5162 concorditer

2212 5209 2470 5253 statutum
2521 5199 2760 5270 synodo,
2815 5209 2872 5252 ut
2919 5209 3271 5256 accusatores
3323 5209 3377 5254 et
3419 5194 3726 5252 accusationes

2213 5303 2349 5357 quas
2378 5288 2562 5343 sasculi
2596 5287 2741 5359 leges
2783 5304 2889 5342 non
2921 5289 3213 5342 admittunt
3248 5304 3280 5344 a
3324 5284 3616 5344 sacerdotali
3641 5280 3726 5332 funo

2214 5377 2360 5432 ditus
2406 5378 2577 5432 averti
2628 5387 2972 5432 nocumento.
3015 5396 3033 5429 ι
3075 5378 3214 5434 Ecce
3261 5378 3450 5447 (inquit
3494 5363 3722 5442 Prophcln)

2211 5481 2371 5540 Quam
2402 5471 2601 5526 bonum
2635 5480 2691 5526 et
2719 5487 2882 5541 quam
2920 5471 3221 5540 jucundum
3254 5473 3520 5534 habitare,
3547 5466 3720 5520 fratres.

2211 5563 2264 5617 in
2301 5580 2462 5617 unum
2493 5565 2506 5617 ι
2547 5584 2564 5613 ι
2595 5562 2766 5631 (Psal.
2793 5579 2977 5618 cum
2998 5605 3011 5627 ,
3043 5566 3120 5633 1.)
3153 5565 3229 5619 Illi
3262 5581 3387 5621 vero
3414 5577 3510 5618 non
3531 5559 3576 5613 in
3599 5563 3719 5608 unum

2212 5658 2488 5720 habitant,
2540 5659 2632 5726 qui
2698 5673 2727 5712 a
2789 5657 3016 5711 fratrum
3061 5674 3120 5712 se
3183 5659 3371 5712 solatio
3432 5648 3718 5710 subtrahunt,

2215 5760 2304 5804 aut
2354 5749 2614 5805 fratribus
2653 5750 2876 5807 insidias
2920 5760 3247 5821 praeparant.
3303 5748 3412 5805 Non
3453 5745 3715 5802 alienovos.
