  <div class='ocr_page' id='page_1' title='image "/cluster/home/n/w/nwhite01/storage/ocr_20150623/130/hvd.32044015471717/340.png"; bbox 0 0 3888 6470; ppageno 0'>
   <div class='ocr_carea' id='block_1_1' title="bbox 77 379 2120 445">
    <p class='ocr_par' dir='ltr' id='par_1_1' title="bbox 77 379 2120 445">
     <span class='ocr_line' id='line_1_1' title="bbox 77 379 2120 445; baseline 0.003 -6"><span class='ocrx_word' id='word_1_1' title='bbox 77 379 157 439; x_wconf 70' lang='lat' dir='ltr'><strong>iiii</strong></span> <span class='ocrx_word' id='word_1_2' title='bbox 1195 383 1686 443; x_wconf 69' lang='lat' dir='ltr'><strong>DECRETALIUM</strong></span> <span class='ocrx_word' id='word_1_3' title='bbox 1722 383 2120 445; x_wconf 82' lang='lat' dir='ltr'><strong>COLLECTIO.</strong></span> 
     </span>
    </p>
   </div>
   <div class='ocr_carea' id='block_1_2' title="bbox 3213 389 3318 445">
    <p class='ocr_par' dir='ltr' id='par_1_2' title="bbox 3213 389 3318 445">
     <span class='ocr_line' id='line_1_2' title="bbox 3213 389 3318 445; baseline 0 0"><span class='ocrx_word' id='word_1_4' title='bbox 3213 389 3318 445; x_wconf 68' lang='lat'><strong>622</strong></span> 
     </span>
    </p>
   </div>
   <div class='ocr_carea' id='block_1_3' title="bbox 78 493 3320 568">
    <p class='ocr_par' dir='ltr' id='par_1_3' title="bbox 78 493 3320 568">
     <span class='ocr_line' id='line_1_3' title="bbox 78 493 3320 568; baseline 0.001 -15"><span class='ocrx_word' id='word_1_5' title='bbox 78 500 277 562; x_wconf 87' lang='lat' dir='ltr'><strong>fratres,</strong></span> <span class='ocrx_word' id='word_1_6' title='bbox 297 493 579 565; x_wconf 78' lang='lat' dir='ltr'><strong>patiemini</strong></span> <span class='ocrx_word' id='word_1_7' title='bbox 601 501 827 563; x_wconf 85' lang='lat' dir='ltr'><strong>peccato</strong></span> <span class='ocrx_word' id='word_1_8' title='bbox 847 496 1084 565; x_wconf 87' lang='lat' dir='ltr'><strong>gravari,</strong></span> <span class='ocrx_word' id='word_1_9' title='bbox 1108 513 1233 567; x_wconf 81' lang='lat' dir='ltr'><strong>quia</strong></span> <span class='ocrx_word' id='word_1_10' title='bbox 1251 498 1395 568; x_wconf 90' lang='lat' dir='ltr'><strong>quod</strong></span> <span class='ocrx_word' id='word_1_11' title='bbox 1418 511 1640 552; x_wconf 90' lang='lat' dir='ltr'><strong>necesse</strong></span> <span class='ocrx_word' id='word_1_12' title='bbox 1670 506 1715 560; x_wconf 70' lang='grc' dir='ltr'>Α</span> <span class='ocrx_word' id='word_1_13' title='bbox 1746 498 2088 554; x_wconf 79' lang='lat' dir='ltr'><strong>sacerdotum</strong></span> <span class='ocrx_word' id='word_1_14' title='bbox 2112 497 2328 567; x_wconf 85' lang='lat' dir='ltr'><strong>quibus,</strong></span> <span class='ocrx_word' id='word_1_15' title='bbox 2359 498 2465 555; x_wconf 91' lang='lat' dir='ltr'><strong>etsi</strong></span> <span class='ocrx_word' id='word_1_16' title='bbox 2492 497 2729 568; x_wconf 76' lang='lat' dir='ltr'><strong>dignitas</strong></span> <span class='ocrx_word' id='word_1_17' title='bbox 2754 499 3057 555; x_wconf 84' lang='lat' dir='ltr'><strong>communis</strong></span> <span class='ocrx_word' id='word_1_18' title='bbox 3084 516 3190 556; x_wconf 92' lang='lat' dir='ltr'><strong>non</strong></span> <span class='ocrx_word' id='word_1_19' title='bbox 3213 511 3320 568; x_wconf 88' lang='lat' dir='ltr'><strong>est,</strong></span> 
     </span>
    </p>
   </div>
   <div class='ocr_carea' id='block_1_4' title="bbox 74 586 1640 660">
    <p class='ocr_par' dir='ltr' id='par_1_4' title="bbox 74 586 1640 660">
     <span class='ocr_line' id='line_1_4' title="bbox 74 586 1640 660; baseline 0 -15"><span class='ocrx_word' id='word_1_20' title='bbox 74 597 179 653; x_wconf 86' lang='lat' dir='ltr'><strong>est,</strong></span> <span class='ocrx_word' id='word_1_21' title='bbox 226 601 320 641; x_wconf 89' lang='lat' dir='ltr'><strong>nos</strong></span> <span class='ocrx_word' id='word_1_22' title='bbox 364 586 554 641; x_wconf 78' lang='lat' dir='ltr'><strong>dicere</strong></span> <span class='ocrx_word' id='word_1_23' title='bbox 597 600 868 651; x_wconf 90' lang='lat' dir='ltr'><strong>veremur,</strong></span> <span class='ocrx_word' id='word_1_24' title='bbox 906 587 960 642; x_wconf 92' lang='lat' dir='ltr'><strong>id</strong></span> <span class='ocrx_word' id='word_1_25' title='bbox 987 599 1104 654; x_wconf 91' lang='lat' dir='ltr'><strong>est,</strong></span> <span class='ocrx_word' id='word_1_26' title='bbox 1155 604 1222 645; x_wconf 90' lang='lat' dir='ltr'><strong>ne</strong></span> <span class='ocrx_word' id='word_1_27' title='bbox 1264 591 1419 660; x_wconf 86' lang='lat' dir='ltr'><strong>cujus</strong></span> <span class='ocrx_word' id='word_1_28' title='bbox 1451 590 1640 660; x_wconf 79' lang='lat' dir='ltr'><strong>religio</strong></span> 
     </span>
    </p>
   </div>
   <div class='ocr_carea' id='block_1_5' title="bbox 76 678 1637 751">
    <p class='ocr_par' dir='ltr' id='par_1_5' title="bbox 76 678 1637 751">
     <span class='ocr_line' id='line_1_5' title="bbox 76 678 1637 751; baseline -0.002 -12"><span class='ocrx_word' id='word_1_29' title='bbox 76 682 365 750; x_wconf 76' lang='lat' dir='ltr'><strong>dissipatur,</strong></span> <span class='ocrx_word' id='word_1_30' title='bbox 388 678 695 751; x_wconf 75' lang='lat' dir='ltr'><strong>indignatio</strong></span> <span class='ocrx_word' id='word_1_31' title='bbox 717 688 1065 750; x_wconf 85' lang='lat' dir='ltr'><strong>provocetur.</strong></span> <span class='ocrx_word' id='word_1_32' title='bbox 1087 681 1205 738; x_wconf 69' lang='lat' dir='ltr'><strong>Prae</strong></span> <span class='ocrx_word' id='word_1_33' title='bbox 1229 682 1401 738; x_wconf 91' lang='lat' dir='ltr'><strong>oculis</strong></span> <span class='ocrx_word' id='word_1_34' title='bbox 1422 683 1637 746; x_wconf 86' lang='lat' dir='ltr'><strong>habete,</strong></span> 
     </span>
    </p>
   </div>
   <div class='ocr_carea' id='block_1_6' title="bbox 76 772 1640 843">
    <p class='ocr_par' dir='ltr' id='par_1_6' title="bbox 76 772 1640 843">
     <span class='ocr_line' id='line_1_6' title="bbox 76 772 1640 843; baseline 0.001 -15"><span class='ocrx_word' id='word_1_35' title='bbox 76 783 124 829; x_wconf 89' lang='lat' dir='ltr'><strong>et</strong></span> <span class='ocrx_word' id='word_1_36' title='bbox 162 780 266 827; x_wconf 90' lang='lat' dir='ltr'><strong>tota</strong></span> <span class='ocrx_word' id='word_1_37' title='bbox 295 772 498 828; x_wconf 87' lang='lat' dir='ltr'><strong>mentis</strong></span> <span class='ocrx_word' id='word_1_38' title='bbox 527 772 646 828; x_wconf 89' lang='lat' dir='ltr'><strong>acie</strong></span> <span class='ocrx_word' id='word_1_39' title='bbox 674 784 994 829; x_wconf 90' lang='lat' dir='ltr'><strong>reverenter</strong></span> <span class='ocrx_word' id='word_1_40' title='bbox 1037 774 1265 843; x_wconf 82' lang='lat' dir='ltr'><strong>aspicite</strong></span> <span class='ocrx_word' id='word_1_41' title='bbox 1305 775 1447 831; x_wconf 83' lang='lat' dir='ltr'><strong>beati</strong></span> <span class='ocrx_word' id='word_1_42' title='bbox 1494 772 1640 830; x_wconf 86' lang='lat' dir='ltr'><strong>Petri</strong></span> 
     </span>
    </p>
   </div>
   <div class='ocr_carea' id='block_1_7' title="bbox 76 862 1644 937">
    <p class='ocr_par' dir='ltr' id='par_1_7' title="bbox 76 862 1644 937">
     <span class='ocr_line' id='line_1_7' title="bbox 76 862 1644 937; baseline 0.003 -20"><span class='ocrx_word' id='word_1_43' title='bbox 76 865 310 934; x_wconf 83' lang='lat' dir='ltr'><strong>gloriam,</strong></span> <span class='ocrx_word' id='word_1_44' title='bbox 340 872 398 919; x_wconf 90' lang='lat' dir='ltr'><strong>et</strong></span> <span class='ocrx_word' id='word_1_45' title='bbox 435 878 563 919; x_wconf 91' lang='lat' dir='ltr'><strong>cum</strong></span> <span class='ocrx_word' id='word_1_46' title='bbox 591 862 709 933; x_wconf 87' lang='lat' dir='ltr'><strong>ipso</strong></span> <span class='ocrx_word' id='word_1_47' title='bbox 747 879 1065 921; x_wconf 88' lang='lat' dir='ltr'><strong>communes</strong></span> <span class='ocrx_word' id='word_1_48' title='bbox 1092 866 1333 921; x_wconf 89' lang='lat' dir='ltr'><strong>omnium</strong></span> <span class='ocrx_word' id='word_1_49' title='bbox 1372 865 1644 937; x_wconf 81' lang='lat' dir='ltr'><strong>apostolo-</strong></span> 
     </span>
    </p>
   </div>
   <div class='ocr_carea' id='block_1_8' title="bbox 78 955 1636 1028">
    <p class='ocr_par' dir='ltr' id='par_1_8' title="bbox 78 955 1636 1028">
     <span class='ocr_line' id='line_1_8' title="bbox 78 955 1636 1028; baseline 0.001 -19"><span class='ocrx_word' id='word_1_50' title='bbox 78 970 178 1009; x_wconf 88' lang='lat' dir='ltr'><strong>rum</strong></span> <span class='ocrx_word' id='word_1_51' title='bbox 202 969 427 1011; x_wconf 84' lang='lat' dir='ltr'><strong>coronas</strong></span> <span class='ocrx_word' id='word_1_52' title='bbox 451 961 775 1011; x_wconf 91' lang='lat' dir='ltr'><strong>cunctorum</strong></span> <span class='ocrx_word' id='word_1_53' title='bbox 798 969 918 1026; x_wconf 64' lang='lat' dir='ltr'><strong>qua!</strong></span> <span class='ocrx_word' id='word_1_54' title='bbox 947 966 1250 1028; x_wconf 87' lang='lat' dir='ltr'><strong>martyrum</strong></span> <span class='ocrx_word' id='word_1_55' title='bbox 1281 956 1510 1026; x_wconf 81' lang='lat' dir='ltr'><strong>palmas,</strong></span> <span class='ocrx_word' id='word_1_56' title='bbox 1543 955 1636 1026; x_wconf 87' lang='lat' dir='ltr'><strong>qui</strong></span> 
     </span>
    </p>
   </div>
   <div class='ocr_carea' id='block_1_9' title="bbox 76 1045 1638 1117">
    <p class='ocr_par' dir='ltr' id='par_1_9' title="bbox 76 1045 1638 1117">
     <span class='ocr_line' id='line_1_9' title="bbox 76 1045 1638 1117; baseline 0.001 -18"><span class='ocrx_word' id='word_1_57' title='bbox 76 1061 160 1117; x_wconf 85' lang='lat' dir='ltr'><strong>pro</strong></span> <span class='ocrx_word' id='word_1_58' title='bbox 187 1045 409 1101; x_wconf 79' lang='lat' dir='ltr'><strong>fratrum</strong></span> <span class='ocrx_word' id='word_1_59' title='bbox 457 1060 568 1102; x_wconf 91' lang='lat' dir='ltr'><strong>non</strong></span> <span class='ocrx_word' id='word_1_60' title='bbox 610 1045 1018 1112; x_wconf 87' lang='lat' dir='ltr'><strong>destructione,</strong></span> <span class='ocrx_word' id='word_1_61' title='bbox 1066 1048 1161 1104; x_wconf 88' lang='lat' dir='ltr'><strong>sed</strong></span> <span class='ocrx_word' id='word_1_62' title='bbox 1196 1046 1638 1110; x_wconf 88' lang='lat' dir='ltr'><strong>confirmatione,</strong></span> 
     </span>
    </p>
   </div>
   <div class='ocr_carea' id='block_1_10' title="bbox 76 1136 1643 1208">
    <p class='ocr_par' dir='ltr' id='par_1_10' title="bbox 76 1136 1643 1208">
     <span class='ocr_line' id='line_1_10' title="bbox 76 1136 1643 1208; baseline -0.001 -15"><span class='ocrx_word' id='word_1_63' title='bbox 76 1149 122 1193; x_wconf 86' lang='lat' dir='ltr'><strong>et</strong></span> <span class='ocrx_word' id='word_1_64' title='bbox 146 1137 363 1193; x_wconf 76' lang='lat' dir='ltr'><strong>veritate</strong></span> <span class='ocrx_word' id='word_1_65' title='bbox 392 1137 447 1191; x_wconf 93' lang='lat' dir='ltr'><strong>in</strong></span> <span class='ocrx_word' id='word_1_66' title='bbox 479 1136 700 1193; x_wconf 81' lang='lat' dir='ltr'><strong>Christo</strong></span> <span class='ocrx_word' id='word_1_67' title='bbox 742 1138 891 1207; x_wconf 83' lang='lat' dir='ltr'><strong>passi</strong></span> <span class='ocrx_word' id='word_1_68' title='bbox 929 1146 1077 1193; x_wconf 89' lang='lat' dir='ltr'><strong>sunt.</strong></span> <span class='ocrx_word' id='word_1_69' title='bbox 1121 1136 1233 1193; x_wconf 84' lang='lat' dir='ltr'><strong>Nos</strong></span> <span class='ocrx_word' id='word_1_70' title='bbox 1259 1148 1390 1208; x_wconf 83' lang='lat' dir='ltr'><strong>ergo</strong></span> <span class='ocrx_word' id='word_1_71' title='bbox 1416 1136 1508 1207; x_wconf 91' lang='lat' dir='ltr'><strong>qui</strong></span> <span class='ocrx_word' id='word_1_72' title='bbox 1538 1137 1643 1192; x_wconf 87' lang='lat' dir='ltr'><strong>Do-</strong></span> 
     </span>
    </p>
   </div>
   <div class='ocr_carea' id='block_1_11' title="bbox 79 1225 1645 1297">
    <p class='ocr_par' dir='ltr' id='par_1_11' title="bbox 79 1225 1645 1297">
     <span class='ocr_line' id='line_1_11' title="bbox 79 1225 1645 1297; baseline -0.001 -15"><span class='ocrx_word' id='word_1_73' title='bbox 79 1228 190 1283; x_wconf 89' lang='lat' dir='ltr'><strong>mini</strong></span> <span class='ocrx_word' id='word_1_74' title='bbox 234 1226 487 1297; x_wconf 86' lang='lat' dir='ltr'><strong>discipuli</strong></span> <span class='ocrx_word' id='word_1_75' title='bbox 541 1235 597 1283; x_wconf 90' lang='lat' dir='ltr'><strong>et</strong></span> <span class='ocrx_word' id='word_1_76' title='bbox 656 1226 763 1282; x_wconf 89' lang='lat' dir='ltr'><strong>dici</strong></span> <span class='ocrx_word' id='word_1_77' title='bbox 824 1234 882 1282; x_wconf 92' lang='lat' dir='ltr'><strong>et</strong></span> <span class='ocrx_word' id='word_1_78' title='bbox 927 1241 1049 1282; x_wconf 88' lang='lat' dir='ltr'><strong>esse</strong></span> <span class='ocrx_word' id='word_1_79' title='bbox 1094 1225 1379 1292; x_wconf 86' lang='lat' dir='ltr'><strong>volumus,</strong></span> <span class='ocrx_word' id='word_1_80' title='bbox 1424 1234 1645 1296; x_wconf 88' lang='lat' dir='ltr'><strong>portare</strong></span> 
     </span>
    </p>
   </div>
   <div class='ocr_carea' id='block_1_12' title="bbox 80 1315 1642 1388">
    <p class='ocr_par' dir='ltr' id='par_1_12' title="bbox 80 1315 1642 1388">
     <span class='ocr_line' id='line_1_12' title="bbox 80 1315 1642 1388; baseline -0.005 -13"><span class='ocrx_word' id='word_1_81' title='bbox 80 1335 269 1375; x_wconf 86' lang='lat' dir='ltr'><strong>crucem</strong></span> <span class='ocrx_word' id='word_1_82' title='bbox 291 1318 532 1385; x_wconf 87' lang='lat' dir='ltr'><strong>Christi,</strong></span> <span class='ocrx_word' id='word_1_83' title='bbox 564 1327 620 1374; x_wconf 93' lang='lat' dir='ltr'><strong>et</strong></span> <span class='ocrx_word' id='word_1_84' title='bbox 646 1317 884 1388; x_wconf 88' lang='lat' dir='ltr'><strong>compati</strong></span> <span class='ocrx_word' id='word_1_85' title='bbox 926 1316 1187 1373; x_wconf 79' lang='lat' dir='ltr'><strong>fratribus</strong></span> <span class='ocrx_word' id='word_1_86' title='bbox 1216 1315 1506 1379; x_wconf 86' lang='lat' dir='ltr'><strong>debemus,</strong></span> <span class='ocrx_word' id='word_1_87' title='bbox 1534 1329 1642 1368; x_wconf 94' lang='lat' dir='ltr'><strong>non</strong></span> 
     </span>
    </p>
   </div>
   <div class='ocr_carea' id='block_1_13' title="bbox 80 1405 1647 1484">
    <p class='ocr_par' dir='ltr' id='par_1_13' title="bbox 80 1405 1647 1484">
     <span class='ocr_line' id='line_1_13' title="bbox 80 1405 1647 1484; baseline -0.004 -19"><span class='ocrx_word' id='word_1_88' title='bbox 80 1411 325 1484; x_wconf 78' lang='lat' dir='ltr'><strong>persequi.</strong></span> <span class='ocrx_word' id='word_1_89' title='bbox 351 1409 675 1465; x_wconf 85' lang='lat' dir='ltr'><strong>Subtrahitc</strong></span> <span class='ocrx_word' id='word_1_90' title='bbox 704 1423 958 1480; x_wconf 77' lang='lat' dir='ltr'><strong>rogamus</strong></span> <span class='ocrx_word' id='word_1_91' title='bbox 986 1416 1141 1464; x_wconf 90' lang='lat' dir='ltr'><strong>actus</strong></span> <span class='ocrx_word' id='word_1_92' title='bbox 1181 1405 1647 1477; x_wconf 80' lang='lat' dir='ltr'><strong>cogitationesque</strong></span> 
     </span>
    </p>
   </div>
   <div class='ocr_carea' id='block_1_14' title="bbox 83 1494 1647 1565">
    <p class='ocr_par' dir='ltr' id='par_1_14' title="bbox 83 1494 1647 1565">
     <span class='ocr_line' id='line_1_14' title="bbox 83 1494 1647 1565; baseline -0.005 -9"><span class='ocrx_word' id='word_1_93' title='bbox 83 1518 108 1556; x_wconf 88' lang='lat' dir='ltr'><strong>a</strong></span> <span class='ocrx_word' id='word_1_94' title='bbox 144 1501 323 1556; x_wconf 85' lang='lat' dir='ltr'><strong>talibus</strong></span> <span class='ocrx_word' id='word_1_95' title='bbox 368 1498 744 1564; x_wconf 89' lang='lat' dir='ltr'><strong>nocumentis,</strong></span> <span class='ocrx_word' id='word_1_96' title='bbox 794 1498 838 1553; x_wconf 88' lang='lat' dir='ltr'><strong>si</strong></span> <span class='ocrx_word' id='word_1_97' title='bbox 887 1513 994 1553; x_wconf 90' lang='lat' dir='ltr'><strong>non</strong></span> <span class='ocrx_word' id='word_1_98' title='bbox 1043 1495 1207 1551; x_wconf 80' lang='lat' dir='ltr'><strong>vultis</strong></span> <span class='ocrx_word' id='word_1_99' title='bbox 1250 1494 1421 1565; x_wconf 86' lang='lat' dir='ltr'><strong>ipsam</strong></span> <span class='ocrx_word' id='word_1_100' title='bbox 1463 1494 1517 1548; x_wconf 94' lang='lat' dir='ltr'><strong>in</strong></span> <span class='ocrx_word' id='word_1_101' title='bbox 1550 1507 1647 1548; x_wconf 88' lang='lat' dir='ltr'><strong>vos</strong></span> 
     </span>
    </p>
   </div>
   <div class='ocr_carea' id='block_1_15' title="bbox 82 1582 1646 1661">
    <p class='ocr_par' dir='ltr' id='par_1_15' title="bbox 82 1582 1646 1661">
     <span class='ocr_line' id='line_1_15' title="bbox 82 1582 1646 1661; baseline -0.007 -14"><span class='ocrx_word' id='word_1_102' title='bbox 82 1591 329 1661; x_wconf 78' lang='lat' dir='ltr'><strong>suscipere</strong></span> <span class='ocrx_word' id='word_1_103' title='bbox 349 1589 616 1646; x_wconf 90' lang='lat' dir='ltr'><strong>ultionem</strong></span> <span class='ocrx_word' id='word_1_104' title='bbox 634 1629 651 1655; x_wconf 94' lang='lat'><strong>,</strong></span> <span class='ocrx_word' id='word_1_105' title='bbox 677 1588 933 1659; x_wconf 84' lang='lat' dir='ltr'><strong>quoniam</strong></span> <span class='ocrx_word' id='word_1_106' title='bbox 971 1586 1225 1643; x_wconf 81' lang='lat' dir='ltr'><strong>talionem</strong></span> <span class='ocrx_word' id='word_1_107' title='bbox 1266 1591 1526 1649; x_wconf 83' lang='lat' dir='ltr'><strong>meretur,</strong></span> <span class='ocrx_word' id='word_1_108' title='bbox 1554 1582 1646 1654; x_wconf 88' lang='lat' dir='ltr'><strong>qui</strong></span> 
     </span>
    </p>
   </div>
   <div class='ocr_carea' id='block_1_16' title="bbox 85 1675 1647 1750">
    <p class='ocr_par' dir='ltr' id='par_1_16' title="bbox 85 1675 1647 1750">
     <span class='ocr_line' id='line_1_16' title="bbox 85 1675 1647 1750; baseline -0.004 -17"><span class='ocrx_word' id='word_1_109' title='bbox 85 1679 212 1735; x_wconf 87' lang='lat' dir='ltr'><strong>fratri</strong></span> <span class='ocrx_word' id='word_1_110' title='bbox 240 1679 447 1737; x_wconf 81' lang='lat' dir='ltr'><strong>foveam</strong></span> <span class='ocrx_word' id='word_1_111' title='bbox 482 1686 774 1750; x_wconf 67' lang='lat' dir='ltr'><strong>praeparat.</strong></span> <span class='ocrx_word' id='word_1_112' title='bbox 807 1676 874 1737; x_wconf 81' lang='lat' dir='ltr'><strong>Et</strong></span> <span class='ocrx_word' id='word_1_113' title='bbox 915 1690 1015 1732; x_wconf 92' lang='lat' dir='ltr'><strong>nos</strong></span> <span class='ocrx_word' id='word_1_114' title='bbox 1043 1675 1240 1732; x_wconf 75' lang='lat' dir='ltr'><strong>scitote</strong></span> <span class='ocrx_word' id='word_1_115' title='bbox 1282 1675 1430 1730; x_wconf 91' lang='lat' dir='ltr'><strong>hunc</strong></span> <span class='ocrx_word' id='word_1_116' title='bbox 1460 1682 1647 1746; x_wconf 81' lang='lat' dir='ltr'><strong>typum</strong></span> 
     </span>
    </p>
   </div>
   <div class='ocr_carea' id='block_1_17' title="bbox 86 1764 1648 1840">
    <p class='ocr_par' dir='ltr' id='par_1_17' title="bbox 86 1764 1648 1840">
     <span class='ocr_line' id='line_1_17' title="bbox 86 1764 1648 1840; baseline -0.005 -15"><span class='ocrx_word' id='word_1_117' title='bbox 86 1770 310 1838; x_wconf 85' lang='lat' dir='ltr'><strong>deinceps</strong></span> <span class='ocrx_word' id='word_1_118' title='bbox 338 1784 447 1824; x_wconf 91' lang='lat' dir='ltr'><strong>non</strong></span> <span class='ocrx_word' id='word_1_119' title='bbox 477 1784 606 1826; x_wconf 90' lang='lat' dir='ltr'><strong>esse</strong></span> <span class='ocrx_word' id='word_1_120' title='bbox 628 1781 887 1840; x_wconf 87' lang='lat' dir='ltr'><strong>passuros</strong></span> <span class='ocrx_word' id='word_1_121' title='bbox 905 1807 920 1832; x_wconf 89' lang='lat'><strong>,</strong></span> <span class='ocrx_word' id='word_1_122' title='bbox 947 1775 1009 1821; x_wconf 94' lang='lat' dir='ltr'><strong>ut</strong></span> <span class='ocrx_word' id='word_1_123' title='bbox 1027 1781 1091 1821; x_wconf 86' lang='lat' dir='ltr'><strong>ea</strong></span> <span class='ocrx_word' id='word_1_124' title='bbox 1116 1780 1237 1835; x_wconf 65' lang='lat' dir='ltr'><strong>quae</strong></span> <span class='ocrx_word' id='word_1_125' title='bbox 1261 1765 1329 1820; x_wconf 88' lang='lat' dir='ltr'><strong>ad</strong></span> <span class='ocrx_word' id='word_1_126' title='bbox 1354 1764 1496 1819; x_wconf 89' lang='lat' dir='ltr'><strong>hanc</strong></span> <span class='ocrx_word' id='word_1_127' title='bbox 1522 1777 1648 1834; x_wconf 83' lang='lat' dir='ltr'><strong>spe-</strong></span> 
     </span>
    </p>
   </div>
   <div class='ocr_carea' id='block_1_18' title="bbox 1744 588 3322 658">
    <p class='ocr_par' dir='ltr' id='par_1_18' title="bbox 1744 588 3322 658">
     <span class='ocr_line' id='line_1_18' title="bbox 1744 588 3322 658; baseline 0.003 -15"><span class='ocrx_word' id='word_1_128' title='bbox 1744 598 1923 643; x_wconf 86' lang='lat' dir='ltr'><strong>tamen</strong></span> <span class='ocrx_word' id='word_1_129' title='bbox 1946 590 2081 645; x_wconf 90' lang='lat' dir='ltr'><strong>ordo</strong></span> <span class='ocrx_word' id='word_1_130' title='bbox 2100 588 2369 658; x_wconf 75' lang='lat' dir='ltr'><strong>generalis</strong></span> <span class='ocrx_word' id='word_1_131' title='bbox 2392 598 2478 644; x_wconf 91' lang='lat' dir='ltr'><strong>est</strong></span> <span class='ocrx_word' id='word_1_132' title='bbox 2494 627 2510 654; x_wconf 93' lang='lat'><strong>,</strong></span> <span class='ocrx_word' id='word_1_133' title='bbox 2532 590 2785 658; x_wconf 87' lang='lat' dir='ltr'><strong>quoniam</strong></span> <span class='ocrx_word' id='word_1_134' title='bbox 2811 590 2954 645; x_wconf 90' lang='lat' dir='ltr'><strong>inter</strong></span> <span class='ocrx_word' id='word_1_135' title='bbox 2976 591 3322 649; x_wconf 86' lang='lat' dir='ltr'><strong>beatissimos</strong></span> 
     </span>
    </p>
   </div>
   <div class='ocr_carea' id='block_1_19' title="bbox 1742 678 3324 751">
    <p class='ocr_par' dir='ltr' id='par_1_19' title="bbox 1742 678 3324 751">
     <span class='ocr_line' id='line_1_19' title="bbox 1742 678 3324 751; baseline 0.001 -16"><span class='ocrx_word' id='word_1_136' title='bbox 1742 679 2018 750; x_wconf 75' lang='lat' dir='ltr'><strong>apostolos</strong></span> <span class='ocrx_word' id='word_1_137' title='bbox 2047 679 2100 734; x_wconf 94' lang='lat' dir='ltr'><strong>in</strong></span> <span class='ocrx_word' id='word_1_138' title='bbox 2132 678 2488 735; x_wconf 83' lang='lat' dir='ltr'><strong>similitudine</strong></span> <span class='ocrx_word' id='word_1_139' title='bbox 2514 679 2739 735; x_wconf 90' lang='lat' dir='ltr'><strong>honoris</strong></span> <span class='ocrx_word' id='word_1_140' title='bbox 2777 680 2879 735; x_wconf 90' lang='lat' dir='ltr'><strong>fuit</strong></span> <span class='ocrx_word' id='word_1_141' title='bbox 2920 681 3168 751; x_wconf 57' lang='lat' dir='ltr'><strong>quasdam</strong></span> <span class='ocrx_word' id='word_1_142' title='bbox 3212 682 3324 738; x_wconf 88' lang='lat' dir='ltr'><strong>dis-</strong></span> 
     </span>
    </p>
   </div>
   <div class='ocr_carea' id='block_1_20' title="bbox 1741 770 3323 842">
    <p class='ocr_par' dir='ltr' id='par_1_20' title="bbox 1741 770 3323 842">
     <span class='ocr_line' id='line_1_20' title="bbox 1741 770 3323 842; baseline 0.001 -15"><span class='ocrx_word' id='word_1_143' title='bbox 1741 772 1914 827; x_wconf 89' lang='lat' dir='ltr'><strong>cretio</strong></span> <span class='ocrx_word' id='word_1_144' title='bbox 1942 770 2256 841; x_wconf 82' lang='lat' dir='ltr'><strong>potestatis,</strong></span> <span class='ocrx_word' id='word_1_145' title='bbox 2283 778 2341 825; x_wconf 92' lang='lat' dir='ltr'><strong>et</strong></span> <span class='ocrx_word' id='word_1_146' title='bbox 2366 785 2492 826; x_wconf 90' lang='lat' dir='ltr'><strong>eum</strong></span> <span class='ocrx_word' id='word_1_147' title='bbox 2520 770 2762 825; x_wconf 89' lang='lat' dir='ltr'><strong>omnium</strong></span> <span class='ocrx_word' id='word_1_148' title='bbox 2802 785 2903 842; x_wconf 92' lang='lat' dir='ltr'><strong>par</strong></span> <span class='ocrx_word' id='word_1_149' title='bbox 2936 778 3083 827; x_wconf 86' lang='lat' dir='ltr'><strong>esset</strong></span> <span class='ocrx_word' id='word_1_150' title='bbox 3105 771 3323 839; x_wconf 87' lang='lat' dir='ltr'><strong>electio,</strong></span> 
     </span>
    </p>
   </div>
   <div class='ocr_carea' id='block_1_21' title="bbox 1742 860 3326 934">
    <p class='ocr_par' dir='ltr' id='par_1_21' title="bbox 1742 860 3326 934">
     <span class='ocr_line' id='line_1_21' title="bbox 1742 860 3326 934; baseline 0.002 -17"><span class='ocrx_word' id='word_1_151' title='bbox 1742 860 1837 917; x_wconf 93' lang='lat' dir='ltr'><strong>uni</strong></span> <span class='ocrx_word' id='word_1_152' title='bbox 1867 869 2048 918; x_wconf 90' lang='lat' dir='ltr'><strong>tamen</strong></span> <span class='ocrx_word' id='word_1_153' title='bbox 2096 861 2281 917; x_wconf 90' lang='lat' dir='ltr'><strong>datum</strong></span> <span class='ocrx_word' id='word_1_154' title='bbox 2321 870 2386 917; x_wconf 90' lang='lat' dir='ltr'><strong>ut</strong></span> <span class='ocrx_word' id='word_1_155' title='bbox 2427 862 2643 918; x_wconf 66' lang='lat' dir='ltr'><strong>caeteris</strong></span> <span class='ocrx_word' id='word_1_156' title='bbox 2680 864 3075 933; x_wconf 74' lang='lat' dir='ltr'><strong>prteemineret.</strong></span> <span class='ocrx_word' id='word_1_157' title='bbox 3116 864 3195 919; x_wconf 91' lang='lat' dir='ltr'><strong>De</strong></span> <span class='ocrx_word' id='word_1_158' title='bbox 3217 879 3326 934; x_wconf 89' lang='lat' dir='ltr'><strong>qua</strong></span> 
     </span>
    </p>
   </div>
   <div class='ocr_carea' id='block_1_22' title="bbox 1745 951 3329 1023">
    <p class='ocr_par' dir='ltr' id='par_1_22' title="bbox 1745 951 3329 1023">
     <span class='ocr_line' id='line_1_22' title="bbox 1745 951 3329 1023; baseline 0.003 -16"><span class='ocrx_word' id='word_1_159' title='bbox 1745 951 1919 1008; x_wconf 90' lang='lat' dir='ltr'><strong>forma</strong></span> <span class='ocrx_word' id='word_1_160' title='bbox 1963 952 2341 1023; x_wconf 82' lang='lat' dir='ltr'><strong>episcoporum</strong></span> <span class='ocrx_word' id='word_1_161' title='bbox 2378 953 2624 1023; x_wconf 64' lang='lat' dir='ltr'><strong>quadam</strong></span> <span class='ocrx_word' id='word_1_162' title='bbox 2651 962 2772 1009; x_wconf 89' lang='lat' dir='ltr'><strong>orta</strong></span> <span class='ocrx_word' id='word_1_163' title='bbox 2800 963 2885 1010; x_wconf 90' lang='lat' dir='ltr'><strong>est</strong></span> <span class='ocrx_word' id='word_1_164' title='bbox 2929 954 3240 1021; x_wconf 88' lang='lat' dir='ltr'><strong>distinctio‘,</strong></span> <span class='ocrx_word' id='word_1_165' title='bbox 3271 965 3329 1011; x_wconf 93' lang='lat' dir='ltr'><strong>et</strong></span> 
     </span>
    </p>
   </div>
   <div class='ocr_carea' id='block_1_23' title="bbox 1745 1045 3328 1118">
    <p class='ocr_par' dir='ltr' id='par_1_23' title="bbox 1745 1045 3328 1118">
     <span class='ocr_line' id='line_1_23' title="bbox 1745 1045 3328 1118; baseline 0.002 -18"><span class='ocrx_word' id='word_1_166' title='bbox 1745 1060 1941 1118; x_wconf 87' lang='lat' dir='ltr'><strong>magna</strong></span> <span class='ocrx_word' id='word_1_167' title='bbox 1988 1046 2329 1103; x_wconf 88' lang='lat' dir='ltr'><strong>ordinatione</strong></span> <span class='ocrx_word' id='word_1_168' title='bbox 2375 1045 2652 1118; x_wconf 88' lang='lat' dir='ltr'><strong>provisum</strong></span> <span class='ocrx_word' id='word_1_169' title='bbox 2703 1056 2819 1113; x_wconf 90' lang='lat' dir='ltr'><strong>est,</strong></span> <span class='ocrx_word' id='word_1_170' title='bbox 2877 1063 2945 1103; x_wconf 90' lang='lat' dir='ltr'><strong>ne</strong></span> <span class='ocrx_word' id='word_1_171' title='bbox 2988 1063 3179 1104; x_wconf 89' lang='lat' dir='ltr'><strong>omnes</strong></span> <span class='ocrx_word' id='word_1_172' title='bbox 3224 1048 3328 1103; x_wconf 90' lang='lat' dir='ltr'><strong>sibi</strong></span> 
     </span>
    </p>
   </div>
   <div class='ocr_carea' id='block_1_24' title="bbox 1744 1138 3329 1210">
    <p class='ocr_par' dir='ltr' id='par_1_24' title="bbox 1744 1138 3329 1210">
     <span class='ocr_line' id='line_1_24' title="bbox 1744 1138 3329 1210; baseline 0.001 -16"><span class='ocrx_word' id='word_1_173' title='bbox 1744 1139 1924 1194; x_wconf 87' lang='lat' dir='ltr'><strong>omnia</strong></span> <span class='ocrx_word' id='word_1_174' title='bbox 1951 1138 2320 1205; x_wconf 85' lang='lat' dir='ltr'><strong>vindicarent,</strong></span> <span class='ocrx_word' id='word_1_175' title='bbox 2349 1139 2445 1194; x_wconf 91' lang='lat' dir='ltr'><strong>sed</strong></span> <span class='ocrx_word' id='word_1_176' title='bbox 2472 1146 2658 1195; x_wconf 86' lang='lat' dir='ltr'><strong>essent</strong></span> <span class='ocrx_word' id='word_1_177' title='bbox 2694 1139 2748 1193; x_wconf 91' lang='lat' dir='ltr'><strong>in</strong></span> <span class='ocrx_word' id='word_1_178' title='bbox 2779 1139 3005 1209; x_wconf 81' lang='lat' dir='ltr'><strong>singulis</strong></span> <span class='ocrx_word' id='word_1_179' title='bbox 3034 1138 3329 1210; x_wconf 85' lang='lat' dir='ltr'><strong>provinciis</strong></span> 
     </span>
    </p>
   </div>
   <div class='ocr_carea' id='block_1_25' title="bbox 1746 1227 3327 1301">
    <p class='ocr_par' dir='ltr' id='par_1_25' title="bbox 1746 1227 3327 1301">
     <span class='ocr_line' id='line_1_25' title="bbox 1746 1227 3327 1301; baseline -0.001 -16"><span class='ocrx_word' id='word_1_180' title='bbox 1746 1227 1973 1300; x_wconf 80' lang='lat' dir='ltr'><strong>singuli,</strong></span> <span class='ocrx_word' id='word_1_181' title='bbox 2002 1242 2232 1297; x_wconf 88' lang='lat' dir='ltr'><strong>quorum</strong></span> <span class='ocrx_word' id='word_1_182' title='bbox 2270 1229 2413 1284; x_wconf 87' lang='lat' dir='ltr'><strong>Inter</strong></span> <span class='ocrx_word' id='word_1_183' title='bbox 2440 1228 2637 1286; x_wconf 78' lang='lat' dir='ltr'><strong>fratres</strong></span> <span class='ocrx_word' id='word_1_184' title='bbox 2668 1229 2959 1285; x_wconf 86' lang='lat' dir='ltr'><strong>haberetur</strong></span> <span class='ocrx_word' id='word_1_185' title='bbox 2997 1230 3172 1301; x_wconf 87' lang='lat' dir='ltr'><strong>prima</strong></span> <span class='ocrx_word' id='word_1_186' title='bbox 3200 1243 3327 1284; x_wconf 89' lang='lat' dir='ltr'><strong>scu-</strong></span> 
     </span>
    </p>
   </div>
   <div class='ocr_carea' id='block_1_26' title="bbox 1753 1318 3334 1388">
    <p class='ocr_par' dir='ltr' id='par_1_26' title="bbox 1753 1318 3334 1388">
     <span class='ocr_line' id='line_1_26' title="bbox 1753 1318 3334 1388; baseline 0.002 -16"><span class='ocrx_word' id='word_1_187' title='bbox 1753 1318 1954 1383; x_wconf 90' lang='lat' dir='ltr'><strong>tentia;</strong></span> <span class='ocrx_word' id='word_1_188' title='bbox 1987 1325 2042 1372; x_wconf 90' lang='lat' dir='ltr'><strong>et</strong></span> <span class='ocrx_word' id='word_1_189' title='bbox 2067 1333 2283 1373; x_wconf 85' lang='lat' dir='ltr'><strong>rursum</strong></span> <span class='ocrx_word' id='word_1_190' title='bbox 2311 1319 2531 1388; x_wconf 88' lang='lat' dir='ltr'><strong>quidam</strong></span> <span class='ocrx_word' id='word_1_191' title='bbox 2556 1320 2611 1374; x_wconf 90' lang='lat' dir='ltr'><strong>in</strong></span> <span class='ocrx_word' id='word_1_192' title='bbox 2639 1318 2936 1388; x_wconf 84' lang='lat' dir='ltr'><strong>majoribus</strong></span> <span class='ocrx_word' id='word_1_193' title='bbox 2954 1320 3334 1376; x_wconf 73' lang='lat' dir='ltr'><strong>urbibusch</strong></span> 
     </span>
    </p>
   </div>
   <div class='ocr_carea' id='block_1_27' title="bbox 1747 1406 3332 1479">
    <p class='ocr_par' dir='ltr' id='par_1_27' title="bbox 1747 1406 3332 1479">
     <span class='ocr_line' id='line_1_27' title="bbox 1747 1406 3332 1479; baseline 0.001 -17"><span class='ocrx_word' id='word_1_194' title='bbox 1747 1406 1924 1462; x_wconf 86' lang='lat' dir='ltr'><strong>stituti</strong></span> <span class='ocrx_word' id='word_1_195' title='bbox 1944 1447 1959 1473; x_wconf 98' lang='lat'><strong>,</strong></span> <span class='ocrx_word' id='word_1_196' title='bbox 1992 1406 2413 1463; x_wconf 89' lang='lat' dir='ltr'><strong>sollicitudinem</strong></span> <span class='ocrx_word' id='word_1_197' title='bbox 2440 1408 2559 1478; x_wconf 88' lang='lat' dir='ltr'><strong>ejus</strong></span> <span class='ocrx_word' id='word_1_198' title='bbox 2606 1409 2947 1479; x_wconf 87' lang='lat' dir='ltr'><strong>susciperent</strong></span> <span class='ocrx_word' id='word_1_199' title='bbox 2978 1409 3294 1478; x_wconf 89' lang='lat' dir='ltr'><strong>ampliorem</strong></span> <span class='ocrx_word' id='word_1_200' title='bbox 3314 1447 3332 1474; x_wconf 93' lang='lat'><strong>,</strong></span> 
     </span>
    </p>
   </div>
   <div class='ocr_carea' id='block_1_28' title="bbox 1746 1494 3334 1565">
    <p class='ocr_par' dir='ltr' id='par_1_28' title="bbox 1746 1494 3334 1565">
     <span class='ocr_line' id='line_1_28' title="bbox 1746 1494 3334 1565; baseline 0 -15"><span class='ocrx_word' id='word_1_201' title='bbox 1746 1510 1851 1565; x_wconf 91' lang='lat' dir='ltr'><strong>per</strong></span> <span class='ocrx_word' id='word_1_202' title='bbox 1869 1509 2006 1564; x_wconf 87' lang='lat' dir='ltr'><strong>quos</strong></span> <span class='ocrx_word' id='word_1_203' title='bbox 2028 1495 2096 1549; x_wconf 91' lang='lat' dir='ltr'><strong>ad</strong></span> <span class='ocrx_word' id='word_1_204' title='bbox 2122 1509 2285 1549; x_wconf 90' lang='lat' dir='ltr'><strong>unam</strong></span> <span class='ocrx_word' id='word_1_205' title='bbox 2315 1494 2465 1551; x_wconf 85' lang='lat' dir='ltr'><strong>Petri</strong></span> <span class='ocrx_word' id='word_1_206' title='bbox 2509 1497 2697 1561; x_wconf 81' lang='lat' dir='ltr'><strong>sedem</strong></span> <span class='ocrx_word' id='word_1_207' title='bbox 2727 1495 3048 1551; x_wconf 85' lang='lat' dir='ltr'><strong>universalis</strong></span> <span class='ocrx_word' id='word_1_208' title='bbox 3077 1495 3334 1553; x_wconf 83' lang='lat' dir='ltr'><strong>Ecclesiae</strong></span> 
     </span>
    </p>
   </div>
   <div class='ocr_carea' id='block_1_29' title="bbox 1749 1582 3337 1655">
    <p class='ocr_par' dir='ltr' id='par_1_29' title="bbox 1749 1582 3337 1655">
     <span class='ocr_line' id='line_1_29' title="bbox 1749 1582 3337 1655; baseline -0.001 -15"><span class='ocrx_word' id='word_1_209' title='bbox 1749 1599 1879 1640; x_wconf 88' lang='lat' dir='ltr'><strong>cura</strong></span> <span class='ocrx_word' id='word_1_210' title='bbox 1903 1582 2230 1651; x_wconf 80' lang='lat' dir='ltr'><strong>conflueret,</strong></span> <span class='ocrx_word' id='word_1_211' title='bbox 2258 1591 2315 1639; x_wconf 90' lang='lat' dir='ltr'><strong>et</strong></span> <span class='ocrx_word' id='word_1_212' title='bbox 2341 1583 2474 1640; x_wconf 81' lang='lat' dir='ltr'><strong>nihil</strong></span> <span class='ocrx_word' id='word_1_213' title='bbox 2518 1600 2748 1654; x_wconf 90' lang='lat' dir='ltr'><strong>usquam</strong></span> <span class='ocrx_word' id='word_1_214' title='bbox 2777 1600 2807 1639; x_wconf 87' lang='lat' dir='ltr'><strong>a</strong></span> <span class='ocrx_word' id='word_1_215' title='bbox 2838 1600 2937 1640; x_wconf 88' lang='lat' dir='ltr'><strong>suo</strong></span> <span class='ocrx_word' id='word_1_216' title='bbox 2965 1586 3145 1655; x_wconf 88' lang='lat' dir='ltr'><strong>capite</strong></span> <span class='ocrx_word' id='word_1_217' title='bbox 3175 1585 3337 1641; x_wconf 83' lang='lat' dir='ltr'><strong>dissi-</strong></span> 
     </span>
    </p>
   </div>
   <div class='ocr_carea' id='block_1_30' title="bbox 1750 1674 3336 1747">
    <p class='ocr_par' dir='ltr' id='par_1_30' title="bbox 1750 1674 3336 1747">
     <span class='ocr_line' id='line_1_30' title="bbox 1750 1674 3336 1747; baseline -0.001 -16"><span class='ocrx_word' id='word_1_218' title='bbox 1750 1677 1920 1731; x_wconf 90' lang='lat' dir='ltr'><strong>deret.</strong></span> <span class='ocrx_word' id='word_1_219' title='bbox 1951 1675 2053 1743; x_wconf 84' lang='lat' dir='ltr'><strong>Qui</strong></span> <span class='ocrx_word' id='word_1_220' title='bbox 2082 1690 2213 1747; x_wconf 91' lang='lat' dir='ltr'><strong>ergo</strong></span> <span class='ocrx_word' id='word_1_221' title='bbox 2240 1674 2344 1732; x_wconf 85' lang='lat' dir='ltr'><strong>scit</strong></span> <span class='ocrx_word' id='word_1_222' title='bbox 2391 1690 2453 1731; x_wconf 90' lang='lat' dir='ltr'><strong>se</strong></span> <span class='ocrx_word' id='word_1_223' title='bbox 2499 1675 2819 1744; x_wconf 87' lang='lat' dir='ltr'><strong>quibusdam</strong></span> <span class='ocrx_word' id='word_1_224' title='bbox 2849 1676 3196 1746; x_wconf 70' lang='lat' dir='ltr'><strong>przepositum</strong></span> <span class='ocrx_word' id='word_1_225' title='bbox 3228 1689 3336 1730; x_wconf 90' lang='lat' dir='ltr'><strong>non</strong></span> 
     </span>
    </p>
   </div>
   <div class='ocr_carea' id='block_1_31' title="bbox 1750 1764 3338 1836">
    <p class='ocr_par' dir='ltr' id='par_1_31' title="bbox 1750 1764 3338 1836">
     <span class='ocr_line' id='line_1_31' title="bbox 1750 1764 3338 1836; baseline -0.003 -15"><span class='ocrx_word' id='word_1_226' title='bbox 1750 1764 1975 1821; x_wconf 89' lang='lat' dir='ltr'><strong>moleste</strong></span> <span class='ocrx_word' id='word_1_227' title='bbox 2004 1764 2146 1820; x_wconf 90' lang='lat' dir='ltr'><strong>ferat</strong></span> <span class='ocrx_word' id='word_1_228' title='bbox 2166 1765 2402 1836; x_wconf 89' lang='lat' dir='ltr'><strong>aliquem</strong></span> <span class='ocrx_word' id='word_1_229' title='bbox 2429 1765 2531 1821; x_wconf 88' lang='lat' dir='ltr'><strong>sibi</strong></span> <span class='ocrx_word' id='word_1_230' title='bbox 2572 1779 2694 1820; x_wconf 87' lang='lat' dir='ltr'><strong>esse</strong></span> <span class='ocrx_word' id='word_1_231' title='bbox 2734 1765 3014 1836; x_wconf 55' lang='lat' dir='ltr'><strong>praelatum</strong></span> <span class='ocrx_word' id='word_1_232' title='bbox 3034 1805 3049 1830; x_wconf 92' lang='lat'><strong>,</strong></span> <span class='ocrx_word' id='word_1_233' title='bbox 3079 1764 3175 1818; x_wconf 90' lang='lat' dir='ltr'><strong>sed</strong></span> <span class='ocrx_word' id='word_1_234' title='bbox 3209 1764 3338 1818; x_wconf 88' lang='lat' dir='ltr'><strong>obc-</strong></span> 
     </span>
    </p>
   </div>
   <div class='ocr_carea' id='block_1_32' title="bbox 92 1842 3341 1927">
    <p class='ocr_par' dir='ltr' id='par_1_32' title="bbox 92 1842 3341 1927">
     <span class='ocr_line' id='line_1_32' title="bbox 92 1842 3341 1927; baseline -0.001 -14"><span class='ocrx_word' id='word_1_235' title='bbox 92 1858 273 1913; x_wconf 85' lang='lat' dir='ltr'><strong>cialiter</strong></span> <span class='ocrx_word' id='word_1_236' title='bbox 311 1869 566 1914; x_wconf 89' lang='lat' dir='ltr'><strong>sanctam</strong></span> <span class='ocrx_word' id='word_1_237' title='bbox 601 1857 876 1927; x_wconf 86' lang='lat' dir='ltr'><strong>pertinent</strong></span> <span class='ocrx_word' id='word_1_238' title='bbox 904 1855 1090 1910; x_wconf 89' lang='lat' dir='ltr'><strong>sedem</strong></span> <span class='ocrx_word' id='word_1_239' title='bbox 1122 1853 1265 1908; x_wconf 89' lang='lat' dir='ltr'><strong>sicut</strong></span> <span class='ocrx_word' id='word_1_240' title='bbox 1307 1850 1510 1923; x_wconf 90' lang='lat' dir='ltr'><strong>judicia</strong></span> <span class='ocrx_word' id='word_1_241' title='bbox 1536 1850 1651 1921; x_wconf 89' lang='lat' dir='ltr'><strong>cpi-</strong></span> <span class='ocrx_word' id='word_1_242' title='bbox 1678 1844 1729 1906; x_wconf 80' lang='grc' dir='ltr'><strong>Β</strong></span> <span class='ocrx_word' id='word_1_243' title='bbox 1753 1856 2013 1912; x_wconf 87' lang='lat' dir='ltr'><strong>dientiam</strong></span> <span class='ocrx_word' id='word_1_244' title='bbox 2056 1871 2219 1925; x_wconf 88' lang='lat' dir='ltr'><strong>quam</strong></span> <span class='ocrx_word' id='word_1_245' title='bbox 2258 1856 2455 1925; x_wconf 78' lang='lat' dir='ltr'><strong>exigit,</strong></span> <span class='ocrx_word' id='word_1_246' title='bbox 2501 1856 2664 1911; x_wconf 75' lang='lat' dir='ltr'><strong>etiam</strong></span> <span class='ocrx_word' id='word_1_247' title='bbox 2700 1856 2814 1925; x_wconf 90' lang='lat' dir='ltr'><strong>ipse</strong></span> <span class='ocrx_word' id='word_1_248' title='bbox 2841 1842 3131 1924; x_wconf 86' lang='lat' dir='ltr'><strong>dependat.</strong></span> <span class='ocrx_word' id='word_1_249' title='bbox 3161 1853 3341 1909; x_wconf 80' lang='lat' dir='ltr'><strong>Nolite</strong></span> 
     </span>
    </p>
   </div>
   <div class='ocr_carea' id='block_1_33' title="bbox 88 1941 1647 2019">
    <p class='ocr_par' dir='ltr' id='par_1_33' title="bbox 88 1941 1647 2019">
     <span class='ocr_line' id='line_1_33' title="bbox 88 1941 1647 2019; baseline -0.005 -15"><span class='ocrx_word' id='word_1_250' title='bbox 88 1964 378 2019; x_wconf 80' lang='lat' dir='ltr'><strong>scoparum,</strong></span> <span class='ocrx_word' id='word_1_251' title='bbox 428 1958 484 2004; x_wconf 88' lang='lat' dir='ltr'><strong>et</strong></span> <span class='ocrx_word' id='word_1_252' title='bbox 532 1947 772 2018; x_wconf 86' lang='lat' dir='ltr'><strong>majores</strong></span> <span class='ocrx_word' id='word_1_253' title='bbox 816 1945 1074 2002; x_wconf 73' lang='lat' dir='ltr'><strong>Ecclesia:</strong></span> <span class='ocrx_word' id='word_1_254' title='bbox 1119 1958 1338 2010; x_wconf 87' lang='lat' dir='ltr'><strong>causas,</strong></span> <span class='ocrx_word' id='word_1_255' title='bbox 1385 1950 1447 1998; x_wconf 93' lang='lat' dir='ltr'><strong>ut</strong></span> <span class='ocrx_word' id='word_1_256' title='bbox 1486 1941 1647 2011; x_wconf 85' lang='lat' dir='ltr'><strong>paulo</strong></span> 
     </span>
    </p>
   </div>
   <div class='ocr_carea' id='block_1_34' title="bbox 90 2033 1651 2111">
    <p class='ocr_par' dir='ltr' id='par_1_34' title="bbox 90 2033 1651 2111">
     <span class='ocr_line' id='line_1_34' title="bbox 90 2033 1651 2111; baseline -0.006 -15"><span class='ocrx_word' id='word_1_257' title='bbox 90 2041 302 2111; x_wconf 76' lang='lat' dir='ltr'><strong>superius</strong></span> <span class='ocrx_word' id='word_1_258' title='bbox 346 2039 692 2111; x_wconf 67' lang='lat' dir='ltr'><strong>praelibatqu</strong></span> <span class='ocrx_word' id='word_1_259' title='bbox 735 2047 850 2103; x_wconf 90' lang='lat' dir='ltr'><strong>est,</strong></span> <span class='ocrx_word' id='word_1_260' title='bbox 894 2051 994 2092; x_wconf 90' lang='lat' dir='ltr'><strong>nos</strong></span> <span class='ocrx_word' id='word_1_261' title='bbox 1046 2035 1320 2106; x_wconf 88' lang='lat' dir='ltr'><strong>patiamur</strong></span> <span class='ocrx_word' id='word_1_262' title='bbox 1358 2034 1519 2090; x_wconf 89' lang='lat' dir='ltr'><strong>nobis</strong></span> <span class='ocrx_word' id='word_1_263' title='bbox 1554 2033 1651 2087; x_wconf 78' lang='lat' dir='ltr'><strong>in-</strong></span> 
     </span>
    </p>
   </div>
   <div class='ocr_carea' id='block_1_35' title="bbox 93 2122 1650 2197">
    <p class='ocr_par' dir='ltr' id='par_1_35' title="bbox 93 2122 1650 2197">
     <span class='ocr_line' id='line_1_35' title="bbox 93 2122 1650 2197; baseline -0.004 -12"><span class='ocrx_word' id='word_1_264' title='bbox 93 2130 322 2185; x_wconf 78' lang='lat' dir='ltr'><strong>consultis</strong></span> <span class='ocrx_word' id='word_1_265' title='bbox 343 2129 606 2184; x_wconf 88' lang='lat' dir='ltr'><strong>iuvadere</strong></span> <span class='ocrx_word' id='word_1_266' title='bbox 630 2129 836 2197; x_wconf 88' lang='lat' dir='ltr'><strong>absque</strong></span> <span class='ocrx_word' id='word_1_267' title='bbox 861 2127 1033 2182; x_wconf 88' lang='lat' dir='ltr'><strong>nostri</strong></span> <span class='ocrx_word' id='word_1_268' title='bbox 1056 2133 1230 2180; x_wconf 87' lang='lat' dir='ltr'><strong>status</strong></span> <span class='ocrx_word' id='word_1_269' title='bbox 1251 2122 1512 2194; x_wconf 87' lang='lat' dir='ltr'><strong>periculo.</strong></span> <span class='ocrx_word' id='word_1_270' title='bbox 1541 2122 1650 2179; x_wconf 89' lang='lat' dir='ltr'><strong>Sed</strong></span> 
     </span>
    </p>
   </div>
   <div class='ocr_carea' id='block_1_36' title="bbox 97 2217 1652 2291">
    <p class='ocr_par' dir='ltr' id='par_1_36' title="bbox 97 2217 1652 2291">
     <span class='ocr_line' id='line_1_36' title="bbox 97 2217 1652 2291; baseline -0.003 -18"><span class='ocrx_word' id='word_1_271' title='bbox 97 2221 262 2291; x_wconf 79' lang='lat' dir='ltr'><strong>siquis</strong></span> <span class='ocrx_word' id='word_1_272' title='bbox 304 2219 373 2276; x_wconf 92' lang='lat' dir='ltr'><strong>ab</strong></span> <span class='ocrx_word' id='word_1_273' title='bbox 414 2220 684 2275; x_wconf 88' lang='lat' dir='ltr'><strong>hodierna</strong></span> <span class='ocrx_word' id='word_1_274' title='bbox 735 2219 857 2284; x_wconf 91' lang='lat' dir='ltr'><strong>die,</strong></span> <span class='ocrx_word' id='word_1_275' title='bbox 901 2227 958 2273; x_wconf 91' lang='lat' dir='ltr'><strong>et</strong></span> <span class='ocrx_word' id='word_1_276' title='bbox 991 2217 1245 2285; x_wconf 87' lang='lat' dir='ltr'><strong>deinceps</strong></span> <span class='ocrx_word' id='word_1_277' title='bbox 1286 2230 1409 2270; x_wconf 87' lang='lat' dir='ltr'><strong>eum</strong></span> <span class='ocrx_word' id='word_1_278' title='bbox 1453 2223 1652 2284; x_wconf 66' lang='lat' dir='ltr'><strong>praeter</strong></span> 
     </span>
    </p>
   </div>
   <div class='ocr_carea' id='block_1_37' title="bbox 95 2306 1650 2379">
    <p class='ocr_par' dir='ltr' id='par_1_37' title="bbox 95 2306 1650 2379">
     <span class='ocr_line' id='line_1_37' title="bbox 95 2306 1650 2379; baseline -0.002 -16"><span class='ocrx_word' id='word_1_279' title='bbox 95 2308 224 2378; x_wconf 80' lang='lat' dir='ltr'><strong>hujus</strong></span> <span class='ocrx_word' id='word_1_280' title='bbox 241 2318 438 2366; x_wconf 65' lang='lat' dir='ltr'><strong>sanctae</strong></span> <span class='ocrx_word' id='word_1_281' title='bbox 460 2310 611 2366; x_wconf 91' lang='lat' dir='ltr'><strong>sedis</strong></span> <span class='ocrx_word' id='word_1_282' title='bbox 634 2309 962 2365; x_wconf 87' lang='lat' dir='ltr'><strong>sententiam</strong></span> <span class='ocrx_word' id='word_1_283' title='bbox 985 2308 1271 2376; x_wconf 80' lang='lat' dir='ltr'><strong>damnare,</strong></span> <span class='ocrx_word' id='word_1_284' title='bbox 1296 2317 1390 2362; x_wconf 90' lang='lat' dir='ltr'><strong>aut</strong></span> <span class='ocrx_word' id='word_1_285' title='bbox 1428 2306 1650 2379; x_wconf 87' lang='lat' dir='ltr'><strong>propria</strong></span> 
     </span>
    </p>
   </div>
   <div class='ocr_carea' id='block_1_38' title="bbox 96 2396 1653 2469">
    <p class='ocr_par' dir='ltr' id='par_1_38' title="bbox 96 2396 1653 2469">
     <span class='ocr_line' id='line_1_38' title="bbox 96 2396 1653 2469; baseline -0.001 -18"><span class='ocrx_word' id='word_1_286' title='bbox 96 2398 259 2467; x_wconf 83' lang='lat' dir='ltr'><strong>pellere</strong></span> <span class='ocrx_word' id='word_1_287' title='bbox 283 2400 406 2455; x_wconf 87' lang='lat' dir='ltr'><strong>sede</strong></span> <span class='ocrx_word' id='word_1_288' title='bbox 428 2397 844 2469; x_wconf 77' lang='lat' dir='ltr'><strong>przesumpserit</strong></span> <span class='ocrx_word' id='word_1_289' title='bbox 864 2437 878 2463; x_wconf 95' lang='lat'><strong>,</strong></span> <span class='ocrx_word' id='word_1_290' title='bbox 906 2397 1046 2453; x_wconf 87' lang='lat' dir='ltr'><strong>sciat</strong></span> <span class='ocrx_word' id='word_1_291' title='bbox 1069 2411 1128 2451; x_wconf 89' lang='lat' dir='ltr'><strong>se</strong></span> <span class='ocrx_word' id='word_1_292' title='bbox 1153 2396 1653 2467; x_wconf 86' lang='lat' dir='ltr'><strong>irrecnperahiliter</strong></span> 
     </span>
    </p>
   </div>
   <div class='ocr_carea' id='block_1_39' title="bbox 97 2485 1649 2559">
    <p class='ocr_par' dir='ltr' id='par_1_39' title="bbox 97 2485 1649 2559">
     <span class='ocr_line' id='line_1_39' title="bbox 97 2485 1649 2559; baseline -0.003 -15"><span class='ocrx_word' id='word_1_293' title='bbox 97 2504 192 2544; x_wconf 85' lang='lat' dir='ltr'><strong>esse</strong></span> <span class='ocrx_word' id='word_1_294' title='bbox 213 2488 522 2545; x_wconf 86' lang='lat' dir='ltr'><strong>damnatum</strong></span> <span class='ocrx_word' id='word_1_295' title='bbox 545 2529 561 2555; x_wconf 94' lang='lat'><strong>,</strong></span> <span class='ocrx_word' id='word_1_296' title='bbox 585 2497 641 2544; x_wconf 90' lang='lat' dir='ltr'><strong>et</strong></span> <span class='ocrx_word' id='word_1_297' title='bbox 670 2487 890 2559; x_wconf 88' lang='lat' dir='ltr'><strong>proprio</strong></span> <span class='ocrx_word' id='word_1_298' title='bbox 912 2502 1103 2542; x_wconf 87' lang='lat' dir='ltr'><strong>carere</strong></span> <span class='ocrx_word' id='word_1_299' title='bbox 1129 2486 1393 2557; x_wconf 90' lang='lat' dir='ltr'><strong>perpetim</strong></span> <span class='ocrx_word' id='word_1_300' title='bbox 1423 2485 1649 2551; x_wconf 87' lang='lat' dir='ltr'><strong>honore,</strong></span> 
     </span>
    </p>
   </div>
   <div class='ocr_carea' id='block_1_40' title="bbox 98 2577 1652 2650">
    <p class='ocr_par' dir='ltr' id='par_1_40' title="bbox 98 2577 1652 2650">
     <span class='ocr_line' id='line_1_40' title="bbox 98 2577 1652 2650; baseline -0.003 -15"><span class='ocrx_word' id='word_1_301' title='bbox 98 2593 263 2647; x_wconf 80' lang='lat' dir='ltr'><strong>eosque</strong></span> <span class='ocrx_word' id='word_1_302' title='bbox 300 2581 389 2650; x_wconf 90' lang='lat' dir='ltr'><strong>qui</strong></span> <span class='ocrx_word' id='word_1_303' title='bbox 418 2581 630 2650; x_wconf 88' lang='lat' dir='ltr'><strong>absque</strong></span> <span class='ocrx_word' id='word_1_304' title='bbox 672 2577 830 2648; x_wconf 90' lang='lat' dir='ltr'><strong>hujus</strong></span> <span class='ocrx_word' id='word_1_305' title='bbox 872 2578 1019 2634; x_wconf 89' lang='lat' dir='ltr'><strong>sedis</strong></span> <span class='ocrx_word' id='word_1_306' title='bbox 1056 2586 1188 2634; x_wconf 88' lang='lat' dir='ltr'><strong>sunt</strong></span> <span class='ocrx_word' id='word_1_307' title='bbox 1220 2578 1382 2650; x_wconf 89' lang='lat' dir='ltr'><strong>ejecti</strong></span> <span class='ocrx_word' id='word_1_308' title='bbox 1428 2586 1652 2633; x_wconf 82' lang='lat' dir='ltr'><strong>senten-</strong></span> 
     </span>
    </p>
   </div>
   <div class='ocr_carea' id='block_1_41' title="bbox 102 2669 1656 2744">
    <p class='ocr_par' dir='ltr' id='par_1_41' title="bbox 102 2669 1656 2744">
     <span class='ocr_line' id='line_1_41' title="bbox 102 2669 1656 2744; baseline -0.002 -17"><span class='ocrx_word' id='word_1_309' title='bbox 102 2671 158 2727; x_wconf 87' lang='lat' dir='ltr'><strong>tia</strong></span> <span class='ocrx_word' id='word_1_310' title='bbox 178 2671 251 2728; x_wconf 90' lang='lat' dir='ltr'><strong>vel</strong></span> <span class='ocrx_word' id='word_1_311' title='bbox 276 2671 552 2739; x_wconf 88' lang='lat' dir='ltr'><strong>damnati,</strong></span> <span class='ocrx_word' id='word_1_312' title='bbox 580 2672 740 2744; x_wconf 89' lang='lat' dir='ltr'><strong>hujus</strong></span> <span class='ocrx_word' id='word_1_313' title='bbox 784 2679 986 2728; x_wconf 77' lang='lat' dir='ltr'><strong>sach</strong></span> <span class='ocrx_word' id='word_1_314' title='bbox 1005 2671 1152 2728; x_wconf 89' lang='lat' dir='ltr'><strong>sedis</strong></span> <span class='ocrx_word' id='word_1_315' title='bbox 1197 2670 1521 2726; x_wconf 88' lang='lat' dir='ltr'><strong>auctoritate</strong></span> <span class='ocrx_word' id='word_1_316' title='bbox 1552 2669 1656 2725; x_wconf 89' lang='lat' dir='ltr'><strong>sci-</strong></span> 
     </span>
    </p>
   </div>
   <div class='ocr_carea' id='block_1_42' title="bbox 103 2762 1655 2836">
    <p class='ocr_par' dir='ltr' id='par_1_42' title="bbox 103 2762 1655 2836">
     <span class='ocr_line' id='line_1_42' title="bbox 103 2762 1655 2836; baseline 0.001 -21"><span class='ocrx_word' id='word_1_317' title='bbox 103 2772 190 2819; x_wconf 86' lang='lat' dir='ltr'><strong>tote</strong></span> <span class='ocrx_word' id='word_1_318' title='bbox 206 2764 476 2834; x_wconf 86' lang='lat' dir='ltr'><strong>pristinam</strong></span> <span class='ocrx_word' id='word_1_319' title='bbox 501 2765 752 2836; x_wconf 83' lang='lat' dir='ltr'><strong>recipere</strong></span> <span class='ocrx_word' id='word_1_320' title='bbox 772 2764 1209 2820; x_wconf 87' lang='lat' dir='ltr'><strong>communionem</strong></span> <span class='ocrx_word' id='word_1_321' title='bbox 1228 2804 1243 2829; x_wconf 97' lang='lat'><strong>,</strong></span> <span class='ocrx_word' id='word_1_322' title='bbox 1269 2772 1325 2819; x_wconf 92' lang='lat' dir='ltr'><strong>et</strong></span> <span class='ocrx_word' id='word_1_323' title='bbox 1346 2763 1399 2817; x_wconf 91' lang='lat' dir='ltr'><strong>in</strong></span> <span class='ocrx_word' id='word_1_324' title='bbox 1420 2762 1655 2833; x_wconf 89' lang='lat' dir='ltr'><strong>propriis</strong></span> 
     </span>
    </p>
   </div>
   <div class='ocr_carea' id='block_1_43' title="bbox 105 2853 1658 2926">
    <p class='ocr_par' dir='ltr' id='par_1_43' title="bbox 105 2853 1658 2926">
     <span class='ocr_line' id='line_1_43' title="bbox 105 2853 1658 2926; baseline -0.002 -16"><span class='ocrx_word' id='word_1_325' title='bbox 105 2855 278 2910; x_wconf 84' lang='lat' dir='ltr'><strong>restitui</strong></span> <span class='ocrx_word' id='word_1_326' title='bbox 298 2858 517 2914; x_wconf 88' lang='lat' dir='ltr'><strong>sedibus</strong></span> <span class='ocrx_word' id='word_1_327' title='bbox 539 2855 825 2926; x_wconf 89' lang='lat' dir='ltr'><strong>;quoniam</strong></span> <span class='ocrx_word' id='word_1_328' title='bbox 855 2866 912 2911; x_wconf 90' lang='lat' dir='ltr'><strong>et</strong></span> <span class='ocrx_word' id='word_1_329' title='bbox 931 2856 1082 2926; x_wconf 88' lang='lat' dir='ltr'><strong>prius</strong></span> <span class='ocrx_word' id='word_1_330' title='bbox 1110 2871 1141 2911; x_wconf 90' lang='lat' dir='ltr'><strong>a</strong></span> <span class='ocrx_word' id='word_1_331' title='bbox 1171 2863 1431 2925; x_wconf 89' lang='lat' dir='ltr'><strong>tempore,</strong></span> <span class='ocrx_word' id='word_1_332' title='bbox 1448 2853 1658 2910; x_wconf 90' lang='lat' dir='ltr'><strong>scilicet</strong></span> 
     </span>
    </p>
   </div>
   <div class='ocr_carea' id='block_1_44' title="bbox 105 2945 1652 3015">
    <p class='ocr_par' dir='ltr' id='par_1_44' title="bbox 105 2945 1652 3015">
     <span class='ocr_line' id='line_1_44' title="bbox 105 2945 1652 3015; baseline -0.005 -12"><span class='ocrx_word' id='word_1_333' title='bbox 105 2946 453 3015; x_wconf 77' lang='lat' dir='ltr'><strong>apostolorum,</strong></span> <span class='ocrx_word' id='word_1_334' title='bbox 486 2948 609 3003; x_wconf 83' lang='lat' dir='ltr'><strong>haec</strong></span> <span class='ocrx_word' id='word_1_335' title='bbox 637 2946 763 3003; x_wconf 82' lang='lat' dir='ltr'><strong>huic</strong></span> <span class='ocrx_word' id='word_1_336' title='bbox 790 2945 905 3001; x_wconf 83' lang='lat' dir='ltr'><strong>sedi</strong></span> <span class='ocrx_word' id='word_1_337' title='bbox 939 2954 1144 3002; x_wconf 71' lang='lat' dir='ltr'><strong>sancta:</strong></span> <span class='ocrx_word' id='word_1_338' title='bbox 1190 2958 1452 3000; x_wconf 85' lang='lat' dir='ltr'><strong>concessa</strong></span> <span class='ocrx_word' id='word_1_339' title='bbox 1497 2949 1652 3007; x_wconf 78' lang='lat' dir='ltr'><strong>suat,</strong></span> 
     </span>
    </p>
   </div>
   <div class='ocr_carea' id='block_1_45' title="bbox 105 3035 1658 3108">
    <p class='ocr_par' dir='ltr' id='par_1_45' title="bbox 105 3035 1658 3108">
     <span class='ocr_line' id='line_1_45' title="bbox 105 3035 1658 3108; baseline -0.002 -20"><span class='ocrx_word' id='word_1_340' title='bbox 105 3043 147 3088; x_wconf 81' lang='lat' dir='ltr'><strong>et</strong></span> <span class='ocrx_word' id='word_1_341' title='bbox 164 3044 329 3105; x_wconf 88' lang='lat' dir='ltr'><strong>postea</strong></span> <span class='ocrx_word' id='word_1_342' title='bbox 375 3037 428 3092; x_wconf 91' lang='lat' dir='ltr'><strong>in</strong></span> <span class='ocrx_word' id='word_1_343' title='bbox 478 3045 786 3092; x_wconf 84' lang='lat' dir='ltr'><strong>memorata</strong></span> <span class='ocrx_word' id='word_1_344' title='bbox 814 3035 1032 3091; x_wconf 68' lang='lat' dir='ltr'><strong>Nicaana</strong></span> <span class='ocrx_word' id='word_1_345' title='bbox 1059 3036 1265 3108; x_wconf 86' lang='lat' dir='ltr'><strong>synodo</strong></span> <span class='ocrx_word' id='word_1_346' title='bbox 1289 3042 1507 3106; x_wconf 89' lang='lat' dir='ltr'><strong>propter</strong></span> <span class='ocrx_word' id='word_1_347' title='bbox 1533 3047 1658 3102; x_wconf 85' lang='lat' dir='ltr'><strong>pra-</strong></span> 
     </span>
    </p>
   </div>
   <div class='ocr_carea' id='block_1_46' title="bbox 108 3123 1655 3195">
    <p class='ocr_par' dir='ltr' id='par_1_46' title="bbox 108 3123 1655 3195">
     <span class='ocr_line' id='line_1_46' title="bbox 108 3123 1655 3195; baseline -0.002 -17"><span class='ocrx_word' id='word_1_348' title='bbox 108 3138 263 3180; x_wconf 82' lang='lat' dir='ltr'><strong>verum</strong></span> <span class='ocrx_word' id='word_1_349' title='bbox 306 3127 589 3183; x_wconf 88' lang='lat' dir='ltr'><strong>hominum</strong></span> <span class='ocrx_word' id='word_1_350' title='bbox 633 3125 1043 3192; x_wconf 88' lang='lat' dir='ltr'><strong>infestationes,</strong></span> <span class='ocrx_word' id='word_1_351' title='bbox 1088 3133 1252 3195; x_wconf 89' lang='lat' dir='ltr'><strong>atque</strong></span> <span class='ocrx_word' id='word_1_352' title='bbox 1276 3123 1655 3178; x_wconf 83' lang='lat' dir='ltr'><strong>h:ereticorum</strong></span> 
     </span>
    </p>
   </div>
   <div class='ocr_carea' id='block_1_47' title="bbox 1753 1945 3418 2018">
    <p class='ocr_par' dir='ltr' id='par_1_47' title="bbox 1753 1945 3418 2018">
     <span class='ocr_line' id='line_1_47' title="bbox 1753 1945 3418 2018; baseline -0.002 -17"><span class='ocrx_word' id='word_1_353' title='bbox 1753 1945 1910 2018; x_wconf 78' lang='lat'><strong>153</strong></span> <span class='ocrx_word' id='word_1_354' title='bbox 1939 1946 2122 2016; x_wconf 90' lang='lat' dir='ltr'><strong>itaque</strong></span> <span class='ocrx_word' id='word_1_355' title='bbox 2142 1960 2350 2011; x_wconf 89' lang='lat' dir='ltr'><strong>errare,</strong></span> <span class='ocrx_word' id='word_1_356' title='bbox 2381 1945 2579 2002; x_wconf 79' lang='lat' dir='ltr'><strong>fratres</strong></span> <span class='ocrx_word' id='word_1_357' title='bbox 2605 1947 2709 2001; x_wconf 90' lang='lat' dir='ltr'><strong>mei</strong></span> <span class='ocrx_word' id='word_1_358' title='bbox 2737 1946 3107 2012; x_wconf 88' lang='lat' dir='ltr'><strong>dilectissimi,</strong></span> <span class='ocrx_word' id='word_1_359' title='bbox 3130 1946 3338 2001; x_wconf 83' lang='lat' dir='ltr'><strong>doctri-</strong></span> <span class='ocrx_word' id='word_1_360' title='bbox 3413 1961 3418 1965; x_wconf 93' lang='grc'><strong>·</strong></span> 
     </span>
    </p>
   </div>
   <div class='ocr_carea' id='block_1_48' title="bbox 1750 2036 3338 2103">
    <p class='ocr_par' dir='ltr' id='par_1_48' title="bbox 1750 2036 3338 2103">
     <span class='ocr_line' id='line_1_48' title="bbox 1750 2036 3338 2103; baseline -0.001 -11"><span class='ocrx_word' id='word_1_361' title='bbox 1750 2037 1836 2092; x_wconf 90' lang='lat' dir='ltr'><strong>nis</strong></span> <span class='ocrx_word' id='word_1_362' title='bbox 1878 2037 2045 2093; x_wconf 88' lang='lat' dir='ltr'><strong>variis</strong></span> <span class='ocrx_word' id='word_1_363' title='bbox 2080 2047 2134 2092; x_wconf 91' lang='lat' dir='ltr'><strong>et</strong></span> <span class='ocrx_word' id='word_1_364' title='bbox 2177 2038 2453 2094; x_wconf 75' lang='lat' dir='ltr'><strong>extraneis</strong></span> <span class='ocrx_word' id='word_1_365' title='bbox 2501 2037 2669 2093; x_wconf 90' lang='lat' dir='ltr'><strong>nolite</strong></span> <span class='ocrx_word' id='word_1_366' title='bbox 2716 2037 2955 2103; x_wconf 86' lang='lat' dir='ltr'><strong>abduci,</strong></span> <span class='ocrx_word' id='word_1_367' title='bbox 2984 2044 3039 2092; x_wconf 92' lang='lat' dir='ltr'><strong>et</strong></span> <span class='ocrx_word' id='word_1_368' title='bbox 3090 2036 3338 2093; x_wconf 90' lang='lat' dir='ltr'><strong>instituta</strong></span> 
     </span>
    </p>
   </div>
   <div class='ocr_carea' id='block_1_49' title="bbox 1751 2126 3343 2199">
    <p class='ocr_par' dir='ltr' id='par_1_49' title="bbox 1751 2126 3343 2199">
     <span class='ocr_line' id='line_1_49' title="bbox 1751 2126 3343 2199; baseline 0 -17"><span class='ocrx_word' id='word_1_369' title='bbox 1751 2126 2117 2199; x_wconf 88' lang='lat' dir='ltr'><strong>apostolorum</strong></span> <span class='ocrx_word' id='word_1_370' title='bbox 2162 2138 2219 2184; x_wconf 92' lang='lat' dir='ltr'><strong>et</strong></span> <span class='ocrx_word' id='word_1_371' title='bbox 2247 2128 2667 2199; x_wconf 88' lang='lat' dir='ltr'><strong>apostolicorum</strong></span> <span class='ocrx_word' id='word_1_372' title='bbox 2698 2128 2940 2183; x_wconf 88' lang='lat' dir='ltr'><strong>virorum</strong></span> <span class='ocrx_word' id='word_1_373' title='bbox 2993 2140 3343 2198; x_wconf 89' lang='lat' dir='ltr'><strong>canoncsque</strong></span> 
     </span>
    </p>
   </div>
   <div class='ocr_carea' id='block_1_50' title="bbox 1752 2216 3343 2284">
    <p class='ocr_par' dir='ltr' id='par_1_50' title="bbox 1752 2216 3343 2284">
     <span class='ocr_line' id='line_1_50' title="bbox 1752 2216 3343 2284; baseline -0.001 -10"><span class='ocrx_word' id='word_1_374' title='bbox 1752 2217 2000 2284; x_wconf 86' lang='lat' dir='ltr'><strong>habetis,</strong></span> <span class='ocrx_word' id='word_1_375' title='bbox 2039 2217 2124 2274; x_wconf 90' lang='lat' dir='ltr'><strong>his</strong></span> <span class='ocrx_word' id='word_1_376' title='bbox 2171 2217 2450 2284; x_wconf 89' lang='lat' dir='ltr'><strong>fruimini,</strong></span> <span class='ocrx_word' id='word_1_377' title='bbox 2493 2218 2580 2274; x_wconf 88' lang='lat' dir='ltr'><strong>his</strong></span> <span class='ocrx_word' id='word_1_378' title='bbox 2631 2216 3077 2281; x_wconf 87' lang='lat' dir='ltr'><strong>circumdamini,</strong></span> <span class='ocrx_word' id='word_1_379' title='bbox 3126 2216 3213 2272; x_wconf 88' lang='lat' dir='ltr'><strong>his</strong></span> <span class='ocrx_word' id='word_1_380' title='bbox 3249 2216 3343 2272; x_wconf 90' lang='lat' dir='ltr'><strong>de-</strong></span> 
     </span>
    </p>
   </div>
   <div class='ocr_carea' id='block_1_51' title="bbox 1754 2308 3342 2378">
    <p class='ocr_par' dir='ltr' id='par_1_51' title="bbox 1754 2308 3342 2378">
     <span class='ocr_line' id='line_1_51' title="bbox 1754 2308 3342 2378; baseline -0.001 -13"><span class='ocrx_word' id='word_1_381' title='bbox 1754 2309 2027 2366; x_wconf 82' lang='lat' dir='ltr'><strong>lectamini</strong></span> <span class='ocrx_word' id='word_1_382' title='bbox 2049 2351 2064 2377; x_wconf 92' lang='lat'><strong>,</strong></span> <span class='ocrx_word' id='word_1_383' title='bbox 2092 2311 2179 2365; x_wconf 91' lang='lat' dir='ltr'><strong>his</strong></span> <span class='ocrx_word' id='word_1_384' title='bbox 2199 2310 2521 2378; x_wconf 88' lang='lat' dir='ltr'><strong>armamini,</strong></span> <span class='ocrx_word' id='word_1_385' title='bbox 2551 2318 2609 2366; x_wconf 90' lang='lat' dir='ltr'><strong>ut</strong></span> <span class='ocrx_word' id='word_1_386' title='bbox 2638 2310 2763 2366; x_wconf 85' lang='lat' dir='ltr'><strong>freti</strong></span> <span class='ocrx_word' id='word_1_387' title='bbox 2786 2318 2975 2367; x_wconf 90' lang='lat' dir='ltr'><strong>contra</strong></span> <span class='ocrx_word' id='word_1_388' title='bbox 2999 2308 3342 2364; x_wconf 88' lang='lat' dir='ltr'><strong>inimicorum</strong></span> 
     </span>
    </p>
   </div>
   <div class='ocr_carea' id='block_1_52' title="bbox 1755 2399 3346 2472">
    <p class='ocr_par' dir='ltr' id='par_1_52' title="bbox 1755 2399 3346 2472">
     <span class='ocr_line' id='line_1_52' title="bbox 1755 2399 3346 2472; baseline -0.001 -17"><span class='ocrx_word' id='word_1_389' title='bbox 1755 2399 1938 2471; x_wconf 86' lang='lat' dir='ltr'><strong>jacula</strong></span> <span class='ocrx_word' id='word_1_390' title='bbox 1966 2401 2263 2472; x_wconf 86' lang='lat' dir='ltr'><strong>persistere</strong></span> <span class='ocrx_word' id='word_1_391' title='bbox 2289 2400 2550 2468; x_wconf 87' lang='lat' dir='ltr'><strong>valeatis;</strong></span> <span class='ocrx_word' id='word_1_392' title='bbox 2588 2401 2724 2458; x_wconf 88' lang='lat' dir='ltr'><strong>satis</strong></span> <span class='ocrx_word' id='word_1_393' title='bbox 2764 2401 2909 2457; x_wconf 90' lang='lat' dir='ltr'><strong>enim</strong></span> <span class='ocrx_word' id='word_1_394' title='bbox 2956 2400 3233 2471; x_wconf 90' lang='lat' dir='ltr'><strong>indignum</strong></span> <span class='ocrx_word' id='word_1_395' title='bbox 3261 2406 3346 2454; x_wconf 87' lang='lat' dir='ltr'><strong>est</strong></span> 
     </span>
    </p>
   </div>
   <div class='ocr_carea' id='block_1_53' title="bbox 1754 2493 3344 2567">
    <p class='ocr_par' dir='ltr' id='par_1_53' title="bbox 1754 2493 3344 2567">
     <span class='ocr_line' id='line_1_53' title="bbox 1754 2493 3344 2567; baseline -0.003 -17"><span class='ocrx_word' id='word_1_396' title='bbox 1754 2510 2083 2567; x_wconf 90' lang='lat' dir='ltr'><strong>quemquam</strong></span> <span class='ocrx_word' id='word_1_397' title='bbox 2124 2496 2210 2551; x_wconf 88' lang='lat' dir='ltr'><strong>vel</strong></span> <span class='ocrx_word' id='word_1_398' title='bbox 2239 2495 2557 2565; x_wconf 86' lang='lat' dir='ltr'><strong>pontificum</strong></span> <span class='ocrx_word' id='word_1_399' title='bbox 2602 2495 2688 2549; x_wconf 87' lang='lat' dir='ltr'><strong>vel</strong></span> <span class='ocrx_word' id='word_1_400' title='bbox 2730 2493 2981 2549; x_wconf 87' lang='lat' dir='ltr'><strong>ordinum</strong></span> <span class='ocrx_word' id='word_1_401' title='bbox 3011 2493 3344 2561; x_wconf 84' lang='lat' dir='ltr'><strong>subsequen-</strong></span> 
     </span>
    </p>
   </div>
   <div class='ocr_carea' id='block_1_54' title="bbox 1757 2581 3344 2657">
    <p class='ocr_par' dir='ltr' id='par_1_54' title="bbox 1757 2581 3344 2657">
     <span class='ocr_line' id='line_1_54' title="bbox 1757 2581 3344 2657; baseline -0.004 -16"><span class='ocrx_word' id='word_1_402' title='bbox 1757 2586 1891 2641; x_wconf 92' lang='lat' dir='ltr'><strong>tium</strong></span> <span class='ocrx_word' id='word_1_403' title='bbox 1919 2586 2058 2641; x_wconf 88' lang='lat' dir='ltr'><strong>hanc</strong></span> <span class='ocrx_word' id='word_1_404' title='bbox 2079 2586 2321 2657; x_wconf 86' lang='lat' dir='ltr'><strong>regulam</strong></span> <span class='ocrx_word' id='word_1_405' title='bbox 2346 2585 2587 2640; x_wconf 87' lang='lat' dir='ltr'><strong>refutare</strong></span> <span class='ocrx_word' id='word_1_406' title='bbox 2608 2599 2770 2653; x_wconf 90' lang='lat' dir='ltr'><strong>quam</strong></span> <span class='ocrx_word' id='word_1_407' title='bbox 2796 2582 2938 2639; x_wconf 85' lang='lat' dir='ltr'><strong>beati</strong></span> <span class='ocrx_word' id='word_1_408' title='bbox 2967 2582 3110 2638; x_wconf 83' lang='lat' dir='ltr'><strong>Petri</strong></span> <span class='ocrx_word' id='word_1_409' title='bbox 3135 2581 3344 2649; x_wconf 89' lang='lat' dir='ltr'><strong>sedem,</strong></span> 
     </span>
    </p>
   </div>
   <div class='ocr_carea' id='block_1_55' title="bbox 1754 2669 3342 2744">
    <p class='ocr_par' dir='ltr' id='par_1_55' title="bbox 1754 2669 3342 2744">
     <span class='ocr_line' id='line_1_55' title="bbox 1754 2669 3342 2744; baseline -0.005 -13"><span class='ocrx_word' id='word_1_410' title='bbox 1754 2683 1810 2731; x_wconf 91' lang='lat' dir='ltr'><strong>et</strong></span> <span class='ocrx_word' id='word_1_411' title='bbox 1841 2674 1993 2744; x_wconf 90' lang='lat' dir='ltr'><strong>sequi</strong></span> <span class='ocrx_word' id='word_1_412' title='bbox 2024 2674 2205 2730; x_wconf 87' lang='lat' dir='ltr'><strong>videat</strong></span> <span class='ocrx_word' id='word_1_413' title='bbox 2249 2681 2304 2730; x_wconf 92' lang='lat' dir='ltr'><strong>et</strong></span> <span class='ocrx_word' id='word_1_414' title='bbox 2342 2676 2556 2730; x_wconf 89' lang='lat' dir='ltr'><strong>docere.</strong></span> <span class='ocrx_word' id='word_1_415' title='bbox 2600 2672 2821 2728; x_wconf 78' lang='lat' dir='ltr'><strong>Multum</strong></span> <span class='ocrx_word' id='word_1_416' title='bbox 2865 2670 3010 2726; x_wconf 90' lang='lat' dir='ltr'><strong>enim</strong></span> <span class='ocrx_word' id='word_1_417' title='bbox 3054 2669 3342 2735; x_wconf 89' lang='lat' dir='ltr'><strong>convenit,</strong></span> 
     </span>
    </p>
   </div>
   <div class='ocr_carea' id='block_1_56' title="bbox 1758 2762 3344 2837">
    <p class='ocr_par' dir='ltr' id='par_1_56' title="bbox 1758 2762 3344 2837">
     <span class='ocr_line' id='line_1_56' title="bbox 1758 2762 3344 2837; baseline -0.005 -17"><span class='ocrx_word' id='word_1_418' title='bbox 1758 2774 1818 2821; x_wconf 90' lang='lat' dir='ltr'><strong>ut</strong></span> <span class='ocrx_word' id='word_1_419' title='bbox 1850 2774 2023 2821; x_wconf 93' lang='lat' dir='ltr'><strong>totum</strong></span> <span class='ocrx_word' id='word_1_420' title='bbox 2062 2777 2261 2837; x_wconf 90' lang='lat' dir='ltr'><strong>corpus</strong></span> <span class='ocrx_word' id='word_1_421' title='bbox 2302 2764 2562 2820; x_wconf 68' lang='lat' dir='ltr'><strong>Ecclesiae</strong></span> <span class='ocrx_word' id='word_1_422' title='bbox 2591 2764 2646 2818; x_wconf 96' lang='lat' dir='ltr'><strong>in</strong></span> <span class='ocrx_word' id='word_1_423' title='bbox 2676 2764 2780 2818; x_wconf 88' lang='lat' dir='ltr'><strong>hac</strong></span> <span class='ocrx_word' id='word_1_424' title='bbox 2825 2762 3044 2818; x_wconf 85' lang='lat' dir='ltr'><strong>sibimet</strong></span> <span class='ocrx_word' id='word_1_425' title='bbox 3085 2762 3344 2816; x_wconf 83' lang='lat' dir='ltr'><strong>observa-</strong></span> 
     </span>
    </p>
   </div>
   <div class='ocr_carea' id='block_1_57' title="bbox 1759 2852 3348 2927">
    <p class='ocr_par' dir='ltr' id='par_1_57' title="bbox 1759 2852 3348 2927">
     <span class='ocr_line' id='line_1_57' title="bbox 1759 2852 3348 2927; baseline -0.004 -15"><span class='ocrx_word' id='word_1_426' title='bbox 1759 2857 1906 2913; x_wconf 90' lang='lat' dir='ltr'><strong>tione</strong></span> <span class='ocrx_word' id='word_1_427' title='bbox 1946 2857 2242 2914; x_wconf 90' lang='lat' dir='ltr'><strong>concordet</strong></span> <span class='ocrx_word' id='word_1_428' title='bbox 2280 2871 2402 2927; x_wconf 68' lang='lat' dir='ltr'><strong>qute</strong></span> <span class='ocrx_word' id='word_1_429' title='bbox 2443 2856 2569 2911; x_wconf 88' lang='lat' dir='ltr'><strong>inde</strong></span> <span class='ocrx_word' id='word_1_430' title='bbox 2614 2853 2993 2911; x_wconf 87' lang='lat' dir='ltr'><strong>auctoritatem</strong></span> <span class='ocrx_word' id='word_1_431' title='bbox 3028 2853 3219 2918; x_wconf 89' lang='lat' dir='ltr'><strong>habet,</strong></span> <span class='ocrx_word' id='word_1_432' title='bbox 3255 2852 3348 2907; x_wconf 89' lang='lat' dir='ltr'><strong>ubi</strong></span> 
     </span>
    </p>
   </div>
   <div class='ocr_carea' id='block_1_58' title="bbox 1760 2946 3349 3019">
    <p class='ocr_par' dir='ltr' id='par_1_58' title="bbox 1760 2946 3349 3019">
     <span class='ocr_line' id='line_1_58' title="bbox 1760 2946 3349 3019; baseline -0.003 -16"><span class='ocrx_word' id='word_1_433' title='bbox 1760 2946 2022 3004; x_wconf 89' lang='lat' dir='ltr'><strong>Dominus</strong></span> <span class='ocrx_word' id='word_1_434' title='bbox 2044 2947 2301 3003; x_wconf 70' lang='lat' dir='ltr'><strong>Ecclesiae</strong></span> <span class='ocrx_word' id='word_1_435' title='bbox 2325 2946 2492 3004; x_wconf 91' lang='lat' dir='ltr'><strong>totius</strong></span> <span class='ocrx_word' id='word_1_436' title='bbox 2511 2948 2694 3019; x_wconf 88' lang='lat' dir='ltr'><strong>posuit</strong></span> <span class='ocrx_word' id='word_1_437' title='bbox 2710 2947 3076 3018; x_wconf 88' lang='lat' dir='ltr'><strong>principatum</strong></span> <span class='ocrx_word' id='word_1_438' title='bbox 3095 2987 3110 3013; x_wconf 95' lang='lat'><strong>,</strong></span> <span class='ocrx_word' id='word_1_439' title='bbox 3134 2946 3349 3001; x_wconf 90' lang='lat' dir='ltr'><strong>dicente</strong></span> 
     </span>
    </p>
   </div>
   <div class='ocr_carea' id='block_1_59' title="bbox 1761 3035 3344 3110">
    <p class='ocr_par' dir='ltr' id='par_1_59' title="bbox 1761 3035 3344 3110">
     <span class='ocr_line' id='line_1_59' title="bbox 1761 3035 3344 3110; baseline -0.003 -17"><span class='ocrx_word' id='word_1_440' title='bbox 1761 3036 2041 3108; x_wconf 85' lang='lat' dir='ltr'><strong>Scriptura</strong></span> <span class='ocrx_word' id='word_1_441' title='bbox 2065 3054 2081 3093; x_wconf 90' lang='lat'><strong>:</strong></span> <span class='ocrx_word' id='word_1_442' title='bbox 2110 3037 2403 3095; x_wconf 69' lang='lat' dir='ltr'><strong>«Ordinate</strong></span> <span class='ocrx_word' id='word_1_443' title='bbox 2425 3037 2480 3092; x_wconf 94' lang='lat' dir='ltr'><strong>in</strong></span> <span class='ocrx_word' id='word_1_444' title='bbox 2503 3052 2589 3094; x_wconf 89' lang='lat' dir='ltr'><strong>me</strong></span> <span class='ocrx_word' id='word_1_445' title='bbox 2608 3038 2934 3094; x_wconf 87' lang='lat' dir='ltr'><strong>charitatem</strong></span> <span class='ocrx_word' id='word_1_446' title='bbox 2959 3035 3136 3110; x_wconf 83' lang='lat' dir='ltr'><strong>(Cant.</strong></span> <span class='ocrx_word' id='word_1_447' title='bbox 3153 3051 3212 3103; x_wconf 82' lang='grc' dir='ltr'><strong>η,</strong></span> <span class='ocrx_word' id='word_1_448' title='bbox 3230 3035 3344 3107; x_wconf 74' lang='grc'><strong>4);»</strong></span> 
     </span>
    </p>
   </div>
   <div class='ocr_carea' id='block_1_60' title="bbox 1762 3129 3349 3199">
    <p class='ocr_par' dir='ltr' id='par_1_60' title="bbox 1762 3129 3349 3199">
     <span class='ocr_line' id='line_1_60' title="bbox 1762 3129 3349 3199; baseline -0.002 -13"><span class='ocrx_word' id='word_1_449' title='bbox 1762 3139 1819 3186; x_wconf 90' lang='lat' dir='ltr'><strong>et</strong></span> <span class='ocrx_word' id='word_1_450' title='bbox 1866 3130 2043 3187; x_wconf 89' lang='lat' dir='ltr'><strong>item:</strong></span> <span class='ocrx_word' id='word_1_451' title='bbox 2095 3147 2114 3181; x_wconf 72' lang='grc' dir='ltr'><strong>ι</strong></span> <span class='ocrx_word' id='word_1_452' title='bbox 2143 3129 2336 3187; x_wconf 90' lang='lat' dir='ltr'><strong>Omnia</strong></span> <span class='ocrx_word' id='word_1_453' title='bbox 2385 3145 2509 3186; x_wconf 92' lang='lat' dir='ltr'><strong>cum</strong></span> <span class='ocrx_word' id='word_1_454' title='bbox 2557 3130 2749 3188; x_wconf 91' lang='lat' dir='ltr'><strong>ordine</strong></span> <span class='ocrx_word' id='word_1_455' title='bbox 2791 3130 2943 3185; x_wconf 88' lang='lat' dir='ltr'><strong>fiant.</strong></span> <span class='ocrx_word' id='word_1_456' title='bbox 2974 3149 2993 3182; x_wconf 72' lang='grc' dir='ltr'><strong>ι</strong></span> <span class='ocrx_word' id='word_1_457' title='bbox 3042 3129 3349 3199; x_wconf 89' lang='lat' dir='ltr'><strong>lterumque</strong></span> 
     </span>
    </p>
   </div>
   <div class='ocr_carea' id='block_1_61' title="bbox 107 3200 3351 3293">
    <p class='ocr_par' dir='ltr' id='par_1_61' title="bbox 107 3200 3351 3293">
     <span class='ocr_line' id='line_1_61' title="bbox 107 3200 3351 3293; baseline -0 -22"><span class='ocrx_word' id='word_1_458' title='bbox 107 3218 472 3283; x_wconf 82' lang='lat' dir='ltr'><strong>persecutiones</strong></span> <span class='ocrx_word' id='word_1_459' title='bbox 497 3227 559 3273; x_wconf 87' lang='lat' dir='ltr'><strong>et</strong></span> <span class='ocrx_word' id='word_1_460' title='bbox 578 3217 951 3273; x_wconf 84' lang='lat' dir='ltr'><strong>insidiantium</strong></span> <span class='ocrx_word' id='word_1_461' title='bbox 976 3215 1252 3272; x_wconf 90' lang='lat' dir='ltr'><strong>molimina</strong></span> <span class='ocrx_word' id='word_1_462' title='bbox 1275 3217 1505 3270; x_wconf 86' lang='lat' dir='ltr'><strong>fratrum</strong></span> <span class='ocrx_word' id='word_1_463' title='bbox 1531 3220 1659 3269; x_wconf 90' lang='lat' dir='ltr'><strong>sunt</strong></span> <span class='ocrx_word' id='word_1_464' title='bbox 1686 3200 1731 3262; x_wconf 87' lang='lat' dir='ltr'><strong><em>C</em></strong></span> <span class='ocrx_word' id='word_1_465' title='bbox 1763 3221 2052 3278; x_wconf 68' lang='lat' dir='ltr'><strong>Psalmisia</strong></span> <span class='ocrx_word' id='word_1_466' title='bbox 2082 3222 2413 3293; x_wconf 62' lang='lat' dir='ltr'><strong>praedicante</strong></span> <span class='ocrx_word' id='word_1_467' title='bbox 2444 3241 2459 3277; x_wconf 72' lang='grc' dir='ltr'><strong>ε</strong></span> <span class='ocrx_word' id='word_1_468' title='bbox 2496 3242 2515 3275; x_wconf 71' lang='grc' dir='ltr'><strong>ι</strong></span> <span class='ocrx_word' id='word_1_469' title='bbox 2553 3223 2899 3280; x_wconf 66' lang='lat' dir='ltr'><strong>Circumdaie</strong></span> <span class='ocrx_word' id='word_1_470' title='bbox 2929 3222 3059 3278; x_wconf 84' lang='lat' dir='ltr'><strong>Sion</strong></span> <span class='ocrx_word' id='word_1_471' title='bbox 3081 3262 3096 3289; x_wconf 83' lang='grc'><strong><em>,</em></strong></span> <span class='ocrx_word' id='word_1_472' title='bbox 3125 3229 3180 3276; x_wconf 75' lang='lat' dir='ltr'><strong>et</strong></span> <span class='ocrx_word' id='word_1_473' title='bbox 3208 3236 3351 3276; x_wconf 86' lang='lat' dir='ltr'><strong>com-</strong></span> 
     </span>
    </p>
   </div>
   <div class='ocr_carea' id='block_1_62' title="bbox 110 3305 1662 3379">
    <p class='ocr_par' dir='ltr' id='par_1_62' title="bbox 110 3305 1662 3379">
     <span class='ocr_line' id='line_1_62' title="bbox 110 3305 1662 3379; baseline 0.001 -20"><span class='ocrx_word' id='word_1_474' title='bbox 110 3309 414 3365; x_wconf 83' lang='lat' dir='ltr'><strong>concorditer</strong></span> <span class='ocrx_word' id='word_1_475' title='bbox 436 3310 512 3366; x_wconf 88' lang='lat' dir='ltr'><strong>ab</strong></span> <span class='ocrx_word' id='word_1_476' title='bbox 541 3309 798 3366; x_wconf 90' lang='lat' dir='ltr'><strong>omnibus</strong></span> <span class='ocrx_word' id='word_1_477' title='bbox 829 3309 1185 3366; x_wconf 90' lang='lat' dir='ltr'><strong>corroborata</strong></span> <span class='ocrx_word' id='word_1_478' title='bbox 1204 3349 1219 3375; x_wconf 92' lang='lat'><strong>,</strong></span> <span class='ocrx_word' id='word_1_479' title='bbox 1248 3316 1309 3363; x_wconf 92' lang='lat' dir='ltr'><strong>ut</strong></span> <span class='ocrx_word' id='word_1_480' title='bbox 1346 3307 1524 3379; x_wconf 85' lang='lat' dir='ltr'><strong>magis</strong></span> <span class='ocrx_word' id='word_1_481' title='bbox 1548 3305 1662 3361; x_wconf 89' lang='lat' dir='ltr'><strong>sin-</strong></span> 
     </span>
    </p>
   </div>
   <div class='ocr_carea' id='block_1_63' title="bbox 110 3396 1661 3471">
    <p class='ocr_par' dir='ltr' id='par_1_63' title="bbox 110 3396 1661 3471">
     <span class='ocr_line' id='line_1_63' title="bbox 110 3396 1661 3471; baseline -0.001 -18"><span class='ocrx_word' id='word_1_482' title='bbox 110 3396 196 3466; x_wconf 75' lang='lat' dir='ltr'><strong>guli</strong></span> <span class='ocrx_word' id='word_1_483' title='bbox 235 3401 583 3470; x_wconf 86' lang='lat' dir='ltr'><strong>provideant,</strong></span> <span class='ocrx_word' id='word_1_484' title='bbox 636 3415 705 3456; x_wconf 89' lang='lat' dir='ltr'><strong>ne</strong></span> <span class='ocrx_word' id='word_1_485' title='bbox 755 3401 880 3457; x_wconf 90' lang='lat' dir='ltr'><strong>talia</strong></span> <span class='ocrx_word' id='word_1_486' title='bbox 932 3401 1168 3456; x_wconf 87' lang='lat' dir='ltr'><strong>audeant</strong></span> <span class='ocrx_word' id='word_1_487' title='bbox 1208 3406 1554 3471; x_wconf 85' lang='lat' dir='ltr'><strong>perpetrare,</strong></span> <span class='ocrx_word' id='word_1_488' title='bbox 1606 3405 1661 3453; x_wconf 93' lang='lat' dir='ltr'><strong>et</strong></span> 
     </span>
    </p>
   </div>
   <div class='ocr_carea' id='block_1_64' title="bbox 113 3487 1659 3563">
    <p class='ocr_par' dir='ltr' id='par_1_64' title="bbox 113 3487 1659 3563">
     <span class='ocr_line' id='line_1_64' title="bbox 113 3487 1659 3563; baseline 0 -22"><span class='ocrx_word' id='word_1_489' title='bbox 113 3500 337 3558; x_wconf 77' lang='lat' dir='ltr'><strong>caveam,</strong></span> <span class='ocrx_word' id='word_1_490' title='bbox 367 3493 414 3549; x_wconf 91' lang='lat' dir='ltr'><strong>si</strong></span> <span class='ocrx_word' id='word_1_491' title='bbox 445 3508 561 3548; x_wconf 91' lang='lat' dir='ltr'><strong>non</strong></span> <span class='ocrx_word' id='word_1_492' title='bbox 588 3500 813 3563; x_wconf 88' lang='lat' dir='ltr'><strong>propter</strong></span> <span class='ocrx_word' id='word_1_493' title='bbox 841 3492 1008 3547; x_wconf 91' lang='lat' dir='ltr'><strong>Deum</strong></span> <span class='ocrx_word' id='word_1_494' title='bbox 1039 3500 1096 3545; x_wconf 91' lang='lat' dir='ltr'><strong>et</strong></span> <span class='ocrx_word' id='word_1_495' title='bbox 1126 3506 1367 3546; x_wconf 88' lang='lat' dir='ltr'><strong>amorem</strong></span> <span class='ocrx_word' id='word_1_496' title='bbox 1397 3487 1659 3554; x_wconf 75' lang='lat' dir='ltr'><strong>fratrum,</strong></span> 
     </span>
    </p>
   </div>
   <div class='ocr_carea' id='block_1_65' title="bbox 114 3579 1661 3654">
    <p class='ocr_par' dir='ltr' id='par_1_65' title="bbox 114 3579 1661 3654">
     <span class='ocr_line' id='line_1_65' title="bbox 114 3579 1661 3654; baseline -0.003 -19"><span class='ocrx_word' id='word_1_497' title='bbox 114 3586 261 3635; x_wconf 81' lang='lat' dir='ltr'><strong>tamen</strong></span> <span class='ocrx_word' id='word_1_498' title='bbox 279 3592 501 3654; x_wconf 70' lang='lat' dir='ltr'><strong>propter</strong></span> <span class='ocrx_word' id='word_1_499' title='bbox 525 3582 876 3652; x_wconf 88' lang='lat' dir='ltr'><strong>opprobrium</strong></span> <span class='ocrx_word' id='word_1_500' title='bbox 902 3581 1201 3646; x_wconf 85' lang='lat' dir='ltr'><strong>hominum,</strong></span> <span class='ocrx_word' id='word_1_501' title='bbox 1229 3579 1482 3634; x_wconf 87' lang='lat' dir='ltr'><strong>ruborem</strong></span> <span class='ocrx_word' id='word_1_502' title='bbox 1504 3582 1661 3632; x_wconf 75' lang='lat' dir='ltr'><strong>s‘uunt</strong></span> 
     </span>
    </p>
   </div>
   <div class='ocr_carea' id='block_1_66' title="bbox 116 3670 1665 3740">
    <p class='ocr_par' dir='ltr' id='par_1_66' title="bbox 116 3670 1665 3740">
     <span class='ocr_line' id='line_1_66' title="bbox 116 3670 1665 3740; baseline 0.001 -18"><span class='ocrx_word' id='word_1_503' title='bbox 116 3680 248 3740; x_wconf 83' lang='lat' dir='ltr'><strong>atque</strong></span> <span class='ocrx_word' id='word_1_504' title='bbox 287 3675 611 3731; x_wconf 86' lang='lat' dir='ltr'><strong>canonicam</strong></span> <span class='ocrx_word' id='word_1_505' title='bbox 659 3673 955 3739; x_wconf 87' lang='lat' dir='ltr'><strong>ultionem,</strong></span> <span class='ocrx_word' id='word_1_506' title='bbox 1000 3671 1193 3728; x_wconf 89' lang='lat' dir='ltr'><strong>saltem</strong></span> <span class='ocrx_word' id='word_1_507' title='bbox 1240 3671 1358 3726; x_wconf 67' lang='lat' dir='ltr'><strong>haec</strong></span> <span class='ocrx_word' id='word_1_508' title='bbox 1389 3670 1580 3725; x_wconf 90' lang='lat' dir='ltr'><strong>timore</strong></span> <span class='ocrx_word' id='word_1_509' title='bbox 1609 3675 1665 3725; x_wconf 89' lang='lat' dir='ltr'><strong>et</strong></span> 
     </span>
    </p>
   </div>
   <div class='ocr_carea' id='block_1_67' title="bbox 115 3763 1667 3836">
    <p class='ocr_par' dir='ltr' id='par_1_67' title="bbox 115 3763 1667 3836">
     <span class='ocr_line' id='line_1_67' title="bbox 115 3763 1667 3836; baseline -0.001 -19"><span class='ocrx_word' id='word_1_510' title='bbox 115 3767 399 3821; x_wconf 76' lang='lat' dir='ltr'><strong>verecundia</strong></span> <span class='ocrx_word' id='word_1_511' title='bbox 444 3779 763 3836; x_wconf 88' lang='lat' dir='ltr'><strong>compressa</strong></span> <span class='ocrx_word' id='word_1_512' title='bbox 806 3764 1021 3821; x_wconf 88' lang='lat' dir='ltr'><strong>silentio</strong></span> <span class='ocrx_word' id='word_1_513' title='bbox 1069 3763 1519 3835; x_wconf 90' lang='lat' dir='ltr'><strong>comprimantur,</strong></span> <span class='ocrx_word' id='word_1_514' title='bbox 1558 3777 1667 3816; x_wconf 88' lang='lat' dir='ltr'><strong>am-</strong></span> 
     </span>
    </p>
   </div>
   <div class='ocr_carea' id='block_1_68' title="bbox 117 3853 1666 3927">
    <p class='ocr_par' dir='ltr' id='par_1_68' title="bbox 117 3853 1666 3927">
     <span class='ocr_line' id='line_1_68' title="bbox 117 3853 1666 3927; baseline -0.001 -18"><span class='ocrx_word' id='word_1_515' title='bbox 117 3862 304 3923; x_wconf 80' lang='lat' dir='ltr'><strong>putato,</strong></span> <span class='ocrx_word' id='word_1_516' title='bbox 334 3858 584 3923; x_wconf 86' lang='lat' dir='ltr'><strong>scilicet,</strong></span> <span class='ocrx_word' id='word_1_517' title='bbox 617 3856 787 3912; x_wconf 91' lang='lat' dir='ltr'><strong>totius</strong></span> <span class='ocrx_word' id='word_1_518' title='bbox 817 3855 1187 3927; x_wconf 91' lang='lat' dir='ltr'><strong>usurpationis</strong></span> <span class='ocrx_word' id='word_1_519' title='bbox 1227 3869 1491 3920; x_wconf 81' lang='lat' dir='ltr'><strong>excessu;</strong></span> <span class='ocrx_word' id='word_1_520' title='bbox 1536 3853 1666 3925; x_wconf 89' lang='lat' dir='ltr'><strong>quia</strong></span> 
     </span>
    </p>
   </div>
   <div class='ocr_carea' id='block_1_69' title="bbox 118 3943 1667 4019">
    <p class='ocr_par' dir='ltr' id='par_1_69' title="bbox 118 3943 1667 4019">
     <span class='ocr_line' id='line_1_69' title="bbox 118 3943 1667 4019; baseline 0.003 -24"><span class='ocrx_word' id='word_1_521' title='bbox 118 3943 263 4001; x_wconf 88' lang='lat' dir='ltr'><strong>nullus</strong></span> <span class='ocrx_word' id='word_1_522' title='bbox 284 3947 441 4005; x_wconf 87' lang='lat' dir='ltr'><strong>debet</strong></span> <span class='ocrx_word' id='word_1_523' title='bbox 466 3961 806 4019; x_wconf 64' lang='lat' dir='ltr'><strong>praesumere</strong></span> <span class='ocrx_word' id='word_1_524' title='bbox 825 3987 840 4015; x_wconf 93' lang='lat'><strong>,</strong></span> <span class='ocrx_word' id='word_1_525' title='bbox 863 3961 984 4016; x_wconf 69' lang='lat' dir='ltr'><strong>quae</strong></span> <span class='ocrx_word' id='word_1_526' title='bbox 1005 3946 1110 4002; x_wconf 90' lang='lat' dir='ltr'><strong>sibi</strong></span> <span class='ocrx_word' id='word_1_527' title='bbox 1136 3960 1246 4002; x_wconf 89' lang='lat' dir='ltr'><strong>non</strong></span> <span class='ocrx_word' id='word_1_528' title='bbox 1272 3945 1522 4000; x_wconf 89' lang='lat' dir='ltr'><strong>videntur</strong></span> <span class='ocrx_word' id='word_1_529' title='bbox 1545 3957 1667 4001; x_wconf 88' lang='lat' dir='ltr'><strong>esse</strong></span> 
     </span>
    </p>
   </div>
   <div class='ocr_carea' id='block_1_70' title="bbox 119 4032 1668 4110">
    <p class='ocr_par' dir='ltr' id='par_1_70' title="bbox 119 4032 1668 4110">
     <span class='ocr_line' id='line_1_70' title="bbox 119 4032 1668 4110; baseline 0.001 -23"><span class='ocrx_word' id='word_1_530' title='bbox 119 4046 370 4106; x_wconf 86' lang='lat' dir='ltr'><strong>concessa;</strong></span> <span class='ocrx_word' id='word_1_531' title='bbox 401 4053 571 4110; x_wconf 80' lang='lat' dir='ltr'><strong>quam</strong></span> <span class='ocrx_word' id='word_1_532' title='bbox 598 4037 811 4108; x_wconf 84' lang='lat' dir='ltr'><strong>culpam</strong></span> <span class='ocrx_word' id='word_1_533' title='bbox 860 4036 1008 4092; x_wconf 77' lang='lat' dir='ltr'><strong>nullo</strong></span> <span class='ocrx_word' id='word_1_534' title='bbox 1054 4036 1216 4092; x_wconf 90' lang='lat' dir='ltr'><strong>modo</strong></span> <span class='ocrx_word' id='word_1_535' title='bbox 1244 4032 1558 4106; x_wconf 89' lang='lat' dir='ltr'><strong>potuissetis</strong></span> <span class='ocrx_word' id='word_1_536' title='bbox 1585 4033 1668 4089; x_wconf 86' lang='lat' dir='ltr'><strong>in-</strong></span> 
     </span>
    </p>
   </div>
   <div class='ocr_carea' id='block_1_71' title="bbox 119 4126 1665 4197">
    <p class='ocr_par' dir='ltr' id='par_1_71' title="bbox 119 4126 1665 4197">
     <span class='ocr_line' id='line_1_71' title="bbox 119 4126 1665 4197; baseline -0.001 -14"><span class='ocrx_word' id='word_1_537' title='bbox 119 4127 298 4197; x_wconf 85' lang='lat' dir='ltr'><strong>cidere,</strong></span> <span class='ocrx_word' id='word_1_538' title='bbox 333 4132 376 4187; x_wconf 91' lang='lat' dir='ltr'><strong>si</strong></span> <span class='ocrx_word' id='word_1_539' title='bbox 423 4132 573 4188; x_wconf 88' lang='lat' dir='ltr'><strong>unde</strong></span> <span class='ocrx_word' id='word_1_540' title='bbox 601 4129 1070 4188; x_wconf 88' lang='lat' dir='ltr'><strong>consecrationem</strong></span> <span class='ocrx_word' id='word_1_541' title='bbox 1120 4129 1343 4184; x_wconf 89' lang='lat' dir='ltr'><strong>honoris</strong></span> <span class='ocrx_word' id='word_1_542' title='bbox 1389 4126 1665 4197; x_wconf 87' lang='lat' dir='ltr'><strong>accipitis,</strong></span> 
     </span>
    </p>
   </div>
   <div class='ocr_carea' id='block_1_72' title="bbox 91 4214 1668 4293">
    <p class='ocr_par' dir='ltr' id='par_1_72' title="bbox 91 4214 1668 4293">
     <span class='ocr_line' id='line_1_72' title="bbox 91 4214 1668 4293; baseline 0.004 -26"><span class='ocrx_word' id='word_1_543' title='bbox 91 4214 223 4286; x_wconf 80' lang='lat' dir='ltr'><strong>inde</strong></span> <span class='ocrx_word' id='word_1_544' title='bbox 263 4220 427 4293; x_wconf 78' lang='lat' dir='ltr'><strong>legem</strong></span> <span class='ocrx_word' id='word_1_545' title='bbox 462 4222 635 4276; x_wconf 86' lang='lat' dir='ltr'><strong>totius</strong></span> <span class='ocrx_word' id='word_1_546' title='bbox 675 4219 1036 4278; x_wconf 62' lang='lat' dir='ltr'><strong>observantiae</strong></span> <span class='ocrx_word' id='word_1_547' title='bbox 1080 4218 1401 4283; x_wconf 89' lang='lat' dir='ltr'><strong>sumeretis,</strong></span> <span class='ocrx_word' id='word_1_548' title='bbox 1431 4225 1488 4273; x_wconf 91' lang='lat' dir='ltr'><strong>et</strong></span> <span class='ocrx_word' id='word_1_549' title='bbox 1519 4217 1668 4273; x_wconf 88' lang='lat' dir='ltr'><strong>beati</strong></span> 
     </span>
    </p>
   </div>
   <div class='ocr_carea' id='block_1_73' title="bbox 123 4309 1669 4383">
    <p class='ocr_par' dir='ltr' id='par_1_73' title="bbox 123 4309 1669 4383">
     <span class='ocr_line' id='line_1_73' title="bbox 123 4309 1669 4383; baseline 0 -20"><span class='ocrx_word' id='word_1_550' title='bbox 123 4311 314 4376; x_wconf 78' lang='lat' dir='ltr'><strong>apostoli</strong></span> <span class='ocrx_word' id='word_1_551' title='bbox 340 4311 491 4369; x_wconf 87' lang='lat' dir='ltr'><strong>Petri</strong></span> <span class='ocrx_word' id='word_1_552' title='bbox 542 4313 697 4369; x_wconf 79' lang='lat' dir='ltr'><strong>sedes</strong></span> <span class='ocrx_word' id='word_1_553' title='bbox 727 4327 847 4383; x_wconf 85' lang='lat' dir='ltr'><strong>quae</strong></span> <span class='ocrx_word' id='word_1_554' title='bbox 888 4311 1045 4367; x_wconf 88' lang='lat' dir='ltr'><strong>vobis</strong></span> <span class='ocrx_word' id='word_1_555' title='bbox 1092 4309 1449 4366; x_wconf 89' lang='lat' dir='ltr'><strong>sacerdotalis</strong></span> <span class='ocrx_word' id='word_1_556' title='bbox 1492 4317 1669 4364; x_wconf 88' lang='lat' dir='ltr'><strong>mater</strong></span> 
     </span>
    </p>
   </div>
   <div class='ocr_carea' id='block_1_74' title="bbox 122 4399 1665 4475">
    <p class='ocr_par' dir='ltr' id='par_1_74' title="bbox 122 4399 1665 4475">
     <span class='ocr_line' id='line_1_74' title="bbox 122 4399 1665 4475; baseline 0 -23"><span class='ocrx_word' id='word_1_557' title='bbox 122 4408 190 4454; x_wconf 83' lang='lat' dir='ltr'><strong>cst</strong></span> <span class='ocrx_word' id='word_1_558' title='bbox 217 4403 485 4475; x_wconf 85' lang='lat' dir='ltr'><strong>dignitatis</strong></span> <span class='ocrx_word' id='word_1_559' title='bbox 504 4446 518 4470; x_wconf 96' lang='lat'><strong>,</strong></span> <span class='ocrx_word' id='word_1_560' title='bbox 544 4412 691 4460; x_wconf 89' lang='lat' dir='ltr'><strong>esset</strong></span> <span class='ocrx_word' id='word_1_561' title='bbox 719 4402 1099 4460; x_wconf 82' lang='lat' dir='ltr'><strong>ecclesiasticae</strong></span> <span class='ocrx_word' id='word_1_562' title='bbox 1133 4402 1391 4472; x_wconf 86' lang='lat' dir='ltr'><strong>magistra</strong></span> <span class='ocrx_word' id='word_1_563' title='bbox 1422 4399 1665 4456; x_wconf 88' lang='lat' dir='ltr'><strong>rationis.</strong></span> 
     </span>
    </p>
   </div>
   <div class='ocr_carea' id='block_1_75' title="bbox 126 4492 1668 4571">
    <p class='ocr_par' dir='ltr' id='par_1_75' title="bbox 126 4492 1668 4571">
     <span class='ocr_line' id='line_1_75' title="bbox 126 4492 1668 4571; baseline 0.005 -24"><span class='ocrx_word' id='word_1_564' title='bbox 126 4492 252 4555; x_wconf 86' lang='lat' dir='ltr'><strong>Unde</strong></span> <span class='ocrx_word' id='word_1_565' title='bbox 279 4500 413 4557; x_wconf 90' lang='lat' dir='ltr'><strong>sicut</strong></span> <span class='ocrx_word' id='word_1_566' title='bbox 458 4501 688 4557; x_wconf 86' lang='lat' dir='ltr'><strong>multum</strong></span> <span class='ocrx_word' id='word_1_567' title='bbox 728 4515 828 4556; x_wconf 87' lang='lat' dir='ltr'><strong>nos</strong></span> <span class='ocrx_word' id='word_1_568' title='bbox 876 4516 938 4556; x_wconf 91' lang='lat' dir='ltr'><strong>ea</strong></span> <span class='ocrx_word' id='word_1_569' title='bbox 975 4515 1097 4571; x_wconf 74' lang='lat' dir='ltr'><strong>qua:</strong></span> <span class='ocrx_word' id='word_1_570' title='bbox 1142 4500 1298 4555; x_wconf 89' lang='lat' dir='ltr'><strong>nobis</strong></span> <span class='ocrx_word' id='word_1_571' title='bbox 1348 4500 1439 4571; x_wconf 90' lang='lat' dir='ltr'><strong>pie</strong></span> <span class='ocrx_word' id='word_1_572' title='bbox 1490 4508 1668 4555; x_wconf 89' lang='lat' dir='ltr'><strong>recte-</strong></span> 
     </span>
    </p>
   </div>
   <div class='ocr_carea' id='block_1_76' title="bbox 1759 3312 3353 3386">
    <p class='ocr_par' dir='ltr' id='par_1_76' title="bbox 1759 3312 3353 3386">
     <span class='ocr_line' id='line_1_76' title="bbox 1759 3312 3353 3386; baseline -0.002 -17"><span class='ocrx_word' id='word_1_573' title='bbox 1759 3314 2056 3386; x_wconf 87' lang='lat' dir='ltr'><strong>pleetimini</strong></span> <span class='ocrx_word' id='word_1_574' title='bbox 2109 3329 2265 3380; x_wconf 86' lang='lat' dir='ltr'><strong>eam,</strong></span> <span class='ocrx_word' id='word_1_575' title='bbox 2315 3324 2536 3369; x_wconf 89' lang='lat' dir='ltr'><strong>narrate</strong></span> <span class='ocrx_word' id='word_1_576' title='bbox 2590 3315 2645 3369; x_wconf 92' lang='lat' dir='ltr'><strong>in</strong></span> <span class='ocrx_word' id='word_1_577' title='bbox 2692 3314 2936 3370; x_wconf 86' lang='lat' dir='ltr'><strong>turribus</strong></span> <span class='ocrx_word' id='word_1_578' title='bbox 2984 3314 3125 3385; x_wconf 85' lang='lat' dir='ltr'><strong>ejus.</strong></span> <span class='ocrx_word' id='word_1_579' title='bbox 3160 3312 3353 3367; x_wconf 85' lang='lat' dir='ltr'><strong>Ponite</strong></span> 
     </span>
    </p>
   </div>
   <div class='ocr_carea' id='block_1_77' title="bbox 1760 3404 3350 3475">
    <p class='ocr_par' dir='ltr' id='par_1_77' title="bbox 1760 3404 3350 3475">
     <span class='ocr_line' id='line_1_77' title="bbox 1760 3404 3350 3475; baseline -0.003 -13"><span class='ocrx_word' id='word_1_580' title='bbox 1760 3407 1925 3462; x_wconf 90' lang='lat' dir='ltr'><strong>corda</strong></span> <span class='ocrx_word' id='word_1_581' title='bbox 1956 3414 2138 3462; x_wconf 87' lang='lat' dir='ltr'><strong>vestra</strong></span> <span class='ocrx_word' id='word_1_582' title='bbox 2168 3406 2222 3460; x_wconf 92' lang='lat' dir='ltr'><strong>in</strong></span> <span class='ocrx_word' id='word_1_583' title='bbox 2252 3405 2455 3462; x_wconf 89' lang='lat' dir='ltr'><strong>virtute</strong></span> <span class='ocrx_word' id='word_1_584' title='bbox 2482 3404 2600 3475; x_wconf 89' lang='lat' dir='ltr'><strong>ejus</strong></span> <span class='ocrx_word' id='word_1_585' title='bbox 2620 3447 2635 3471; x_wconf 93' lang='lat'><strong>,</strong></span> <span class='ocrx_word' id='word_1_586' title='bbox 2665 3414 2727 3461; x_wconf 91' lang='lat' dir='ltr'><strong>ut</strong></span> <span class='ocrx_word' id='word_1_587' title='bbox 2753 3405 3020 3461; x_wconf 87' lang='lat' dir='ltr'><strong>euarretis</strong></span> <span class='ocrx_word' id='word_1_588' title='bbox 3059 3405 3112 3459; x_wconf 94' lang='lat' dir='ltr'><strong>in</strong></span> <span class='ocrx_word' id='word_1_589' title='bbox 3159 3418 3350 3474; x_wconf 84' lang='lat' dir='ltr'><strong>proge-</strong></span> 
     </span>
    </p>
   </div>
   <div class='ocr_carea' id='block_1_78' title="bbox 1763 3493 3352 3566">
    <p class='ocr_par' dir='ltr' id='par_1_78' title="bbox 1763 3493 3352 3566">
     <span class='ocr_line' id='line_1_78' title="bbox 1763 3493 3352 3566; baseline -0.004 -15"><span class='ocrx_word' id='word_1_590' title='bbox 1763 3496 1852 3552; x_wconf 92' lang='lat' dir='ltr'><strong>nie</strong></span> <span class='ocrx_word' id='word_1_591' title='bbox 1879 3496 2045 3552; x_wconf 90' lang='lat' dir='ltr'><strong>altera</strong></span> <span class='ocrx_word' id='word_1_592' title='bbox 2066 3537 2082 3563; x_wconf 92' lang='lat'><strong>,</strong></span> <span class='ocrx_word' id='word_1_593' title='bbox 2109 3493 2367 3566; x_wconf 89' lang='lat' dir='ltr'><strong>quoniam</strong></span> <span class='ocrx_word' id='word_1_594' title='bbox 2397 3495 2487 3551; x_wconf 91' lang='lat' dir='ltr'><strong>hic</strong></span> <span class='ocrx_word' id='word_1_595' title='bbox 2546 3504 2633 3551; x_wconf 89' lang='lat' dir='ltr'><strong>est</strong></span> <span class='ocrx_word' id='word_1_596' title='bbox 2661 3496 2805 3550; x_wconf 86' lang='lat' dir='ltr'><strong>Deus</strong></span> <span class='ocrx_word' id='word_1_597' title='bbox 2853 3495 3115 3551; x_wconf 88' lang='lat' dir='ltr'><strong>Dominus</strong></span> <span class='ocrx_word' id='word_1_598' title='bbox 3162 3503 3352 3548; x_wconf 90' lang='lat' dir='ltr'><strong>noster</strong></span> 
     </span>
    </p>
   </div>
   <div class='ocr_carea' id='block_1_79' title="bbox 1765 3582 3347 3657">
    <p class='ocr_par' dir='ltr' id='par_1_79' title="bbox 1765 3582 3347 3657">
     <span class='ocr_line' id='line_1_79' title="bbox 1765 3582 3347 3657; baseline -0.003 -14"><span class='ocrx_word' id='word_1_599' title='bbox 1765 3588 1818 3643; x_wconf 89' lang='lat' dir='ltr'><strong>in</strong></span> <span class='ocrx_word' id='word_1_600' title='bbox 1844 3597 2107 3643; x_wconf 66' lang='lat' dir='ltr'><strong>aeternum</strong></span> <span class='ocrx_word' id='word_1_601' title='bbox 2126 3628 2141 3653; x_wconf 92' lang='lat'><strong>,</strong></span> <span class='ocrx_word' id='word_1_602' title='bbox 2166 3595 2218 3642; x_wconf 91' lang='lat' dir='ltr'><strong>et</strong></span> <span class='ocrx_word' id='word_1_603' title='bbox 2244 3587 2359 3657; x_wconf 89' lang='lat' dir='ltr'><strong>ipse</strong></span> <span class='ocrx_word' id='word_1_604' title='bbox 2380 3596 2531 3657; x_wconf 87' lang='lat' dir='ltr'><strong>reget</strong></span> <span class='ocrx_word' id='word_1_605' title='bbox 2553 3602 2654 3643; x_wconf 90' lang='lat' dir='ltr'><strong>nos</strong></span> <span class='ocrx_word' id='word_1_606' title='bbox 2676 3587 2730 3642; x_wconf 88' lang='lat' dir='ltr'><strong>in</strong></span> <span class='ocrx_word' id='word_1_607' title='bbox 2755 3585 2954 3642; x_wconf 87' lang='lat' dir='ltr'><strong>saecula</strong></span> <span class='ocrx_word' id='word_1_608' title='bbox 2982 3582 3155 3657; x_wconf 83' lang='lat' dir='ltr'><strong>(Psal.</strong></span> <span class='ocrx_word' id='word_1_609' title='bbox 3183 3599 3347 3651; x_wconf 78' lang='lat' dir='ltr'><strong>mn,</strong></span> 
     </span>
    </p>
   </div>
   <div class='ocr_carea' id='block_1_80' title="bbox 1766 3677 3357 3751">
    <p class='ocr_par' dir='ltr' id='par_1_80' title="bbox 1766 3677 3357 3751">
     <span class='ocr_line' id='line_1_80' title="bbox 1766 3677 3357 3751; baseline -0.003 -17"><span class='ocrx_word' id='word_1_610' title='bbox 1766 3677 1966 3751; x_wconf 71' lang='lat'><strong>15-15).</strong></span> <span class='ocrx_word' id='word_1_611' title='bbox 2008 3697 2027 3730; x_wconf 75' lang='grc' dir='ltr'><strong>ι</strong></span> <span class='ocrx_word' id='word_1_612' title='bbox 2063 3677 2234 3734; x_wconf 81' lang='lat' dir='ltr'><strong>Oliicii</strong></span> <span class='ocrx_word' id='word_1_613' title='bbox 2269 3679 2416 3735; x_wconf 91' lang='lat' dir='ltr'><strong>enim</strong></span> <span class='ocrx_word' id='word_1_614' title='bbox 2447 3678 2620 3734; x_wconf 91' lang='lat' dir='ltr'><strong>nostri</strong></span> <span class='ocrx_word' id='word_1_615' title='bbox 2654 3677 3093 3735; x_wconf 90' lang='lat' dir='ltr'><strong>consideratione</strong></span> <span class='ocrx_word' id='word_1_616' title='bbox 3139 3691 3244 3731; x_wconf 88' lang='lat' dir='ltr'><strong>non</strong></span> <span class='ocrx_word' id='word_1_617' title='bbox 3271 3684 3357 3731; x_wconf 69' lang='lat' dir='ltr'><strong>est</strong></span> 
     </span>
    </p>
   </div>
   <div class='ocr_carea' id='block_1_81' title="bbox 1764 3765 3357 3836">
    <p class='ocr_par' dir='ltr' id='par_1_81' title="bbox 1764 3765 3357 3836">
     <span class='ocr_line' id='line_1_81' title="bbox 1764 3765 3357 3836; baseline -0.001 -13"><span class='ocrx_word' id='word_1_618' title='bbox 1764 3769 1922 3825; x_wconf 89' lang='lat' dir='ltr'><strong>nobis</strong></span> <span class='ocrx_word' id='word_1_619' title='bbox 1950 3767 2332 3835; x_wconf 90' lang='lat' dir='ltr'><strong>dissimulare,</strong></span> <span class='ocrx_word' id='word_1_620' title='bbox 2361 3783 2470 3824; x_wconf 88' lang='lat' dir='ltr'><strong>non</strong></span> <span class='ocrx_word' id='word_1_621' title='bbox 2517 3776 2603 3824; x_wconf 90' lang='lat' dir='ltr'><strong>est</strong></span> <span class='ocrx_word' id='word_1_622' title='bbox 2649 3776 2832 3824; x_wconf 88' lang='lat' dir='ltr'><strong>tacere</strong></span> <span class='ocrx_word' id='word_1_623' title='bbox 2868 3767 3125 3833; x_wconf 90' lang='lat' dir='ltr'><strong>libertas,</strong></span> <span class='ocrx_word' id='word_1_624' title='bbox 3159 3765 3357 3836; x_wconf 88' lang='lat' dir='ltr'><strong>quibus</strong></span> 
     </span>
    </p>
   </div>
   <div class='ocr_carea' id='block_1_82' title="bbox 1767 3859 3354 3934">
    <p class='ocr_par' dir='ltr' id='par_1_82' title="bbox 1767 3859 3354 3934">
     <span class='ocr_line' id='line_1_82' title="bbox 1767 3859 3354 3934; baseline -0.002 -18"><span class='ocrx_word' id='word_1_625' title='bbox 1767 3862 1939 3934; x_wconf 88' lang='lat' dir='ltr'><strong>major</strong></span> <span class='ocrx_word' id='word_1_626' title='bbox 1962 3862 2176 3918; x_wconf 91' lang='lat' dir='ltr'><strong>cunctis</strong></span> <span class='ocrx_word' id='word_1_627' title='bbox 2199 3861 2525 3918; x_wconf 72' lang='lat' dir='ltr'><strong>Christianae</strong></span> <span class='ocrx_word' id='word_1_628' title='bbox 2552 3862 2829 3933; x_wconf 81' lang='lat' dir='ltr'><strong>religionis</strong></span> <span class='ocrx_word' id='word_1_629' title='bbox 2852 3862 3002 3918; x_wconf 89' lang='lat' dir='ltr'><strong>zelus</strong></span> <span class='ocrx_word' id='word_1_630' title='bbox 3024 3859 3354 3925; x_wconf 89' lang='lat' dir='ltr'><strong>succumbit,</strong></span> 
     </span>
    </p>
   </div>
   <div class='ocr_carea' id='block_1_83' title="bbox 1767 3950 3358 4025">
    <p class='ocr_par' dir='ltr' id='par_1_83' title="bbox 1767 3950 3358 4025">
     <span class='ocr_line' id='line_1_83' title="bbox 1767 3950 3358 4025; baseline -0.004 -16"><span class='ocrx_word' id='word_1_631' title='bbox 1767 3969 1836 4010; x_wconf 92' lang='lat' dir='ltr'><strong>ne</strong></span> <span class='ocrx_word' id='word_1_632' title='bbox 1865 3968 1962 4025; x_wconf 89' lang='lat' dir='ltr'><strong>per</strong></span> <span class='ocrx_word' id='word_1_633' title='bbox 1993 3952 2452 4021; x_wconf 87' lang='lat' dir='ltr'><strong>taciturnitatem,</strong></span> <span class='ocrx_word' id='word_1_634' title='bbox 2500 3961 2593 4009; x_wconf 89' lang='lat' dir='ltr'><strong>aut</strong></span> <span class='ocrx_word' id='word_1_635' title='bbox 2641 3952 2853 4015; x_wconf 86' lang='lat' dir='ltr'><strong>favere,</strong></span> <span class='ocrx_word' id='word_1_636' title='bbox 2906 3960 3002 4007; x_wconf 88' lang='lat' dir='ltr'><strong>aut</strong></span> <span class='ocrx_word' id='word_1_637' title='bbox 3049 3950 3358 4007; x_wconf 88' lang='lat' dir='ltr'><strong>consentire</strong></span> 
     </span>
    </p>
   </div>
   <div class='ocr_carea' id='block_1_84' title="bbox 1766 4041 3355 4104">
    <p class='ocr_par' dir='ltr' id='par_1_84' title="bbox 1766 4041 3355 4104">
     <span class='ocr_line' id='line_1_84' title="bbox 1766 4041 3355 4104; baseline -0.004 -2"><span class='ocrx_word' id='word_1_638' title='bbox 1766 4047 2049 4102; x_wconf 88' lang='lat' dir='ltr'><strong>videamur</strong></span> <span class='ocrx_word' id='word_1_639' title='bbox 2063 4044 2289 4100; x_wconf 90' lang='lat' dir='ltr'><strong>fratrum</strong></span> <span class='ocrx_word' id='word_1_640' title='bbox 2309 4052 2655 4101; x_wconf 88' lang='lat' dir='ltr'><strong>nocumenta.</strong></span> <span class='ocrx_word' id='word_1_641' title='bbox 2676 4044 2807 4098; x_wconf 87' lang='lat' dir='ltr'><strong>Data</strong></span> <span class='ocrx_word' id='word_1_642' title='bbox 2831 4042 3057 4102; x_wconf 83' lang='lat' dir='ltr'><strong>Kalend.</strong></span> <span class='ocrx_word' id='word_1_643' title='bbox 3082 4041 3355 4104; x_wconf 87' lang='lat' dir='ltr'><strong>Octobris,</strong></span> 
     </span>
    </p>
   </div>
   <div class='ocr_carea' id='block_1_85' title="bbox 1767 4131 3358 4191">
    <p class='ocr_par' dir='ltr' id='par_1_85' title="bbox 1767 4131 3358 4191">
     <span class='ocr_line' id='line_1_85' title="bbox 1767 4131 3358 4191; baseline -0.006 0"><span class='ocrx_word' id='word_1_644' title='bbox 1767 4135 2046 4191; x_wconf 85' lang='lat' dir='ltr'><strong>Feliciano</strong></span> <span class='ocrx_word' id='word_1_645' title='bbox 2073 4143 2129 4190; x_wconf 93' lang='lat' dir='ltr'><strong>ct</strong></span> <span class='ocrx_word' id='word_1_646' title='bbox 2155 4133 2482 4189; x_wconf 78' lang='lat' dir='ltr'><strong>Maximiano</strong></span> <span class='ocrx_word' id='word_1_647' title='bbox 2512 4134 2645 4189; x_wconf 89' lang='lat' dir='ltr'><strong>viris</strong></span> <span class='ocrx_word' id='word_1_648' title='bbox 2679 4132 2999 4189; x_wconf 89' lang='lat' dir='ltr'><strong>clarissimis</strong></span> <span class='ocrx_word' id='word_1_649' title='bbox 3024 4131 3358 4187; x_wconf 88' lang='lat' dir='ltr'><strong>consulibus.</strong></span> 
     </span>
    </p>
   </div>
   <div class='ocr_carea' id='block_1_86' title="bbox 1774 4245 3356 4327">
    <p class='ocr_par' dir='ltr' id='par_1_86' title="bbox 1774 4245 3356 4327">
     <span class='ocr_line' id='line_1_86' title="bbox 1774 4245 3356 4327; baseline -0.005 -23"><span class='ocrx_word' id='word_1_650' title='bbox 1774 4245 2397 4327; x_wconf 59' lang='lat' dir='ltr'><strong>Epistoiaﬂrienlaliunt</strong></span> <span class='ocrx_word' id='word_1_651' title='bbox 2425 4246 2495 4299; x_wconf 83' lang='lat' dir='ltr'><strong>ad</strong></span> <span class='ocrx_word' id='word_1_652' title='bbox 2529 4245 2735 4301; x_wconf 74' lang='lat' dir='ltr'><strong>Iulium</strong></span> <span class='ocrx_word' id='word_1_653' title='bbox 2761 4260 2954 4327; x_wconf 57' lang='lat' dir='ltr'><strong>papam</strong></span> <span class='ocrx_word' id='word_1_654' title='bbox 2996 4245 3356 4327; x_wconf 62' lang='lat' dir='ltr'><strong>censualium,</strong></span> 
     </span>
    </p>
   </div>
   <div class='ocr_carea' id='block_1_87' title="bbox 1838 4315 3359 4391">
    <p class='ocr_par' dir='ltr' id='par_1_87' title="bbox 1838 4315 3359 4391">
     <span class='ocr_line' id='line_1_87' title="bbox 1838 4315 3359 4391; baseline -0.003 -18"><span class='ocrx_word' id='word_1_655' title='bbox 1838 4319 1980 4391; x_wconf 84' lang='lat' dir='ltr'><strong>quod</strong></span> <span class='ocrx_word' id='word_1_656' title='bbox 2015 4319 2071 4373; x_wconf 78' lang='lat' dir='ltr'><strong>in</strong></span> <span class='ocrx_word' id='word_1_657' title='bbox 2129 4318 2546 4391; x_wconf 73' lang='lat' dir='ltr'><strong>communionem</strong></span> <span class='ocrx_word' id='word_1_658' title='bbox 2615 4315 2862 4387; x_wconf 79' lang='lat' dir='ltr'><strong>receperit</strong></span> <span class='ocrx_word' id='word_1_659' title='bbox 2918 4315 3266 4369; x_wconf 78' lang='lat' dir='ltr'><strong>Athanasium</strong></span> <span class='ocrx_word' id='word_1_660' title='bbox 3312 4327 3359 4368; x_wconf 82' lang='lat' dir='ltr'><strong>et</strong></span> 
     </span>
    </p>
   </div>
   <div class='ocr_carea' id='block_1_88' title="bbox 1841 4387 2804 4459">
    <p class='ocr_par' dir='ltr' id='par_1_88' title="bbox 1841 4387 2804 4459">
     <span class='ocr_line' id='line_1_88' title="bbox 1841 4387 2804 4459; baseline -0.003 -15"><span class='ocrx_word' id='word_1_661' title='bbox 1841 4387 2054 4445; x_wconf 62' lang='lat' dir='ltr'><strong>ceteras</strong></span> <span class='ocrx_word' id='word_1_662' title='bbox 2097 4404 2228 4458; x_wconf 83' lang='lat' dir='ltr'><strong>quos</strong></span> <span class='ocrx_word' id='word_1_663' title='bbox 2263 4387 2363 4459; x_wconf 82' lang='lat' dir='ltr'><strong>ipsi</strong></span> <span class='ocrx_word' id='word_1_664' title='bbox 2403 4387 2804 4443; x_wconf 65' lang='lat' dir='ltr'><strong>delituerat-aut.</strong></span> 
     </span>
    </p>
   </div>
   <div class='ocr_carea' id='block_1_89' title="bbox 1841 4480 3439 4563">
    <p class='ocr_par' dir='ltr' id='par_1_89' title="bbox 1841 4480 3439 4563">
     <span class='ocr_line' id='line_1_89' title="bbox 1841 4480 3439 4563; baseline -0.006 -8"><span class='ocrx_word' id='word_1_665' title='bbox 1841 4498 2070 4556; x_wconf 90' lang='lat' dir='ltr'><strong>Domino</strong></span> <span class='ocrx_word' id='word_1_666' title='bbox 2106 4496 2419 4552; x_wconf 88' lang='lat' dir='ltr'><strong>beatissimo</strong></span> <span class='ocrx_word' id='word_1_667' title='bbox 2457 4503 2513 4552; x_wconf 90' lang='lat' dir='ltr'><strong>ct</strong></span> <span class='ocrx_word' id='word_1_668' title='bbox 2536 4495 2835 4551; x_wconf 87' lang='lat' dir='ltr'><strong>honorabili</strong></span> <span class='ocrx_word' id='word_1_669' title='bbox 2865 4494 3015 4550; x_wconf 79' lang='lat' dir='ltr'><strong>Patri</strong></span> <span class='ocrx_word' id='word_1_670' title='bbox 3043 4493 3200 4550; x_wconf 74' lang='lat' dir='ltr'><strong>Juno</strong></span> <span class='ocrx_word' id='word_1_671' title='bbox 3234 4508 3361 4563; x_wconf 84' lang='lat' dir='ltr'><strong>apo-</strong></span> <span class='ocrx_word' id='word_1_672' title='bbox 3435 4480 3439 4483; x_wconf 69' lang='grc'><em>’</em></span> 
     </span>
    </p>
   </div>
   <div class='ocr_carea' id='block_1_90' title="bbox 64 4567 3363 4669">
    <p class='ocr_par' dir='ltr' id='par_1_90' title="bbox 64 4567 3363 4669">
     <span class='ocr_line' id='line_1_90' title="bbox 64 4567 3363 4669; baseline -0.002 -27"><span class='ocrx_word' id='word_1_673' title='bbox 64 4654 74 4669; x_wconf 39' lang='grc'><strong>1</strong></span> <span class='ocrx_word' id='word_1_674' title='bbox 126 4601 211 4656; x_wconf 86' lang='lat' dir='ltr'><strong>que</strong></span> <span class='ocrx_word' id='word_1_675' title='bbox 233 4604 348 4650; x_wconf 89' lang='lat' dir='ltr'><strong>sunt</strong></span> <span class='ocrx_word' id='word_1_676' title='bbox 393 4603 520 4653; x_wconf 89' lang='lat' dir='ltr'><strong>acta</strong></span> <span class='ocrx_word' id='word_1_677' title='bbox 571 4594 877 4659; x_wconf 68' lang='lat' dir='ltr'><strong>laetificum,</strong></span> <span class='ocrx_word' id='word_1_678' title='bbox 913 4567 1012 4649; x_wconf 46' lang='lat' dir='ltr'><strong>ita—</strong></span> <span class='ocrx_word' id='word_1_679' title='bbox 1037 4593 1263 4649; x_wconf 88' lang='lat' dir='ltr'><strong>nimium</strong></span> <span class='ocrx_word' id='word_1_680' title='bbox 1308 4567 1370 4649; x_wconf 79' lang='lat' dir='ltr'><strong>ea</strong></span> <span class='ocrx_word' id='word_1_681' title='bbox 1398 4607 1517 4662; x_wconf 65' lang='lat' dir='ltr'><strong>quae</strong></span> <span class='ocrx_word' id='word_1_682' title='bbox 1543 4600 1671 4648; x_wconf 90' lang='lat' dir='ltr'><strong>sunt</strong></span> <span class='ocrx_word' id='word_1_683' title='bbox 1696 4567 1747 4628; x_wconf 81' lang='grc' dir='ltr'><strong>Ῑ)</strong></span> <span class='ocrx_word' id='word_1_684' title='bbox 1777 4590 1981 4648; x_wconf 70' lang='grc' dir='ltr'><strong>διοιὶαε</strong></span> <span class='ocrx_word' id='word_1_685' title='bbox 2034 4589 2178 4644; x_wconf 85' lang='lat' dir='ltr'><strong>sedis</strong></span> <span class='ocrx_word' id='word_1_686' title='bbox 2207 4586 2502 4644; x_wconf 89' lang='lat' dir='ltr'><strong>venerabili</strong></span> <span class='ocrx_word' id='word_1_687' title='bbox 2537 4588 2823 4658; x_wconf 84' lang='lat' dir='ltr'><strong>episcopo,</strong></span> <span class='ocrx_word' id='word_1_688' title='bbox 2864 4587 3156 4649; x_wconf 72' lang='lat' dir='ltr'><strong>EUSBBIUS,</strong></span> <span class='ocrx_word' id='word_1_689' title='bbox 3187 4582 3363 4637; x_wconf 79' lang='lat' dir='ltr'><strong>Tui-zo-</strong></span> 
     </span>
    </p>
   </div>
   <div class='ocr_carea' id='block_1_91' title="bbox 128 4684 1677 4758">
    <p class='ocr_par' dir='ltr' id='par_1_91' title="bbox 128 4684 1677 4758">
     <span class='ocr_line' id='line_1_91' title="bbox 128 4684 1677 4758; baseline -0.006 -13"><span class='ocrx_word' id='word_1_690' title='bbox 128 4693 373 4750; x_wconf 63' lang='lat' dir='ltr'><strong>Iterpcram</strong></span> <span class='ocrx_word' id='word_1_691' title='bbox 423 4695 577 4758; x_wconf 82' lang='lat' dir='ltr'><strong>gesta</strong></span> <span class='ocrx_word' id='word_1_692' title='bbox 625 4687 981 4751; x_wconf 67' lang='lat' dir='ltr'><strong>contristant,</strong></span> <span class='ocrx_word' id='word_1_693' title='bbox 1032 4684 1289 4754; x_wconf 87' lang='lat' dir='ltr'><strong>quoniam</strong></span> <span class='ocrx_word' id='word_1_694' title='bbox 1341 4697 1565 4738; x_wconf 88' lang='lat' dir='ltr'><strong>necesse</strong></span> <span class='ocrx_word' id='word_1_695' title='bbox 1592 4690 1677 4738; x_wconf 90' lang='lat' dir='ltr'><strong>est</strong></span> 
     </span>
    </p>
   </div>
   <div class='ocr_carea' id='block_1_92' title="bbox 130 4773 1675 4845">
    <p class='ocr_par' dir='ltr' id='par_1_92' title="bbox 130 4773 1675 4845">
     <span class='ocr_line' id='line_1_92' title="bbox 130 4773 1675 4845; baseline 0 -19"><span class='ocrx_word' id='word_1_696' title='bbox 130 4781 227 4835; x_wconf 86' lang='lat' dir='ltr'><strong>post</strong></span> <span class='ocrx_word' id='word_1_697' title='bbox 248 4776 528 4832; x_wconf 89' lang='lat' dir='ltr'><strong>multarum</strong></span> <span class='ocrx_word' id='word_1_698' title='bbox 558 4777 746 4832; x_wconf 88' lang='lat' dir='ltr'><strong>talium</strong></span> <span class='ocrx_word' id='word_1_699' title='bbox 775 4776 1144 4845; x_wconf 78' lang='lat' dir='ltr'><strong>experimenta</strong></span> <span class='ocrx_word' id='word_1_700' title='bbox 1172 4789 1458 4831; x_wconf 87' lang='lat' dir='ltr'><strong>causarum</strong></span> <span class='ocrx_word' id='word_1_701' title='bbox 1479 4774 1593 4829; x_wconf 63' lang='lat' dir='ltr'><strong>hinc</strong></span> <span class='ocrx_word' id='word_1_702' title='bbox 1620 4773 1675 4827; x_wconf 93' lang='lat' dir='ltr'><strong>in</strong></span> 
     </span>
    </p>
   </div>
   <div class='ocr_carea' id='block_1_93' title="bbox 131 4866 1679 4940">
    <p class='ocr_par' dir='ltr' id='par_1_93' title="bbox 131 4866 1679 4940">
     <span class='ocr_line' id='line_1_93' title="bbox 131 4866 1679 4940; baseline 0.001 -22"><span class='ocrx_word' id='word_1_703' title='bbox 131 4873 371 4927; x_wconf 83' lang='lat' dir='ltr'><strong>posterum</strong></span> <span class='ocrx_word' id='word_1_704' title='bbox 404 4869 671 4924; x_wconf 91' lang='lat' dir='ltr'><strong>sollicitus</strong></span> <span class='ocrx_word' id='word_1_705' title='bbox 701 4869 975 4940; x_wconf 91' lang='lat' dir='ltr'><strong>prospici,</strong></span> <span class='ocrx_word' id='word_1_706' title='bbox 1024 4877 1080 4923; x_wconf 91' lang='lat' dir='ltr'><strong>et</strong></span> <span class='ocrx_word' id='word_1_707' title='bbox 1120 4866 1432 4937; x_wconf 81' lang='lat' dir='ltr'><strong>diligentius</strong></span> <span class='ocrx_word' id='word_1_708' title='bbox 1476 4879 1679 4935; x_wconf 86' lang='lat' dir='ltr'><strong>praeca-</strong></span> 
     </span>
    </p>
   </div>
   <div class='ocr_carea' id='block_1_94' title="bbox 132 4953 1679 5030">
    <p class='ocr_par' dir='ltr' id='par_1_94' title="bbox 132 4953 1679 5030">
     <span class='ocr_line' id='line_1_94' title="bbox 132 4953 1679 5030; baseline 0.004 -23"><span class='ocrx_word' id='word_1_709' title='bbox 132 4953 223 5007; x_wconf 66' lang='lat' dir='ltr'><strong>veri</strong></span> <span class='ocrx_word' id='word_1_710' title='bbox 242 4995 256 5020; x_wconf 93' lang='lat'><strong>,</strong></span> <span class='ocrx_word' id='word_1_711' title='bbox 284 4968 545 5027; x_wconf 88' lang='lat' dir='ltr'><strong>quatenus</strong></span> <span class='ocrx_word' id='word_1_712' title='bbox 583 4974 650 5015; x_wconf 89' lang='lat' dir='ltr'><strong>ea</strong></span> <span class='ocrx_word' id='word_1_713' title='bbox 676 4974 797 5030; x_wconf 77' lang='lat' dir='ltr'><strong>qua:</strong></span> <span class='ocrx_word' id='word_1_714' title='bbox 846 4967 971 5014; x_wconf 91' lang='lat' dir='ltr'><strong>sunt</strong></span> <span class='ocrx_word' id='word_1_715' title='bbox 997 4959 1064 5014; x_wconf 88' lang='lat' dir='ltr'><strong>ab</strong></span> <span class='ocrx_word' id='word_1_716' title='bbox 1095 4958 1352 5028; x_wconf 87' lang='lat' dir='ltr'><strong>apostolis</strong></span> <span class='ocrx_word' id='word_1_717' title='bbox 1383 4971 1679 5027; x_wconf 86' lang='lat' dir='ltr'><strong>eorumque</strong></span> 
     </span>
    </p>
   </div>
   <div class='ocr_carea' id='block_1_95' title="bbox 135 5049 1675 5120">
    <p class='ocr_par' dir='ltr' id='par_1_95' title="bbox 135 5049 1675 5120">
     <span class='ocr_line' id='line_1_95' title="bbox 135 5049 1675 5120; baseline 0.002 -21"><span class='ocrx_word' id='word_1_718' title='bbox 135 5051 502 5106; x_wconf 80' lang='lat' dir='ltr'><strong>successoribus</strong></span> <span class='ocrx_word' id='word_1_719' title='bbox 557 5059 797 5116; x_wconf 88' lang='lat' dir='ltr'><strong>statuta,</strong></span> <span class='ocrx_word' id='word_1_720' title='bbox 848 5049 993 5105; x_wconf 88' lang='lat' dir='ltr'><strong>nulla</strong></span> <span class='ocrx_word' id='word_1_721' title='bbox 1046 5049 1252 5105; x_wconf 90' lang='lat' dir='ltr'><strong>desidia</strong></span> <span class='ocrx_word' id='word_1_722' title='bbox 1314 5050 1675 5120; x_wconf 82' lang='lat' dir='ltr'><strong>negligantur,</strong></span> 
     </span>
    </p>
   </div>
   <div class='ocr_carea' id='block_1_96' title="bbox 137 5134 1684 5207">
    <p class='ocr_par' dir='ltr' id='par_1_96' title="bbox 137 5134 1684 5207">
     <span class='ocr_line' id='line_1_96' title="bbox 137 5134 1684 5207; baseline 0.008 -24"><span class='ocrx_word' id='word_1_723' title='bbox 137 5134 255 5190; x_wconf 87' lang='lat' dir='ltr'><strong>nulla</strong></span> <span class='ocrx_word' id='word_1_724' title='bbox 278 5140 607 5199; x_wconf 89' lang='lat' dir='ltr'><strong>dissensione</strong></span> <span class='ocrx_word' id='word_1_725' title='bbox 635 5143 921 5207; x_wconf 90' lang='lat' dir='ltr'><strong>violenter,</strong></span> <span class='ocrx_word' id='word_1_726' title='bbox 947 5142 1095 5196; x_wconf 89' lang='lat' dir='ltr'><strong>nulla</strong></span> <span class='ocrx_word' id='word_1_727' title='bbox 1130 5143 1537 5198; x_wconf 89' lang='lat' dir='ltr'><strong>concertatione</strong></span> <span class='ocrx_word' id='word_1_728' title='bbox 1568 5150 1684 5195; x_wconf 88' lang='lat' dir='ltr'><strong>tur-</strong></span> 
     </span>
    </p>
   </div>
   <div class='ocr_carea' id='block_1_97' title="bbox 138 5220 1679 5304">
    <p class='ocr_par' dir='ltr' id='par_1_97' title="bbox 138 5220 1679 5304">
     <span class='ocr_line' id='line_1_97' title="bbox 138 5220 1679 5304; baseline 0.006 -27"><span class='ocrx_word' id='word_1_729' title='bbox 138 5220 321 5283; x_wconf 77' lang='lat' dir='ltr'><strong>bentur.</strong></span> <span class='ocrx_word' id='word_1_730' title='bbox 349 5232 482 5288; x_wconf 82' lang='lat' dir='ltr'><strong>Nam</strong></span> <span class='ocrx_word' id='word_1_731' title='bbox 525 5233 666 5289; x_wconf 89' lang='lat' dir='ltr'><strong>sicut</strong></span> <span class='ocrx_word' id='word_1_732' title='bbox 712 5234 765 5289; x_wconf 91' lang='lat' dir='ltr'><strong>in</strong></span> <span class='ocrx_word' id='word_1_733' title='bbox 811 5247 920 5288; x_wconf 91' lang='lat' dir='ltr'><strong>uno</strong></span> <span class='ocrx_word' id='word_1_734' title='bbox 965 5247 1193 5304; x_wconf 87' lang='lat' dir='ltr'><strong>corpore</strong></span> <span class='ocrx_word' id='word_1_735' title='bbox 1236 5233 1404 5289; x_wconf 90' lang='lat' dir='ltr'><strong>multa</strong></span> <span class='ocrx_word' id='word_1_736' title='bbox 1435 5233 1679 5289; x_wconf 90' lang='lat' dir='ltr'><strong>membra</strong></span> 
     </span>
    </p>
   </div>
   <div class='ocr_carea' id='block_1_98' title="bbox 142 5309 1680 5388">
    <p class='ocr_par' dir='ltr' id='par_1_98' title="bbox 142 5309 1680 5388">
     <span class='ocr_line' id='line_1_98' title="bbox 142 5309 1680 5388; baseline 0.005 -19"><span class='ocrx_word' id='word_1_737' title='bbox 142 5309 386 5388; x_wconf 80' lang='lat' dir='ltr'><strong>habemus,</strong></span> <span class='ocrx_word' id='word_1_738' title='bbox 408 5325 587 5380; x_wconf 84' lang='lat' dir='ltr'><strong>omnia</strong></span> <span class='ocrx_word' id='word_1_739' title='bbox 612 5333 793 5379; x_wconf 89' lang='lat' dir='ltr'><strong>autem</strong></span> <span class='ocrx_word' id='word_1_740' title='bbox 819 5323 1063 5379; x_wconf 87' lang='lat' dir='ltr'><strong>membra</strong></span> <span class='ocrx_word' id='word_1_741' title='bbox 1091 5339 1197 5380; x_wconf 92' lang='lat' dir='ltr'><strong>non</strong></span> <span class='ocrx_word' id='word_1_742' title='bbox 1221 5322 1470 5380; x_wconf 90' lang='lat' dir='ltr'><strong>eumdem</strong></span> <span class='ocrx_word' id='word_1_743' title='bbox 1501 5332 1680 5380; x_wconf 87' lang='lat' dir='ltr'><strong>actum</strong></span> 
     </span>
    </p>
   </div>
   <div class='ocr_carea' id='block_1_99' title="bbox 144 5406 1679 5492">
    <p class='ocr_par' dir='ltr' id='par_1_99' title="bbox 144 5406 1679 5492">
     <span class='ocr_line' id='line_1_99' title="bbox 144 5406 1679 5492; baseline 0.005 -25"><span class='ocrx_word' id='word_1_744' title='bbox 144 5406 344 5484; x_wconf 82' lang='lat' dir='ltr'><strong>habent,</strong></span> <span class='ocrx_word' id='word_1_745' title='bbox 374 5418 445 5474; x_wconf 88' lang='lat' dir='ltr'><strong>ita</strong></span> <span class='ocrx_word' id='word_1_746' title='bbox 474 5419 627 5475; x_wconf 90' lang='lat' dir='ltr'><strong>multi</strong></span> <span class='ocrx_word' id='word_1_747' title='bbox 676 5436 843 5476; x_wconf 89' lang='lat' dir='ltr'><strong>unum</strong></span> <span class='ocrx_word' id='word_1_748' title='bbox 890 5434 1088 5492; x_wconf 88' lang='lat' dir='ltr'><strong>corpus</strong></span> <span class='ocrx_word' id='word_1_749' title='bbox 1132 5435 1321 5476; x_wconf 87' lang='lat' dir='ltr'><strong>sumus</strong></span> <span class='ocrx_word' id='word_1_750' title='bbox 1350 5419 1403 5475; x_wconf 91' lang='lat' dir='ltr'><strong>in</strong></span> <span class='ocrx_word' id='word_1_751' title='bbox 1431 5418 1679 5483; x_wconf 86' lang='lat' dir='ltr'><strong>Christo,</strong></span> 
     </span>
    </p>
   </div>
   <div class='ocr_carea' id='block_1_100' title="bbox 147 5498 1684 5578">
    <p class='ocr_par' dir='ltr' id='par_1_100' title="bbox 147 5498 1684 5578">
     <span class='ocr_line' id='line_1_100' title="bbox 147 5498 1684 5578; baseline 0.012 -28"><span class='ocrx_word' id='word_1_752' title='bbox 147 5498 310 5573; x_wconf 80' lang='lat' dir='ltr'><strong>singuli</strong></span> <span class='ocrx_word' id='word_1_753' title='bbox 339 5518 514 5566; x_wconf 87' lang='lat' dir='ltr'><strong>autem</strong></span> <span class='ocrx_word' id='word_1_754' title='bbox 547 5512 685 5569; x_wconf 88' lang='lat' dir='ltr'><strong>alter</strong></span> <span class='ocrx_word' id='word_1_755' title='bbox 712 5511 934 5567; x_wconf 87' lang='lat' dir='ltr'><strong>alterius</strong></span> <span class='ocrx_word' id='word_1_756' title='bbox 981 5512 1256 5578; x_wconf 84' lang='lat' dir='ltr'><strong>membra;</strong></span> <span class='ocrx_word' id='word_1_757' title='bbox 1299 5512 1566 5568; x_wconf 77' lang='lat' dir='ltr'><strong>connexio</strong></span> <span class='ocrx_word' id='word_1_758' title='bbox 1599 5521 1684 5568; x_wconf 61' lang='lat' dir='ltr'><strong>too</strong></span> 
     </span>
    </p>
   </div>
   <div class='ocr_carea' id='block_1_101' title="bbox 150 5590 1685 5676">
    <p class='ocr_par' dir='ltr' id='par_1_101' title="bbox 150 5590 1685 5676">
     <span class='ocr_line' id='line_1_101' title="bbox 150 5590 1685 5676; baseline 0.012 -35"><span class='ocrx_word' id='word_1_759' title='bbox 150 5590 241 5649; x_wconf 88' lang='lat' dir='ltr'><strong>tius</strong></span> <span class='ocrx_word' id='word_1_760' title='bbox 258 5604 486 5670; x_wconf 88' lang='lat' dir='ltr'><strong>corporis</strong></span> <span class='ocrx_word' id='word_1_761' title='bbox 513 5620 674 5660; x_wconf 88' lang='lat' dir='ltr'><strong>unam</strong></span> <span class='ocrx_word' id='word_1_762' title='bbox 698 5605 1010 5669; x_wconf 83' lang='lat' dir='ltr'><strong>sanitatem,</strong></span> <span class='ocrx_word' id='word_1_763' title='bbox 1043 5620 1204 5659; x_wconf 89' lang='lat' dir='ltr'><strong>unam</strong></span> <span class='ocrx_word' id='word_1_764' title='bbox 1234 5604 1685 5676; x_wconf 84' lang='lat' dir='ltr'><strong>pulchritudinem</strong></span> 
     </span>
    </p>
   </div>
   <div class='ocr_carea' id='block_1_102' title="bbox 157 5680 1684 5767">
    <p class='ocr_par' dir='ltr' id='par_1_102' title="bbox 157 5680 1684 5767">
     <span class='ocr_line' id='line_1_102' title="bbox 157 5680 1684 5767; baseline 0.011 -34"><span class='ocrx_word' id='word_1_765' title='bbox 157 5680 293 5750; x_wconf 82' lang='lat' dir='ltr'><strong>facit.</strong></span> <span class='ocrx_word' id='word_1_766' title='bbox 322 5701 372 5746; x_wconf 91' lang='lat' dir='ltr'><strong>et</strong></span> <span class='ocrx_word' id='word_1_767' title='bbox 393 5695 505 5752; x_wconf 73' lang='lat' dir='ltr'><strong>hzec</strong></span> <span class='ocrx_word' id='word_1_768' title='bbox 532 5696 750 5767; x_wconf 89' lang='lat' dir='ltr'><strong>quidem</strong></span> <span class='ocrx_word' id='word_1_769' title='bbox 780 5697 1044 5751; x_wconf 79' lang='lat' dir='ltr'><strong>connexio</strong></span> <span class='ocrx_word' id='word_1_770' title='bbox 1076 5697 1242 5752; x_wconf 89' lang='lat' dir='ltr'><strong>totius</strong></span> <span class='ocrx_word' id='word_1_771' title='bbox 1284 5696 1526 5766; x_wconf 82' lang='lat' dir='ltr'><strong>corporis</strong></span> <span class='ocrx_word' id='word_1_772' title='bbox 1555 5711 1684 5751; x_wconf 71' lang='lat' dir='ltr'><strong>una~</strong></span> 
     </span>
    </p>
   </div>
   <div class='ocr_carea' id='block_1_103' title="bbox 153 5773 1684 5859">
    <p class='ocr_par' dir='ltr' id='par_1_103' title="bbox 153 5773 1684 5859">
     <span class='ocr_line' id='line_1_103' title="bbox 153 5773 1684 5859; baseline 0.01 -31"><span class='ocrx_word' id='word_1_773' title='bbox 153 5773 418 5841; x_wconf 65' lang='lat' dir='ltr'><strong>uinxitatcm</strong></span> <span class='ocrx_word' id='word_1_774' title='bbox 443 5786 698 5858; x_wconf 85' lang='lat' dir='ltr'><strong>requirit,</strong></span> <span class='ocrx_word' id='word_1_775' title='bbox 728 5785 819 5842; x_wconf 85' lang='lat' dir='ltr'><strong>sed</strong></span> <span class='ocrx_word' id='word_1_776' title='bbox 847 5788 1117 5858; x_wconf 69' lang='lat' dir='ltr'><strong>praxipno</strong></span> <span class='ocrx_word' id='word_1_777' title='bbox 1139 5786 1305 5859; x_wconf 77' lang='lat' dir='ltr'><strong>exigit</strong></span> <span class='ocrx_word' id='word_1_778' title='bbox 1341 5785 1684 5847; x_wconf 79' lang='lat' dir='ltr'><strong>concordiam</strong></span> 
     </span>
    </p>
   </div>
   <div class='ocr_carea' id='block_1_104' title="bbox 1778 4672 3364 4747">
    <p class='ocr_par' dir='ltr' id='par_1_104' title="bbox 1778 4672 3364 4747">
     <span class='ocr_line' id='line_1_104' title="bbox 1778 4672 3364 4747; baseline -0.008 -10"><span class='ocrx_word' id='word_1_779' title='bbox 1778 4695 1956 4747; x_wconf 76' lang='lat' dir='ltr'><strong>GNIUS,</strong></span> <span class='ocrx_word' id='word_1_780' title='bbox 1973 4679 2362 4734; x_wconf 75' lang='lat' dir='ltr'><strong>&#39;l‘neonouuset</strong></span> <span class='ocrx_word' id='word_1_781' title='bbox 2383 4677 2711 4742; x_wconf 73' lang='lat' dir='ltr'><strong>Bents&#39;ruus,</strong></span> <span class='ocrx_word' id='word_1_782' title='bbox 2739 4691 2843 4732; x_wconf 86' lang='lat' dir='ltr'><strong>una</strong></span> <span class='ocrx_word' id='word_1_783' title='bbox 2864 4691 2987 4731; x_wconf 91' lang='lat' dir='ltr'><strong>cum</strong></span> <span class='ocrx_word' id='word_1_784' title='bbox 3010 4673 3233 4743; x_wconf 84' lang='lat' dir='ltr'><strong>reliquis</strong></span> <span class='ocrx_word' id='word_1_785' title='bbox 3255 4672 3364 4726; x_wconf 64' lang='lat' dir='ltr'><strong>fra«</strong></span> 
     </span>
    </p>
   </div>
   <div class='ocr_carea' id='block_1_105' title="bbox 1778 4764 3359 4841">
    <p class='ocr_par' dir='ltr' id='par_1_105' title="bbox 1778 4764 3359 4841">
     <span class='ocr_line' id='line_1_105' title="bbox 1778 4764 3359 4841; baseline -0.008 -14"><span class='ocrx_word' id='word_1_786' title='bbox 1778 4772 1979 4836; x_wconf 89' lang='lat' dir='ltr'><strong>tribus,</strong></span> <span class='ocrx_word' id='word_1_787' title='bbox 1996 4779 2051 4827; x_wconf 93' lang='lat' dir='ltr'><strong>et</strong></span> <span class='ocrx_word' id='word_1_788' title='bbox 2063 4769 2398 4841; x_wconf 89' lang='lat' dir='ltr'><strong>coepiscopis</strong></span> <span class='ocrx_word' id='word_1_789' title='bbox 2411 4770 2613 4825; x_wconf 89' lang='lat' dir='ltr'><strong>nostris</strong></span> <span class='ocrx_word' id='word_1_790' title='bbox 2635 4769 2688 4823; x_wconf 94' lang='lat' dir='ltr'><strong>in</strong></span> <span class='ocrx_word' id='word_1_791' title='bbox 2703 4766 2983 4823; x_wconf 82' lang='lat' dir='ltr'><strong>Antiochia</strong></span> <span class='ocrx_word' id='word_1_792' title='bbox 2998 4764 3359 4834; x_wconf 83' lang='lat' dir='ltr'><strong>congregatis.</strong></span> 
     </span>
    </p>
   </div>
   <div class='ocr_carea' id='block_1_106' title="bbox 1852 4853 3362 4919">
    <p class='ocr_par' dir='ltr' id='par_1_106' title="bbox 1852 4853 3362 4919">
     <span class='ocr_line' id='line_1_106' title="bbox 1852 4853 3362 4919; baseline -0.01 0"><span class='ocrx_word' id='word_1_793' title='bbox 1852 4863 2006 4919; x_wconf 87' lang='lat' dir='ltr'><strong>Licet</strong></span> <span class='ocrx_word' id='word_1_794' title='bbox 2053 4862 2200 4919; x_wconf 88' lang='lat' dir='ltr'><strong>circa</strong></span> <span class='ocrx_word' id='word_1_795' title='bbox 2258 4874 2450 4917; x_wconf 89' lang='lat' dir='ltr'><strong>omnes</strong></span> <span class='ocrx_word' id='word_1_796' title='bbox 2504 4860 2803 4916; x_wconf 76' lang='lat' dir='ltr'><strong>Reinanam</strong></span> <span class='ocrx_word' id='word_1_797' title='bbox 2862 4853 3162 4912; x_wconf 83' lang='lat' dir='ltr'><strong>Ecclesiam</strong></span> <span class='ocrx_word' id='word_1_798' title='bbox 3219 4853 3362 4907; x_wconf 83' lang='lat' dir='ltr'><strong>scia-</strong></span> 
     </span>
    </p>
   </div>
   <div class='ocr_carea' id='block_1_107' title="bbox 1785 4946 3366 5020">
    <p class='ocr_par' dir='ltr' id='par_1_107' title="bbox 1785 4946 3366 5020">
     <span class='ocr_line' id='line_1_107' title="bbox 1785 4946 3366 5020; baseline -0.009 -9"><span class='ocrx_word' id='word_1_799' title='bbox 1785 4970 1905 5012; x_wconf 89' lang='lat' dir='ltr'><strong>mus</strong></span> <span class='ocrx_word' id='word_1_800' title='bbox 1946 4967 2067 5010; x_wconf 88' lang='lat' dir='ltr'><strong>esse</strong></span> <span class='ocrx_word' id='word_1_801' title='bbox 2118 4950 2430 5008; x_wconf 81' lang='lat' dir='ltr'><strong>munificam</strong></span> <span class='ocrx_word' id='word_1_802' title='bbox 2480 4959 2537 5007; x_wconf 94' lang='lat' dir='ltr'><strong>et</strong></span> <span class='ocrx_word' id='word_1_803' title='bbox 2598 4949 2945 5020; x_wconf 85' lang='lat' dir='ltr'><strong>apostolicam</strong></span> <span class='ocrx_word' id='word_1_804' title='bbox 3017 4946 3220 5001; x_wconf 85' lang='lat' dir='ltr'><strong>habere</strong></span> <span class='ocrx_word' id='word_1_805' title='bbox 3272 4957 3366 4997; x_wconf 87' lang='lat' dir='ltr'><strong>cu-</strong></span> 
     </span>
    </p>
   </div>
   <div class='ocr_carea' id='block_1_108' title="bbox 1782 5034 3362 5114">
    <p class='ocr_par' dir='ltr' id='par_1_108' title="bbox 1782 5034 3362 5114">
     <span class='ocr_line' id='line_1_108' title="bbox 1782 5034 3362 5114; baseline -0.01 -11"><span class='ocrx_word' id='word_1_806' title='bbox 1782 5064 1945 5114; x_wconf 88' lang='lat' dir='ltr'><strong>ram,</strong></span> <span class='ocrx_word' id='word_1_807' title='bbox 2022 5054 2079 5103; x_wconf 90' lang='lat' dir='ltr'><strong>et</strong></span> <span class='ocrx_word' id='word_1_808' title='bbox 2172 5059 2388 5114; x_wconf 89' lang='lat' dir='ltr'><strong>semper</strong></span> <span class='ocrx_word' id='word_1_809' title='bbox 2464 5051 2698 5098; x_wconf 84' lang='lat' dir='ltr'><strong>matrem</strong></span> <span class='ocrx_word' id='word_1_810' title='bbox 2771 5039 3011 5094; x_wconf 75' lang='lat' dir='ltr'><strong>existere</strong></span> <span class='ocrx_word' id='word_1_811' title='bbox 3101 5034 3362 5107; x_wconf 86' lang='lat' dir='ltr'><strong>pietatis,</strong></span> 
     </span>
    </p>
   </div>
   <div class='ocr_carea' id='block_1_109' title="bbox 1781 5131 3366 5211">
    <p class='ocr_par' dir='ltr' id='par_1_109' title="bbox 1781 5131 3366 5211">
     <span class='ocr_line' id='line_1_109' title="bbox 1781 5131 3366 5211; baseline -0.008 -16"><span class='ocrx_word' id='word_1_812' title='bbox 1781 5154 2113 5211; x_wconf 89' lang='lat' dir='ltr'><strong>quamquam</strong></span> <span class='ocrx_word' id='word_1_813' title='bbox 2188 5138 2257 5193; x_wconf 91' lang='lat' dir='ltr'><strong>ab</strong></span> <span class='ocrx_word' id='word_1_814' title='bbox 2340 5136 2562 5193; x_wconf 88' lang='lat' dir='ltr'><strong>Oriente</strong></span> <span class='ocrx_word' id='word_1_815' title='bbox 2632 5135 2699 5189; x_wconf 90' lang='lat' dir='ltr'><strong>ad</strong></span> <span class='ocrx_word' id='word_1_816' title='bbox 2775 5146 2896 5187; x_wconf 89' lang='lat' dir='ltr'><strong>eam</strong></span> <span class='ocrx_word' id='word_1_817' title='bbox 2979 5131 3366 5203; x_wconf 64' lang='lat' dir='ltr'><strong>praedicatores</strong></span> 
     </span>
    </p>
   </div>
   <div class='ocr_carea' id='block_1_110' title="bbox 1784 5220 3369 5301">
    <p class='ocr_par' dir='ltr' id='par_1_110' title="bbox 1784 5220 3369 5301">
     <span class='ocr_line' id='line_1_110' title="bbox 1784 5220 3369 5301; baseline -0.008 -15"><span class='ocrx_word' id='word_1_818' title='bbox 1784 5229 2000 5301; x_wconf 87' lang='lat' dir='ltr'><strong>pietatis</strong></span> <span class='ocrx_word' id='word_1_819' title='bbox 2060 5228 2426 5294; x_wconf 89' lang='lat' dir='ltr'><strong>advenissent,</strong></span> <span class='ocrx_word' id='word_1_820' title='bbox 2482 5234 2662 5281; x_wconf 88' lang='lat' dir='ltr'><strong>tamen</strong></span> <span class='ocrx_word' id='word_1_821' title='bbox 2707 5232 3021 5296; x_wconf 89' lang='lat' dir='ltr'><strong>optaremns</strong></span> <span class='ocrx_word' id='word_1_822' title='bbox 3053 5236 3152 5277; x_wconf 85' lang='lat' dir='ltr'><strong>vos</strong></span> <span class='ocrx_word' id='word_1_823' title='bbox 3186 5220 3369 5275; x_wconf 91' lang='lat' dir='ltr'><strong>nobis-</strong></span> 
     </span>
    </p>
   </div>
   <div class='ocr_carea' id='block_1_111' title="bbox 1785 5314 3369 5390">
    <p class='ocr_par' dir='ltr' id='par_1_111' title="bbox 1785 5314 3369 5390">
     <span class='ocr_line' id='line_1_111' title="bbox 1785 5314 3369 5390; baseline -0.009 -11"><span class='ocrx_word' id='word_1_824' title='bbox 1785 5339 1910 5379; x_wconf 91' lang='lat' dir='ltr'><strong>cum</strong></span> <span class='ocrx_word' id='word_1_825' title='bbox 1946 5322 2303 5387; x_wconf 87' lang='lat' dir='ltr'><strong>concordare,</strong></span> <span class='ocrx_word' id='word_1_826' title='bbox 2354 5327 2410 5376; x_wconf 92' lang='lat' dir='ltr'><strong>et</strong></span> <span class='ocrx_word' id='word_1_827' title='bbox 2457 5333 2596 5390; x_wconf 90' lang='lat' dir='ltr'><strong>quos</strong></span> <span class='ocrx_word' id='word_1_828' title='bbox 2641 5332 2670 5372; x_wconf 92' lang='lat' dir='ltr'><strong>a</strong></span> <span class='ocrx_word' id='word_1_829' title='bbox 2725 5314 3105 5372; x_wconf 89' lang='lat' dir='ltr'><strong>communione</strong></span> <span class='ocrx_word' id='word_1_830' title='bbox 3138 5326 3369 5384; x_wconf 87' lang='lat' dir='ltr'><strong>suspen-</strong></span> 
     </span>
    </p>
   </div>
   <div class='ocr_carea' id='block_1_112' title="bbox 1785 5405 3371 5481">
    <p class='ocr_par' dir='ltr' id='par_1_112' title="bbox 1785 5405 3371 5481">
     <span class='ocr_line' id='line_1_112' title="bbox 1785 5405 3371 5481; baseline -0.009 -8"><span class='ocrx_word' id='word_1_831' title='bbox 1785 5416 1961 5473; x_wconf 90' lang='lat' dir='ltr'><strong>dimus</strong></span> <span class='ocrx_word' id='word_1_832' title='bbox 2003 5431 2032 5470; x_wconf 89' lang='lat' dir='ltr'><strong>a</strong></span> <span class='ocrx_word' id='word_1_833' title='bbox 2094 5415 2249 5471; x_wconf 83' lang='lat' dir='ltr'><strong>vobis</strong></span> <span class='ocrx_word' id='word_1_834' title='bbox 2296 5426 2417 5469; x_wconf 88' lang='lat' dir='ltr'><strong>esse</strong></span> <span class='ocrx_word' id='word_1_835' title='bbox 2463 5424 2771 5481; x_wconf 86' lang='lat' dir='ltr'><strong>suspensos,</strong></span> <span class='ocrx_word' id='word_1_836' title='bbox 2803 5418 2859 5464; x_wconf 93' lang='lat' dir='ltr'><strong>et</strong></span> <span class='ocrx_word' id='word_1_837' title='bbox 2908 5423 3046 5479; x_wconf 88' lang='lat' dir='ltr'><strong>quos</strong></span> <span class='ocrx_word' id='word_1_838' title='bbox 3085 5409 3139 5463; x_wconf 91' lang='lat' dir='ltr'><strong>in</strong></span> <span class='ocrx_word' id='word_1_839' title='bbox 3180 5405 3371 5462; x_wconf 81' lang='lat' dir='ltr'><strong>ordine</strong></span> 
     </span>
    </p>
   </div>
   <div class='ocr_carea' id='block_1_113' title="bbox 1786 5499 3367 5574">
    <p class='ocr_par' dir='ltr' id='par_1_113' title="bbox 1786 5499 3367 5574">
     <span class='ocr_line' id='line_1_113' title="bbox 1786 5499 3367 5574; baseline -0.007 -12"><span class='ocrx_word' id='word_1_840' title='bbox 1786 5506 2171 5562; x_wconf 84' lang='lat' dir='ltr'><strong>confirmamus</strong></span> <span class='ocrx_word' id='word_1_841' title='bbox 2220 5504 2592 5574; x_wconf 89' lang='lat' dir='ltr'><strong>episcoporum</strong></span> <span class='ocrx_word' id='word_1_842' title='bbox 2637 5516 2667 5556; x_wconf 91' lang='lat' dir='ltr'><strong>a</strong></span> <span class='ocrx_word' id='word_1_843' title='bbox 2712 5500 2867 5558; x_wconf 86' lang='lat' dir='ltr'><strong>vobis</strong></span> <span class='ocrx_word' id='word_1_844' title='bbox 2894 5515 3016 5557; x_wconf 88' lang='lat' dir='ltr'><strong>esse</strong></span> <span class='ocrx_word' id='word_1_845' title='bbox 3040 5499 3367 5555; x_wconf 81' lang='lat' dir='ltr'><strong>conﬁrman-</strong></span> 
     </span>
    </p>
   </div>
   <div class='ocr_carea' id='block_1_114' title="bbox 1788 5587 3370 5665">
    <p class='ocr_par' dir='ltr' id='par_1_114' title="bbox 1788 5587 3370 5665">
     <span class='ocr_line' id='line_1_114' title="bbox 1788 5587 3370 5665; baseline -0.009 -10"><span class='ocrx_word' id='word_1_846' title='bbox 1788 5600 1905 5665; x_wconf 87' lang='lat' dir='ltr'><strong>dos,</strong></span> <span class='ocrx_word' id='word_1_847' title='bbox 1963 5613 2063 5654; x_wconf 85' lang='lat' dir='ltr'><strong>nec</strong></span> <span class='ocrx_word' id='word_1_848' title='bbox 2112 5612 2210 5652; x_wconf 91' lang='lat' dir='ltr'><strong>nos</strong></span> <span class='ocrx_word' id='word_1_849' title='bbox 2254 5596 2491 5652; x_wconf 91' lang='lat' dir='ltr'><strong>secundo</strong></span> <span class='ocrx_word' id='word_1_850' title='bbox 2536 5593 2655 5650; x_wconf 93' lang='lat' dir='ltr'><strong>loco</strong></span> <span class='ocrx_word' id='word_1_851' title='bbox 2712 5593 3007 5657; x_wconf 82' lang='lat' dir='ltr'><strong>habendos,</strong></span> <span class='ocrx_word' id='word_1_852' title='bbox 3038 5605 3159 5645; x_wconf 91' lang='lat' dir='ltr'><strong>cum</strong></span> <span class='ocrx_word' id='word_1_853' title='bbox 3188 5604 3254 5644; x_wconf 83' lang='lat' dir='ltr'><strong>ex</strong></span> <span class='ocrx_word' id='word_1_854' title='bbox 3288 5587 3370 5641; x_wconf 86' lang='lat' dir='ltr'><strong>his</strong></span> 
     </span>
    </p>
   </div>
   <div class='ocr_carea' id='block_1_115' title="bbox 1790 5687 3369 5763">
    <p class='ocr_par' dir='ltr' id='par_1_115' title="bbox 1790 5687 3369 5763">
     <span class='ocr_line' id='line_1_115' title="bbox 1790 5687 3369 5763; baseline -0.004 -18"><span class='ocrx_word' id='word_1_855' title='bbox 1790 5690 2036 5762; x_wconf 89' lang='lat' dir='ltr'><strong>partibus</strong></span> <span class='ocrx_word' id='word_1_856' title='bbox 2074 5690 2140 5744; x_wconf 86' lang='lat' dir='ltr'><strong>ad</strong></span> <span class='ocrx_word' id='word_1_857' title='bbox 2189 5703 2285 5745; x_wconf 91' lang='lat' dir='ltr'><strong>vos</strong></span> <span class='ocrx_word' id='word_1_858' title='bbox 2314 5704 2483 5760; x_wconf 89' lang='lat' dir='ltr'><strong>usque</strong></span> <span class='ocrx_word' id='word_1_859' title='bbox 2531 5691 2961 5763; x_wconf 85' lang='lat' dir='ltr'><strong>dogmatizantcs</strong></span> <span class='ocrx_word' id='word_1_860' title='bbox 2997 5687 3220 5758; x_wconf 86' lang='lat' dir='ltr'><strong>apostoli</strong></span> <span class='ocrx_word' id='word_1_861' title='bbox 3249 5701 3369 5760; x_wconf 85' lang='lat' dir='ltr'><strong>per-</strong></span> 
     </span>
    </p>
   </div>
   <div class='ocr_carea' id='block_1_116' title="bbox 1792 5782 3369 5868">
    <p class='ocr_par' dir='ltr' id='par_1_116' title="bbox 1792 5782 3369 5868">
     <span class='ocr_line' id='line_1_116' title="bbox 1792 5782 3369 5868; baseline -0.004 -27"><span class='ocrx_word' id='word_1_862' title='bbox 1792 5784 2057 5868; x_wconf 82' lang='lat' dir='ltr'><strong>venerint.</strong></span> <span class='ocrx_word' id='word_1_863' title='bbox 2091 5782 2199 5841; x_wconf 78' lang='lat' dir='ltr'><strong>Ncc</strong></span> <span class='ocrx_word' id='word_1_864' title='bbox 2225 5783 2366 5841; x_wconf 82' lang='lat' dir='ltr'><strong>enim</strong></span> <span class='ocrx_word' id='word_1_865' title='bbox 2390 5800 2486 5842; x_wconf 91' lang='lat' dir='ltr'><strong>nos</strong></span> <span class='ocrx_word' id='word_1_866' title='bbox 2511 5785 2705 5841; x_wconf 74' lang='lat' dir='ltr'><strong>vcsuis</strong></span> <span class='ocrx_word' id='word_1_867' title='bbox 2733 5782 3134 5848; x_wconf 83' lang='lat' dir='ltr'><strong>rcsultavimus,</strong></span> <span class='ocrx_word' id='word_1_868' title='bbox 3158 5794 3319 5851; x_wconf 85' lang='lat' dir='ltr'><strong>quam</strong></span> <span class='ocrx_word' id='word_1_869' title='bbox 3341 5808 3369 5821; x_wconf 88' lang='lat'><strong>-</strong></span> 
     </span>
    </p>
   </div>
  </div>
