3888 6438
572 371 676 425 ϐἰῦ

1344 388 1347 391 ’
1413 375 1699 431 APPEND.
1729 373 1821 428 AD
1844 369 2018 428 SAM.
2046 366 2134 424 IX.
2164 396 2237 409 —-
2269 365 2516 422 lSlDORl
2542 364 2980 424 MERCATORIS
3686 378 3761 433 sit

574 482 659 537 vis
707 483 809 538 hoc
852 498 1012 555 agere
1051 485 1442 557 potuissemus,
1495 488 1711 559 quandq
1746 484 2077 541 Novatiauus
2109 495 2140 535 a
2168 482 2216 542 A
2244 478 2548 536 mositatet'n
2573 477 2759 534 talium
2793 479 3071 535 hominum
3104 477 3329 536 infirma:
3350 481 3543 539 anima:
3568 493 3616 540 et
3632 486 3760 558 ignari

579 572 821 629 Romana
875 575 1058 645 pulsus
1085 585 1167 632 est
1217 576 1492 643 Ecclesia;
1540 577 1796 648 quoniam
1850 576 1950 645 (uti
1997 575 2152 646 juxta

580 662 855 732 vulgarem
929 667 1374 722 consuetudinem
1452 666 1774 739 loquamur)
1818 667 2154 722 inimicitias

577 755 771 823 quaerit
819 757 994 813 omnis
1045 758 1134 827 qui
1200 759 1314 813 vult
1370 762 1625 816 recedere
1676 761 1744 816 ab
1790 761 1985 815 amico.
2042 758 2153 815 Nec

578 844 804 900 crimine
855 862 1042 902 carere
1095 857 1292 917 potest,
1352 850 1444 920 qui
1506 850 1730 906 alterius
1782 849 2153 906 excommuni-

578 941 759 987 catum
810 934 1012 1004 absque
1050 935 1167 1006 ejus
1213 936 1430 994 licentia
1486 955 1516 994 a
1571 954 1678 1010 quo
1708 955 1739 993 a
1777 940 2155 995 communione

575 1029 659 1075 est
714 1022 959 1090 privatus
1003 1025 1057 1079 in
1109 1028 1542 1103 communionem
1596 1031 1934 1098 susceperit,
1993 1043 2157 1084 cano-

579 1112 757 1180 nibus,
809 1114 1014 1170 scilicet
1047 1116 1395 1186 jubentibus,
1432 1128 1492 1174 ut
1528 1121 2027 1177 excommunicatus
2086 1120 2157 1176 ab

579 1200 699 1257 aliis
749 1216 856 1257 non
907 1204 1206 1275 suscipiant
1244 1205 1548 1262 viventibus
1594 1207 1699 1263 illis
1725 1222 1755 1261 a
1786 1209 1982 1277 quibus
2014 1222 2156 1265 com-

577 1291 833 1347 munione
876 1294 1117 1363 privatus
1167 1308 1287 1350 esse
1341 1295 1695 1366 dignoscitur.
1740 1294 1850 1350 Nec
1896 1296 2069 1350 solum
2099 1296 2155 1351 in

579 1381 665 1436 his
710 1383 867 1438 nobis
914 1384 1298 1439 contumeliam
1358 1385 1652 1454 irrogatis,
1718 1385 1813 1439 sed
1877 1384 2038 1440 etiam
2098 1385 2153 1439 in

577 1471 664 1524 his
707 1471 849 1540 quod
908 1473 1136 1526 concilia
1172 1483 1357 1528 nostra
1391 1474 1684 1533 dissolvitis
1733 1489 1906 1545 neque
1943 1489 2007 1529 ea
2038 1484 2154 1530 rata

576 1561 758 1617 sinitis
798 1577 935 1616 esse.
994 1562 1133 1618 Sunt
1183 1576 1442 1633 namque:
1470 1580 1502 1620 a
1550 1565 1705 1631 nobis
1749 1573 1803 1621 et
1846 1566 2080 1621 maxime
2123 1582 2154 1621 a

580 1649 747 1703 totius
823 1650 1058 1707 Orientis
1123 1654 1388 1723 episcopis
1467 1655 1745 1721 damnati,
1830 1655 2156 1711 Athanasius

574 1739 1012 1806 Alexandrinus,
1066 1742 1265 1798 Paulus
1302 1742 1956 1815 Constantinopolitanus,
2005 1744 2145 1799 Mar-

577 1829 745 1885 cellus
792 1831 1054 1902 Ancyrae,
1136 1832 1418 1903 Asclepius
1488 1833 1686 1899 Gazte,

576 1919 942 1989 Adriopolitt-s
999 1936 1098 1990 pro
1148 1923 1314 1977 certis
1342 1923 1681 1988 criminibus,
1729 1924 1925 1993 quibus
1962 1924 2152 1980 adver-

576 2008 706 2067 sarii
768 2017 896 2064 sunt
941 2010 1082 2079 apud
1123 2025 1221 2065 nos
1269 2010 1533 2081 inscripti,
1582 2012 1673 2081 qui
1736 2028 1831 2082 per
1863 2025 2153 2082 praesentes

578 2097 738 2169 hujus
786 2100 1025 2169 epistola:
1068 2099 1271 2157 latores
1319 2102 1502 2156 omnia
1542 2103 1641 2159 sub
1688 2111 1835 2161 certa
1893 2104 2154 2161 relatione

576 2197 779 2269 vestra:
820 2190 1163 2247 innotescere
1204 2206 1312 2249 non
1349 2193 1653 2249 omittimus
1701 2194 1995 2249 sanctitati.
2024 2194 2154 2262 Qui-

578 2281 681 2336 bus
716 2282 914 2353 agnitis
960 2288 1006 2338 si
1048 2285 1249 2341 nostris
1291 2284 1505 2356 placitis
1548 2287 1719 2357 magis
1757 2302 1916 2356 quam
1965 2301 2153 2342 eorum

582 2372 1074 2430 machinationibus
1101 2376 1385 2445 assentire,
1435 2386 1491 2432 et
1542 2377 1818 2443 ordinatos
1872 2378 2154 2448 episcopos

581 2464 635 2518 in
683 2466 1061 2522 damnatorum
1102 2467 1221 2524 loco
1272 2468 1490 2526 ﬁrmare
1540 2469 1756 2541 eligitis,
1821 2486 2009 2541 pacem
2060 2487 2157 2528 vo-

581 2555 829 2621 biscum,
895 2565 951 2613 et
1011 2560 1445 2619 communionem
1508 2561 1708 2619 habere
1761 2561 2026 2618 volumus.
2096 2562 2155 2619 Si

582 2661 712 2701 vero
770 2647 930 2704 aliter
957 2649 1211 2720 egeritis,
1269 2659 1324 2706 et
1378 2652 1458 2706 eis
1500 2652 1731 2722 amplius
1779 2668 1943 2722 quam
2001 2653 2158 2710 nobis

581 2739 845 2794 assentire
874 2740 1271 2808 judicaveritis,
1316 2746 1592 2798 contraria
1640 2743 2058 2810 celebrabimus,
2101 2754 2157 2800 et

582 2827 864 2882 vobiscum
915 2829 1169 2900 deinceps
1205 2845 1307 2886 nec
1346 2831 1687 2903 congregari,
1720 2847 1819 2887 nec
1847 2832 1999 2888 vobis
2024 2832 2156 2888 obe-

584 2917 723 2981 dire,
767 2932 868 2973 nec
931 2919 1086 2975 vobis
1135 2920 1438 2991 vestrisque
1489 2920 1673 2977 favere
1746 2921 2011 2986 volumus,
2063 2922 2159 2978 sed

584 3025 682 3083 per
722 3024 823 3066 nos
865 3010 1089 3081 quiquid
1131 3012 1322 3068 melius
1361 3011 1682 3084 elegerimus
1732 3028 1894 3084 agere
1941 3014 2161 3071 conabi-

585 3116 729 3155 mur.
758 3099 893 3155 Nam
925 3100 1106 3158 nullus
1130 3110 1214 3158 est
1252 3102 1305 3157 in
1350 3105 1451 3158 hac
1475 3112 1628 3172 parte
1651 3113 1915 3161 terrarum
1945 3112 2157 3159 tetatem

2252 570 2432 642 populi
2456 571 2718 642 sacrilega
2746 572 3081 628 dissensione
3101 571 3425 642 dispereant.
3454 574 3627 646 Itaque
3644 594 3763 649 optir-

2255 671 2331 718 tet
2367 678 2465 719 vos
2496 662 2758 733 improbis
2782 663 2952 733 probe
2987 663 3259 719 resistere.
3292 663 3613 737 Quapropter
3632 670 3670 723 si
3698 686 3761 725 ne

2262 752 2541 822 glexeritis
2584 742 2871 808 deturbare
2899 767 3205 822 perversos,
3251 754 3419 825 liquet
3457 758 3593 826 quod
3621 774 3763 815 eorum

2253 843 2550 915 protegatis
2577 857 2839 900 errorem.
2888 842 3000 899 Nee
3040 859 3174 900 vero
3199 858 3352 901 caret
3372 848 3614 918 scrupulo
3636 852 3763 905 socie-

2256 937 2386 991 tatis
2412 936 2647 1002 occulte,
2673 937 2765 1006 qui
2817 937 3103 992 manifeste
3145 936 3482 995 facinoribus
3502 941 3676 996 desinit
3695 946 3762 997 ob-

2255 1025 2422 1080 viare.
2472 1025 2636 1083 Decet
2677 1026 2823 1081 enim
2870 1042 2967 1081 vos
3012 1027 3080 1082 ad
3124 1027 3455 1097 arguendam
3490 1032 3762 1099 proterriam

2252 1128 2463 1181 eorum,
2510 1114 2749 1186 linguam
2788 1125 3020 1171 vestram
3052 1131 3343 1183 exacuere,
3370 1126 3428 1172 et
3473 1120 3609 1173 velut
3646 1136 3767 1175 renc-

2254 1219 2417 1260 nosos
2437 1219 2468 1259 a
2490 1204 2642 1261 vobis
2663 1203 2946 1275 repellere,
2973 1220 3041 1261 ne
3067 1220 3255 1261 eorum
3281 1221 3489 1261 veneno
3514 1223 3602 1262 vos
3623 1210 3767 1264 restri-

2253 1309 2358 1363 que
2392 1296 2444 1350 in
2468 1295 2648 1365 aliquo
2662 1297 3001 1353 sauciemini.
3028 1297 3197 1368 Igitur
3218 1297 3490 1353 sufﬁciunt
3514 1299 3650 1354 nobis
3665 1316 3762 1370 que-

2255 1386 2500 1442 rimonia:
2520 1396 2710 1443 contra
2736 1401 2831 1443 eos
2858 1387 3065 1451 delatae,
3093 1389 3347 1458 quoniam
3373 1388 3680 1454 derelinquet
3695 1407 3765 1445 nos

2255 1483 2463 1544 tempus
2483 1477 2778 1530 secundum
2803 1476 2945 1546 quod
2966 1474 3379 1546 aitApostOlus:
3404 1477 3488 1531 «Si
3504 1478 3766 1534 voluerimus
3850 1488 3851 1495 ‘

2252 1565 2494 1619 omnium
2524 1565 2929 1636 obloquentium
2959 1566 3170 1621 oblatas
3195 1575 3387 1622 contra
3411 1582 3505 1623 eos
3530 1568 3766 1638 producere
3850 1572 3851 1629 Ῐ

2253 1654 2529 1722 querelas,
2589 1655 2824 1711 maxime
2885 1671 3008 1711 cum
3044 1658 3159 1713 haec
3198 1659 3358 1714 nobis
3406 1657 3651 1714 suﬂiciant
3680 1674 3763 1729 qua
3850 1664 3851 1679 ‘

2254 1745 2500 1813 superius
2532 1745 2675 1801 dicta
2702 1757 2845 1801 sunt.
2867 1766 2888 1799 ι
2924 1745 3034 1802 Nec
3063 1747 3217 1803 vobis
3250 1762 3476 1804 necesse
3511 1757 3587 1803 est
3621 1749 3763 1804 iterum
3850 1758 3851 1781 π

1776 1833 2153 1903 Lucianusque
2186 1824 2228 1883 Β
2256 1848 2447 1889 eorum
2477 1835 2753 1906 divulgare
2778 1836 2918 1891 mala
2941 1852 3062 1892 cum
3086 1838 3198 1907 ipsa
3228 1854 3328 1910 per
3352 1854 3415 1895 se
3441 1840 3697 1910 prodeant,
3729 1850 3766 1895 et
3850 1848 3851 1885 ξ

2254 1925 2490 1979 maxime
2511 1926 3020 1982 omneslorientales
3053 1937 3221 1984 testes
3255 1945 3420 1999 super
3445 1945 3619 1985 eorum
3654 1931 3767 1984 malis

2252 2015 2520 2079 existant,
2550 2015 2605 2068 in
2648 2030 2744 2071 ore
2790 2029 2974 2070 eorum
3007 2016 3191 2087 (juxta
3227 2020 3374 2086 quod
3419 2020 3655 2090 scriptum
3685 2020 3761 2088 est)

2190 2167 2197 2172 ν
2255 2104 2483 2158 duorum
2533 2103 2616 2159 vel
2672 2104 2832 2159 trium
2888 2106 3105 2160 testium
3155 2108 3323 2163 stabit
3375 2123 3531 2163 omne
3579 2109 3763 2173 verbum,

2252 2202 2454 2263 quanto
2482 2194 2654 2263 magis
2701 2195 2754 2248 in
2784 2195 3130 2251 multitudine
3159 2205 3435 2252 tantorum
3462 2197 3765 2261 sacerdotum,
3850 2226 3851 2241 ι

2253 2291 2309 2336 et
2331 2282 2671 2353 populorum,
2702 2283 2977 2349 abbatum,
3007 2284 3089 2340 vel
3117 2287 3503 2341 monachorum
3529 2287 3576 2340 in
3598 2286 3763 2356 scripto,

2253 2381 2308 2426 et
2354 2372 2471 2427 sine
2517 2371 2721 2442 scripto
2750 2382 2935 2428 contra
2960 2375 3153 2429 horum
3189 2376 3513 2447 pravitatem
3536 2393 3626 2431 nus
3642 2377 3767 2446 quati-
3850 2376 3851 2393 ‘

2255 2461 2343 2517 die
2368 2475 2474 2516 vox
2498 2461 2931 2516 acelamantium.
2952 2462 3060 2519 Nos
3077 2480 3206 2520 vero
3229 2466 3320 2520 diu
3343 2476 3767 2536 exspectamuseos
3850 2514 3851 2517 η

2254 2568 2351 2625 per
2382 2554 2605 2608 multam
2642 2554 2977 2623 patientiam,
3014 2573 3034 2608 ‹
3072 2565 3132 2611 ut
3165 2566 3418 2617 crearent
3445 2573 3586 2623 uvas,
3618 2556 3765 2612 sedilli

2256 2659 2288 2701 e
2309 2644 2587 2700 contrario
2609 2643 2853 2700 fecerunt
2879 2643 3158 2703 labruscas
3183 2646 3341 2718 (hui.
3367 2663 3422 2713 v,
3447 2647 3551 2717 2).»
3572 2646 3663 2703 Vos
3674 2659 3768 2714 ergo

2257 2749 2363 2790 non
2375 2742 2586 2804 oportet
2605 2733 2673 2789 de
2692 2743 2893 2790 caetero
2927 2734 3219 2807 negligere,
3248 2745 3307 2792 et
3341 2735 3551 2793 differre
3570 2736 3695 2799 tales,
3719 2747 3768 2789 ne
3850 2766 3851 2773 η

2258 2823 2422 2892 (quod
2447 2822 2606 2893 absit)
2643 2824 2957 2880 memoratis
2984 2824 3313 2886 criminibus
3345 2840 3527 2881 eorum
3549 2825 3768 2881 submitti.

2258 2912 2391 2968 mini
2417 2912 2862 2968 irrationabiliter
2874 2928 2970 2968 eos
2983 2914 3263 2984 episcopos
3277 2924 3557 2984 ponentes,
3569 2914 3653 2993 ipsi
3664 2914 3766 2969 enim

2261 3003 2364 3058 nisi
2379 3003 2490 3059 cito
2506 3004 2849 3074 corrigantur
2868 3002 3024 3073 juxta
3045 3006 3186 3073 quod
3210 3004 3405 3061 beatus
3416 3003 3672 3075 Apostolus
3687 3016 3767 3073 pro-
3850 3036 3851 3043 η

2265 3100 2521 3160 testatur,
2545 3111 2564 3145 ι
2588 3091 2886 3149 secundum
2908 3093 3162 3148 duritiam
3177 3105 3463 3162 eorum,et
3483 3092 3765 3165 corimpoui-
3850 3098 3851 3103 ‘

586 3191 796 3248 habens
843 3194 933 3264 qui
979 3194 1190 3265 ignoret
1233 3195 1611 3267 praedictorum
1671 3195 1949 3252 molimina
1998 3197 2160 3253 sedu-

2268 3192 2386 3240 tens
2413 3184 2781 3241 thesaurizant
2801 3183 2901 3240 sibi
2927 3185 3063 3239 iram
3090 3184 3144 3239 in
3169 3185 3256 3240 die
3280 3185 3402 3252 iraa,
3420 3193 3476 3242 et
3497 3183 3767 3240 revelationis

591 3295 825 3342 ctorum.
855 3288 1083 3357 Propter
1110 3304 1205 3346 eos
1239 3289 1381 3344 enim
1413 3289 1578 3344 multa
1606 3299 1733 3345 sunt
1760 3289 1894 3344 mala
1923 3298 2159 3358 peracta,

586 3376 757 3432 multa
797 3379 1022 3433 concilia
1066 3380 1293 3435 diversis
1329 3389 1384 3436 et
1424 3381 1631 3450 asperis
1656 3378 1986 3449 temporibus
2022 3379 2164 3435 cele-

586 3467 763 3534 brata,
789 3469 970 3525 multa:
997 3471 1311 3538 seditiones,
1328 3455 1508 3526 multae
1530 3470 1975 3536 machinationes,
1997 3469 2163 3525 multa

588 3546 745 3613 nobis
809 3559 1099 3628 opprobria
1148 3559 1328 3625 illata,
1379 3567 1435 3614 et
1488 3559 1592 3613 alia
1645 3560 1810 3615 multa
1875 3575 1996 3630 quae
2032 3575 2164 3616 enu-

590 3662 805 3703 lucrare
864 3649 1182 3721 perlongum
1246 3661 1349 3705 est.
1404 3648 1538 3705 Nam
1609 3650 1655 3706 si
1716 3650 1803 3706 his
1859 3651 2165 3706 consentire

591 3739 809 3810 eligitis,
862 3751 991 3796 tunc
1046 3741 1216 3811 liquet
1271 3742 1411 3811 quod
1459 3757 1561 3797 nos
1612 3742 1837 3812 perdere
1877 3742 2062 3808 vultis,
2109 3752 2165 3799 et

590 3845 698 3884 non
753 3840 812 3888 ut
859 3840 1015 3903 pater
1063 3832 1200 3890 ﬁlios
1250 3831 1451 3888 fovere.
1492 3832 1686 3887 Dicunt
1722 3834 1869 3888 enim
1918 3843 1973 3889 et
2017 3832 2163 3889 θωτ-

591 3934 744 3982 mant
791 3934 900 3980 tam
941 3925 1090 3981 cives
1126 3926 1389 3991 istorum,
1440 3940 1601 3994 quam
1649 3927 1812 3980 etiam
1857 3926 2165 3983 sacerdotes

591 4034 804 4085 eorum,
859 4019 961 4095 hos
1007 4033 1204 4073 vovere
1265 4033 1361 4073 vos
1416 4017 1554 4074 velle
1610 4018 1932 4083 homicidas,
1986 4033 2162 4076 sacro-

590 4129 716 4168 rum
769 4111 1088 4182 templorum
1136 4123 1439 4177 eversores,
1501 4111 1769 4181 virginum
1807 4119 2161 4181 stupratores,

564 4217 873 4259 ~sacrorum
930 4200 1191 4259 librorum
1248 4198 1580 4266 incensores,
1636 4214 2022 4269 sacrorumque
2072 4216 2167 4255 va-

592 4308 800 4359 sorum,
822 4307 887 4347 ac
907 4301 1226 4347 caeterorum
1255 4305 1534 4346 sacrorum
1569 4290 1991 4345 ministeriorum
2013 4290 2163 4345 frau-

594 4384 842 4447 datores,
881 4380 1179 4437 otliciorum
1222 4380 1586 4452 neglectores,
1623 4382 2008 4450 imperatorum
2046 4379 2166 4435 intl-

592 4475 708 4538 dos,
751 4472 928 4546 gentis
970 4479 1026 4528 et
1053 4471 1239 4542 patriae
1271 4473 1595 4542 proditores,
1622 4481 1677 4527 et
1697 4471 1838 4526 inter
1859 4471 2167 4526 sacerdotes
2197 4511 2243 4570 υ

594 4567 885 4623 maximam
927 4572 1250 4637 generantes
1276 4565 1629 4629 discordiam,
1666 4580 1731 4620 eo
1756 4565 1897 4635 quod
1935 4562 2167 4619 consub-

592 4659 965 4715 stantialitatis
1001 4672 1189 4712 vocem
1215 4697 1232 4723 ,
1276 4672 1396 4727 quae
1435 4658 1637 4728 scripta
1667 4673 1773 4712 non
1816 4655 2084 4710 invenitur
2112 4653 2165 4707 in

592 4752 718 4807 tidei
737 4750 980 4807 doctrina
998 4790 1016 4814 ,
1044 4749 1368 4819 posuissent.
1400 4746 1537 4814 Quid
1564 4747 1715 4818 plura
1736 4759 2055 4802 enumerare
2081 4756 2168 4798 ne-

595 4856 748 4898 cesse
774 4841 893 4898 est?
930 4855 1054 4895 cum
1090 4847 1308 4909 propter
1343 4852 1438 4894 eos
1477 4839 1632 4893 nobis
1671 4846 1726 4891 et
1768 4836 1979 4892 cunctis
2011 4830 2169 4901 hujus

596 4934 833 5006 regionis
875 4931 1274 4989 habitatoribus
1298 4928 1594 4984 scientibus
1623 4936 1768 4982 tanta
1795 4927 1970 4982 credes
1998 4923 2168 4980 homi-

596 5041 724 5080 num
749 5027 821 5081 sit
849 5031 1181 5095 perpetrata,
1208 5029 1266 5075 ut
1296 5019 1524 5090 amplius
1553 5034 1713 5088 quam
1749 5016 1895 5072 mille
1925 5015 2171 5072 homines

598 5115 708 5170 sint
749 5114 1040 5184 prostrati?
1079 5112 1300 5168 Talibus
1335 5118 1514 5166 autem
1553 5108 1736 5164 favete
1759 5107 1886 5177 quid
1916 5106 2061 5161 aliud
2087 5116 2171 5162 est

595 5220 759 5275 quam
781 5203 1077 5260 sceleribus
1105 5218 1294 5259 eorum
1320 5201 1661 5257 consentire?
1697 5214 1819 5254 cum
1840 5213 1997 5254 sacra
2025 5196 2174 5253 Scri-

594 5307 756 5368 ptura
784 5296 1089 5366 prohibeat,
1129 5296 1315 5355 dicens
1346 5312 1359 5349 :
1399 5312 1419 5346 ι
1447 5292 1562 5349 Non
1592 5291 1762 5347 solum
1800 5291 1895 5361 qui
1923 5289 2126 5345 faciunt
2152 5330 2167 5356 ,

595 5386 892 5458 culpabiles
933 5386 1208 5452 existunt,
1250 5385 1343 5441 sed
1380 5386 1544 5441 etiam
1577 5383 1668 5455 qui
1714 5383 2059 5438 consentiunt
2087 5380 2171 5435 fa-

597 5476 867 5532 cientibus
903 5473 1082 5545 (Rom.
1115 5490 1168 5539 l,
1198 5473 1310 5545 52).
1335 5492 1353 5526 ι
1382 5473 1602 5529 Talibus
1628 5473 1772 5528 enim
1794 5488 1888 5527 vos
1907 5471 2173 5527 obsistere

601 5566 726 5620 tntis
747 5563 957 5620 viribus
986 5571 1219 5633 oportet,
1263 5576 1330 5617 ne
1368 5562 1711 5617 involvamini
1742 5562 1793 5615 in
1827 5559 2065 5634 peccatis
2090 5574 2175 5615 eo-

601 5672 745 5721 rum,
783 5666 839 5710 ct
875 5653 1486 5710 excormnunicalionent
1529 5667 1715 5706 eorum
1747 5667 1814 5706 ne
1847 5649 2173 5719 suscipiatis.

590 5747 759 5815 g'l‘ales
796 5748 940 5803 enim
970 5762 999 5802 a
1030 5745 1183 5801 vobis
1228 5743 1412 5814 procul
1442 5742 1678 5813 abjicite,
1715 5759 1781 5797 ne
1809 5749 2026 5814 propter
2058 5740 2173 5796 ani-

2258 3274 2388 3344 justi
2406 3273 2594 3345 judicii
2609 3273 2723 3340 Dei,
2738 3274 2830 3345 qui
2857 3273 3043 3330 reddet
3057 3274 3352 3344 unicuique
3365 3275 3633 3331 secundum
3648 3286 3764 3343 open

2263 3363 2377 3433 ejus
2393 3363 2566 3435 (liam.
2584 3381 2646 3431 ιι,
2666 3365 2722 3430 5,
2743 3364 2985 3435 6),›(ιυίει
3003 3364 3311 3436 corrigendi
3342 3374 3484 3429 sunt,
3507 3381 3569 3421 ne
3585 3373 3766 3434 pertem-

2262 3454 2498 3526 poralem
2512 3454 3001 3519 delectationem,et
3015 3469 3112 3523 per
3123 3455 3402 3511 mendacia
3414 3464 3566 3526 atque
3576 3454 3762 3525 ﬁgmenta

2263 3561 2359 3601 sua
2374 3543 2525 3600 vobis
2539 3558 2817 3599 assensum
2832 3543 3438 3613 praebentibusgatterna
3452 3545 3650 3615 perdant
3669 3555 3764 3611 prs-
3850 3536 3851 3571 ³

2262 3634 2502 3705 mia,qui
2528 3649 2626 3704 per
2646 3648 2828 3688 veram
2864 3634 3241 3702 paenitentiam
3280 3634 3530 3703 consequi
3556 3637 3762 3702 poterunt.

2261 3724 2373 3781 Nec
2399 3725 2515 3781 haec
2540 3739 2661 3794 quae
2683 3724 2939 3795 praedicta
2959 3732 3087 3778 sunt
3105 3723 3442 3779 solummodo
3461 3718 3708 3778 Athanasio
3726 3725 3763 3770 et

2262 3815 2585 3887 sequacibus
2601 3813 2717 3883 ejus
2742 3815 3062 3884 irrogamus,
3082 3813 3176 3869 sed
3192 3812 3357 3869 etiam
3373 3812 3510 3883 quod
3527 3818 3683 3868 contra
3699 3819 3761 3861 η-
3850 3834 3851 3863 :

2264 3907 2443 3978 gulam
2469 3905 2660 3978 egerit,
2692 3919 2854 3975 quam
2881 3919 2982 3959 nos
3003 3903 3448 3970 decreveramus,
3461 3901 3576 3973 quia
3596 3913 3681 3953 non
3693 3895 3761 3949 de-

2262 4005 2411 4053 creto
2443 3993 2749 4050 communis
2775 3992 2991 4048 concilii
3012 3993 3393 4063 episcoporum
3419 3990 3604 4061 recepit
3622 3996 3759 4043 sacer-

2272 4090 2505 4157 dotium,
2533 4091 2626 4146 sed
2649 4091 2866 4146 sibimet
2889 4089 3192 4159 arrogando
3211 4087 3508 4144 Ecelcsiam
3533 4083 3760 4138 fuissettn-

2263 4195 2500 4250 gressus,
2529 4188 2586 4234 et
2610 4180 2665 4235 in
2691 4180 2816 4236 sede
2840 4179 3153 4244 resedisset,
3175 4194 3303 4234 cum
3326 4176 3520 4233 dudum
3541 4173 3755 4229 decretum

2264 4271 2463 4328 fuisset
2499 4271 2703 4327 nullum
2739 4287 2771 4326 a
2812 4272 3067 4342 pauciora
3109 4284 3337 4326 numero
3368 4265 3564 4323 restitui
3598 4260 3758 4317 debere.

2262 4377 2425 4433 quam
2446 4362 2744 4433 depositum
2770 4361 2938 4417 fuisse
2978 4367 3275 4417 constaret.
3303 4358 3497 4433 Deinde
3522 4357 3756 4423 quam!nam

2267 4460 2384 4530 ejus
2435 4446 2681 4515 adventu
2717 4460 2790 4515 sit
2857 4458 3013 4513 turba
3066 4463 3355 4526 generata,
3406 4448 3755 4522 pbtrimiquese'

2269 4553 2472 4608 ditione
2525 4552 2634 4605 sint
2680 4549 2908 4614 mortui,
2961 4556 3016 4603 et
3051 4562 3158 4602 non
3205 4545 3378 4601 solum
3422 4544 3529 4598 haec
3556 4543 3755 4609 pereunt.

2269 4652 2322 4697 et
2366 4650 2587 4713 propter
2625 4654 2750 4694 eum
2802 4646 2930 4699 sunt
2968 4644 3212 4706 peracta,
3237 4635 3335 4690 sed
3365 4633 3518 4690 etiam
3547 4623 3753 4698 quidam:

2264 4732 2377 4803 jam
2412 4735 2557 4789 dicto
2585 4727 2882 4786 Athanasio
2929 4725 3056 4781 czesi
3097 4724 3371 4796 jndicibus
3415 4721 3636 4776 dicuntur

2271 4822 2577 4886 contraditi,
2603 4820 2716 4874 haec
2736 4826 2793 4873 et
2818 4817 2922 4871 alia
2949 4812 3361 4870 innumerabilia
3376 4818 3492 4866 sunt
3504 4807 3562 4861 ah
3575 4817 3642 4865 eo,
3660 4808 3755 4853 5015‘

2274 4928 2379 4985 que
2405 4911 2727 4982 sequacibus
2757 4907 3095 4977 impudenter
3109 4910 3434 4975 perpetrata,
3465 4911 3583 4967 quos
3599 4897 3753 4985 crocu?

2274 4979 2576 5061 munica—tos
2594 4998 2959 5057 communioni
2982 5005 3041 5052 ut
3064 4996 3384 5061 audivimus,
3396 4999 3563 5048 contra
3579 4979 3749 5053 regulam

2276 5098 2329 5152 in
2363 5092 2743 5151 contumeliam
2774 5089 3014 5145 omnium
3036 5085 3375 5144 orientalium
3396 5078 3629 5139 sociastis.
3650 5070 3749 5160 1³ης

2275 5186 2389 5242 fato
2417 5186 2599 5253 itaque
2634 5181 2827 5236 debita:
2873 5178 3217 5234 salutationis
3243 5174 3415 5231 ollicio
3441 5176 3628 5242 propter
3650 5160 3748 5253 healt

2274 5241 2419 5334 Petri
2451 5241 2707 5331 honorent
2746 5272 2990 5341 impenso
3017 5266 3371 5337 postulamus,
3402 5241 3457 5319 ut
3480 5259 3685 5348 deinceps
3703 5241 3747 5348 id

2276 5379 2485 5426 vestras
2513 5368 2639 5422 hinc
2667 5368 2941 5420 venientes
2966 5373 3146 5424 aures.
3174 5378 3283 5418 non
3319 5368 3423 5413 lam
3453 5342 3746 5445 fadl‘i’fw‘k

2266 5444 2422 5524 tatis,
2454 5472 2629 5528 neque
2648 5470 2678 5509 a
2711 5453 2864 5509 nobis
2879 5454 3370 5508 excommunicatos
3390 5448 3518 5502 ultra
3530 5437 3667 5535 velitis

2278 5554 2476 5623 cipere,
2507 5514 2577 5606 ne
2599 5562 2868 5605 canonum
2897 5553 3114 5618 transgr
3202 5559 3325 5601 ores
3352 5514 3744 5628 iuventamiuifel

2279 5622 2473 5714 magis,
2498 5640 2645 5696 salva
2676 5638 2912 5696 fraterna
2942 5634 3221 5701 charitate,
3255 5641 3480 5690 erratum
3507 5622 3650 5680 hocin
3681 5622 3743 5714 Ροξ

2282 5712 2484 5795 stcrum
2532 5734 2745 5789 mittitur
2794 5732 3099 5798 patiamini,
3140 5740 3191 5783 et
3243 5721 3538 5792 subscriptio
3567 5712 3739 5765 orantum
