3820 5318
84 225 169 284 535
1218 220 1703 279 DECRETALIUM
1739 222 2144 283 CCLLECTIO.
3160 237 3194 294 6
3209 238 3265 295 36

82 351 161 408 pro
184 331 320 390 nobis
339 330 680 403 apostolatum
709 339 948 388 vestrum
977 333 1234 389 Dominus
1260 347 1375 389 aevo
1408 340 1589 388 custo-
1618 336 1667 393 A
1694 334 1794 404 git,
1813 336 2268 406 quemadmodum
2291 338 2549 397 innocens
2570 349 2630 397 ut
2651 342 2981 412 absolvatur,
3008 322 3262 419 requirit;

83 426 173 479 diat
202 421 438 493 longiore,
469 422 783 478 beatissime
807 422 986 480 Pater.
1023 425 1215 479 Amen.
1584 456 1589 459 -
1693 441 1795 482 nec
1826 429 2133 499 suSpicione
2172 440 2341 496 caret,
2375 432 2467 502 qui
2512 433 2677 489 alium
2731 436 3016 496 calumniis
3045 440 3268 513 deroget

1694 518 1828 574 falsa
1865 520 2085 589 dixisse,
2119 538 2238 578 cum
2275 523 2390 595 ipse
2446 527 2514 581 ad
2543 525 2806 595 judicium
2836 538 2897 585 ut
2922 530 3113 600 probet
3147 547 3268 602 quas

1696 609 1879 664 intulit
1914 622 2170 667 evocatus
2202 613 2384 669 venire
2423 614 2714 671 distulerit.
2747 617 2950 674 Vellem
2987 620 3132 675 enim
3172 636 3268 676 vos

1697 700 1867 771 magis
1897 702 1962 756 ad
1987 700 2098 771 jam
2127 702 2325 757 dictam
2357 705 2674 760 canonicam
2704 709 2993 764 convenire
3020 710 3265 766 vocatio-

80 534 361 589 Rmrietum
391 531 521 588 Julii
542 551 689 617 papa?
710 548 894 619 contra
920 537 1213 619 Qrieutales
1236 555 1329 609 pro
1357 539 1593 594 Athana-

592 621 671 659 διο
711 617 759 660 α
785 617 1003 663 emtam.

132 707 293 748 .uuus
341 700 531 748 sancta:
584 692 840 749 Romana:
898 705 953 751 et
1004 697 1312 765 apostolicae
1341 696 1596 753 Ecclesia:

80 783 322 852 episcopis,
349 782 606 848 Elissam,
644 784 939 854 THEOGNIO,
965 788 1288 855 Tnsooono,
1320 789 1597 847 Bsms'ruo

81 883 125 929 et
149 874 335 932 caeteris
359 874 707 932 orientalibus
722 878 1024 951 episcopis.

122 963 454 1020 Decueratvos
467 966 722 1023 adversus
734 977 976 1024 sanctam
990 969 1285 1027 Romanam
1303 972 1597 1028 Ecclesiam

77 1066 120 1112 et
139 1056 449 1124 apostolicam
473 1057 678 1124 limate,
709 1070 765 1116 et
784 1077 895 1119 non
928 1063 1135 1121 ironice
1162 1065 1597 1137 loqui,quoniam

76 1156 119 1201 et
146 1146 243 1216 ipse
264 1143 505 1204 Dominus
530 1159 714 1206 noster
731 1150 889 1208 Jesus
914 1152 1163 1211 Christus
1188 1171 1309 1211 eam
1346 1158 1601 1213 decenter

77 1238 531 1296 allocutusaiteru
555 1257 634 1309 es,
663 1244 858 1315 inquit,
874 1246 1085 1313 Petrus,
1100 1258 1155 1303 et
1171 1264 1334 1318 super
1349 1251 1488 1305 hanc
1510 1265 1602 1320 pc-

78 1342 188 1386 tra'm
206 1332 467 1389 aedificabo
491 1334 789 1393 Ecclesiam
814 1353 1014 1405 meam,
1036 1349 1284 1410 etportae
1306 1341 1461 1397 inferi
1494 1357 1600 1397 non

77 1423 398 1489 praevalebunt
419 1425 677 1483 adversus
701 1443 843 1494 eam,
871 1439 927 1484 et
952 1430 1047 1484 tibi
1078 1430 1216 1486 dabo
1245 1420 1424 1487 claves
1451 1428 1601 1503 regni

77 1513 295 1569 calorum
318 1515 530 1585 (Manli.
554 1535 663 1583 xvi,
697 1520 808 1590 18).
834 1540 853 1574 ι
894 1521 1068 1576 Habet
1104 1523 1252 1578 enim
1281 1532 1602 1593 potestatem

77 1604 291 1674 singulari
327 1606 611 1680 privilegio
631 1610 732 1665 sibi
768 1626 1085 1668 concessam
1106 1613 1337 1683 aperire
1365 1622 1418 1668 et
1455 1613 1602 1668 clau-

1701 807 1849 858 netu,
1881 804 1940 848 ut
1982 808 2164 849 coram
2197 795 2487 852 universali
2515 799 2745 870 concilio
2780 801 3078 857 redderetis
3106 803 3271 858 ratio—

1700 896 1844 947 nem,
1870 898 1966 937 cur
1978 885 2240 955 synodum
2262 886 2328 939 ad
2343 896 2542 941 statum
2559 888 2935 956 ecclesiarum,
2959 899 3012 945 et
3038 890 3270 948 fratrum

1702 973 1754 1027 in
1782 972 2125 1031 Antiochiam
2155 976 2598 1045 subvertendum,
2620 988 2677 1035 et
2699 979 2900 1036 Nicaani
2928 983 3105 1053 magni
3137 998 3269 1039 con-

1700 1065 1811 1120 eilii
1839 1066 2259 1124 destructionem
2288 1067 2530 1137 fecistis;
2570 1080 2664 1126 aut
2692 1088 2792 1139 cur
2816 1073 2971 1129 nobis
2997 1066 3273 1130 inconsul-

1705 1156 1772 1213 tis
1794 1158 2076 1228 episcopos
2106 1160 2158 1214 in
2179 1175 2299 1214 eam
2320 1164 2683 1229 convocastis,
2712 1163 2777 1217 ad
2794 1179 2953 1234 quam
2976 1179 3077 1219 nec
3099 1166 3283 1231 maxi-V

1702 1265 1822 1304 mus
1850 1250 2378 1324 llicrosolymitanus
2403 1255 2571 1319 venit,
2601 1270 2701 1310 nec
2725 1264 2910 1311 nostra
2939 1256 3181 1331 interfuit
3205 1256 3279 1310 le-

1702 1342 1879 1411 gatio;
1906 1342 2203 1397 canonibus
2223 1344 2419 1414 quippe
2439 1345 2493 1399 in
2514 1343 2733 1400 Nicaena
2754 1346 2959 1418 synodo
2967 1346 2986 1414 j
2996 1346 3280 1402 libentibus

1704 1444 1812 1484 non
1866 1428 2063 1486 debere
2107 1442 2305 1501 praeter
2358 1435 2682 1490 sententiam
2724 1436 2955 1492 Romani
3004 1435 3277 1507 pontificis

1704 1522 1813 1578 ullo
1845 1524 2002 1578 modo
2032 1523 2263 1580 concilio
2293 1524 2579 1591 celebrari,
2613 1541 2713 1581 nec
2748 1528 3033 1597 episcopos
3058 1526 3283 1581 damna-

1705 1613 1775 1679 ri,
1802 1622 1894 1668 aut
1916 1630 2013 1669 cur
2038 1615 2091 1669 in
2117 1615 2501 1685 praedictorum
2526 1615 2646 1671 loco
2677 1615 2902 1670 fratrum
2921 1616 3054 1671 alios
3075 1616 3282 1671 adulte-

76 1695 176 1751 dere
210 1698 390 1767 jauuas
426 1700 593 1772 regni
618 1702 857 1757 cmlestis
885 1703 1080 1773 quibus
1110 1705 1360 1759 voluerit.
1388 1700 1521 1759 Nam
1552 1707 1596 1761 si
1631 1691 1673 1751 Β
1705 1726 1793 1765 ros
1820 1710 2074 1780 posuistis
2114 1720 2401 1782 antequam
2451 1724 2613 1780 penes
2635 1726 2755 1776 nos,
2785 1719 2877 1765 aut
2905 1710 3283 1780 apocrisiarios

78 1789 116 1842 ei
141 1788 395 1846 detrahere
419 1804 541 1860 qua:
568 1790 782 1847 Domini
811 1807 906 1848 ore
936 1802 1153 1849 sacrata
1182 1803 1344 1864 atque
1375 1795 1606 1865 desuper

77 1877 270 1934 exaltata
293 1888 429 1943 sunt,
455 1897 565 1936 non
599 1881 874 1947 renuistis,
901 1898 1000 1939 nec
1038 1886 1233 1938 mirum
1265 1885 1308 1939 si
1345 1883 1606 1939 fratribus

78 1967 265 2038 injurias
293 1971 534 2041 irrogare
563 1972 785 2028 minime
809 1974 1057 2038 cessatis,
1089 1974 1229 2030 unde
1251 1973 1364 2044 jam
1392 1966 1607 2030 silentio

78 2075 161 2114 nou
206 2070 449 2133 teguntur
496 2079 621 2135 quae
673 2075 857 2122 vestro
907 2067 961 2122 in
1000 2068 1233 2124 concilio
1271 2068 1610 2124 turbulenter

78 2162 207 2222 atque
232 2164 346 2209 cum
385 2163 709 2227 tempestate
756 2159 972 2215 decreta
1013 2157 1162 2215 sunt.
1196 2159 1434 2231 Apparet
1464 2163 1608 2218 enim

78 2244 288 2310 quoniam
312 2246 640 2303 tumultuosa
670 2248 1157 2320 indisciplinatione
1179 2253 1383 2306 veritas
1413 2260 1495 2306 est
1517 2265 1611 2320 op-

78 2348 257 2401 pressa,
280 2336 429 2394 vobis
469 2338 674 2408 quippe
704 2338 1241 2396 ineonsiderantibus
1285 2356 1405 2411 quae
1436 2341 1611 2412 placet

77 2424 164 2480 Deo
194 2437 394 2498 propter
404 2428 588 2500 jurgia
610 2444 730 2499 qua:
750 2439 941 2486 contra
970 2431 1248 2501 proximos
1274 2438 1488 2486 vestros
1516 2431 1612 2485 ha—

76 2514 205 2581 betis,
233 2527 283 2573 et
316 2529 438 2577 vota
483 2529 663 2576 vestra
704 2521 1036 2577 inevitabilia
1079 2536 1202 2578 esse
1261 2521 1610 2587 contenditis,

76 2607 155 2662 sed
183 2610 277 2664 erit
307 2626 439 2681 opus
470 2611 671 2667 divinae
706 2612 1092 2683 providentiae,
1126 2621 1396 2683 quatenus
1420 2628 1450 2668 e
1479 2627 1612 2669 con-

76 2699 215 2755 trario
248 2714 426 2772 aperte
455 2702 797 2774 deprehensa
826 2704 1036 2773 possint
1064 2705 1331 2769 enarrari,
1363 2713 1418 2760 et
1452 2704 1611 2774 quid-

74 2788 178 2855 quid
200 2789 302 2846 illic
320 2792 710 2848 convenientes
730 2793 846 2848 sive
871 2793 1111 2863 qualibet
1131 2795 1326 2864 gratia,
1356 2793 1481 2849 odio
1524 2801 1618 2848 aut

1705 1811 1923 1855 nostros
1953 1815 2138 1856 eorum
2175 1815 2335 1855 causa
2386 1800 2647 1855 canonice
2680 1808 2824 1854 esset
2850 1800 3180 1865 examinata,
3217 1799 3274 1853 li-

1705 1905 1938 1960 nemque
1982 1890 2284 1961 perciperet
2340 1898 2569 1944 rectum.
2618 1888 2713 1944 lsli
2760 1888 2903 1943 enim
2933 1888 3025 1958 qui
3056 1889 3123 1943 ad
3157 1903 3273 1942 me-

1712 1979 1872 2051 154
1904 1988 2169 2033 moratam
2210 1977 2532 2047 regulariter
2569 1990 2765 2033 venere
2814 1976 3153 2030 vocationem
3197 1975 3283 2028 vi-

1709 2073 1895 2127 dentes
1926 2086 2019 2127 vos
2056 2086 2085 2124 a
2112 2069 2381 2140 praedictis
2428 2070 2748 2124 subtrahere
2793 2067 3077 2124 calumniis
3120 2066 3286 2121 multa

1710 2163 1972 2217 adversus
1998 2176 2091 2215 vos
2128 2159 2499 2230 lacrym'abilia
2529 2167 2585 2213 et
2630 2156 2907 2235 doloribus
2953 2155 3109 2227 plena
3150 2154 3290 2210 refe.
3332 2206 3337 2211 .

1709 2261 1837 2309 runt
1858 2260 2173 2307 accusantes
2194 2265 2308 2313 vos,
2335 2257 2388 2305 et
2413 2250 2650 2304 dicentes
2686 2246 2851 2302 multa
2881 2261 2939 2302 se
2979 2245 3290 2315 importabi-

1709 2344 1781 2400 lia
1811 2360 1840 2398 a
1867 2344 2020 2399 vobis
2053 2356 2173 2398 esse
2208 2356 2413 2413 passos.
2441 2339 2548 2395 Vos
2571 2355 2699 2410 ergo
2727 2337 3057 2408 refugientes
3086 2336 3289 2403 venire,

1710 2435 1938 2506 illosque
1968 2422 2378 2506 perseverantes
2408 2432 2461 2486 in
2510 2446 2633 2485 vera
2668 2430 2895 2493 ratione,
2929 2429 3147 2499 suisque
3194 2442 3290 2483 ca-

1710 2527 1932 2582 lumniis
1984 2525 2363 2588 reclamantes,
2393 2538 2556 2593 super
2585 2522 2782 2591 quibus
2828 2529 2884 2576 et
2912 2518 3291 2591 [Egyptiorum

1712 2615 1948 2687 episcopi
1978 2615 2170 2669 litteris
2201 2614 2357 2669 nobis
2388 2611 2569 2668 missis
2607 2618 2976 2682 protestantur
3017 2610 3132 2664 suis
3159 2609 3293 2663 falsa

1714 2723 1835 2765 esse
1859 2707 1951 2778 qui
1982 2715 2169 2762 contra
2209 2704 2564 2759 Athanasium
2594 2716 2827 2771 suosque
2852 2709 3153 2757 sectatores
3180 2714 3294 2753 ma-

1717 2804 2006 2859 chinantur
2022 2813 2214 2859 cuncta
2230 2803 2553 2857 Arianorum
2583 2799 2893 2854 machinata
2923 2795 3291 2868 blaspheutiis.

78 2881 442 2941 inimicitiarum
471 2901 669 2942 causas
697 2886 944 2957 gessistis
964 2884 1208 2942 funditus
1237 2886 1444 2956 repelli.
1473 2884 1618 2953 Qua-

72 2984 258 3044 propter
301 2992 423 3032 cum
462 2978 616 3032 omni
639 2976 999 3039 festinatione
1022 2992 1118 3033 vos
1145 2993 1333 3033 omnes
1363 2977 1430 3031 ad
1460 2974 1619 3044 hujus

71 3073 239 3119 sanetze
260 3066 402 3122 sedis
428 3066 800 3121 reverentiam
825 3066 946 3121 volo
971 3080 1317 3133 concurrere,
1344 3076 1614 3136 quatenus

69 3166 307 3220 gestorum
331 3157 482 3229 apud
502 3172 603 3213 nos
631 3156 995 3227 integritatem
1014 3174 1111 3228 per
1134 3158 1378 3227 vosipsos
1399 3157 1618 3226 possitis

69 3247 354 3314 ostendere;
386 3264 521 3305 nam
540 3263 645 3306 nec
674 3248 922 3315 dubitare
945 3264 1043 3304 vos
1062 3249 1243 3309 credo
1263 3247 1618 3303 Athanasium

69 3348 211 3391 sacra:
235 3337 367 3409 legis
398 3340 683 3395 doctorem
707 3354 814 3394 non
841 3338 1016 3394 solum
1044 3354 1075 3393 a
1106 3338 1280 3404 nobis,
1313 3339 1411 3393 sed
1452 3337 1620 3392 etiam

67 3439 91 3479 a
106 3424 302 3485 Nicena
324 3430 542 3501 synodo
562 3446 705 3485 veras
720 3429 853 3497 ,ﬁdei
874 3429 1137 3495 cultorem
1162 3427 1619 3497 essecomproba-

69 3526 182 3585 tum,
201 3522 311 3590 qui,
342 3520 609 3577 deferrem
628 3520 935 3576 Alexandro
966 3519 1201 3576 mirabili
1232 3532 1362 3575 sene
1393 3519 1483 3588 qui
1506 3517 1623 3573 Arii

65 3619 408 3675 prostraverat
435 3612 829 3683 blasphemiae,
855 3621 979 3683 post
1012 3612 1251 3681 quinque
1280 3624 1496 3667 menses
1526 3609 1617 3665 Ni-

67 3704 179 3757 eaani
203 3706 418 3761 concilii
435 3704 925 3760 Alexandrinorum
949 3703 1203 3759 Ecclesia:
1228 3702 1467 3773 suscepit
1487 3717 1625 3772 prte-

66 3794 298 3863 sulatum,
351 3799 621 3854 adversus
654 3812 814 3867 quem
858 3795 1082 3867 ejusque
1116 3804 1413 3852 sectatores
1450 3794 1617 3850 multa

71 3888 328 3944 mendacia
360 3900 633 3955 texentes,
675 3899 730 3945 et
757 3890 928 3945 nudas
955 3890 1110 3945 valde
1147 3889 1444 3945 calumnias
1470 3889 1624 3958 quasi

64 3987 201 4031 veras
217 3981 597 4037 accusationes
608 3989 1014 4051 componentes,
1033 3981 1188 4035 nobis
1202 3980 1489 4035 multorum
1514 3994 1627 4034 ma-

64 4060 217 4122 lorum
242 4082 365 4126 eum
396 4085 643 4134 causam,
689 4079 747 4126 et
797 4080 961 4139 caput
1006 4084 1128 4125 esse
1157 4071 1628 4141 perhibuistis,‘et

1720 2893 1939 2948 Talibus
1985 2907 2216 2963 namque
2245 2890 2514 2962 figmentis
2547 2889 2713 2959 liquet
2753 2903 2846 2944 eos
2881 2901 3001 2942 esse
3051 2885 3295 2955 inculpa-

1723 2985 1857 3039 hilcs
1884 2997 2083 3052 vosque
2111 2982 2423 3053 culpabiles,
2450 2981 2577 3051 quia
2620 2981 2664 3035 si
2709 2980 2773 3034 de
2798 2992 2926 3032 vera
2954 2974 3299 3032 confideretis

1723 3073 2024 3129 innocentia
2049 3113 2064 3137 ,
2120 3073 2268 3127 nullo
2299 3072 2459 3126 modo
2489 3087 2518 3124 a
2547 3069 2659 3139 jam
2706 3069 2850 3124 dicta
2898 3081 2993 3122 vos
3037 3066 3296 3121 canonica

1723 3160 2118 3218 subtraheretis
2164 3161 2498 3223 evocatione,
2529 3173 2649 3227 qua:
2692 3172 2797 3211 non
2831 3154 3008 3210 subito
3055 3155 3149 3210 sed
3178 3167 3300 3222 spa-

1725 3252 1862 3308 tiose
1909 3251 2223 3306 denuntiata
2265 3242 2368 3313 est,
2406 3247 2501 3303 sed
2555 3244 2700 3301 omni
2741 3246 3003 3301 subducta
3056 3241 3298 3314 apologia

1725 3343 1928 3413 absque
1958 3341 2258 3395 tardatioue
2280 3339 2485 3405 venire,
2514 3347 2569 3393 et
2594 3352 2787 3393 causas
2815 3335 3041 3391 reddere
3077 3333 3301 3389 festina—

1727 3436 1877 3489 retis.
1915 3432 2220 3501 Quibusita
2273 3430 2441 3502 gestis
2470 3428 2662 3497 scripsi
2712 3427 2901 3492 vobis,
2945 3433 2999 3480 et
3048 3424 3302 3480 omnibus

1726 3524 1814 3594 qui
1849 3524 1901 3579 in
1932 3521 2272 3589 Antiochiam
2316 3528 2506 3575 contra
2555 3513 2911 3588 apostolicam
2959 3514 3303 3571 canonicam-

1725 3635 1830 3691 qne
1858 3608 2115 3690 regulam
2145 3617 2300 3672 nobis
2332 3614 2645 3671 inconsultis
2689 3612 2918 3668 fueratis
2963 3610 3299 3681 congregati,

1728 3725 1961 3780 arguens
1991 3724 2087 3764 vos
2124 3709 2360 3778 primum
2400 3707 2467 3761 de
2497 3704 2711 3774 injuriis
2758 3705 3081 3767 litterarum,
3112 3700 3304 3756 deinde

1727 3819 1826 3860 cur
1864 3796 2216 3857 Athanasium
2250 3808 2502 3869 'suostjue
2524 3800 2942 3868 ﬁconsectato‘res
2972 3794 3040 3848 ad
3067 3801 3304 3846 vestrum

1727 3886 2014 3952 concilium
2045 3878 2467 3956 convocassetis,
2508 3876 2823 3953 canonihus,
2854 3887 3087 3950 scilicet,
3118 3882 3311 3954 praeei-

1728 3987 2000 4058 pientibus
2043 3983 2174 4039 nihil
2202 3992 2361 4038 extra
2389 3981 2692 4035 Romanum
2725 3978 2941 4035 decerni
2973 3977 3304 4046 pontiﬁcem,

1729 4080 1816 4135 cui
1847 4079 1960 4133 [nec
1986 4085 2042 4132 et
2090 4073 2295 4143 majora
2323 4072 2673 4128 ecclesiarum
2717 4070 2930 4141 negotia
2957 4078 3064 4122 tam
3094 4067 3159 4121 ab
3193 4066 3307 4134 ipso

64 4172 155 4212 non
179 4160 351 4216 solum
380 4160 528 4231 apud
554 4160 868 4232 Egyptum.
896 4159 992 4216 sed
1022 4160 1186 4215 etiam
1216 4161 1356 4231 apud
1381 4159 1625 4214 Ρδιωεῑί-
1730 4169 1979 4232 Domino,
2026 4162 2187 4236 quam
2227 4163 2296 4217 ab
2338 4163 2587 4218 omnibus
2635 4162 3009 4215 universorum
3053 4158 3311 4214 concilio~

64 4264 192 4316 nam,
220 4262 275 4307 et
334 4252 660 4310 Phtenieem
693 4252 1009 4321 vicinasque
1057 4260 1246 4322 gentes
1286 4251 1500 4321 scriptis
1538 4266 1610 4305 ve

1731 4273 1852 4313 rum
1882 4256 2142 4311 fratribus
2171 4252 2389 4324 speciali
2430 4252 2513 4323 (ut
2533 4250 2649 4319 jam
2678 4250 2881 4305 dictum
2903 4249 3007 4318 est)
3034 4246 3308 4317 privilegio

67 4341 182 4395 stris
221 4343 369 4398 illum
403 4343 839 4416 perturbatorem
864 4358 984 4399 esse
1013 4343 1375 4414 signitieastis.
1415 4342 1530 4409 Qua
1563 4342 1628 4396 de
1656 4378 1706 4438 Β
1732 4346 2035 4423 contradita
2061 4352 2205 4400 sunt.
2236 4341 2401 4398 Vobis
2418 4356 2550 4396 vero
2578 4338 2971 4411 refugientibus
2995 4347 3050 4390 et
3074 4336 3141 4389 ad
3179 4349 3307 4388 con-

64 4445 115 4483 re
137 4433 565 4491 ecclesiasticam
594 4443 882 4505 sequentes
911 4434 1171 4505 regulam,
1207 4448 1302 4488 vos
1329 4433 1515 4489 Roma:
1538 4448 1610 4489 re-

1735 4439 1917 4497 cilium
1979 4437 2139 4494 toties
2200 4433 2510 4491 convocatis
2566 4428 2766 4487 adesse
2819 4429 3142 4485 nolentibus.
3200 4424 3311 4479 Illis

65 4520 307 4587 gulariter
331 4526 401 4579 ad
430 4522 696 4593 judicium
723 4524 811 4580 die
854 4533 1054 4579 statuta
1107 4539 1215 4580 non
1256 4523 1357 4579 sub
1398 4531 1610 4593 angustt

1735 4544 1950 4600 quoque
1978 4528 2030 4583 in
2062 4542 2160 4582 sua
2207 4524 2611 4587 reclamatione,
2657 4530 2713 4576 et
2751 4520 2897 4590 justa
2931 4518 3137 4572 ratione
3188 4529 3313 4584 per-

67 4615 309 4681 temporis
354 4616 536 4686 spatio
573 4616 655 4687 (ut
690 4615 971 4670 excusatio
1006 4614 1184 4671 locum
1225 4629 1332 4669 non
1363 4613 1599 4668 inveniat

1735 4622 2055 4679 sistentibus
2084 4660 2099 4686 ,
2137 4613 2425 4688 vestraque
2454 4621 2846 4684 cognoscentes
2879 4608 3121 4671 crimina,
3148 4614 3204 4659 et
3244 4604 3312 4657 il-

66 4699 247 4760 litteris
272 4716 329 4761 et
357 4706 725 4777 apocrisiariis
748 4706 1113 4771 evocavimus,
1140 4705 1323 4774 illique
1350 4705 1610 4760 voeatiom

1735 4713 1909 4768 lorum
1927 4712 2129 4783 justam
2155 4708 2530 4765 examinantes
2573 4702 2862 4766 rationein,
2887 4710 3189 4764 omnesque
3221 4706 3316 4746 eos

66 4805 297 4866 suscepta
342 4797 414 4852 ad
450 4798 593 4853 diem
640 4798 1000 4868 praestitutum
1037 4811 1256 4861 venere,
1288 4796 1381 4851 sed
1424 4811 1519 4851 vos
1562 4809 1629 4849 ne
1738 4780 1958 4858 Memno
1986 4798 2217 4857 concilio
2261 4795 2656 4865 comperientes
2682 4796 2740 4842 et
2769 4788 2972 4844 nostris
3010 4780 3320 4855 apostolicis

67 4885 251 4941 vestris
298 4888 597 4944 mendaciis
633 4887 988 4956 capercmini,
1029 4897 1320 4957 vestraque
1361 4887 1632 4943 calumnia
1733 4890 2555 4967 iussionibus’obtemperantes,
2588 4880 2767 4933 visum
2799 4890 2888 4936 est
2924 4877 3079 4934 nobis
3107 4888 3172 4928 ac
3205 4872 3322 4926 uni-

67 4976 405 5043 enudaretur,
454 4978 643 5035 venite
676 4978 980 5033 distulistis.
1025 4977 1135 5033 Nec
1165 4977 1248 5032 his
1278 4978 1633 5051 machinatio:
1738 5001 1902 5043 verso
1930 4981 2181 5043 concilio,
2212 4988 2273 5033 ut
2303 4992 2403 5031 nos
2431 4970 2626 5033 divinis
2661 4974 2977 5042 praeceptis,
3020 4977 3077 5022 et
3113 4973 3327 5034 aposto-

70 5069 214 5126 nibus
247 5072 589 5131 solummodo
620 5072 863 5128 contenti
892 5071 1044 5137 estis,
1077 5072 1170 5128 sed
1198 5072 1363 5127 etiam
1390 5073 1636 5128 videntes
1740 5078 1858 5133 licis
1877 5074 2101 5133 monitis
2124 5068 2422 5131 informati,
2452 5062 2543 5135 qui
2571 5074 2668 5128 pro
2701 5062 2950 5119 omnium
2979 5053 3329 5116 εεειθεί³¹¹¹¹η¹

66 5172 185 5215 oves
205 5164 511 5232 pastoribus
540 5160 819 5219 desolatas
838 5159 990 5229 lupos
1017 5179 1114 5231 pro
1140 5162 1449 5232 pastoribus
1472 5177 1638 5233 super
1742 5175 1887 5222 statu
1911 5167 2142 5237 impigro
2168 5155 2397 5227 vigilare
2424 5153 2684 5237 debemus
2718 5148 2944 5218 effectu,
2974 5149 3019 5205 si
3043 5142 3334 5237 quidquam

67 5262 150 5303 Cas
184 5253 457 5318 posuistis.
489 5254 766 5318 Decuerat
791 5266 921 5318 ergo
959 5262 1018 5306 ut
1044 5253 1110 5307 ad
1140 5252 1447 5318 regularem
1482 5253 1635 5311 veni-
1745 5224 2158 5318 reprehensioni
2207 5257 2439 5312 usquam
2494 5235 2772 5294 invellilur
2819 5237 3119 5298 obnoxium
3175 5224 3337 5282 celeri
