3888 6436
529 329 634 385 627

1377 333 1670 391 APPEND.
1713 334 1806 389 AD
1842 334 2016 392 SEO.
2057 336 2149 392 1X.
2185 367 2256 379 -—
2292 336 2546 397 lSlDORl
2593 338 3037 397 MERCATORIS
3399 408 3407 414 λ
3680 353 3761 411 ω

530 461 650 502 mus
693 462 788 503 eos
818 449 869 503 in
912 449 1345 504 communionem
1370 489 1386 516 ,
1440 450 1773 523 singulisque
1822 465 1946 508 cum
1991 451 2105 505 suis
2135 457 2180 514 Α
2210 467 2411 521 vuqne,
2434 459 2491 508 et
2512 468 2672 521 tx,ac
2691 469 2781 518 ιι,
2809 468 2917 520 ιιι,
2943 468 3037 508 ιιιι
3056 493 3072 521 ,
3103 469 3213 521 ιιν,
3240 471 3327 524 ιν,
3356 472 3646 530 Lvu,t.vnt,
3670 481 3759 536 tu,

530 538 853 593 auctoritate
881 539 1038 610 hujus
1070 547 1270 595 sanctae
1313 539 1460 595 sedis
1494 541 1677 608 rebus,
1709 541 1959 613 proprias
1990 541 2110 597 red-

530 627 763 683 didimus
783 630 1062 697 ecclesias,
1081 630 1336 701 quoniam
1365 632 1491 689 huic
1514 643 1716 689 sancta:
1744 633 1855 689 sedi
1893 643 2113 705 propter

529 734 817 790 pravorum
848 722 1123 777 hominum
1156 722 1382 779 insidias
1406 723 1523 794 ipso
1550 724 1779 780 Domino
1799 724 2113 781 instituente

528 818 607 889 et~
641 812 849 867 sanctis
905 813 1164 883 apostolis
1211 829 1511 886 eorumque
1559 816 1968 872 successoribus
2017 831 2115 886 per

529 899 738 972 singula”
778 904 1008 959 concilia
1062 904 1445 962 roborantibus
1500 907 1603 963 hoc
1649 922 1865 979 semper
1919 907 2112 975 licuit,

526 986 819 1063 [Erebitque
859 995 1083 1054 Domino
1134 996 1432 1053 auxiliante
1471 999 1525 1056 in
1573 1007 1916 1070 perpetuum.
1964 1000 2117 1057 Unde

527 1082 619 1150 qui
642 1098 702 1139 se
739 1084 843 1141 scit
873 1086 992 1142 aliis
1033 1102 1158 1144 esse
1182 1089 1555 1160 praepositum,
1589 1106 1695 1146 non
1724 1090 1950 1147 moleste
1981 1089 2119 1146 ferat

527 1169 761 1240 aliquem
816 1174 918 1230 sibi
978 1190 1099 1232 esse
1148 1178 1474 1248 praelatum,
1531 1180 1640 1236 sed
1705 1181 2118 1251 temperantiam

527 1276 688 1328 quam
745 1263 813 1319 ab
865 1263 988 1321 aliis
1042 1267 1272 1336 requirit
1323 1268 1527 1339 gratis,
1566 1278 1622 1324 et
1662 1269 1780 1340 ipse
1829 1270 2115 1340 dependat.

527 1350 867 1423 Quapropter
895 1355 1225 1428 increpando
1252 1358 1408 1415 vobis
1434 1359 1632 1426 scribo,
1652 1361 1781 1430 quia
1814 1376 1923 1416 non
1968 1370 2119 1418 recte

531 1446 807 1502 tractastis
835 1447 979 1503 viros
1009 1448 1453 1520 inculpatos,eta
1475 1452 1634 1508 nobis
1661 1453 1886 1510 minime
1913 1453 2120 1508 exami-

527 1549 684 1595 natos
726 1542 792 1598 de
837 1543 952 1600 suis
1002 1545 1251 1602 ecclesiis
1285 1548 1670 1603 communione
1713 1547 1956 1619 privatos
2005 1547 2122 1618 pel-

528 1629 724 1699 lentes,
752 1642 809 1688 et
835 1635 1221 1695 ecclesiasticae
1246 1637 1545 1708 disciplinae
1573 1639 1829 1710 injuriam
1876 1639 2122 1710 irrogan-

529 1729 630 1788 tes,
661 1724 1128 1798 constitutumque
1162 1726 1364 1784 Nicaani
1394 1730 1611 1786 concilii
1650 1730 1875 1787 minime
1898 1745 2121 1786 servan-

2213 558 2304 606 ιχ,
2333 558 2446 608 ιιι,
2474 558 2629 609 LM",
2666 559 2810 600 LXVI.

2287 633 2355 689 Ut
2386 649 2576 689 onmes
2605 635 2842 706 episcopi
2868 636 2961 705 qui
2990 636 3043 691 in
3094 637 3419 708 quibusdam
3463 645 3763 712 gravioribus

2212 723 2496 793 pulsantur
2533 724 2617 778 vel
2648 725 3014 781 criminantur
3059 728 3281 794 causis,
3327 730 3542 799 quoties
3581 749 3765 793 necesse

2215 814 2380 869 fuerit
2408 813 2581 871 libere
2611 815 2968 886 apostolicam
2997 818 3269 889 appellent
3295 821 3507 885 sedem,
3536 832 3684 894 atque
3713 830 3764 882 ad

2215 921 2336 963 eam
2380 907 2534 977 quasi
2577 908 2646 963 ad
2694 916 2924 964 matrem
2962 909 3320 981 confugiant,
3351 920 3415 966 ut
3443 913 3515 968 ab
3542 928 3624 980 ea,
3654 917 3765 972 sicut

2216 1014 2434 1068 semper
2470 999 2593 1066 fuit,
2625 1000 2714 1072 pie
2762 1000 3095 1069 fulciantur,
3141 1003 3538 1072 defendamur,
3582 1015 3632 1064 et
3663 1008 3768 1065 lilio-

2217 1100 2427 1147 rentur.
2483 1091 2653 1164 Cujus
2705 1094 3080 1165 dispositionis
3123 1109 3314 1153 omnes
3358 1098 3598 1168 majores
3630 1101 3765 1157 recte

2217 1178 2468 1237 siasticas
2493 1195 2687 1237 causas
2714 1192 2770 1239 et
2798 1183 3176 1255 episcoporum
3203 1184 3410 1256 judicia
3433 1187 3649 1255 antiqua
3668 1204 3765 1258 apo

2219 1270 2479 1329 stolarum
2536 1287 2836 1345 eorumque
2885 1290 3263 1333 successorum
3321 1286 3492 1348 atque
3540 1294 3764 1336 canonum

2219 1365 2520 1421 auctoritas
2554 1366 2871 1423 reservavit.

2292 1456 2561 1523 Quoniam
2610 1456 2899 1527 culpantur
2931 1457 3171 1528 episcopi
3201 1458 3293 1530 qui
3343 1457 3511 1525 aliter
3536 1473 3655 1530 erga
3679 1460 3763 1515 fra-

2220 1557 2331 1604 tres
2359 1549 2590 1619 egerint,
2613 1564 2777 1618 quam
2800 1546 3044 1617 ejusdem
3072 1549 3216 1605 sedis
3252 1564 3409 1620 papa!
3440 1549 3557 1607 ﬁeri
3591 1551 3766 1621 placue-

2222 1639 2314 1694 rit.
2344 1638 2573 1707 Placuit,
2606 1648 2665 1694 ut
2693 1648 2982 1695 accusatus
3003 1639 3089 1695 vel
3117 1639 3400 1709 judicatus
3426 1653 3458 1694 a
3506 1641 3766 1711 provincia-

2225 1728 2366 1784 libus
2397 1729 2449 1784 in
2475 1729 2656 1799 aliqua
2687 1744 2849 1785 causa
2879 1731 3167 1800 episcopus
3199 1730 3436 1786 licenter
3474 1730 3705 1802 appeﬂet,
3726 1742 3766 1785 et

529 1822 610 1869 tes
638 1858 653 1880 ,
684 1816 806 1871 talia
840 1818 1238 1890 indisciplinate
1274 1837 1439 1895 agere
1473 1838 1579 1880 non
1614 1822 1974 1880 formidastis.
2020 1824 2107 1879 ld-
2140 1819 2185 1879 B
2214 1819 2375 1875 adeat
2396 1820 2709 1891 apostolica:
2735 1820 2880 1877 sedis
2900 1821 3232 1891 pontiﬁcem,
3248 1822 3342 1893 qui
3375 1830 3476 1878 aut
3502 1838 3595 1893 per
3612 1836 3765 1889 se,ant

527 1908 674 1963 circo
695 1911 949 1980 quoniam
964 1912 1163 1968 dudum
1181 1914 1366 1969 venire
1384 1914 1559 1971 vocati
1577 1917 1855 1982 renuistis,
1874 1917 2033 1973 modo
2047 1916 2116 1971 ad

526 2008 736 2055 certum
772 2003 936 2068 diem,
974 2004 1025 2059 id
1046 2015 1129 2060 est
1151 2022 1217 2060 xv
1242 2005 1469 2065 Kalend.
1491 2006 1781 2075 Novemb.,
1805 2023 1902 2064 vos
1919 2008 2115 2064 iterum

529 2094 850 2164 regulariter
895 2096 1093 2152 litteris
1121 2099 1411 2170 missisque
1457 2115 1781 2167 evocamus,
1826 2110 1887 2156 ut
1929 2117 2115 2158 coram

525 2187 678 2242 vobis
706 2191 1060 2245 ostendamus
1087 2204 1187 2245 nos
1223 2189 1429 2259 justam
1456 2192 1511 2247 in
1553 2207 1648 2249 eos
1674 2193 1968 2263 protulisse
1995 2210 2119 2251 sen-

528 2277 775 2343 tentiam,
806 2286 862 2333 et
905 2277 972 2333 de
1000 2287 1198 2334 cmtero
1227 2295 1335 2334 non
1365 2279 1495 2337 talia
1542 2296 1665 2337 esse
1712 2296 1990 2353 passuros.
2022 2283 2119 2339 Est

527 2370 728 2425 etenim
778 2370 831 2426 in
882 2371 1124 2442 antiquis
1153 2372 1410 2430 Ecclesia:
1457 2373 1678 2430 statutis
1728 2374 2009 2431 decretum
2059 2383 2119 2431 ut

528 2461 703 2516 aliena
751 2462 842 2534 qui
875 2462 1079 2519 invadit
1126 2479 1232 2520 non
1290 2475 1452 2521 exeat
1502 2464 1819 2534 impunitus,
1858 2467 1953 2522 sed
1991 2482 2117 2523 cum

528 2553 976 2625 multiplicatione
1007 2556 1280 2623 restituat,
1312 2555 1459 2613 unde
1490 2565 1545 2613 et
1575 2556 1627 2612 in
1654 2557 1950 2629 Evangelio
1991 2560 2118 2614 scri-

526 2654 675 2716 ptum
702 2654 788 2702 est
819 2662 835 2702 :
872 2666 892 2700 ι
939 2646 1092 2715 Quod
1129 2649 1173 2704 si
1203 2648 1406 2719 aliquid
1436 2647 1755 2705 defraudavi
1790 2649 1955 2705 reddo
1985 2665 2120 2721 qna-

528 2737 777 2807 druplum
801 2737 955 2813 (Luc.
979 2756 1093 2806 xix,
1126 2740 1204 2810 8).
1238 2760 1257 2794 ι
1282 2741 1341 2796 In
1373 2741 1490 2813 lege
1511 2757 1729 2813 quoque
1751 2751 1971 2798 cautum
1996 2753 2079 2800 est
2100 2761 2115 2799 :

534 2849 552 2883 ι
590 2829 906 2888 Maledictus
948 2833 1128 2890 omnis
1157 2835 1250 2904 qui
1284 2834 1545 2891 transfert
1585 2835 1852 2891 terminos
1880 2828 2116 2903 proximi

528 2923 636 2989 sui,
664 2932 719 2980 et
747 2925 891 2981 dicet
922 2940 936 2979 :
970 2926 1151 2982 omnis
1203 2926 1458 2998 populus.
1502 2926 1677 2982 Amen
1714 2926 1913 2999 (Deut.
1943 2945 2114 2994 xxvii,

527 3004 642 3084 t7).
677 3032 695 3066 ι
718 3013 898 3081 Quare
923 3016 1092 3071 miror
1115 3031 1208 3072 vos
1238 3026 1346 3071 tam
1380 3017 1617 3073 audaces
1645 3032 1767 3074 esse
1790 3027 1847 3073 et
1883 3027 1988 3074 tam
2017 3020 2118 3075 ira-

527 3104 794 3174 pndcnter
839 3105 1051 3177 egisse,
1102 3116 1160 3162 et
1209 3108 1471 3165 terminos
1521 3124 1585 3164 ac
1616 3108 1743 3178 jura
1796 3109 1939 3165 beati
1971 3108 2125 3165 Petri

2219 1910 2454 1967 viearios
2490 1926 2619 1968 suos
2652 1910 2770 1981 ejus
2799 1911 3085 1968 retractari
3129 1912 3408 1982 negotium
3438 1922 3703 1983 procuret;
3725 1924 3765 1968 et

2218 2005 2344 2059 dum
2372 2004 2569 2060 iterato
2591 2003 2795 2074 judicio
2820 2004 3067 2075 pontifex
3093 2018 3316 2060 causam
3341 2019 3500 2060 suam
3525 2004 3648 2075 agit,
3679 2005 3767 2059 nul-

2218 2094 2304 2151 lus
2338 2095 2478 2153 alius
2526 2097 2579 2150 in
2610 2093 2728 2164 ejus
2763 2095 2886 2152 loco
2928 2103 3181 2165 ponatur,
3215 2104 3310 2152 aut
3350 2097 3632 2152 ordinetur
3670 2098 3760 2167 epi-

2220 2200 2439 2255 scopus,
2469 2186 2728 2257 quoniam
2775 2201 3088 2257 quanquam
3111 2187 3653 2258 comprovincialilius
3680 2190 3765 2258 epi-

2219 2282 2401 2354 scopis
2427 2282 2712 2349 accusati,
2761 2296 2983 2339 causam
3016 2281 3286 2353 pontiﬁcis
3336 2282 3574 2338 serutari
3619 2282 3762 2346 liceat,

2219 2391 2325 2431 non
2359 2384 2537 2432 tamen
2561 2374 2788 2431 deﬁnire
2814 2374 3118 2430 inconsulto
3143 2373 3393 2430 Romano
3421 2374 3661 2443 pontiﬁce
3678 2389 3765 2444 per-

2219 2468 2448 2524 missum
2473 2476 2558 2524 est
2577 2507 2593 2533 ,
2642 2482 2766 2523 cum
2791 2466 2952 2522 beato
2987 2464 3149 2521 Petro
3184 2465 3439 2537 apostolo
3466 2479 3570 2520 non
3595 2465 3656 2519 ab
3683 2464 3762 2519 alio

2217 2574 2379 2630 quam
2407 2560 2477 2615 ab
2506 2560 2625 2629 ipso
2645 2558 2848 2614 dictum
2872 2557 2943 2615 sit
2964 2557 3224 2613 Domino:
3253 2575 3272 2608 ι
3311 2554 3764 2626 Qutecunqueliga-

2219 2652 2365 2708 veris
2415 2666 2581 2722 super
2636 2659 2842 2706 terram
2866 2690 2881 2718 ,
2932 2658 3097 2707 erunt
3134 2648 3299 2720 ligata
3333 2657 3392 2704 et
3443 2648 3500 2704 in
3529 2648 3691 2713 cretis,
3723 2655 3764 2701 et

2217 2756 2556 2812 quarcunque
2574 2740 2804 2797 solveris
2828 2754 2994 2810 super
3017 2746 3239 2804 terram,
3270 2746 3440 2795 emat
3471 2736 3637 2794 soluta
3663 2735 3762 2792 etin

2218 2831 2373 2887 caelis
2399 2830 2617 2902 (Matth.
2646 2845 2760 2896 xvr,
2783 2829 2895 2900 i9).
2931 2847 2951 2882 ι
3057 2882 3062 2886 .

2291 2921 2348 2978 Si
2375 2922 2498 2993 quis
2540 2921 2812 2993 putaverit
2840 2935 2900 2977 se
2925 2935 2957 2976 a
2987 2921 3208 2992 proprio
3241 2921 3651 2992 metropolitano
3671 2933 3762 2987 grao

2218 3013 2334 3068 vari
2366 3013 2508 3084 apud
2533 3012 2819 3083 primatem
2851 3012 3178 3079 dimceseos,
3206 3019 3303 3066 aut
3332 3027 3504 3082 penes
3530 3011 3760 3066 universa-

2219 3104 2288 3159 lis
2320 3103 2627 3173 apostolica:
2654 3101 2914 3158 Ecclesia:
2945 3115 3139 3171 papam
3170 3099 3472 3171 iudicetur.

530 3194 897 3265 apostolorum
940 3198 1201 3268 principis
1230 3198 1514 3255 invasisse.
1543 3198 1638 3255 Sui
1666 3199 1813 3255 enim
1843 3199 1927 3271 (ut
1954 3201 2117 3271 paulo
2145 3186 2190 3248 C
2291 3197 2652 3252 Accusatores
2678 3204 2733 3249 et
2757 3194 3136 3249 accusationes
3162 3208 3300 3263 quas
3326 3193 3475 3265 leges
3499 3190 3660 3248 mli
3680 3206 3760 3244 non

531 3288 782 3355 superius
802 3288 1215 3359 comprobatum
1236 3290 1340 3363 est)
1358 3289 1501 3358 juris
1525 3300 1664 3357 erat,
1683 3300 1742 3346 ut
1769 3290 1975 3362 absque
2001 3292 2119 3363 ejus

529 3385 733 3434 sancte
762 3377 918 3435 Sedis
943 3380 1268 3437 auctoritate
1290 3381 1471 3437 nullus
1491 3380 1736 3447 deberet,
1766 3392 1860 3439 aut
1887 3383 2118 3440 concilia

527 3467 825 3537 celebrare,
849 3480 946 3527 aut
972 3473 1256 3543 episcopos
1278 3473 1347 3528 ad
1373 3474 1638 3544 synodum
1664 3489 2001 3539 convocare,
2033 3474 2117 3530 vel

531 3559 813 3627 damnare,
864 3576 986 3631 quin
1035 3564 1221 3619 omnia
1255 3578 1349 3619 vos
1387 3571 1658 3620 temerare
1694 3579 1802 3621 non
1840 3564 2117 3620 timuistis.

530 3651 669 3718 Quid
718 3668 848 3723 ergo
891 3661 975 3709 est
1011 3652 1158 3711 aliud
1208 3653 1333 3710 talis
1381 3655 1766 3724 praesumptio,
1818 3654 1926 3710 nisi
1975 3653 2121 3725 quod

531 3742 897 3812 apostolorum
922 3758 1228 3815 eorumque
1274 3760 1654 3801 successorum
1694 3747 1912 3801 decreta
1945 3752 2123 3800 trans~

530 3836 702 3906 gredi,
729 3844 785 3890 et
820 3834 1257 3893 maledictionem
1303 3838 1556 3908 superius
1584 3837 2034 3906 comprehensam
2067 3836 2121 3892 in

531 3926 668 3996 lege,
705 3927 945 3995 scilicet,
975 3937 1193 3984 cautam
1221 3944 1385 4002 quam
1414 3929 1594 3985 omnis
1621 3928 1851 4000 populus
1872 3944 1979 3984 uno
2003 3942 2121 3997 ore,

532 4030 881 4087 consonaque
912 4018 1265 4087 responsione
1291 4033 1388 4088 per
1423 4020 1622 4084 Amen,
1656 4019 1712 4074 id
1739 4027 1825 4075 est
1853 4019 1968 4084 ﬁat,
1993 4034 2122 4076 con-

533 4107 796 4174 ﬁrmavit,
823 4108 1100 4179 suscipere
1120 4125 1227 4166 non
1260 4110 1539 4165 timuistis.
1564 4109 1722 4174 Nam,
1749 4119 1809 4165 ut
1836 4125 1977 4174 reor,
2008 4108 2126 4165 tali-

530 4203 634 4260 bus
684 4205 1182 4276 transgressionum
1218 4203 1473 4261 funiculis
1512 4204 1818 4269 constricti,
1868 4211 2119 4261 nostrum

533 4309 605 4350 ne
625 4304 804 4352 vestra
828 4296 1186 4366 proderentur
1213 4295 1413 4367 ﬂagitia
1438 4311 1667 4352 examen
1703 4295 2033 4360 declinastis,
2069 4302 2126 4351 et

536 4386 605 4441 ad
633 4386 1001 4457 supradictam
1030 4387 1368 4444 vocationem
1404 4388 1591 4444 venire
1636 4387 1943 4444 distulistis.
1979 4386 2123 4443 Sane

534 4476 884 4533 manifestum
912 4486 997 4535 est
1021 4494 1176 4535 suum
1212 4494 1308 4535 eos
1343 4477 1591 4534 conﬁteri
1621 4478 1863 4543 crimen,
1911 4477 2004 4547 qui
2041 4485 2117 4532 to-

534 4566 638 4622 ties
664 4568 876 4624 evocati
905 4568 1111 4638 absque
1139 4568 1439 4624 inevitabili
1484 4582 1645 4624 causa
1676 4567 1864 4624 venire
1891 4565 2122 4622 distule-

533 4656 665 4723 rint,
693 4666 748 4712 et
774 4658 1038 4729 purgandi
1060 4674 1120 4714 se
1148 4657 1424 4714 voluntate
1472 4673 1580 4713 non
1624 4666 1868 4713 utuntur.
1909 4656 2046 4712 Nam
2075 4657 2124 4713 si

537 4747 606 4804 de
627 4750 824 4806 vestris
844 4750 1003 4807 dictis
1024 4751 1388 4821 conﬁderetis,
1402 4751 1528 4819 etin
1549 4749 1741 4807 faciem
1764 4749 1996 4821 probare
2015 4764 2123 4805 non

536 4840 907 4899 distulissetis.
936 4844 1459 4901 Talesinsidiatores
1480 4844 1731 4914 spiritum
1762 4844 2123 4914 praeﬁdentes

533 4933 707 4987 sancti
741 4933 930 4988 Patres
963 4934 1017 4989 in
1046 4934 1224 4989 Nicma
1252 4934 1567 5005 congregati
1609 4933 1754 5004 leges
1794 4941 2120 5000 statuerunt,

535 5038 677 5094 quas
703 5041 943 5084 canones
962 5027 1317 5098 appellamus,
1348 5041 1417 5082 ne
1439 5026 1600 5081 facile
1625 5026 1777 5097 probi
1809 5026 1878 5081 ab
1921 5026 2123 5096 impro-

536 5115 622 5171 bis
669 5116 1072 5183 damnarentur,
1105 5136 1174 5176 ex
1221 5120 1419 5190 quibus
1471 5118 1645 5174 nullas
1690 5118 1990 5174 sententias
2039 5116 2124 5173 bis

536 5206 703 5261 inseri
731 5205 1112 5276 jndicavimus,
1142 5218 1202 5265 ut
1227 5220 1503 5266 tantorum
1532 5208 1756 5263 Patrum
1801 5206 2125 5262 auctoritate

536 5303 723 5353 nostra
758 5298 1107 5355 roboraretur
1136 5300 1387 5370 epistola,
1410 5306 1576 5370 atque
1614 5312 1805 5353 omnes
1830 5294 2126 5351 orientales

535 5388 654 5443 sive
679 5388 1008 5459 reliquarum
1039 5391 1274 5461 partium
1300 5393 1539 5463 episcopi
1578 5391 1693 5446 lucc
1715 5388 2034 5454 audientes’,
2067 5388 2121 5442 in

538 5488 744 5535 tantam
782 5481 993 5537 foveam
1042 5499 1148 5540 non
1198 5484 1477 5549 incidant,
1526 5498 1593 5539 ne
1645 5481 2047 5537 damnationem
2094 5494 2126 5534 a

538 5580 790 5640 Patribus
819 5584 1091 5641 decretam
1131 5586 1449 5657 percipiant.
1495 5586 1815 5655 Sequuntur
1841 5583 1984 5639 enim
2012 5581 2128 5637 htec

540 5696 604 5740 ex
630 5687 890 5756 praedicto
937 5689 1166 5745 concilio
1193 5687 1411 5744 Nicaeuo
1454 5687 1710 5759 capitula,
1740 5687 1792 5743 id
1831 5694 1934 5751 cst,
1967 5699 2127 5751 xvm,

540 5802 656 5855 six,
688 5805 801 5855 xm,
832 5806 991 5854 xxut.
1024 5805 1362 5867 XX\'I,XX\'U_,
1397 5803 1817 5866 XXVlﬂLEXXIll,
1856 5803 1964 5855 xu,
1995 5798 2047 5842 et
2076 5801 2124 5851 v,

1525 5859 1650 5866 ...νς-

2223 3287 2518 3351 asciscant,
2549 3292 2605 3340 et
2644 3299 2744 3339 nos
2781 3283 3115 3339 unanimiter
3134 3283 3547 3349 submovemus,
3584 3294 3672 3335 nec
3691 3279 3760 3332 tiat

2225 3380 2279 3434 in
2309 3378 2556 3434 districta
2582 3378 2906 3448 probatione
2934 3376 3208 3446 impietas,
3228 3389 3358 3430 cum
3385 3383 3534 3432 recta
3564 3373 3629 3430 sit
3649 3370 3759 3440 judio

2223 3472 2296 3528 cii
2332 3471 2385 3525 in
2413 3470 2678 3526 electione
2708 3469 3003 3525 sententia.

2294 3559 2484 3615 Nullus
2504 3560 2793 3630 episcopus
2831 3557 3061 3614 alterius
3099 3557 3497 3630 parochianum
3521 3557 3759 3626 praesumat

2226 3652 2486 3717 retinere,
2514 3659 2609 3705 aut
2649 3649 2907 3705 ordinare
2932 3650 3142 3719 absque
3161 3646 3280 3717 ejus
3309 3649 3585 3703 voluntate
3612 3644 3758 3712 vcljn-

2224 3745 2434 3810 dicare,
2472 3742 2620 3798 salva
2655 3752 2836 3797 tamen
2868 3743 2923 3796 in
2959 3742 3214 3797 omnibus
3252 3740 3549 3812 apostolica
3565 3736 3756 3794 auctori-

2229 3843 2356 3901 tate,
2381 3833 2507 3905 quia
2542 3833 2684 3889 sicut
2710 3833 2865 3888 irrita
2908 3832 3018 3888 erit
3041 3831 3162 3902 eius
3204 3832 3504 3897 ordinatio,
3534 3833 3599 3886 ita
3621 3838 3668 3885 et
3699 3827 3758 3882 di-

2219 3927 2775 4000 judicatio,qnoniam
2797 3940 3085 3981 censemus
3108 3924 3312 3980 nullum
3344 3925 3566 3980 alterius
3579 3918 3756 3993 judicia.

2224 4018 2329 4074 nisi
2358 4018 2442 4074 sui
2469 4016 2740 4073 sententia
2766 4016 2964 4071 teneri.
2982 4013 3121 4070 Nam
3142 4015 3233 4086 qui
3264 4030 3394 4071 eum
3423 4014 3756 4071 ordinaremn

2229 4111 2409 4182 potuit
2433 4125 2534 4167 nec
2562 4107 2809 4179 judicare
2836 4108 3108 4164 ullatenus
3142 4115 3341 4180 potest.

2300 4202 2358 4259 Si
2405 4201 2528 4273 quis
2563 4215 2693 4272 erga
2729 4200 3043 4270 episcopum
3071 4199 3171 4269 vel.
3205 4207 3429 4255 actores
3455 4195 3683 4255 Ecclesia:
3710 4206 3753 4247 se

2227 4298 2505 4371 proprium
2552 4297 2756 4353 habere
2803 4294 3100 4353 crediderit
3146 4293 3449 4364 negotium,
3500 4306 3595 4346 non
3639 4284 3752 4356 prius

2228 4394 2384 4449 adeat
2406 4391 2643 4462 judices,
2676 4406 2838 4460 quant
2876 4389 2944 4445 ad
2979 4403 3077 4446 eos
3106 4396 3357 4444 recurrat
3386 4380 3651 4442 cbaritatis
3669 4383 3752 4432 stu-

2228 4487 2340 4553 dio,
2392 4495 2454 4541 ut
2508 4483 2766 4539 familiari
2818 4482 3089 4553 colloquio
3143 4479 3457 4537 commoniti
3499 4491 3558 4531 ea
3603 4480 3752 4527 sanare

2232 4579 2481 4642 debeant,
2534 4591 2655 4646 quae
2698 4576 2752 4630 in
2803 4572 3199 4644 querimoniam
3251 4570 3598 4627 deducuntur.
3636 4554 3749 4627 Quod

2231 4670 2275 4726 si
2306 4669 2468 4724 aliter
2505 4668 2702 4740 egerit,
2738 4664 3118 4722 communione
3146 4662 3413 4732 privetur.

2318 4760 2490 4816 Nemo
2535 4759 2851 4831 pontiﬁcum
2902 4756 3159 4824 deinceps
3206 4752 3445 4824 aliquem
3493 4745 3745 4819 episcopum

2231 4855 2344 4910 suis
2369 4853 2730 4923 exspoliatum
2758 4849 2921 4905 rebus
2944 4888 2960 4914 ,
2991 4856 3086 4903 aut
3124 4861 3155 4901 a
3184 4861 3245 4901 se
3282 4843 3553 4916 depulsum
3574 4845 3743 4929 excern-

2231 4945 2534 5011 municare,
2558 4951 2652 4998 aut
2676 4942 2925 5012 judicare
2946 4946 3258 5010 praesumat,
3285 4936 3409 5007 quia
3436 4948 3535 4989 non
3563 4934 3634 4984 est
3662 4935 3745 4991 prl-

2227 5039 2483 5111 vilcgium
2515 5052 2621 5108 quo
2652 5036 2824 5106 possit
2858 5034 3078 5106 Spoliari
3104 5031 3218 5103 jam
3264 5029 3509 5085 nudatus.
3557 5016 3660 5111 Pari
3691 5023 3743 5064 ιε’

2230 5109 2363 5187 nore
2396 5128 2739 5187 decernimus
2774 5143 2880 5183 non
2911 5124 3060 5183 credi
3088 5120 3407 5184 accusatori,
3440 5116 3548 5187 qui.
3574 5109 3743 5201 δι’δοθξθ

2231 5222 2564 5289 adversario,
2597 5234 2818 5276 causam
2861 5216 3103 5288 suggerit
3135 5222 3260 5268 ante
3315 5209 3582 5275 utriusque
3615 5202 3742 5297 par"?

2231 5315 2658 5377 discussionem,
2712 5326 2814 5367 nec
2854 5315 3203 5365 accusatores
3239 5303 3325 5358 vel
3371 5309 3528 5356 testes
3570 5297 3740 5353 susclll'v

2232 5409 2324 5483 qui
2357 5424 2463 5463 non
2501 5414 2630 5461 sunt
2657 5402 2857 5458 idonei.

2303 5500 2533 5565 Placuit,
2559 5498 2604 5553 si
2632 5503 2918 5552 accusatus
2957 5492 3043 5548 vel
3089 5490 3377 5547 damnatus
3399 5483 3648 5554 episcopus
3670 5480 3739 5567 all:

2232 5554 2844 5669 pel—laverit'Romanum
2890 5585 3205 5658 pontiﬁcem
3232 5583 3284 5639 id
3315 5572 3631 5669 statuenda":

2235 5655 2351 5761 ipse
2373 5689 2519 5760 justo
2548 5682 2859 5748 censuerit,
2895 5689 2951 5736 et
2979 5692 3170 5734 omnes
3199 5674 3290 5746 qui
3335 5672 3574 5728 adversus
3598 5655 3737 5761 Ρθιῗξ

2235 5751 2538 5846 armantur,
2589 5775 2818 5831 infames
2863 5785 2985 5828 esse
3023 5783 3308 5826 censemus
3334 5808 3347 5834 ,
3391 5771 3551 5829 neque
3578 5760 3651 5804 cos
3673 5751 3735 5808 ‘1'"
