3888 6440
99 358 186 414 αθ
1232 339 1728 402 DECRETALIUM
1761 307 2165 400 COLLECTlO.

3205 339 3308 396 6'50

98 481 204 524 cum
251 461 478 519 inimicis
519 468 793 515 morantur
837 458 903 513 ad
957 458 1385 524 accusationem,
1434 457 1518 513 vel
1565 455 1632 510 ad
1659 457 1706 514 Δ
1737 452 1890 509 blicis
1939 454 2223 510 docuerint
2276 454 2421 509 omni
2458 469 2516 508 se
2563 468 2750 508 carere
2795 451 3103 522 suspicione
3147 458 3309 520 atque

99 553 435 612 testimonium
467 551 821 620 recipiendos.

157 644 395 709 Placuit,
442 651 504 697 ut
547 656 760 710 semper
807 642 860 694 in
913 641 1261 696 accusatione
1317 639 1639 696 clericorum

95 737 250 807 primo
275 748 526 805 persona,
555 733 706 793 ﬁdes,
734 731 845 785 vita
872 771 889 796 ,
935 740 990 788 et
1019 732 1359 787 conversatio
1388 731 1638 800 blasphe-

96 825 334 881 mantium
370 831 762 894 perscrutetur.
803 821 938 877 Nam
979 821 1111 878 ﬁdes
1132 837 1321 877 omnes
1348 832 1501 877 actus
1545 822 1640 877 lio-

95 917 236 972 minis
262 914 567 985 pmacedere
607 913 811 978 debet,
849 913 976 984 quia
1021 913 1235 978 dubius,
1271 912 1503 969 inﬁdelis
1533 921 1638 978 est,

94 1021 181 1062 nec
206 1005 280 1060 eis
306 1005 530 1060 omnino
567 1012 650 1060 est
692 1003 1019 1059 credendum
1066 1003 1159 1073 qui
1185 1002 1432 1058 veritatis
1478 1003 1638 1058 ﬁdem

95 1099 347 1169 ignorant;
388 1109 493 1150 nec
546 1103 708 1151 recta:
736 1093 1164 1150 conversationis
1200 1093 1369 1149 vitam
1417 1093 1639 1159 ducunt,

93 1190 319 1259 quoniam
360 1187 494 1242 tales
533 1195 588 1243 et
635 1185 794 1242 facile
841 1192 896 1241 et
923 1184 1313 1256 .indiﬂ'erenter
1364 1182 1636 1247 lacerant,

93 1293 138 1338 ct
161 1281 509 1337 criminantur
541 1287 688 1334 recte
714 1287 770 1334 et
807 1279 898 1348 pie
938 1278 1202 1333 viventes.
1236 1275 1360 1331 Ideo
1405 1275 1642 1344 suspicio

92 1387 254 1427 eorum
283 1369 620 1426 discutienda
659 1376 743 1423 est
771 1369 948 1437 primo
989 1374 1046 1423 et
1092 1366 1436 1438 corrigenda,
1468 1379 1642 1435 neque

93 1460 474 1517 accusatoribus
517 1459 824 1528 suspectis,
874 1465 930 1514 et
971 1457 1039 1512 de
1083 1455 1432 1513 inimicorum
1480 1455 1640 1511 domo

93 1551 450 1622 prodeuntibus
483 1549 836 1605 credendum.

153 1640 290 1708 Quod
320 1655 427 1696 non
451 1639 572 1694 aliae
600 1637 1026 1708 metropolitanae
1050 1634 1294 1693 ecclesiae
1324 1633 1408 1690 vel
1439 1634 1641 1704 prima-

91 1742 158 1787 tes
180 1733 297 1797 sint,
329 1731 434 1787 nisi
464 1730 570 1786 illa
606 1745 725 1799 qua:
764 1728 916 1800 prius
939 1729 1201 1800 primates
1227 1735 1403 1792 erant,
1435 1735 1490 1782 et
1518 1735 1640 1798 post

1739 543 2038 611 inimicitia,
2064 555 2120 600 et
2147 543 2664 614 irreprehensibilem
2695 543 2851 598 ﬁdem
2897 551 3058 613 atque
3084 557 3309 597 convcr-

1738 637 2003 691 sationem
2032 637 2249 692 ducere.

1810 729 1876 784 Et
1919 727 2390 800 comprovincialis
2431 727 2666 800 synodus
2692 725 3147 798 retractetur'per
3170 727 3313 782 vica-

1741 823 1852 878 rios
1874 822 2026 877 urbis
2055 820 2242 876 Romae
2274 820 2535 890 episcopi,
2567 819 2612 874 si
2640 821 2753 890 ipse
2780 819 3098 875 decreverit.

1809 911 2035 976 Placuit,
2066 919 2125 964 ut
2151 925 2181 963 a
2207 908 2613 979 quibuscunque
2644 908 2914 979 judicibus
2935 907 3316 964 ecclesiasticis

1740 1001 1808 1056 ad
1860 1001 1995 1056 alios
2017 998 2226 1068 judices
2268 998 2702 1064 ecclesiasticos,
2747 999 2836 1053 ubi
2887 1007 2970 1054 est
3020 996 3313 1052 auctoritas

1740 1092 1914 1162 major
1940 1091 2107 1146 fuerit
2143 1099 2514 1161 provocatum,
2545 1089 2817 1144 audientia
2848 1104 2952 1143 non
2980 1097 3223 1159 negetur.
3254 1085 3309 1142 Si

1740 1184 1862 1254 quis
1907 1182 2355 1254 metropolitanus
2398 1181 2700 1250 episcopus,
2747 1179 2850 1234 nisi
2887 1179 3028 1250 quod
3057 1178 3122 1232 ad
3157 1193 3309 1232 suam

1741 1274 2075 1331 solummodo
2099 1273 2370 1344 propriam
2399 1271 2630 1342 pertinet
2663 1272 2998 1341 parochiam,
3026 1271 3143 1326 sine
3184 1286 3313 1326 con-

1739 1366 1860 1423 silio
1886 1373 1941 1421 et
1963 1365 2242 1420 voluntate
2263 1363 2504 1420 omnium
2539 1363 3068 1434 comprovincialium
3100 1363 3312 1433 episco-

1739 1471 1930 1527 porum
1977 1456 2181 1526 aliquid
2208 1470 2368 1526 agere
2407 1454 2694 1512 tentaverit
2741 1455 2937 1526 gradus
2964 1455 3044 1509 sui
3077 1452 3312 1524 periculo

1741 1549 2064 1620 subiacebit,
2102 1557 2158 1604 et
2193 1549 2335 1619 quod
2386 1548 2600 1620 egerit,
2657 1547 2869 1602 irritum
2913 1547 3212 1611 habeatur,
3261 1554 3316 1602 et

1740 1656 2002 1706 vacuum;
2029 1639 2122 1695 sed
2145 1638 2403 1709 quidquid
2429 1639 2496 1692 de
2534 1637 3061 1709 comprovincialium
3109 1637 3315 1707 episco-

1742 1745 1933 1801 porum
1971 1729 2152 1785 causis
2179 1743 2506 1798 suarumque
2529 1727 2880 1784 ecclesiarum
2912 1737 2964 1783 et
2993 1728 3312 1782 clericorum

91 1822 258 1877 Christi
285 1823 579 1878 adventum
607 1799 945 1876 auctoritate
971 1817 1266 1888 apostolica
1305 1825 1362 1873 et
1394 1817 1635 1888 synodali
1672 1799 1714 1859 Β
1741 1799 1903 1893 atque
1947 1821 2286 1877 mcum-ium
2333 1819 2745 1876 necessitatibus
2779 1833 2938 1889 agere
2959 1859 2973 1884 ,
3013 1827 3105 1872 ειη
3135 1819 3314 1889 disp“.

90 1913 347 1980 primatum
387 1911 593 1966 habere
628 1918 961 1964 meruerunt.
992 1908 1203 1978 Reliqui
1236 1923 1366 1963 vero
1393 1924 1498 1964 non
1526 1908 1640 1978 pri-

91 2009 252 2065 mates,
277 2001 367 2055 sed
413 1999 740 2070 metropoles
761 2006 1041 2061 vocentur,
1074 2013 1373 2068 eorumque
1401 1997 1638 2068 episcopi

92 2104 176 2141 non
203 2090 510 2157 primatum,
563 2089 656 2143 sed
706 2096 795 2143 aut
845 2087 1402 2158 metropolitanorum,
1433 2096 1526 2142 aut
1553 2103 1640 2142 ar-

91 2181 525 2251 chiepiscoporum
557 2180 777 2236 nomine
809 2180 1078 2235 fruantur.

145 2270 358 2325 infames
385 2285 510 2326 esse
538 2286 824 2326 censemus
846 2285 1035 2326 omnes
1060 2270 1151 2341 qui
1180 2286 1333 2326 suam
1361 2278 1457 2343 aut
1477 2270 1636 2327 Chri-

92 2361 286 2414 stianam
335 2360 766 2431 prmvaricantur
807 2361 1004 2431 legem,
1030 2370 1123 2415 aut
1149 2361 1462 2416 canonicam
1493 2369 1638 2432 post-

92 2459 264 2519 ponunt
291 2451 671 2506 auctoritatem
712 2449 860 2504 salvo
883 2450 936 2504 in
960 2450 1210 2505 omnibus
1238 2450 1496 2506 Romante
1533 2451 1636 2507 Ec-

91 2539 238 2594 clesiae
259 2539 566 2611 privilegio,
594 2539 774 2595 nullus
818 2538 1266 2608 metropolitanus
1295 2539 1498 2608 absque
1533 2555 1637 2595 ca:-

93 2641 295 2690 terorum
344 2634 595 2688 omnium
671 2630 1205 2701 comprovincialium
1261 2631 1634 2702 episcoporum

92 2720 311 2776 instantia
341 2722 648 2791 aliquorum
681 2721 866 2777 audiat
902 2736 1096 2776 causas
1147 2735 1359 2784 eorum,
1398 2721 1526 2791 quia
1557 2721 1634 2775 ir-

90 2809 184 2863 rita:
199 2820 348 2865 erunt
374 2810 487 2866 imo
511 2819 565 2866 et
591 2825 808 2866 causam
842 2809 896 2867 in
927 2811 1133 2882 synodo
1163 2825 1260 2880 pro
1291 2809 1433 2866 facto
1462 2811 1632 2866 dabit.

143 2898 328 2956 Alienis
371 2901 658 2957 erroribus
706 2899 1003 2964 sociatum,
1047 2899 1129 2955 vel
1175 2914 1206 2953 a
1257 2901 1338 2955 sui
1372 2901 1632 2971 propositi

91 2994 272 3050 tramite
321 2995 698 3060 recedentem,
729 3002 825 3049 aut
876 2993 1050 3050 sacris
1107 2994 1406 3050 canonibus
1455 2994 1634 3050 inobe

92 3086 288 3143 dientem
334 3089 618 3160 suscipere
683 3105 790 3144 non
845 3103 1168 3158 possumus,
1217 3101 1318 3144 nec
1369 3088 1631 3157 impetere

1740 1924 1872 1967 nere
1917 1925 2140 1966 necesse
2185 1907 2367 1974 fuerit,
2401 1908 2502 1962 hoc
2531 1924 2651 1963 cum
2683 1907 2826 1962 omni
2861 1922 3125 1962 consensu
3169 1921 3316 1960 com-

1738 2002 2152 2075 provincialium
2200 2010 2394 2071 agatur
2419 1999 2757 2071 pontiﬁcum,
2789 2015 2893 2054 non
2925 1999 3104 2068 aliquo
3137 1997 3312 2054 domi-

1740 2094 1974 2150 nationis
2016 2091 2178 2157 fastu,
2225 2091 2321 2146 sed
2371 2089 2668 2144 humillima
2702 2098 2757 2143 et
2800 2087 3051 2142 concordi
3086 2086 3319 2142 admini-

1739 2185 2020 2247 stratione,
2048 2183 2188 2238 sicut
2217 2181 2474 2235 Dominus
2497 2179 2570 2232 ait
2599 2197 2612 2232 :
2644 2197 2661 2230 ‹
2702 2177 2811 2233 Nec
2836 2177 2960 2232 veni
2991 2175 3314 2240 ministrari,

1739 2273 1833 2330 sed
1862 2272 2172 2327 ministrare
2199 2269 2394 2341 (Marc.
2422 2285 2478 2331 Χ,
2503 2268 2624 2339 45);
2655 2287 2672 2320 ι
2711 2276 2766 2321 et
2799 2267 2929 2321 alibi
2965 2284 2978 2320 :
3017 2283 3035 2316 ι
3067 2265 3165 2332 Qui
3199 2279 3313 2319 ma-

1732 2364 1821 2436 jor
1863 2371 1946 2419 est
1990 2371 2228 2417 vestrum
2279 2361 2384 2416 erit
2419 2359 2576 2430 155
2607 2358 2853 2413 minister
2894 2366 3075 2413 vester
3102 2356 3311 2428 (Matth.

1735 2451 1826 2518 εδ,
1866 2453 1986 2522 Η),
2035 2470 2054 2502 ι
2091 2460 2145 2506 et
2185 2449 2407 2518 reliqua.
2441 2447 2705 2502 Similiter
2746 2457 2800 2503 et
2831 2447 2929 2517 ipsi
2975 2445 3316 2514 comprovin-

1736 2541 1902 2597 ciales
1929 2539 2168 2611 episcopi
2199 2552 2323 2592 cum
2353 2535 2469 2605 ejus
2513 2535 2738 2591 consilio
2759 2575 2775 2600 ,
2825 2535 2926 2590 nisi
2955 2544 3215 2604 quantum
3245 2534 3313 2588 ad

1735 2631 1983 2702 preprias
2009 2630 2248 2700 pertinet
2283 2628 2568 2699 parochias
2589 2667 2604 2693 ,
2634 2635 2795 2696 agant
2819 2625 2972 2695 juxta
3003 2635 3313 2681 sanctorum

1735 2722 2025 2780 constituta
2054 2721 2274 2798 Patrum
2293 2759 2309 2786 ,
2339 2729 2398 2774 ut
2430 2735 2538 2775 uno
2565 2734 2660 2775 ore
2686 2759 2701 2785 ,
2741 2734 2848 2774 uno
2878 2719 3060 2774 animo
3089 2733 3314 2774 concor-

1734 2813 1872 2870 diter
1899 2820 2088 2868 sancta
2113 2809 2440 2883 gloriﬁcetnr
2466 2809 2703 2865 Trinitas
2736 2809 2790 2864 in
2828 2809 3046 2865 smcula.

1802 2903 2039 2961 Caveant
2085 2902 2292 2973 judices
2332 2902 2620 2968 Ecclesiae,
2673 2917 2741 2958 ne
2785 2902 3007 2958 absente
3051 2917 3118 2958 eo
3166 2903 3318 2973 cujus

1731 3008 1894 3051 causa
1920 2995 2229 3060 ventilatur,
2259 2993 2582 3049 sententiam
2633 2991 2938 3063 proferant;
2992 2993 3116 3062 quia
3163 2993 3316 3047 irrita

1731 3085 1855 3150 erit,
1883 3084 2079 3155 quippe
2105 3093 2158 3140 et
2189 3083 2451 3138 rationem
2482 3099 2578 3154 pro
2619 3083 2830 3137 actione
2867 3083 3090 3138 reddent
3117 3083 3167 3137 in
3195 3098 3319 3154 syn-

91 3189 210 3236 recte
241 3183 527 3238 credentes
558 3181 642 3237 vel
671 3189 980 3237 sanctorum
1005 3180 1224 3236 Patrum
1261 3180 1630 3236 sanctionibus
1657 3159 1702 3222 (ἶ
1735 3176 1857 3239 edo,
1880 3183 1935 3229 et
1959 3181 2018 3230 ut
2041 3175 2332 3245 proditoris
2352 3174 2640 3240 calumnia,
2673 3189 2772 3228 nec
2800 3189 2984 3229 eorum
3007 3183 3189 3243 postea
3215 3190 3316 3229 vox

90 3270 496 3342 obtemperantes
533 3271 918 3340 permittimus.

143 3360 409 3434 Peregrina
449 3362 660 3433 judicia
689 3362 925 3434 generali
954 3365 1234 3418 sanctione
1262 3359 1630 3432 prohibemus,

90 3452 188 3519 quia
225 3453 504 3526 indignum
525 3463 698 3508 estut
724 3454 792 3510 ab
823 3454 1027 3509 exteris
1049 3454 1345 3525 judicetur,
1371 3452 1465 3522 qui
1510 3465 1627 3522 pro-

89 3543 305 3600 vinciales
335 3554 390 3600 et
412 3561 442 3598 a
480 3559 540 3600 se
565 3545 768 3600 electos
798 3544 958 3600 debet
999 3545 1200 3600 habere
1220 3545 1455 3615 judices.

144 3633 282 3689 Salva
310 3635 624 3706 apostolica:
663 3634 916 3690 Ecclesiae
956 3635 1283 3690 auctoritate
1311 3634 1488 3688 nullus
1512 3633 1627 3704 epi-

89 3735 251 3792 scopus
273 3734 422 3781 extra
467 3740 622 3780 suam
651 3726 985 3794 provinciam
1012 3726 1080 3781 ad
1102 3724 1367 3794 judicium
1404 3727 1630 3782 devoce-

91 3823 173 3879 tur,
201 3817 285 3870 sed
333 3826 597 3873 evocatus
647 3817 760 3886 ipse
807 3817 1067 3872 canonice
1107 3817 1162 3872 in
1217 3817 1336 3872 loco
1377 3817 1628 3873 omnibus

88 3918 292 3976 congruo
321 3918 567 3979 tempore
614 3909 858 3979 synodali
893 3910 962 3966 ab
1006 3909 1258 3965 omnibus
1285 3911 1629 3981 comprovin-

88 3996 278 4055 cialibus
322 4000 598 4070 episcopis
651 4001 921 4066 audiatur,
958 4001 1050 4070 qui
1096 4003 1418 4058 concordem
1467 4016 1628 4071 super

88 4099 186 4140 eum
229 4092 650 4160 canonicamque
704 4090 949 4161 proferre
1001 4091 1200 4146 debent
1263 4091 1624 4158 sententiam,

87 4180 304 4260 quoniam
349 4183 395 4237 si
427 4184 536 4237 hoc
568 4181 866 4237 minoribus
915 4190 1022 4235 tam
1052 4181 1211 4237 cleris
1254 4197 1418 4251 quam
1464 4182 1621 4238 laicis

88 4281 366 4328 concessum
409 4281 528 4338 est,
569 4281 772 4343 quanto
814 4272 989 4342 magis
1017 4273 1084 4327 de
1121 4272 1385 4341 episcopis
1419 4273 1624 4328 servari

86 4363 383 4418 convenitur.
413 4361 556 4417 Nam
606 4362 651 4417 si
703 4362 816 4433 ipse
871 4361 1344 4432 metropolitanum
1393 4370 1487 4416 aut
1532 4361 1624 4431 ju-

86 4443 208 4501 dices
243 4459 521 4521 suspectos
545 4451 812 4516 habuerit,
844 4459 938 4505 aut
961 4450 1202 4506 infensos
1223 4452 1454 4507 senserit
1483 4453 1622 4521 apud

1733 3265 2002 3331 audiatur,
2035 3281 2192 3320 nemo
2233 3266 2378 3320 enim
2424 3267 2718 3321 debitorem
2758 3266 2986 3336 amplius
3015 3274 3190 3336 potest
3229 3281 3319 3322 co-

1730 3371 2010 3429 gnoseere,
2052 3371 2214 3428 quam
2260 3356 2348 3414 ille
2391 3358 2484 3414 oui
2537 3358 2788 3414 iniuriam
2827 3355 3047 3430 ejusque
3089 3360 3318 3416 sustinet

1733 3449 2051 3518 nequitiam.

1802 3539 1860 3594 Si
1913 3539 2036 3608 quis
2101 3555 2263 3610 super
2315 3541 2644 3610 quibuslibet
2689 3542 3008 3598 criminibus
3062 3543 3315 3598 clericum

1729 3629 2048 3700 pulsandum
2097 3632 2408 3697 crediderit,
2449 3633 2501 3687 in
2531 3634 2802 3704 provincia
2845 3634 2896 3688 in
2927 3651 3030 3706 qua
3067 3635 3153 3689 ille
3185 3651 3316 3689 con-

1729 3721 1873 3776 sistit
1904 3721 2165 3790 pulsatur,
2203 3739 2329 3778 suas
2363 3734 2613 3779 exerceat
2655 3724 2914 3792 actiones,
2955 3741 3054 3781 nec
3091 3726 3318 3780 arstimet

1729 3826 1875 3878 eum,
1898 3822 2180 3868 accusator
2200 3829 2351 3879 suus,
2377 3815 2524 3879 alibi,
2553 3824 2646 3870 aut
2667 3816 2876 3887 longius
2897 3818 3314 3887 pet-trahendum

1730 3909 1796 3964 ad
1815 3907 2108 3978 judicium;
2143 3909 2230 3964 ille
2262 3924 2388 3963 vero
2415 3909 2506 3978 qui
2542 3908 2783 3978 pulsatus
2811 3907 2992 3973 fuerit,
3025 3911 3070 3963 si
3106 3906 3316 3975 iudices

1727 4009 2005 4070 suspectos
2031 3999 2299 4065 habuerit,
2339 3998 2498 4056 liceat
2534 4000 2818 4070 appellare.
2864 4000 3128 4055 Primates
3159 4017 3315 4056 aecu-

1727 4099 1904 4146 satum
1945 4089 2298 4146 discutientes
2329 4090 2637 4160 episcopum
2687 4107 2790 4144 non
2834 4101 2960 4146 ante
2994 4092 3316 4145 sententiam

1725 4181 2005 4250 proferant
2043 4181 2405 4236 damnationis
2446 4197 2606 4252 quam
2647 4181 2939 4251 apostolica
2977 4182 3096 4238 freti
3133 4194 3316 4236 aucto-

1725 4271 1904 4334 ritate,
1949 4280 2042 4324 aut
2088 4286 2236 4324 reum
2275 4285 2334 4325 se
2369 4270 2482 4339 ipse
2519 4271 2859 4336 conﬁteatur,
2905 4281 2997 4326 aut
3030 4289 3124 4343 per
3163 4274 3317 4327 inno-

1726 4367 1910 4414 centes
1934 4367 1989 4411 ct
2009 4359 2264 4414 canonice
2293 4359 2627 4416 examinatos
2661 4361 2980 4431 regulariter
3008 4371 3170 4417 testes
3195 4380 3318 4418 con-

1727 4450 1993 4504 vincatur.
2043 4449 2252 4504 Irritam
2298 4465 2416 4505 esse
2448 4449 2704 4520 injustam
2751 4453 3124 4523 episc0p0rnm
3161 4454 3315 4507 dam-

88 4537 306 4602 primates
335 4531 665 4606 diceceseos,
692 4548 786 4595 aut
811 4541 952 4611 apud
977 4539 1232 4596 Romanae
1281 4541 1425 4597 sedis
1452 4542 1627 4612 ponti—
1651 4526 1703 4585 Ι)
1730 4540 2023 4605 nationem,
2069 4549 2124 4594 et
2163 4540 2364 4596 idcirco
2407 4557 2437 4594 a
2471 4542 2674 4612 synodo
2704 4544 3120 4607 retractandam,
3152 4543 3222 4596 ita
3258 4554 3316 4598 ut

88 4623 191 4682 lices
207 4629 436 4698 judicetu
445 4647 486 4686 r.

141 4715 330 4776 Nemini
359 4723 423 4777 de
452 4737 512 4778 se
535 4721 781 4778 confesso
808 4721 953 4776 credi
990 4728 1168 4791 potest
1211 4735 1374 4791 super
1416 4722 1622 4778 crimen

89 4803 316 4872 alienum,
347 4813 603 4881 quoniam
650 4811 768 4882 ejus
813 4819 978 4880 atque
1019 4811 1198 4866 omnis
1232 4811 1311 4866 rei
1355 4810 1622 4881 professio

87 4901 350 4965 periculosa
379 4915 481 4970 est,
528 4913 583 4961 et
624 4905 837 4960 admitti
871 4905 1131 4960 adversus
1171 4904 1469 4974 quemlibet
1515 4921 1621 4961 non

88 4987 235 5046 debet.

141 5079 327 5139 Incerta
358 5099 516 5141 nemo
537 5099 772 5155 unquam
809 5084 1122 5156 pontiﬁcum
1144 5084 1392 5154 judicare
1423 5100 1623 5156 prtesu-

89 5177 196 5234 mat,
220 5174 336 5242 quia
363 5176 608 5246 quamvis
636 5190 761 5230 vera
795 5178 923 5242 sint,
951 5191 1059 5230 non
1107 5185 1286 5230 tamen
1329 5177 1618 5240 credenda,

88 5255 170 5310 nisi
191 5277 300 5328 quae
331 5265 632 5320 manifestis
663 5266 878 5320 indiciis
903 5267 1349 5334 comprobantur,
1377 5266 1478 5320 nisi
1506 5281 1624 5335 qua:

88 5348 341 5407 manifesto
365 5352 570 5422 judicio
612 5355 1028 5422 convincuntur,
1053 5355 1157 5410 nisi
1189 5371 1311 5425 qua:
1333 5355 1623 5426 judiciario

87 5435 246 5494 ordine
270 5445 625 5512 publicantur.

143 5527 537 5593 Criminationes
573 5538 833 5608 majorum
878 5545 1004 5591 natu
1049 5541 1146 5607 per
1199 5538 1330 5594 alios
1358 5555 1425 5594 ne
1466 5539 1616 5604 ﬁant,

89 5615 172 5670 nisi
196 5636 283 5689 per
308 5625 450 5695 ipsos
474 5630 562 5699 qui
599 5630 821 5683 crimina
851 5629 1148 5692 intendunt,
1201 5630 1242 5684 si
1291 5641 1469 5686 tamen
1518 5631 1618 5699 ipsi

89 5707 207 5778 digni
237 5718 804 5791 etirreprcbcnsibilcs
846 5724 1209 5794 apparuerint,
1240 5735 1289 5780 et
1341 5726 1473 5782 actis
1518 5726 1616 5795 pu-

1669 4649 1673 4653 ’
1727 4631 1999 4702 oppressis
2028 4633 2094 4689 ab
2121 4632 2370 4687 omnibus
2400 4631 2452 4687 in
2485 4633 2693 4688 cunctis
2721 4633 3067 4688 subveniatur
3091 4633 3268 4688 causis
3295 4651 3312 4700 ;

1727 4724 2063 4780 detractores
2087 4723 2178 4793 qui
2217 4723 2394 4779 divina
2443 4725 2765 4780 auctoritate
2811 4723 3116 4778 eradicandi
3165 4732 3313 4789 sunt,

1725 4824 1780 4871 et
1825 4814 2064 4870 fautores
2107 4814 2442 4870 inimicorum
2493 4815 2560 4870 ab
2598 4815 2885 4885 episcopali
2936 4816 3318 4870 subtnnvemus

1730 4906 2094 4961 accusatione.
2145 4905 2406 4961 Similiter
2437 4921 2504 4961 ne
2533 4920 2862 4960 summorum
2907 4905 3172 4975 quispiam
3215 4904 3314 4957 mi-

1729 5010 1918 5050 norum
1955 4996 2392 5051 accusationibus
2434 4996 2742 5064 impctatur,
2774 5003 2867 5048 aut
2902 4995 3188 5064 dispereat,
3221 5009 3314 5050 ne-

1728 5099 1834 5153 que
1862 5086 1914 5138 in
1941 5101 1999 5139 rc
2028 5085 2190 5140 dubia
2220 5085 2378 5140 detur
2400 5085 2691 5150 sententia,
2715 5098 2815 5139 nec
2839 5084 3002 5139 ullum
3023 5083 3311 5153 judicium,

1728 5177 1829 5231 nisi
1854 5175 2229 5232 ordinabiliter
2255 5177 2497 5231 habitum
2522 5183 2788 5230 teneatur.

1794 5265 1956 5320 Plura
1986 5266 2051 5320 de
2097 5267 2182 5321 his
2233 5267 2354 5322 ideo
2400 5267 2487 5320 hic
2532 5281 2637 5320 non
2667 5266 2953 5322 inserimus
2985 5283 3051 5322 ne
3082 5284 3316 5324 vacuare

1724 5357 1951 5412 vilemve
1981 5357 2289 5427 przcdictam
2335 5357 2513 5412 facere
2555 5358 2816 5427 synodum
2856 5358 3181 5425 videremur,
3221 5368 3314 5412 aut

1725 5449 1998 5505 fastidium
2046 5449 2349 5519 legentibus
2391 5448 2840 5520 audientibusque
2878 5451 3082 5519 prolixa
3114 5451 3315 5504 faceret

1723 5542 1970 5612 epistola.
2004 5541 2059 5596 Si
2086 5542 2208 5612 quis
2237 5549 2415 5596 autem
2446 5541 2513 5596 de
2542 5540 2626 5596 his
2654 5542 2913 5612 ampliora
2945 5550 3106 5610 atque
3141 5541 3312 5594 abun-

1725 5636 1969 5691 dantiora
2010 5635 2147 5690 scire
2174 5633 2422 5700 voluerit,
2461 5633 2514 5689 in
2563 5648 2719 5689 sacro
2747 5643 2944 5689 nostrze
2981 5632 3122 5688 sedis
3141 5630 3312 5686 eccle-

1726 5726 1820 5782 siac
1857 5725 2072 5793 scrinio,
2105 5734 2157 5781 et
2185 5739 2249 5782 ea
2276 5728 2416 5797 qua!
2439 5725 2785 5798 prmdiximus
2818 5723 3056 5780 invenire
3091 5722 3306 5794 poterit.
