3888 6434
583 369 681 426 651

1416 368 1710 455 APPEND.
1737 366 1829 449 AD
1865 364 2049 450 sise.
2076 365 2168 421 ix.
2208 394 2277 406 —-
2315 364 2563 422 tswom
2604 337 3044 421 M'Encnoms
3715 366 3790 424 ωε

585 486 785 541 Verum
810 501 897 542 me
944 486 1143 543 dixisse
1184 486 1334 543 testis
1367 494 1450 542 est
1476 485 1746 550 divinitas,
1773 484 1838 539 de
1862 482 2169 552 reeeptione
2196 488 2247 544 Α
2273 496 2372 537 nec
2402 489 2756 538 exerceantur
2780 465 2985 550 absque
3014 477 3374 534 damnatione.
3408 473 3523 533 Non
3550 490 3665 552 ergo
3686 495 3789 541 recte

586 588 715 629 vero
742 574 883 630 sedis
907 585 963 630 et
998 575 1284 631 sacerdotii
1323 582 1485 644 atque
1523 574 1766 638 honoris,
1808 587 1927 643 qua:
1954 570 2168 626 dixistis

585 665 939 719 Athanasium
970 668 1173 735 absque
1217 665 1430 722 concilii
1480 664 1698 720 decreto
1743 665 2039 734 suscipere,
2065 677 2172 727 non

587 752 658 807 ita
696 753 996 810 invenimus
1046 757 1187 811 sicut
1232 753 1540 812 calumniati
1592 754 1741 818 estis,
1785 751 1878 808 sed
1911 734 2179 821 quorum?

584 846 709 896 dam
764 844 1138 915 episcoporum
1205 845 1432 901 consilio
1482 854 1645 914 atque
1700 845 1919 900 decreto
1973 842 2175 913 recepit

585 949 743 988 suum
773 935 914 1004 quod
950 933 1146 1003 injuste
1174 935 1485 1006 perdiderat
1519 935 1901 999 sacerdotium,
1931 948 1995 988 ac
2029 946 2175 1005 rese-

585 1023 662 1077 dit
690 1023 742 1077 in
774 1016 920 1079 sede.
945 1023 1097 1091 Quod
1129 1025 1272 1079 enim
1314 1023 1630 1094 scripsistis,
1653 1038 1758 1077 non
1801 1037 1923 1078 eum
1954 1035 2112 1093 posse
2143 1010 2175 1075 a

584 1112 839 1183 paueiore
887 1129 1115 1171 numero
1160 1116 1535 1186 episcoporum
1574 1113 1783 1169 restitui
1823 1127 1982 1182 quam
2014 1111 2177 1180 depo-

586 1202 723 1258 situs
756 1201 949 1267 fuerat,
975 1218 1082 1258 non
1108 1204 1184 1258 ita
1220 1212 1322 1269 est,
1355 1218 1453 1259 nec
1497 1202 1610 1257 haec
1638 1201 1822 1273 regula
1845 1200 2174 1255 orthodoxo-

588 1308 704 1347 rum
729 1304 929 1350 sanctte
967 1294 1223 1350 Ecclesiae
1262 1301 1346 1349 est
1385 1293 1781 1364 episcoporum,
1813 1290 1907 1346 sed
1944 1289 2175 1345 Ariano-

589 1396 709 1435 rum
736 1382 1029 1449 sociorum,
1061 1381 1304 1438 videlicet
1336 1382 1572 1436 virorum
1611 1380 1727 1435 haec
1768 1378 2078 1434 adinventio
2108 1378 2176 1433 ad

589 1476 945 1543 perditionem
1009 1464 1433 1531 orthOdoxorum
1488 1472 1865 1543 episcoporum
1913 1466 2177 1526 ’cOntexta

588 1578 690 1622 est.
719 1566 855 1623 Nam
881 1576 940 1622 ut
975 1567 1129 1623 nobis
1162 1582 1193 1621 a
1222 1566 1504 1622 veracibus
1540 1573 1629 1635 est
1667 1563 1894 1619 testibus
1926 1562 2176 1627 relatum,

589 1659 803 1728 quando
828 1658 1130 1714 Antiochia:
1158 1673 1257 1729 pro
1294 1656 1639 1712 damnatione
1685 1654 1807 1709 ﬁdei
1854 1654 1921 1710 de
1949 1652 2179 1709 consub-

591 1750 946 1805 stantialitate
975 1749 1180 1821 prolata
1226 1749 1405 1804 fuistis
1434 1746 1741 1818 congregati
1769 1745 1893 1801 odio
1938 1743 2177 1814 praedicti

587 1842 869 1897 Athanasii
899 1842 1039 1897 hanc
1070 1840 1308 1912 regulam
1352 1838 1650 1908 protulistis
1675 1852 1793 1906 qua:
1818 1835 1989 1890 nullas
2011 1835 2175 1890 habet
2205 1823 2251 1882 Β

588 1931 751 1997 vles,
804 1946 901 1986 nec
944 1930 1143 1986 habere
1188 1930 1404 2000 poterit,
1452 1927 1707 1998 quoniam
1756 1942 1858 1983 nec
1892 1926 1960 1981 ab
1988 1926 2176 1981 ortho-

587 2019 743 2076 doxis
793 2021 1060 2091 episcOpis
1097 2020 1202 2075 hoc
1229 2018 1516 2075 concilium
1561 2027 1739 2087 actum
1773 2025 1875 2083 est,
1922 2030 2020 2071 nec
2067 2015 2177 2070 Ro-

592 2127 765 2166 manae
790 2112 1046 2167 Ecclesue
1068 2110 1264 2183 legatio
1286 2107 1531 2164 interfuit
1550 2106 1844 2163 canonibus
1866 2107 2179 2176 praecipien-

590 2203 734 2256 tibus
761 2202 877 2257 sine
907 2201 1024 2272 ejus
1053 2201 1375 2256 auctoritate
1419 2197 1642 2253 concilia
1684 2197 1798 2252 fieri
1830 2197 2047 2265 debere,
2079 2209 2180 2250 nec

591 2296 755 2351 ullum
805 2305 980 2350 ratum
1010 2304 1113 2361 est,
1162 2302 1252 2349 aut
1297 2294 1401 2350 erit
1448 2306 1683 2362 unquam
1719 2287 2005 2347 concilium
2037 2287 2180 2356 quod

590 2404 696 2442 non
724 2386 915 2441 fultum
950 2387 1110 2443 fuerit
1136 2386 1252 2456 ejus
1280 2385 1618 2440 auctoritate.

638 2479 824 2550 igitur
866 2478 931 2533 de
962 2478 1082 2548 fuga
1111 2492 1273 2546 super
1295 2490 1401 2546 qua
1437 2472 1793 2528 Athanasium
1834 2469 2183 2541 reprehendi-

590 2573 661 2625 tis
708 2586 811 2625 non
858 2568 994 2623 bene
1033 2567 1212 2638 agitis,
1244 2581 1370 2621 cum
1408 2580 1521 2636 ipse
1567 2564 1825 2620 Dominus
1873 2562 2181 2615 mandatum

522 2720 530 2728 ,
590 2662 693 2716 hoc
742 2659 896 2715 nobis
944 2659 1184 2731 dedita:
1221 2656 1354 2712 Cum
1413 2654 1679 2726 persecuti
1731 2668 1826 2708 vos
1882 2651 2079 2706 fuerint
2127 2651 2180 2705 in

591 2769 693 2807 una
745 2752 982 2816 civitate,
1034 2749 1200 2820 fugite
1248 2748 1303 2803 in
1353 2745 1774 2818 aliam‘(Matth.
1828 2760 1886 2810 ι,
1926 2742 2040 2813 25),
2080 2761 2097 2793 ι
2132 2754 2186 2799 et

592 2845 704 2914 ipse
740 2841 997 2897 Dominus
1027 2856 1122 2910 per
1157 2838 1507 2908 semetipsum
1549 2820 1856 2906 exemplum
1905 2833 2060 2889 nobis
2094 2833 2185 2888 de-

594 2947 925 3001 monstrans,
955 2954 971 3005 ι
1002 2932 1215 3004 quando
1237 2928 1493 2985 Pharisaei
1520 2928 1803 2984 consilium
1829 2924 2071 2982 fecerunt
2093 2924 2187 2978 ad-

595 3044 781 3082 versus
807 3042 954 3094 eum,
985 3036 1043 3080 ut
1068 3041 1190 3079 eum
1222 3022 1553 3078 occiderent.
1594 3019 1787 3076 Sciens
1826 3027 2004 3072 autem
2031 3014 2187 3070 Jesus

595 3121 842 3176 discessit
869 3120 990 3175 inde
1015 3115 1230 3189 (Matth.
1272 3131 1371 3179 xu,
1404 3113 1488 3180 14,
1516 3112 1601 3182 15)
1629 3129 1644 3178 ;
1686 3131 1704 3165 r
1732 3119 1785 3167 et
1814 3109 1978 3164 alibi:
2013 3125 2032 3159 ι
2078 3107 2185 3162 Tu-

2269 574 2455 644 egistis
2483 572 2626 643 quod
2667 571 2952 640 prtedictos
2992 568 3189 625 fratres
3230 569 3539 624 calumniati
3566 572 3698 635 estis,
3732 572 3792 627 dl-

2271 673 2426 721 cente
2470 665 2697 721 Domino
2735 683 2749 720 :
2794 684 2813 717 ι
2847 663 2965 719 Non
3018 663 3186 719 facies
3235 663 3558 719 calumniam
3601 664 3792 732 proximo

2273 766 2383 821 tuo,
2408 770 2505 811 nec
2534 755 2587 811 vi
2615 754 2887 825 opprimes
2906 769 3026 809 eum
3057 753 3209 824 (Luc.
3231 769 3345 818 xxx,
3372 754 3483 825 15).
3521 773 3539 806 ι
3572 753 3668 808 Nec
3688 764 3792 810 recte

2271 848 2458 918 egistis
2481 848 2623 917 quod
2649 846 2804 903 nobis
2840 845 3158 901 inconsultis
3193 843 3481 900 concilium
3520 841 3791 907 celebrastis,

2266 953 2472 1015 eosque
2513 938 2579 993 ad
2623 936 2909 994 concilium
2956 937 3195 993 voca‘stis
3223 945 3281 993 et
3305 937 3564 991 damnare
3596 951 3792 1006 prtesum-

2273 1029 2459 1100 psistis
2474 1028 2772 1107 canonibus
2801 1028 2879 1100 (ut
2904 1029 3238 1107 praemissum
3258 1026 3360 1099 est)
3378 1024 3689 1095 iubentibus,
3701 1027 3796 1082 nihil

2275 1131 2342 1171 ex
2373 1117 2457 1172 his
2486 1104 2691 1186 absque
2719 1116 2877 1187 hujus
2903 1101 3102 1171 sancta
3123 1115 3267 1172 sedis
3290 1116 3607 1171 auctoritate
3624 1115 3796 1172 fier-ide-

2274 1207 2426 1262 bere.
2459 1204 2576 1260 Non
2618 1214 2762 1262 recte
2786 1206 2973 1276 egistis
2997 1209 3139 1276 quod
3164 1204 3501 1276 regulariter
3531 1220 3560 1258 a
3594 1204 3722 1260 nobis
3751 1208 3796 1260 ad

2276 1294 2559 1351 concilium
2585 1295 2757 1350 vocati
2786 1295 2969 1350 venire
3007 1294 3309 1350 distulistis.
3348 1293 3469 1349 Non
3497 1302 3635 1349 recte
3663 1295 3795 1365 egistis

2277 1387 2421 1457 quod
2464 1394 2653 1442 contra
2695 1401 2788 1441 cos
2838 1385 3099 1440 rationem
3139 1384 3387 1448 reddere,
3418 1390 3479 1437 ut
3522 1392 3682 1438 vestra
3708 1399 3796 1454 erga

2278 1492 2372 1533 eos
2395 1484 2489 1532 aut
2506 1477 2826 1547 probaretur
2853 1484 2997 1530 recta
3015 1475 3318 1540 sententia,
3353 1482 3449 1528 aut
3474 1473 3795 1544 improbaretur

2279 1582 2385 1622 non
2416 1566 2657 1630 venistis,
2700 1578 2797 1620 nec
2834 1564 3152 1620 rationalem
3192 1562 3493 1619 mandastis
3538 1572 3796 1628 causamn

2280 1658 2421 1729 quod
2450 1658 2565 1712 haec
2603 1656 2879 1712 renuistis.

2352 1751 2448 1807 His
2473 1764 2601 1822 ergo
2641 1749 2892 1804 omnibus
2934 1747 3237 1819 perpensis,
3283 1745 3623 1801 manifestum
3651 1753 3795 1798 estros

2279 1859 2401 1901 reos
2436 1844 2688 1907 existere,
2732 1849 2787 1896 et
2832 1840 2952 1896 illos
2992 1840 3307 1895 innocentes
3348 1850 3640 1902 remanere,
3664 1846 3706 1891 et
3735 1851 3795 1891 ros

2266 1943 2427 1993 recte
2453 1930 2967 1996 excommunicatos,
2994 1929 3224 2000 illosque
3250 1927 3395 1998 iuste
3423 1926 3648 1983 liberari.
3672 1923 3797 1979 Noluit

2280 2025 2463 2095 i-aque
2493 2022 2750 2077 Dominus
2781 2032 2887 2076 tam
2924 2019 3115 2074 leviter
3160 2034 3287 2075 suos
3316 2017 3553 2073 tractari
3592 2016 3797 2070 ministros

2281 2115 2421 2169 sicut
2451 2113 2646 2180 facitis,
2678 2120 2770 2168 aut
2799 2128 2829 2167 a
2860 2111 3011 2167 vobis
3039 2110 3307 2176 damnari,
3347 2109 3442 2164 sed
3486 2108 3634 2179 (sicut
3653 2120 3797 2178 mem

2282 2215 2457 2268 ratum
2496 2206 2600 2277 est)
2646 2214 2738 2259 aut
2767 2205 2833 2258 ab
2867 2204 2971 2258 hac
3004 2202 3131 2258 sede
3172 2201 3259 2256 cui
3288 2197 3562 2255 commissi
3599 2204 3717 2259 sunt,
3738 2205 3799 2248 aut

2283 2310 2380 2351 suo
2409 2292 2672 2348 reservari
2693 2290 2933 2361 judicio;
2966 2290 3042 2345 ait
3066 2290 3209 2343 enim
3240 2306 3253 2342 :
3282 2306 3302 2339 ι
3330 2287 3434 2354 Qui
3468 2300 3560 2341 vos
3583 2284 3798 2340 contrista-

2283 2388 2383 2452 bit,
2427 2400 2514 2440 me
2580 2383 2967 2448 contristabit;
3025 2382 3116 2453 qui
3165 2379 3364 2435 fecerit
3408 2378 3643 2450 injuriam
3677 2374 3796 2435 vobis,

2284 2476 2509 2545 recipiet
2537 2474 2589 2529 id
2615 2473 2758 2543 quod
2803 2472 2983 2542 inique
3014 2470 3181 2541 gessit
3211 2467 3443 2542 (Colon.
3488 2484 3565 2535 tu,
3602 2465 3690 2536 l5).
3720 2464 3798 2517 »Ει

2285 2576 2483 2640 quanta
2514 2581 2669 2637 poma
2697 2571 2972 2635 exspectet
3003 2576 3097 2618 eos
3119 2562 3210 2632 qui
3251 2560 3472 2616 Domini
3510 2556 3799 2615 scandalizant

2286 2661 2616 2732 discipulos;
2644 2658 2991 2730 Evangelium
3030 2656 3362 2713 sufficienter
3402 2654 3625 2725 exponit,
3658 2651 3729 2708 ubi
3755 2650 3798 2706 de

2287 2753 2773 2812 scandalizantibus
2817 2748 3109 2820 discipulos
3157 2748 3419 2820 loquitur.
3474 2745 3596 2801 Nam
3637 2741 3745 2813 quod
3779 2757 3797 2793 ι

2288 2846 2440 2901 vobis
2487 2860 2592 2898 non
2642 2843 2750 2898 sint
2796 2840 3104 2903 damnandi,
3147 2839 3241 2894 sed
3288 2845 3386 2893 aut
3426 2837 3494 2892 ab
3540 2836 3628 2891 hac
3668 2839 3799 2888 sancta

2290 2935 2371 3007 (ut
2418 2932 2699 3004 praefatum
2746 2928 2850 3001 est)
2902 2929 3049 2993 sede,
3109 2936 3201 2983 aut
3254 2927 3360 2983 sibi
3401 2922 3696 2987 reservandi,
3722 2922 3799 2990 ipse

2289 3022 2572 3079 manifeste
2602 3021 2693 3075 dat
2719 3017 3022 3089 exemplum
3050 3017 3266 3088 quando
3294 3024 3578 3086 peccantes
3606 3010 3794 3069 sacerdo-

2294 3126 2394 3178 tes,
2424 3126 2651 3182 quorum
2682 3109 2858 3165 locum
2902 3107 3060 3164 modo
3107 3107 3161 3162 in
3202 3117 3396 3163 sancta
3441 3104 3655 3161 Ecclesia
3672 3106 3797 3156 tenent

598 3215 774 3268 let'uul
799 3211 1002 3282 lapides
1023 3209 1192 3265 Judati
1220 3219 1278 3263 ut
1301 3207 1546 3279 jacerent
1570 3204 1623 3258 in
1645 3219 1788 3259 eum.
1821 3198 1977 3256 Jesus
2008 3209 2187 3254 autem
2215 3177 2258 3238 (ί
2291 3177 2548 3274 episcopi,
2597 3216 2702 3255 non
2733 3214 2832 3271 per
2868 3198 3051 3265 alium‘,
3084 3197 3177 3253 sed
3220 3211 3319 3268 per
3366 3195 3681 3264 semetipsum
3713 3204 3796 3244 rea-

600 3306 882 3360 abscondit
912 3319 994 3370 se,
1023 3312 1076 3358 et
1110 3301 1279 3356 exivit
1322 3299 1388 3354 de
1430 3296 1623 3367 templo
1653 3294 1833 3366 (Joan.
1877 3309 1992 3359 vm,
2019 3292 2133 3362 59),
2154 3298 2185 3342 ἰ

598 3410 652 3453 et
678 3418 695 3450 ι
721 3397 988 3453 transiens
1002 3411 1094 3465 per
1117 3393 1349 3448 medium
1372 3404 1580 3454 eorum,
1607 3387 1740 3442 abiit
1770 3383 1923 3455 (Luc.
1943 3399 2015 3449 tv,
2043 3382 2187 3451 59),»

600 3502 651 3548 et
677 3492 748 3544 ita
771 3488 1038 3552 discessit,
1071 3501 1192 3539 nam
1222 3490 1275 3538 et
1310 3478 1555 3546 discipuli
1595 3485 1815 3547 propter
1854 3482 2054 3529 metum
2092 3470 2192 3549 ιιι-

551 3619 555 3623 -
602 3584 840 3638 decorum
883 3583 1243 3640 recesserunt,
1268 3572 1503 3629 celantes
1529 3566 1886 3637 semetipsos,’
1905 3573 1959 3619 et
1995 3562 2195 3618 Paulus

603 3675 655 3728 in
697 3674 958 3727 Damasco
1000 3685 1031 3723 a
1074 3668 1315 3739 principe
1342 3663 1517 3736 gentis
1540 3660 1819 3730 quaesitus,
1841 3658 1909 3713 de
1955 3672 2111 3712 muro
2141 3655 2195 3710 in

604 3777 785 3835 spor;a
822 3761 1097 3833 depositus
1137 3767 1241 3821 est,
1273 3764 1327 3811 et
1359 3768 1547 3810 manus
1590 3750 1882 3822 quaerentis
1906 3747 2109 3819 effugit,
2143 3756 2199 3802 et

604 3858 694 3911 alii
741 3871 900 3927 quam
929 3851 1146 3924 plurimi
1168 3860 1223 3905 et
1270 3843 1690 3902 innumerabiles
1740 3842 1934 3905 sancti,
1994 3848 2100 3893 tam
2143 3838 2195 3892 in

605 3946 785 4001 Veteri
816 3945 1160 4000 Testamento
1191 3953 1350 4009 quam
1393 3936 1445 3991 in
1491 3933 1641 3988 Novo
1684 3930 1885 4000 fugisse
1922 3929 2193 3999 leguntur.

612 4038 669 4093 Si
698 4053 824 4107 ergo
852 4035 1031 4106 fugam
1080 4028 1456 4103 improperatis
1501 4025 1848 4095 fugientibus,
1901 4020 2202 4078 erubescite

610 4129 791 4200 potius
838 4124 1107 4196 persequi,
1130 4134 1186 4178 et
1210 4120 1474 4192 quiescite
1520 4115 1787 4182 insidiari,
1818 4115 2201 4185 quiesceutque

610 4221 865 4276 continuo
919 4218 1204 4288 fugientes.
1256 4214 1388 4270 Nam
1423 4215 1534 4270 sive
1581 4210 1859 4284 perimatis
1896 4225 2009 4275 eos,
2056 4223 2201 4264 mors

612 4326 825 4378 semper
865 4317 1050 4364 contra
1080 4322 1175 4362 vos
1209 4306 1495 4367 exclamat,
1533 4303 1644 4358 sive
1671 4317 1858 4357 rursus
1897 4300 2084 4357 exsilia
2112 4315 2201 4355 su-

610 4401 937 4473 per-ponatis,
964 4399 1160 4470 ubique
1204 4397 1257 4453 in
1284 4414 1380 4454 vos
1424 4396 1547 4451 mali
1596 4394 1906 4449 memoriam
1936 4392 2203 4448 destinare

613 4493 919 4558 noscimini,
972 4503 1026 4547 et
1075 4491 1147 4544 illi
1190 4488 1440 4559 patiendo
1485 4487 1585 4541 sibi
1624 4484 1933 4554 proficiunt.
1971 4481 2120 4538 Unde
2149 4488 2205 4534 et

615 4585 873 4640 Dominus
917 4582 1028 4636 ait:
1064 4601 1083 4633 ι
1112 4580 1286 4635 Nolite
1332 4580 1520 4633 timere
1547 4591 1640 4631 eos
1680 4575 1770 4645 qui
1802 4572 2051 4628 occidunt
2083 4584 2194 4623 cor-

614 4689 733 4744 pus,
766 4672 1000 4726 animatn
1030 4678 1207 4724 autem
1236 4683 1340 4722 non
1370 4674 1590 4735 possunt
1614 4664 1879 4728 occidere,
1911 4661 2004 4716 sed
2028 4659 2203 4730 potius

612 4782 735 4819 cum
766 4766 948 4818 timete
985 4763 1074 4833 qui
1110 4769 1284 4832 potest
1331 4761 1564 4813 animam
1594 4767 1647 4812 et
1673 4771 1870 4825 corpus
1896 4754 2120 4826 perdere
2150 4752 2203 4806 in

615 4859 915 4929 gehennam
941 4854 1156 4927 (Matth.
1186 4869 1244 4917 x,
1273 4852 1386 4922 28).
1425 4871 1442 4903 ι
1470 4849 1663 4904 Multos
1687 4848 1829 4903 enim
1860 4845 2207 4917 cognovimus

615 4950 865 5018 pessimis
918 4945 1404 5002 machinationibus
1461 4941 1658 5010 injuste
1720 4938 2007 5007 depositos.
2082 4934 2207 4990 Ideo

619 5055 963 5109 summopere
1008 5055 1093 5094 me
1121 5037 1208 5093 cui
1252 5036 1367 5090 vice
1402 5032 1766 5103 apostolorum
1797 5027 2055 5099 principis
2083 5024 2203 5080 uni-

624 5130 848 5185 versalis
885 5129 1139 5185 Ecclesia:
1181 5142 1311 5184 cura
1360 5123 1644 5179 commissa
1680 5126 1783 5184 est,
1820 5115 2205 5189 providendum

622 5228 728 5284 est,
777 5218 1068 5279 auxiliante
1121 5219 1236 5287 ipso
1279 5228 1489 5270 summo
1519 5208 1795 5282 Apostolo,
1847 5222 1915 5262 ne
1959 5206 2211 5273 deinceps

627 5310 751 5363 talia
796 5308 949 5374 fiant,
985 5308 1239 5377 quoniam
1286 5306 1407 5361 ideo
1444 5303 1559 5367 haec
1600 5309 1801 5356 sancta:
1840 5297 1950 5352 sedi
1990 5293 2211 5366 praefata

623 5397 902 5471 privilegia
925 5395 1229 5464 specialiter
1254 5403 1379 5450 sunt
1421 5405 1705 5451 concessa.
1746 5397 1853 5442 tam
1891 5387 1958 5442 de
1986 5401 2210 5457 congre-

625 5491 820 5561 pandis
858 5487 1122 5553 conciliis,
1160 5497 1215 5542 ct
1247 5486 1465 5558 judiciis
1513 5499 1576 5541 ae
1618 5479 2045 5539 restitutionibus
2090 5477 2206 5549 epi-

627 5596 914 5655 scoporum
928 5595 1087 5650 quam
1101 5587 1156 5633 et
1173 5580 1239 5633 de
1260 5576 1578 5650 negotiis,',ul
1604 5576 1671 5630 ab
1685 5589 1746 5629 ea
1767 5586 1955 5628 omnes
1966 5569 2209 5640 oppressi

630 5677 909 5740 auxilium,
946 5682 1001 5729 et
1027 5670 1224 5742 injuste
1259 5670 1496 5726 damnati
1541 5666 1933 5723 restitutionem
1975 5669 2205 5725 sumant,

630 5779 682 5824 et
711 5769 833 5823 talia
866 5768 929 5823 ab
957 5764 1212 5837 improbis
1251 5779 1316 5819 ne
1343 5768 1734 5834 praesumantur
1762 5759 1962 5828 absque
1991 5753 2208 5819 ultione,

2292 3295 2481 3355 dentes
2507 3300 2562 3348 et
2587 3298 2827 3346 ementes
2852 3287 3009 3358 cjecit
3040 3285 3106 3342 de
3136 3284 3358 3355 templo,
3393 3293 3448 3341 et
3470 3295 3660 3339 mensas
3692 3287 3797 3333 autn'

2295 3383 2644 3440 mulariorum
2699 3379 2918 3450 proprio
2970 3374 3165 3432 evertit
3218 3374 3452 3447 ﬂagello,
3502 3382 3554 3429 et
3598 3367 3725 3440 cjecit
3754 3366 3797 3418 de

2297 3473 2515 3544 templo.
2541 3473 2607 3528 Et
2652 3472 2767 3542 ipse
2793 3468 2919 3524 alibi
2958 3468 3079 3541 ait;
3110 3485 3128 3519 ι
3163 3465 3307 3522 Deus
3346 3463 3492 3521 stetit
3526 3462 3575 3518 in
3600 3469 3796 3532 synagoga

2297 3567 2541 3630 deorum,
2569 3563 2622 3618 in
2654 3560 2829 3617 medio
2854 3567 3032 3613 autem
3068 3556 3196 3612 deos
3224 3555 3468 3612 decernit
3496 3549 3648 3623 (Paul.
3670 3559 3796 3606 unt.

2297 3658 2373 3730 1),
2411 3675 2430 3709 r
2464 3664 2521 3711 et
2540 3654 2747 3723 reliqua
2771 3650 2896 3704 talia
2923 3658 2979 3703 et
2999 3648 3084 3703 bis
3105 3647 3300 3702 similia
3326 3664 3342 3712 ;
3372 3656 3426 3701 et
3455 3641 3571 3698 alibi
3591 3640 3703 3695 idem

2298 3724 2412 3804 ait:
2449 3766 2467 3799 ι
2500 3744 2675 3802 Nolite
2721 3743 2987 3814 judicare,
3041 3746 3103 3795 ut
3156 3753 3261 3793 non
3315 3732 3644 3807 judicemini;
3686 3724 3797 3783 nolite

2299 3842 2694 3903 condemnare,
2736 3844 2798 3891 ut
2844 3849 2948 3889 non
2979 3830 3410 3888 condemnemini
3432 3826 3572 3899 (Luc.
3594 3839 3657 3888 γι,
3680 3816 3792 3888 5⁸1),ι

2300 3936 2354 3990 in
2380 3947 2486 4005 quo
2511 3930 2653 3995 enim
2676 3921 3283 3998 judiciojudicaveritis,
3306 3911 3683 4005 judicabimini,
3707 3917 3795 4005 qna-

2300 3997 2521 4098 propter
2562 3997 2687 4077 non?
2713 4029 2819 4074 tam
2875 4026 3081 4072 temere
3127 4013 3208 4086 (ut
3244 4027 3343 4068 vos
3389 4005 3571 4077 facitis)
3604 3997 3796 4098 quispiam

2303 4084 2452 4172 suain
2483 4119 2771 4185 prmsumat
2792 4120 3042 4164 evomere
3065 4084 3430 4172 iniquitatem,
3451 4096 3537 4154 sed
3549 4084 3794 4185 judicale

2304 4177 2499 4262 cuncta
2523 4207 2736 4273 oportet
2762 4196 2967 4262 rimari,
2991 4204 3045 4250 et
3068 4194 3312 4249 ordinem
3334 4203 3510 4245 rerum
3533 4184 3660 4255 plena
3683 4177 3795 4273 illam:

2303 4300 2499 4355 sitione
2527 4266 2817 4355 discutere,
2854 4304 2956 4345 nec
2981 4288 3048 4342 de
3079 4285 3181 4340 illis
3206 4299 3325 4353 quae
3346 4282 3397 4338 ei
3426 4280 3693 4334 inconcessa
3715 4266 3796 4319 sunt

2305 4388 2412 4444 ullo
2438 4382 2871 4453 modojudicium
2901 4390 3248 4449 prarsumere,
3278 4363 3793 4453 interrogandiacpro:

2306 4458 2538 4544 ponendi
2568 4443 2963 4539 adjiciendique
3004 4462 3277 4534 patientia_
3310 4443 3568 4544 prohibita
3601 4449 3656 4502 ab
3677 4443 3793 4544 cari

2307 4525 2378 4620 irbi
2403 4563 2542 4617 actio
2569 4525 2800 4631 partium
2845 4525 3072 4610 limitata
3103 4552 3175 4607 sit
3213 4525 3457 4621 pleniter.
3489 4542 3601 4598 Haec
3625 4525 3793 4631 prius?-

2308 4616 2600 4730 tigantibus
2650 4668 2746 4708 sua
2790 4649 2920 4704 velit
2968 4645 3236 4703 sententia
3270 4642 3507 4703 obviare,
3538 4616 3793 4730 nisi

2284 4716 2380 4806 'ib‘i
2408 4743 2640 4819 peractis
2664 4742 2915 4797 omnibus
2934 4737 3046 4807 jam
3080 4734 3215 4791 nihil
3253 4732 3477 4802 amplius
3502 4716 3729 4782 habuerint

2308 4810 2605 4910 quzestione
2633 4832 2775 4904 quod
2804 4834 3127 4902 proponant,
3176 4839 3273 4879 nec
3310 4825 3515 4892 oportet
3555 4810 3789 4910 quotation-:1:

2302 4898 2534 4998 iudicari
2577 4933 2670 4979 aut
2729 4898 2972 4978 damnari
3005 4927 3321 4985 antequam
3375 4923 3497 4966 suos
3541 4898 3790 4998 accusati)?

2309 4981 2601 5094 prtesentes
2649 5016 2884 5079 habeat,
2948 4981 3233 5077 locumque
3295 4994 3597 5094 defendendi,

2309 5071 2604 5182 spatiosum
2631 5106 2698 5162 ad
2722 5071 2987 5161 abluenda
3016 5071 3263 5156 crimina.
3291 5093 3538 5182 Similiter
3561 5082 3605 5140 in
3621 5071 3788 5182 iuni—If

2310 5170 2514 5275 synodo
2562 5206 2821 5255 statutum
2868 5202 2969 5261 est,
3018 5202 3078 5248 ut
3123 5190 3263 5245 ultra
3302 5179 3572 5275 provincia:
3593 5170 3787 5275 ἰθξπξξξ

2313 5253 2603 5347 accusandi
2638 5285 2910 5342 licentiam
2954 5253 3062 5337 non
3104 5253 3494 5350 progrediatur,
3518 5262 3606 5322 nisi
3628 5253 3786 5350 atillam:

2317 5379 2669 5452 apostolicam
2693 5375 2874 5431 sedem
2908 5347 3280 5444 prome—aluta.
3310 5365 3375 5421 ad
3396 5373 3545 5432 quam
3568 5347 3783 5452 θωῗῗιξῗ

2880 5427 3081 5532 absque
3102 5459 3212 5514 ullo
3232 5427 3586 5526 impedimento
3601 5453 3625 5492 a
3639 5427 3785 5532 quib"?

2319 5566 2442 5622 dam
2470 5561 2677 5634 agendo
2700 5555 2969 5617 conﬂuere
2994 5528 3216 5611 debent.
3261 5547 3506 5607 Similiter
3525 5540 3569 5595 in

2322 5657 2424 5711 fixa
2452 5616 2655 5727 synodo
2687 5657 2773 5706 est
2803 5648 3098 5711 decretum,
3127 5659 3195 5699 ne
3224 5637 3466 5710 suspecti,
3503 5636 3581 5727 aut
3611 5616 3781 5727 infami;

2321 5759 2411 5806 aut
2449 5694 2744 5812 ciiminosi,
2786 5749 2878 5798 aut
2920 5739 3150 5811 gravosi,
3197 5736 3279 5793 vel
3332 5722 3695 5789 calumniatores,
3727 5694 3779 5749 νο]
