3888 6438
66 350 162 404 655

1313 352 1803 410 DECRETALIUM
1838 351 2241 411 CULLECTIO.

3238 361 3342 419 63S

63 461 260 526 attines,
292 467 389 516 aut
416 461 695 529 scelerati,
725 472 816 517 aut
850 461 1004 519 facile
1044 463 1314 533 litigantes
1352 462 1653 533 suscipian-
1683 471 1731 529 Α
1764 475 1784 511 ι
1822 457 1937 514 Νοιι
1967 474 2075 529 quo
2104 461 2261 517 modo
2291 461 2437 518 videt
2475 461 2637 518 homo
2671 463 2817 520 videt
2846 463 3006 532 Deus,
3035 448 3157 538 quia
3184 469 3347 525 homo

63 565 144 607 tur
184 563 566 621 accusatores,
610 556 703 611 sed
744 556 877 611 tales
915 557 1007 625 qui
1057 557 1203 611 omni
1234 565 1455 610 careant
1481 554 1655 625 suspi-

61 648 243 713 cione;
278 647 412 717 quia
454 648 737 703 columnas
765 662 892 702 suas
935 647 1193 702 Dominus
1237 645 1465 699 firmiter
1509 655 1653 700 stare

58 738 232 802 voluit,
286 752 393 793 nec
443 752 477 792 a
523 739 842 809 quibusdam
896 739 1109 810 agitari.
1156 738 1416 793 Similiter
1459 739 1653 792 statuit

57 825 267 893 praefata
291 826 567 896 synodus,
588 834 646 882 ut
668 826 870 882 nullum
895 828 1155 882 sententia
1177 842 1283 882 non
1306 842 1336 881 a
1357 842 1454 884 suo
1469 826 1650 895 judice

56 917 186 970 dicta
217 916 589 987 constringat,
614 916 826 987 judices
853 927 1030 971 autem
1055 917 1145 971 alii
1174 931 1292 972 esse
1320 933 1423 972 non
1456 918 1649 971 debent

55 1021 203 1075 quam
237 1021 377 1075 quos
405 1006 533 1077 ipse
558 1007 647 1076 qui
675 1007 968 1076 impeditur
996 1007 1239 1078 elegerit,
1267 1018 1360 1063 aut
1383 1023 1519 1078 quos
1546 1023 1644 1063 suo

55 1114 165 1152 cum
191 1113 468 1154 consensu
518 1097 635 1154 htec
670 1107 857 1153 sancta
899 1099 1072 1165 sedes,
1112 1108 1208 1154 aut
1242 1100 1359 1170 ejus
1383 1098 1642 1168 primates

57 1193 364 1248 auctoritate
412 1190 580 1261 hujus
618 1201 819 1248 sancta:
855 1192 997 1247 sedis
1033 1192 1416 1263 delegaverint;
1451 1199 1518 1246 e'x
1558 1191 1642 1247 his

55 1284 182 1338 enim
208 1292 263 1337 et
284 1282 413 1338 aliis
442 1297 571 1351 quae
602 1291 710 1341 tam
753 1282 806 1337 in
853 1284 953 1338 hac
991 1291 1177 1337 sancta
1227 1285 1352 1337 sede
1387 1296 1550 1351 quam
1586 1290 1640 1335 et

55 1373 112 1426 ab
150 1370 410 1441 apostolis
455 1385 755 1441 eorumque
803 1371 1203 1427 successoribus
1241 1380 1367 1426 sunt
1414 1379 1638 1436 statuta,

58 1461 171 1515 nihil
201 1459 450 1531 praefatis
478 1461 744 1532 episcopis
765 1460 1122 1519 concessistis.
1141 1460 1236 1514 sed
1257 1459 1362 1513 vim
1391 1459 1473 1514 eis
1507 1458 1641 1514 infe-

57 1561 237 1616 rentes,
268 1542 589 1621 injusteque
615 1551 696 1621 (ut
727 1552 971 1622 superius
1017 1559 1496 1606 commemoratum
1533 1558 1636 1628 est)

57 1657 137 1697 eos
186 1640 517 1696 damnantes
567 1641 775 1710 aliquos
819 1641 1073 1696 absentes
1125 1640 1437 1709 expulistis,
1495 1642 1638 1710 quod

42 1722 182 1784 omni
215 1728 550 1785 Christianae
589 1730 830 1801 religioni
877 1738 961 1785 est
1002 1730 1298 1795 inimicum,
1345 1730 1397 1785 in
1444 1730 1638 1800 quibus

1754 546 1997 613 videtin
2043 547 2204 616 faeie,
2232 552 2371 607 Deus
2412 562 2591 609 autem
2635 555 2688 610 in
2731 557 2893 611 corde
2936 558 3098 614 videt.
3133 579 3152 612 ι
3193 561 3259 616 Et
3289 563 3342 617 in

1753 637 2236 709 Paralipomenon:
2271 661 2290 695 ι
2331 643 2524 699 Omnia
2559 647 2720 701 corda
2766 657 3042 704 scrutatur
3083 650 3246 718 Deus,
3291 663 3347 709 et

1751 741 1965 814 omnem
2013 732 2395 801 cogitationem
2446 735 2593 790 novit
2621 736 2672 808 (Ι
2702 736 2833 792 Par.
2874 757 3063 808 xxvm,
3105 743 3181 814 9).
3226 764 3244 797 ι
3277 745 3345 800 Et

1752 813 1876 871 alibi
1924 817 2187 887 scriptum
2232 831 2313 876 est
2344 836 2358 875 :
2395 842 2413 874 ι
2452 822 2568 878 Non
2607 835 2782 895 potest
2816 828 3052 885 humano
3090 813 3343 889 condem-

1750 904 1865 958 nari
1914 907 2164 963 examine
2194 925 2353 979 quem
2382 912 2523 969 Deus
2565 931 2662 971 suo
2714 919 3012 973 reservavit
3035 917 3280 990 judicio;
3315 943 3337 979 s

1748 993 1863 1049 haec
1889 999 2069 1051 omnia
2099 1014 2435 1070 summopere
2471 1009 2818 1073 prazcavenda
2861 1020 3003 1075 sunt,
3050 1029 3148 1069 nec
3177 1030 3336 1071 accu-

1747 1086 1885 1140 satio
1911 1087 2282 1158 episcoporum
2304 1090 2460 1148 facile
2485 1102 2566 1149 est
2585 1098 3127 1166 recipienda,dicente
3150 1104 3327 1160 Domi-

1745 1191 1814 1229 no
1843 1194 1856 1229 :
1888 1195 1907 1228 ι
1939 1176 2053 1232 Νοη
2079 1182 2341 1250 suscipias
2366 1200 2552 1240 vocem
2584 1190 2877 1257 mendacii;
2910 1212 2928 1244 ι
2960 1203 3014 1247 et
3039 1194 3337 1265 Apostolus

1743 1264 1917 1335 inquit
1982 1268 2240 1325 adversus
2302 1275 2674 1345 presbyterum
2746 1264 3149 1353 inscriptionem
3227 1303 3335 1343 non

1742 1357 2137 1428 suscipiendam
2167 1364 2369 1433 absque
2399 1367 2715 1425 duobus‘vel
2744 1374 2913 1430 tribus
2953 1376 3160 1434 idoneis
3191 1382 3336 1437 testi.
3422 1440 3429 1445 ,

1741 1448 1860 1503 bus.
1894 1449 1949 1503 Si
1983 1450 2097 1507 haec
2134 1453 2200 1508 de
2232 1459 2563 1528 presbyteris
2586 1461 2669 1516 vel
2698 1466 2909 1521 caneris
2935 1466 3179 1526 fidelibus
3210 1483 3337 1528 sunt

1739 1540 2108 1604 praecavenda,
2137 1552 2340 1610 quanto
2385 1548 2555 1616 magis
2593 1550 2660 1604 de
2696 1552 2980 1623 episwpis.
3009 1556 3215 1623 Quibus
3240 1576 3334 1617 co-

1740 1628 1921 1722 gnitis-
1936 1632 2107 1700 magis
2129 1648 2223 1688 vos
2244 1636 2504 1692 dominari
2530 1640 2664 1696 velle
2686 1645 3027 1702 nzanifestum
3051 1659 3330 1722 est,‘quam

1738 1717 2017 1774 consulere
2060 1719 2336 1789 fratribus,
2369 1735 2461 1781 aut
2506 1739 2809 1786 sustentare
2846 1749 2958 1801 eos,
3002 1738 3126 1805 quia
3156 1717 3331 1796 honor

59 1827 257 1890 apparet
285 1821 435 1889 quod
498 1835 599 1875 nec
647 1820 872 1877 Domino
910 1835 1004 1876 sua
1052 1820 1308 1876 servastis
1345 1822 1485 1892 jura,
1536 1836 1626 1876 nec

1739 1808 1888 1863 inﬂat
1935 1813 2001 1866 ad
2049 1815 2375 1883 superbiam,
2407 1827 2462 1872 et
2490 1821 2629 1888 quod
2657 1824 2940 1891 praevisum
2986 1836 3070 1881 est
3104 1829 3169 1883 ad
3202 1846 3329 1885 con-

56 1912 162 1966 huic
187 1920 387 1966 sanetae
417 1912 589 1966 matri
634 1920 690 1966 et
740 1911 1046 1982 apostolicae
1080 1912 1353 1977 Ecclesiae,
1392 1928 1511 1983 quae
1556 1914 1636 1984 (ut

57 2004 407 2074 praescriptum
438 2004 549 2073 est)
579 2019 671 2059 eos
700 2018 799 2059 suo
832 2003 1061 2073 judicio,
1088 2012 1181 2057 aut
1226 2004 1349 2058 huic
1389 2004 1502 2057 sedi
1537 2019 1631 2057 vo-

59 2094 140 2149 luit
163 2094 456 2160 reservari,
499 2110 569 2150 ne
607 2110 635 2148 a
670 2104 777 2148 tam
825 2093 1025 2165 pravis,
1058 2094 1195 2149 sicut
1221 2093 1371 2160 estis,
1404 2092 1633 2148 hornini-

56 2185 139 2239 bus
155 2185 549 2240 damnarentur
576 2194 668 2239 aut
693 2183 1045 2253 ejicerentur;
1077 2184 1130 2237 in
1155 2183 1237 2239 his
1264 2184 1514 2239 omnibus
1535 2199 1631 2239 vos

60 2276 225 2332 stultos
249 2287 303 2333 et
345 2278 798 2347 praavaricatores
830 2276 1237 2347 Evangeliorum
1276 2285 1331 2333 et
1360 2292 1627 2333 canonum

58 2369 293 2425 essenulli
318 2385 455 2426 sane
502 2370 828 2441 sapientium
854 2378 941 2426 est
977 2370 1349 2425 absconditum
1376 2388 1392 2436 ;
1423 2386 1523 2426 nec
1543 2372 1628 2427 his

60 2462 266 2517 contenti
315 2463 370 2517 in
417 2470 603 2518 vestra
652 2464 784 2519 estis
828 2463 1293 2534 praevaricatione,
1335 2464 1427 2520 sed
1462 2464 1624 2519 etiam

61 2553 176 2621 Quod
213 2553 360 2623 prius
402 2553 666 2624 expulsos
698 2569 792 2609 eos
833 2562 891 2610 et
934 2555 1050 2610 suis
1080 2554 1403 2624 exspoliatos
1440 2556 1621 2619 rebus,

63 2643 187 2711 quasi
213 2645 445 2707 vocastis
476 2653 641 2714 atque
666 2645 982 2712 damnastis,
1015 2662 1136 2701 cum
1163 2646 1341 2702 nullus
1368 2646 1624 2716 regulari-

66 2737 429 2793 tcrautvocari
473 2746 571 2792 aut
606 2736 839 2808 judicari
874 2738 1060 2808 possit,
1100 2748 1383 2810 antequam
1431 2739 1503 2794 sit
1540 2755 1622 2794 re-

68 2825 291 2893 gulariter
313 2827 695 2899 restitutus,.et
716 2843 809 2883 sua
829 2827 1009 2883 omnia
1037 2828 1086 2883 ei
1113 2828 1316 2901 legibus
1342 2829 1453 2884 sint
1480 2829 1618 2885 inte-

64 2914 258 2981 gerrime
298 2916 637 2981 reformata;
667 2925 748 2971 est
800 2930 1032 2986 namque
1052 2916 1119 2971 iin
1158 2933 1298 2988 smpe
1333 2918 1446 2986 jam
1478 2918 1618 2973 dicta

65 3013 216 3058 sancta
246 3007 451 3076 synodo
499 3004 571 3059 ab
610 3006 860 3062 omnibus
890 3008 1214 3062 unanimiter
1243 3009 1538 3075 decretum,
1564 3019 1620 3066 et

64 3097 317 3164 apostolica
348 3099 676 3154 auctoritate
718 3100 1051 3165 roboratmn,
1083 3112 1141 3154 ut
1181 3101 1226 3156 si
1254 3102 1374 3171 quis
1412 3103 1618 3171 episco-

63 3198 218 3252 porum
237 3188 346 3243 suis
370 3187 544 3244 fuerit
574 3187 732 3243 rebus
760 3188 1088 3258 exspoliazus
1110 3200 1164 3244 et
1193 3190 1245 3245 in
1273 3192 1617 3248 accusatione
1644 3160 1688 3220 Ο

66 3275 288 3344 pulsatus,
332 3278 683 3335 ordinatione
736 3279 1050 3348 pontificum
1095 3290 1305 3351 oportet
1352 3291 1408 3338 et
1470 3284 1625 3339 decet

66 3376 272 3422 sanctum
308 3370 650 3441 propositum
680 3371 853 3441 prima
880 3369 1058 3427 fronte
1093 3380 1324 3438 certare,
1355 3382 1414 3427 ut
1442 3374 1623 3430 omnia

68 3469 161 3522 quae
180 3473 269 3527 per
292 3463 668 3533 suggestiones
706 3463 1049 3518 inimicorum
1092 3478 1311 3519 suorum
1342 3464 1615 3530 amiserat,

66 3543 270 3616 legaliter
294 3554 471 3622 primo
502 3555 753 3623 potestati
795 3552 912 3623 ejus
946 3554 1014 3610 ab
1042 3553 1343 3610 honorabili
1389 3554 1618 3610 concilio

70 3637 444 3711 reintegrentur,
474 3655 532 3700 et
558 3644 751 3714 prmsul
795 3644 1112 3716 regulariter
1138 3645 1288 3715 prius
1317 3646 1478 3700 statui
1508 3646 1620 3715 pri-

70 3730 182 3786 stino
207 3735 484 3803 reddatur,
516 3744 571 3791 et
613 3736 728 3806 ipse
778 3736 1050 3805 dispositis
1096 3736 1463 3805 ordinatisque
1504 3737 1617 3792 suis

70 3824 172 3874 tunc
201 3823 262 3877 ad
300 3833 515 3896 tempus
549 3826 732 3881 veniat
789 3826 857 3880 ad
904 3841 1142 3890 causam,
1190 3834 1245 3880 et
1290 3826 1334 3880 si
1376 3825 1446 3879 ita
1474 3824 1618 3896 juste

71 3907 246 3966 videtur
302 3916 681 3972 accusantium
740 3916 1194 3987 propositionibus
1259 3917 1615 3987 respondeat;

74 4010 206 4063 (lum
221 4017 341 4077 ergo
360 4007 689 4076 transgressi
715 4008 849 4062 estis
866 4007 1120 4062 terminos
1134 4007 1350 4062 Patrum
1372 4005 1617 4075 judican-

74 4093 137 4143 ως
169 4101 217 4147 et
253 4097 572 4154 damnantes
614 4114 710 4153 eos
760 4114 895 4168 quos
938 4113 1057 4152 .non
1104 4096 1398 4154 debuistis?
1450 4114 1617 4167 quare

72 4173 307 4245 iudicastis
329 4203 422 4246 eos
454 4205 594 4260 quos
623 4206 728 4244 non
761 4189 1079 4260 regulariter
1104 4189 1472 4260 approbastis?
1500 4187 1614 4243 Non

72 4267 359 4335 observastis
402 4280 552 4351 quod
597 4281 648 4334 in
693 4296 980 4351 regnorum
1025 4279 1163 4337 libro
1197 4279 1457 4350 scriptum
1496 4288 1615 4333 est:

1737 1901 1996 1967 cordiam,
2042 1905 2210 1960 tendit
2256 1907 2323 1961 ad
2374 1922 2591 1964 noxam.
2638 1911 2901 1969 Decuerat
2952 1931 3184 1988 namque
3230 1935 3329 1976 vos

1730 1992 1883 2062 juxta
1928 1994 2177 2064 prwfatas
2235 1999 2465 2068 regulas,
2515 2002 2558 2056 si
2606 2002 2805 2073 aliquid
2856 2010 3093 2078 egissent
3138 2021 3326 2067 contra

1734 2098 1890 2140 suum
1937 2088 2181 2142 ordinem
2235 2091 2494 2145 mandare
2538 2094 2713 2161 nobis,
2740 2104 2791 2150 et
2830 2107 3146 2167 exspectare
3181 2103 3324 2172 quod

1730 2180 1799 2232 ad
1840 2190 2018 2234 vestra
2064 2180 2308 2236 consulta
2354 2184 2794 2253 rescriberemus,
2844 2188 2897 2242 in
2935 2196 3142 2245 tantum
3174 2202 3230 2246 ut
3274 2194 3323 2248 si

1729 2268 1893 2322 etiam
1937 2264 2227 2340 quidquam
2273 2287 2435 2342 grave
2479 2273 2980 2348 intolerandumque
3008 2281 3319 2337 committe-

1730 2370 1871 2424 rent,
1922 2373 2103 2421 nostra
2148 2366 2553 2437 praestolaretur
2602 2383 2852 2435 censura,
2900 2382 2953 2427 et
2993 2373 3125 2427 nihil
3172 2376 3322 2444 prius

1728 2460 1820 2506 aut
1847 2452 1991 2508 aliud
2014 2454 2402 2523 discerneritis,
2432 2474 2592 2527 quatn
2626 2461 2767 2530 quod
2790 2460 2959 2531 {nobis
2984 2464 3197 2534 placere
3230 2482 3322 2523 eoo

1726 2544 2069 2614 gnovissetis,
2104 2547 2176 2601 ita
2229 2556 2288 2601 ut
2333 2564 2362 2602 a
2410 2551 2610 2619 regulis
2650 2554 2965 2623 prmstitutis
3008 2556 3172 2621 nulla,
3223 2570 3319 2615 aut

1724 2635 2045 2706 negligentia
2096 2646 2189 2692 aut
2242 2641 2657 2712 praesumptione
2707 2647 3073 2714 recederetis;
3140 2661 3319 2705 cesset

1720 2725 2027 2795 hujusmodi
2076 2744 2262 2799 pressa
2312 2722 2514 2788 nostra
2577 2738 2897 2793 auctoritate
2943 2743 3316 2812 praesumptio,

1720 2813 1956 2870 vitentur
1984 2815 2286 2886 hujusmodi
2332 2832 2673 2889 nocumenta,
2703 2826 2825 2895 quia
2858 2843 3192 2900 nequaquam
3229 2841 3310 2886 ta-

1731 2903 1800 2959 lia
1820 2905 2089 2974 patienter
2113 2907 2254 2963 ferre
2282 2924 2566 2978 possumus
2591 2914 3313 2989 machinamenta,‘quoniam

1720 2996 1975 3052 convenit
2010 3013 2111 3053 nos
2138 3007 2486 3069 paternarum
2516 3004 2855 3059 sanctionum
2888 3007 3172 3079 diligentes
3198 3028 3317 3068 esse

1721 3088 1994 3155 custodes,
2037 3091 2231 3144 merito
2277 3105 2511 3161 namque
2558 3108 2654 3148 nos
2705 3110 2927 3151 causam
2973 3101 3208 3169 respicit,
3263 3105 3310 3159 si

1721 3179 1932 3236 silentio
1964 3179 2240 3235 faveamus
2262 3182 2553 3248 errori,est
2579 3183 2796 3254 insuper
2823 3186 2874 3240 in
2911 3190 3162 3257 praedicta
3191 3207 3313 3246 san-

1719 3283 1808 3327 cta
1840 3271 2054 3327 Niczeua
2088 3273 2290 3344 synodo
2320 3282 2601 3339 statutum,
2634 3283 2690 3328 ut
2718 3291 2877 3332 nemo
2920 3281 3208 3336 anathema
3257 3284 3309 3338 in

1721 3373 1903 3420 nostra
1926 3365 2250 3434 suscipiatur
2270 3367 2630 3430 accusatione,
2656 3383 2754 3423 nec
2784 3369 2856 3424 illi
2887 3371 2977 3441 qui
3013 3389 3111 3428 nos
3135 3373 3190 3428 in
3215 3390 3311 3428 sua

1723 3455 1911 3510 nolunt
1961 3457 2201 3526 recipere
2243 3456 2463 3525 querela
2511 3456 2592 3510 vel
2627 3460 2992 3526 accusatione,
3039 3476 3159 3517 cum
3210 3478 3309 3518 nos

1722 3561 1884 3615 super
1913 3545 2030 3600 illos
2053 3538 2288 3600 sciamus
2331 3560 2361 3599 a
2397 3544 2626 3602 Domino
2675 3550 2997 3606 constitutos
3042 3568 3145 3607 non
3194 3548 3311 3610 illos

1722 3655 1882 3710 super
1910 3655 2042 3708 nos;
2070 3650 2125 3695 et
2153 3641 2291 3696 sicut
2321 3640 2493 3708 major
2530 3658 2634 3697 non
2664 3652 2839 3713 potest
2877 3660 2908 3700 a
2952 3647 3145 3702 minori
3175 3646 3310 3703 indi-

1722 3731 1851 3793 cari,
1906 3730 1982 3787 ita
2031 3746 2131 3787 nec
2179 3731 2444 3803 colligari,
2479 3734 2604 3804 quia
2648 3751 2827 3789 rarum
2866 3744 2949 3791 est
2973 3752 3132 3793 omne
3164 3738 3308 3807 quod

1722 3837 1969 3893 magnum
1991 3831 2094 3877 est.
2121 3821 2403 3879 Portemus
2424 3840 2586 3881 onera
2610 3827 2848 3881 omnium
2875 3828 2962 3896 qui
2989 3840 3304 3899 gravantur,

1719 3915 1961 3983 quinimo
1990 3913 2103 3968 haec
2123 3922 2302 3983 portat
2331 3915 2383 3969 in
2412 3916 2567 3971 nobis
2588 3916 2776 3971 beatus
2800 3917 3069 3986 apostolus
3092 3918 3307 3985 Petrus,

1719 4006 1872 4076 cujus
1897 4004 2013 4060 vice
2038 4004 2312 4077 fungimur
2344 4005 2626 4077 legatione,
2667 4017 2717 4063 el
2745 4008 2896 4079 cujus
2929 4009 3106 4079 regula
3140 4008 3309 4065 infero

1721 4111 1953 4162 mamur,
1980 4104 2241 4165 quatenus
2272 4095 2388 4166 ejus
2420 4096 2533 4151 fulti
2560 4098 2758 4152 auxilio
2794 4099 2858 4153 ab
2886 4099 3135 4154 omnibus
3163 4114 3307 4155 nunc

1718 4188 1850 4242 etin
1875 4197 2131 4257 perpetuo
2156 4196 2402 4243 tueamur
2446 4189 2701 4244 adversis.
2753 4189 2882 4245 Data
2922 4190 3176 4246 Kalendis
3200 4190 3307 4247 No.

1720 4274 1975 4341 vembris,
1999 4274 2271 4333 Feliciano
2297 4286 2354 4331 et
2400 4276 2725 4335 Maximiano
2753 4279 2884 4334 viris
2912 4279 3243 4336 consulibus.

82 4400 3264 4431 Mm

559 4549 1193 4642 INCIPIUNT
1264 4544 1626 4637 DECRE

1728 4542 1792 4632 A
1860 4543 2317 4633 LIBERII
2392 4542 2765 4633 ΡΑΡλἘ.

82 4750 277 4820 Ειιίςιοια
312 4763 587 4819 Athanasii
639 4773 689 4818 et
725 4762 1097 4834 £gypti0rum
1139 4762 1502 4834 episcoporum
1539 4760 1609 4813 ad
1638 4759 1688 4819 D
1714 4756 1987 4829 prioribus
2025 4756 2335 4813 ﬁrmissime
2359 4758 2639 4821 roborata,
2670 4756 2737 4811 ad
2764 4770 2925 4825 quam
2953 4771 3144 4813 omnes
3168 4758 3298 4814 bea-

162 4834 374 4889 eumdem
396 4851 609 4907 papam,
645 4836 709 4888 de
737 4831 1151 4903 oppressionibus
1196 4831 1537 4886 Arianorum.

134 4937 334 4999 Domino
348 4947 656 5001 beatissimo
673 4955 725 5001 et
753 4944 1053 5000 honorabili
1082 4953 1268 5000 sancto
1293 4943 1434 5013 patri
1449 4942 1611 4997 Line-

84 5037 153 5082 lUO
165 5036 703 5103 papzeAstsrasms,et
717 5035 950 5091 universi
964 5033 1337 5105 Egyptiorum
1353 5032 1610 5102 episcopi.

136 5117 184 5175 ht
227 5140 380 5183 unum
438 5128 691 5200 synodice
750 5127 889 5192 apud
943 5125 1325 5179 Alexandriam
1384 5138 1609 5192 congre-

87 5210 375 5275 gati,vestra3
396 5219 722 5273 beatissima:
746 5215 1087 5287 paternitatis
1107 5214 1227 5282 jura
1261 5213 1421 5285 156
1445 5227 1609 5284 penes

87 5293 219 5355 Deum
265 5318 381 5363 sunt
424 5306 730 5370 manifesta,
775 5308 899 5361 dum
951 5305 1428 5375 praedicationibus
1465 5303 1612 5358 scili—

89 5396 153 5440 cet
174 5399 454 5461 apostolicis
488 5407 541 5454 et
568 5397 828 5452 doctrinis
876 5411 1016 5450 verae
1060 5395 1183 5450 fidei
1229 5394 1444 5449 cultura
1492 5395 1613 5450 uui-

87 5488 209 5533 vcrsa
234 5489 417 5557 repleta
455 5489 526 5545 sit
570 5497 742 5553 terra;
789 5502 886 5557 per
919 5485 1225 5540 divinorum
1268 5493 1450 5539 tamen
1487 5499 1612 5539 eru-

92 5566 304 5632 ditionem
341 5583 669 5654 eloquiorum
697 5590 875 5636 vestra
904 5580 1207 5633 instruente
1230 5576 1607 5632 admonitione

1718 4850 1911 4906 tissimi
1950 4849 2181 4918 apostoli
2220 4850 2335 4919 pari
2364 4850 2585 4903 honoris
2608 4857 2663 4903 et
2692 4849 2977 4917 potestatis
3018 4853 3297 4908 consortio

1714 4940 1929 5012 praediti
1960 4938 2279 5009 populorum
2311 4940 2524 5009 agmina
2557 4946 2956 5002 convertentes,
2983 4937 3071 5007 pie
3094 4948 3304 4996 sancte—

1717 5046 1821 5100 que
1850 5032 1917 5085 de
1946 5029 2183 5085 tenebris
2211 5029 2278 5084 ad
2305 5028 2504 5092 lumen,
2537 5028 2605 5082 de
2633 5026 2783 5095 lapsu
2811 5026 2878 5080 ad
2911 5041 3092 5081 veram
3117 5027 3300 5093 fidem,

1717 5121 1786 5177 de
1812 5129 1987 5175 morte
2017 5119 2085 5173 ad
2132 5120 2298 5174 vitam
2344 5118 2592 5172 homines
2632 5116 2828 5172 divina:
2863 5116 3297 5186 prmdestinatio-

1718 5213 1802 5267 nis
1835 5224 2035 5282 genera
2067 5210 2353 5280 praeceptis
2375 5224 2440 5264 ac
2481 5208 2698 5263 monitis
2742 5209 3134 5277 perduxerunt,
3166 5225 3303 5279 quo-

1717 5316 1838 5356 rum
1865 5309 2174 5355 sanctorum
2196 5297 2562 5367 apostolorum
2593 5306 2771 5352 vestra
2800 5296 3115 5356 fraternitas
3135 5299 3301 5354 bono-

1714 5395 1884 5449 randa
1913 5406 2148 5461 sequens
2193 5389 2408 5454 merita,
2435 5397 2491 5443 et
2517 5388 2815 5458 profectius
2863 5388 3092 5459 implens
3121 5403 3301 5444 exem-

1713 5484 1802 5554 pla
1848 5481 2152 5537 Eeclesiam
2210 5479 2306 5535 Dei
2365 5494 2577 5534 morum
2636 5480 2931 5549 probitate,
2976 5487 3032 5534 et
3084 5488 3299 5534 actuum

1712 5573 2000 5629 sanctitate
2050 5571 2398 5633 condecorat,
2439 5576 2493 5623 et
2525 5568 2629 5625 fide
2657 5584 2814 5625 sacra
2840 5568 3163 5624 Christianis
3187 5582 3299 5620 mo-

91 5656 405 5726 eIthortatoria
435 5671 894 5743 supemdiﬁcatur
929 5670 1230 5723 orthodoxa
1260 5667 1464 5723 Christi
1508 5668 1609 5722 Ec-
1709 5664 1859 5718 ribus
1897 5663 2109 5732 vigens,
2133 5676 2253 5733 qua:
2290 5660 2408 5715 fieri
2443 5660 2554 5717 Deo
2583 5661 2778 5732 placita
2809 5660 3065 5730 praecepit
3101 5658 3294 5713 studiis

94 5743 222 5805 clesia
251 5764 523 5827 apostolica
567 5744 903 5819 institutione
942 5758 1329 5828 fundatayet’a
1356 5757 1607 5817 fidelibus
1708 5753 2106 5828 pontificalibus
2136 5752 2504 5809 indesinenter
2530 5761 2790 5824 operatur
2815 5759 2870 5805 et
2897 5748 3113 5820 prolicit
3132 5788 3147 5814 ,
3179 5761 3296 5803 ser-
