3888 6452
573 370 680 427 635

1424 371 1715 428 APPEND.
1757 372 1850 426 AD
1885 370 2055 427 SEC.
2087 370 2178 425 IX.
2209 401 2277 411 -—
2301 369 2550 433 lSlDORl
2579 376 3022 439 MERCATORIS

571 497 705 537 vans
742 482 876 553 legis
904 482 1101 537 divina:
1145 479 1581 552 mandata;quia
1618 497 1723 537 non
1772 482 1907 553 legis
1931 483 2142 537 audito-
2176 485 2221 541 A
2249 484 2625 553 subsanuahit,
2673 498 2729 543 et
2779 499 2906 545 tunc
2952 491 3205 560 loquetur
3247 490 3313 547 ad
3348 507 3441 549 eos
3474 494 3529 550 in
3578 494 3661 550 ira
3706 514 3814 565 sua,

572 590 661 629 res
702 574 831 645 justi
863 582 989 628 sunt
1043 573 1182 642 apud
1213 573 1401 637 Deum,
1434 575 1575 629 sicut
1613 582 1799 628 narrat
1835 574 2148 645 Apostolus,

571 665 664 720 sed
718 664 950 720 factores
995 663 1128 736 legis
1163 663 1629 735 justiﬁcabuntur.
1684 664 1794 721 Nos
1838 666 1982 720 enim
2035 667 2151 721 haec

574 755 824 812 meditari
872 754 1170 826 cupientes,
1214 766 1269 810 et
1309 769 1373 810 ea
1397 771 1519 826 quae
1569 770 1600 811 a
1645 766 1832 812 sancta
1882 755 2010 811 sede
2060 770 2151 811 ve-

569 856 682 902 stra
735 846 1097 916 apostolorum
1149 862 1445 917 eorumque
1490 862 1864 904 successorum
1889 848 2152 919 praedica-

572 936 716 990 tione
746 935 1104 1011 suscepimus,
1135 945 1299 1006 atque
1320 951 1439 1006 qua:
1471 936 1525 991 in
1564 936 1781 993 Niczena
1831 939 2037 1009 synodo
2062 952 2149 993 ro-

567 1027 756 1082 borata
796 1027 1148 1098 cognovimus
1195 1028 1513 1097 praedicare,
1553 1036 1609 1083 et
1657 1026 1982 1083 Arianorum
2031 1028 2147 1083 bla-

567 1118 867 1189 sphemias,
903 1126 1065 1189 atque
1089 1118 1319 1173 aliorum
1357 1119 1736 1175 hmreticorum
1769 1118 2030 1190 repellere
2055 1135 2150 1174 cu-

564 1212 776 1283 pientes
798 1212 1037 1282 quotidie
1058 1211 1126 1267 ab
1151 1213 1235 1267 his
1280 1213 1674 1283 persequimur,
1724 1222 1779 1268 et
1816 1212 2145 1267 damnationi

568 1303 849 1365 tradimur,
888 1311 1052 1373 atque
1090 1303 1253 1357 morti
1299 1303 1652 1358 destinamur.
1682 1302 1796 1370 Qua
1823 1304 1889 1359 de
1932 1319 1992 1359 re
2021 1319 2148 1373 pre-

565 1405 774 1457 camur,
829 1400 888 1445 ut
930 1391 1125 1446 vestris
1178 1392 1663 1458 exhortationibus,
1730 1401 1837 1447 tam
1906 1407 2004 1463 per
2051 1409 2148 1450 vos

564 1495 727 1549 quam
776 1489 831 1535 et
856 1497 949 1550 per
1004 1474 1388 1552 apocrisiarios
1438 1494 1647 1539 vestros
1693 1482 2029 1551 adjuvemur,
2079 1498 2148 1539 nc

563 1570 693 1625 dum
716 1569 791 1625 illi
822 1580 1073 1626 crescunt
1116 1580 1173 1628 et
1219 1586 1316 1626 nos
1350 1570 1662 1637 minuitnur,
1704 1588 1833 1627 vera
1884 1572 2015 1628 ﬁdes
2056 1573 2144 1628 de-

562 1671 823 1727 struatur,
864 1671 1137 1717 eteorum
1194 1664 1415 1720 haeresis
1475 1663 1618 1719 ultra
1684 1664 1842 1720 ﬁdem
1897 1673 2141 1719 nostram

559 1760 810 1816 crescat;
845 1751 1098 1821 quoniam
1128 1752 1400 1820 timemus,
1433 1764 1489 1808 ut
1520 1763 1803 1826 postquam
1834 1753 2143 1810 abundave-

2251 583 2307 629 et
2343 575 2395 628 in
2428 576 2612 632 furore
2653 593 2749 632 suo
2802 580 3147 634 conturbabit
3178 594 3272 635 eos
3298 578 3473 652 (Paul.
3505 598 3568 647 ιι,
3597 583 3651 647 4.
3689 586 3762 657 5),
3792 611 3810 641 ο

2251 664 2544 720 secundum
2566 665 2783 720 beatum
2799 664 3089 722 Jeremiam
3114 667 3298 724 dicens
3316 682 3332 722 :
3348 667 3544 726 rFalso
3554 671 3815 742 propheta

2251 754 2341 810 isti
2368 755 2735 812 vaticinautur
2785 757 2839 812 in
2886 758 3104 815 nomine
3154 773 3312 825 meo;
3345 774 3454 815 non
3504 763 3654 817 enim
3703 765 3812 821 misi

2249 861 2363 912 eos,
2387 858 2441 903 et
2470 864 2577 904 non
2606 849 2838 920 praecepi
2864 849 2967 915 eis,
3000 864 3176 920 neque
3228 851 3440 908 locutus
3468 868 3592 909 sum
3638 856 3708 921 ad
3731 871 3814 913 eos

2248 937 2509 992 visionem
2556 939 2898 1005 mendaeem,
2936 948 2991 994 et
3019 939 3401 997 divinationem
3426 952 3487 998 et
3513 943 3814 1002 fraudulen-

2250 1027 2378 1081 tiam
2404 1037 2458 1084 et
2503 1029 2870 1085 seductionem
2906 1032 3083 1088 cordis
3126 1033 3212 1088 sui
3268 1035 3599 1105 prophetarit
3650 1039 3804 1095 vobis.

2247 1115 2304 1171 ld
2327 1118 2475 1174 circo
2498 1117 2615 1174 haec
2639 1119 2771 1175 dicit
2794 1120 3054 1177 Dominus
3076 1122 3141 1177 de
3170 1124 3449 1194 prophetis
3469 1126 3564 1195 qui
3588 1129 3805 1197 pmphe-

2250 1216 2366 1261 tant
2399 1208 2471 1262 -in
2521 1209 2740 1264 nomine
2765 1225 2887 1265 meo
2914 1213 3249 1268 mendacium
3275 1232 3288 1267 :
3318 1224 3481 1269 erunt
3512 1216 3733 1287 projecti
3760 1220 3803 1273 in

2246 1297 2349 1352 viis
2376 1296 2762 1370 Hierosolyma:
2793 1298 2929 1371 (Jer.
2960 1316 3070 1368 xiv,
3099 1301 3320 1372 14-16);
3355 1323 3373 1356 ι
3404 1313 3461 1359 et
3486 1306 3803 1363 conuileatio

2246 1386 2487 1470 omnium
2517 1387 2604 1457 pie
2636 1388 3009 1446 confitentium
3050 1406 3159 1456 me,
3186 1401 3241 1448 et
3270 1408 3376 1449 non
3413 1396 3523 1450 erit
3548 1398 3639 1467 qui
3660 1413 3801 1470 sepe-

2246 1476 2344 1532 liat
2367 1468 2481 1533 eos.
2510 1478 2680 1536 Nemo
2725 1482 2869 1536 enim
2903 1482 3239 1539 abscondere
3290 1493 3467 1555 potest
3498 1468 3801 1557 quibusdam

2242 1568 2646 1638 subreptiouem
2730 1572 3144 1639 commenticiis,
3192 1574 3351 1629 sicuti
3391 1592 3496 1632 nec
3546 1576 3683 1634 foliis
3727 1580 3802 1637 ﬁci

2244 1660 2481 1730 antiquis
2531 1669 2908 1734 transgressor
2960 1664 3215 1737 pmcepti
3266 1667 3439 1722 Adam
3493 1670 3684 1739 potuit,
3720 1672 3800 1741 qui

2245 1765 2343 1820 per
2399 1752 2671 1822 pr0priam
2717 1752 2956 1824 linguam
3008 1754 3368 1811 inverecunde
3427 1758 3682 1822 nudatur,
3730 1760 3799 1814 la-

562 1841 636 1895 rit
682 1840 961 1911 iniquitas,
1006 1842 1324 1916 refrigescat
1381 1821 1626 1902 Charitas
1660 1821 1994 1902 ’multorum.
2035 1846 2141 1901 Pro
2171 1821 2219 1882 Β
2244 1855 2441 1910 qucum
2463 1821 2608 1896 enim
2633 1841 2787 1899 fortis
2803 1821 2930 1898 viro
2954 1843 3097 1899 labia
3132 1842 3272 1913 ejus.
3298 1854 3352 1900 et
3374 1855 3567 1916 captus
3588 1849 3801 1919 propriis

561 1947 666 2002 qua
713 1948 771 1988 re
820 1934 987 1989 multa
1035 1944 1230 1991 vestra:
1277 1950 1450 1993 sacrae
1501 1938 1782 2004 doctrinae,
1829 1948 1937 1993 tam
2000 1938 2140 2010 apud
2242 1931 2605 1996 sermonibus.
2648 1939 2889 2002 etopera
2914 1947 3171 1988 manuum
3212 1932 3354 2002 eius,
3407 1935 3698 1990 retributio
3719 1951 3801 1991 au-

561 2023 729 2078 Deum
762 2040 920 2094 quam
947 2026 1083 2095 apud
1131 2033 1354 2081 cunctos
1386 2027 1569 2083 ﬁdeles
1601 2042 1809 2083 merces
1833 2036 1889 2082 et
1917 2026 2033 2083 laus
2059 2042 2143 2083 rc-
2244 2031 2349 2079 tem
2395 2023 2658 2079 Iabiorum
2693 2022 2810 2092 ejus
2843 2023 3062 2078 dabitur
3086 2023 3159 2090 ei,
3200 2032 3257 2079 et
3297 2025 3596 2095 impietatis
3635 2043 3801 2099 repre-

558 2114 731 2183 posita
752 2124 855 2179 est,
879 2116 923 2170 si
944 2126 1123 2170 vestra
1148 2116 1262 2172 hate
1290 2127 1645 2173 recensentur
1667 2118 2012 2182 auctoritate,
2044 2134 2142 2173 no-

558 2214 727 2260 stram
782 2206 925 2261 enim
960 2206 1116 2261 tidem
1158 2222 1318 2277 quam
1343 2222 1373 2261 a
1398 2207 1600 2263 sanctis
1633 2206 1881 2264 Patrihus
1928 2209 2139 2279 accepi-

537 2280 681 2351 Imus
708 2306 761 2350 et
791 2304 1037 2352 tenemus
1079 2305 1242 2367 atque
1281 2297 1537 2353 docemus
1580 2299 1767 2354 subter
1790 2299 2135 2366 inservimus,

560 2387 689 2441 utsi
735 2386 930 2457 aliquis
958 2387 1113 2443 vobis
1168 2387 1326 2444 aliter
1363 2404 1460 2443 nos
1500 2388 1724 2444 credere
1775 2399 1867 2443 aut
1916 2389 2133 2454 docere,

561 2485 653 2530 aut
679 2479 1001 2541 accusando,
1035 2485 1129 2532 aut
1162 2477 1785 2544 mussitandoretulerit,
1813 2479 1898 2534 vel
1947 2479 2132 2534 detra-

561 2567 737 2623 hendo
764 2569 980 2639 scriptis
1026 2568 1385 2634 mandaverit,
1405 2585 1503 2640 per
1536 2570 1677 2626 banc
1724 2570 2008 2626 manifeste
2035 2586 2133 2628 nos

554 2657 625 2711 ita
654 2659 876 2714 credere
907 2668 962 2714 et
987 2659 1181 2715 docere
1211 2661 1536 2733 agnoscatis.

625 2750 908 2807 Credimus
934 2766 1168 2822 namque
1213 2752 1267 2806 in
1297 2768 1463 2806 unum
1509 2754 1678 2808 Deum
1710 2752 1929 2807 Patrem
1956 2754 2131 2810 omni-

549 2852 844 2912 potentem,
901 2845 1143 2900 omnium
1191 2843 1483 2901 visibilium
1524 2861 1730 2902 necnon
1781 2847 2126 2904 invisibilium

550 2934 830 2999 faetorem,
876 2944 932 2991 et
983 2937 1036 2991 in
1084 2954 1251 2992 unum
1308 2940 1587 2993 Dominum
1645 2949 1890 2995 nostrum
1939 2940 2125 2997 Jesum

551 3023 822 3080 Christum
871 3025 1067 3081 Filium
1102 3026 1214 3092 Dei,
1244 3037 1426 3084 natum
1456 3046 1520 3085 ex
1572 3029 1732 3085 Patre
1763 3031 2119 3100 unigenitum,

550 3117 653 3173 hoc
679 3126 760 3174 est
802 3135 869 3174 ex
893 3118 1193 3175 substantia
1244 3120 1466 3177 Patris:
1502 3121 1668 3177 Deum
1724 3138 1790 3178 ex
1842 3122 1971 3190 Deo,
2033 3123 2120 3178 lu-

2241 2113 2449 2170 bensio.
2480 2133 2499 2167 t
2537 2115 2773 2186 Arguam
2823 2124 2895 2182 te,
2935 2114 3129 2185 inquit,
3157 2124 3215 2171 et
3236 2124 3477 2173 statuam
3503 2128 3691 2173 contra
3731 2120 3800 2173 fa-

2239 2206 2378 2262 ciem
2442 2215 2608 2271 tuam,
2674 2206 2997 2263 existimasti
3034 2208 3216 2278 inique
3272 2211 3419 2278 quod
3481 2225 3659 2266 essem
3715 2212 3796 2265 tibi

2238 2297 2429 2354 similis
2466 2296 2639 2370 (Paul.
2698 2314 2846 2364 XLIX,
2898 2299 3015 2371 2t).
3065 2318 3084 2351 ι
3134 2299 3451 2370 Propterea,
3496 2307 3637 2358 sicut
3682 2303 3800 2357 dicit

2237 2385 2496 2443 Dominus
2550 2390 2618 2443 ad
2661 2388 2876 2444 Gedeon
2907 2388 3293 2459 :Deponamus
3332 2405 3429 2447 eos
3487 2392 3557 2446 ad
3614 2406 3798 2462 aquam

2233 2490 2378 2531 vene
2422 2476 2795 2544 discretionis,
2847 2485 2905 2533 et
2947 2478 3240 2548 probemus
3290 2493 3386 2535 eos
3445 2479 3518 2534 ibi
3578 2480 3797 2551 regulari

2230 2566 2631 2621 examinatione
2674 2566 2727 2622 in
2786 2567 3017 2638 idipsum
3065 2582 3267 2638 pronos
3332 2578 3653 2626 corruentes
3711 2584 3802 2641 pes

2230 2658 2597 2717 ostensiuuem
2650 2659 2798 2729 pravi
2867 2658 3174 2717 intellectus
3231 2676 3454 2727 eorum,
3504 2672 3686 2718 utrum
3736 2679 3802 2719 ne

2231 2748 2339 2803 sint
2402 2749 2542 2819 apud
2596 2764 2692 2805 eos
2753 2750 3026 2819 sapientes
3076 2751 3245 2807 divini
3299 2753 3453 2809 verbi
3523 2754 3797 2811 scientiam

2230 2837 2560 2909 ignorantes,
2624 2840 2879 2911 quoniam
2948 2840 3193 2897 dicentes
3238 2857 3296 2897 se
3334 2843 3613 2913 sapientes
3659 2844 3798 2899 stulti

2227 2926 2352 2983 facti
2378 2938 2524 2994 sunt,
2546 2939 2602 2985 et
2627 2938 2970 2986 mutaverunt
2993 2930 3221 3002 gloriam
3243 2932 3530 2988 catholicae
3552 2933 3795 2989 Ecclesia

2224 3019 2443 3092 propria
2490 3020 2731 3074 novitate
2776 3029 2831 3075 et
2854 3020 3149 3085 voluntate,
3177 3021 3291 3078 sive
3340 3036 3440 3091 per
3463 3037 3530 3077 ea
3559 3037 3680 3092 quae
3702 3023 3795 3076 illi-

2226 3112 2334 3167 cite
2365 3112 2417 3165 in
2449 3110 2567 3180 ejus
2605 3110 2919 3166 defensione
2963 3120 3114 3180 gesta
3160 3120 3309 3175 sunt,
3342 3113 3659 3168 haereticam
3687 3123 3794 3167 tur-

550 3222 672 3261 men
700 3222 762 3263 ex
792 3209 1014 3265 lumine.
1047 3209 1220 3265 Deum
1258 3226 1441 3266 verum
1471 3227 1533 3266 ex
1559 3211 1669 3267 Deo
1707 3228 1873 3268 vero:
1914 3226 2119 3282 uatum,

2231 3174 2519 3261 bulentiam
2564 3174 2992 3269 introducentes:
3039 3204 3169 3259 illud
3207 3213 3589 3275 competenter
3615 3206 3681 3260 ad
3707 3220 3797 3261 uos

550 3312 656 3351 non
688 3307 950 3365 creatum,
981 3302 1287 3367 omousiou,
1311 3302 1412 3357 hoc
1442 3311 1524 3357 est
1552 3302 1788 3373 ejusdem
1816 3320 1935 3359 cum
1966 3304 2124 3360 Patre

548 3389 882 3456 substantiae,
914 3405 1010 3460 per
1038 3407 1197 3463 quem
1228 3395 1410 3449 omnia
1464 3394 1603 3451 facta
1658 3406 1804 3461 sunt,
1854 3397 2120 3464 οωιοεᾱει,

549 3479 846 3533 terrestria.
885 3478 985 3546 Qui
1018 3490 1239 3552 propter
1278 3498 1375 3538 nos
1403 3484 1665 3551 homines,
1693 3494 1745 3541 et
1778 3495 1997 3556 propter
2027 3503 2123 3542 no-

548 3577 715 3624 stram
774 3571 1001 3626 salutem
1056 3573 1337 3629 descendit
1382 3575 1448 3630 de
1483 3576 1660 3643 cmlis,
1705 3587 1762 3632 ct
1810 3578 2123 3637 incarnatus

548 3671 652 3726 est,
683 3671 738 3716 et
767 3663 928 3718 homo
950 3664 1143 3730 factus,
1192 3682 1383 3736 passus
1413 3678 1513 3733 est,
1543 3676 1598 3723 et
1634 3671 1932 3725 resurrexit
1962 3671 2123 3728 tertia

547 3754 651 3818 die,
685 3757 926 3811 ascendit
963 3757 1014 3812 in
1041 3759 1257 3826 caelum,
1290 3769 1547 3816 venturus
1596 3770 1680 3816 est
1698 3762 1943 3832 judicare
1971 3764 2121 3820 viros

554 3855 610 3901 et
656 3857 917 3903 mortuos.
951 3849 1019 3903 Et
1064 3850 1116 3904 in
1147 3850 1405 3922 Spiritum
1457 3862 1723 3907 sanctum.
1776 3853 1882 3909 Eos
1940 3863 2119 3909 autem

545 3936 637 4006 qui
677 3938 883 4004 dicunt,
923 3947 1041 3995 erat
1072 3951 1279 4010 tempus
1307 3943 1520 4012 quando
1580 3959 1684 3999 non
1706 3953 1841 4010 erat,
1871 3954 1925 4000 et
1947 3947 2122 4015 prius-

543 4039 707 4094 quam
752 4038 1069 4082 nasceretur
1097 4044 1199 4084 non
1237 4039 1374 4095 erat,
1417 4040 1471 4086 et
1496 4031 1622 4102 quia
1656 4047 1723 4087 ex
1753 4034 1913 4091 nullis
1944 4035 2122 4092 subsi-

544 4113 810 4168 stentibus
837 4115 1009 4171 factus
1036 4128 1141 4183 est,
1161 4128 1253 4173 aut
1278 4133 1344 4173 ex
1369 4120 1471 4175 alia
1500 4124 1795 4179 substantia
1827 4124 1912 4180 vel
1937 4141 2121 4182 esseu-

543 4200 617 4255 tia
640 4201 825 4256 dicunt
864 4217 985 4259 esse
1010 4214 1242 4276 trepton,
1288 4208 1389 4263 hoc
1413 4218 1498 4265 est
1521 4212 1927 4268 eonvertibilem
1954 4223 2120 4285 atque

543 4290 858 4347 mutabilem
895 4291 1091 4349 Filium
1127 4294 1244 4362 Dei,
1269 4295 1368 4353 hos
1394 4301 1823 4357 anathematizat
1846 4303 2117 4360 catholica

541 4392 598 4440 et
618 4384 908 4453 apostolica
949 4386 1212 4455 Ecclesia,
1262 4391 1402 4448 hanc
1430 4394 1788 4450 venerabilem
1820 4395 1979 4451 ﬁdem
2005 4404 2116 4451 tre-

540 4478 684 4533 centi
714 4478 930 4548 quidem
983 4481 1254 4539 decernet
1279 4496 1403 4541 octo
1439 4485 1628 4542 Patres
1666 4498 2021 4557 agnoverunt,
2060 4497 2117 4544 et

539 4568 774 4640 amplexi
806 4579 953 4639 sunt,
1000 4582 1056 4628 et
1105 4585 1467 4634 consonantes
1489 4587 1545 4634 et
1574 4580 1857 4636 unanimes
1900 4580 2118 4650 scriptis

537 4660 982 4731 explanaverunt.

607 4751 716 4807 Sed
755 4754 914 4809 modo
942 4757 1197 4824 quoniam
1242 4767 1429 4814 contra
1484 4760 1599 4818 haec
1636 4761 1718 4834 (ut
1761 4763 1954 4834 nostis)
1986 4762 2114 4818 talia

532 4854 851 4913 exsurgunt,
898 4847 1078 4917 qualia
1125 4864 1232 4905 non
1274 4850 1490 4916 debent,
1522 4853 1704 4908 venite
1750 4862 1805 4908 et
1826 4869 1949 4919 nos,
1981 4854 2114 4909 dile-

535 4933 768 4989 ctissimi
798 4933 1014 5004 fratres,
1058 4953 1182 4994 cum
1233 4941 1341 4995 Deo
1374 4941 1763 4998 descendemus
1809 4942 1878 4997 ad
1915 4942 2108 4998 visita-

536 5023 761 5091 tionem,
788 5026 842 5081 id
875 5036 980 5094 est,
1021 5029 1421 5098 inquisitionem
1462 5045 1772 5085 sermonum
1816 5046 2030 5097 eorum,
2055 5040 2112 5088 et

533 5113 934 5174 confundamus
955 5133 1056 5189 per
1082 5120 1522 5190 approbationem
1541 5121 1880 5176 verissimam
1909 5120 2108 5176 ibidem

533 5203 747 5275 linguas
769 5222 957 5263 eorum
988 5209 1224 5266 elevatas
1273 5219 1460 5266 contra
1519 5211 1801 5266 scientiam
1842 5210 2106 5281 unigeniti

533 5292 656 5349 Filii
688 5295 781 5353 Dei
809 5313 824 5363 ;
857 5306 912 5354 et
935 5299 1274 5369 iniquitatem
1301 5299 1354 5355 in
1385 5299 1722 5355 altitudinem
1758 5299 2108 5354 humanitatis

531 5385 650 5457 ejus
673 5386 972 5457 loquentes,
1004 5410 1023 5443 ι
1064 5390 1685 5461 disrumpamusvincula
1710 5405 1897 5446 eorum
1929 5388 2101 5459 (Paul.

532 5493 592 5539 ιι,
616 5479 671 5550 5)
700 5497 719 5530 ι
756 5494 853 5549 per
889 5480 1121 5552 gladium
1171 5481 1531 5551 spiritualem,
1563 5481 1705 5549 quod
1751 5489 1837 5535 est
1879 5480 2102 5535 verbum

530 5570 652 5637 Dei,
713 5592 733 5625 ι
782 5582 837 5628 et
892 5573 1241 5644 projiciamus
1304 5589 1334 5630 a
1384 5574 1538 5630 nobis
1604 5572 1792 5646 jugum
1858 5572 2102 5640 ipsorum

529 5664 747 5737 (Ibid.),
773 5686 791 5719 ι
819 5681 912 5736 per
936 5667 1383 5736 expugnationem
1405 5665 1616 5736 profani
1642 5679 1834 5721 sensus
1866 5662 2101 5719 illorum.

536 5776 557 5808 ι
593 5755 743 5813 'l‘uuc
769 5758 911 5813 enim
952 5756 1067 5827 ipse
1115 5771 1329 5827 quoque
1352 5756 1608 5813 Dominus
1631 5754 2011 5822 irrideblteos,
2049 5759 2104 5807 et

2225 3295 2521 3351 retinentes
2562 3295 2707 3364 quod
2750 3293 2888 3350 bene
2939 3294 3007 3348 ad
3045 3293 3227 3349 ksum
3274 3294 3446 3349 ﬁlium
3503 3293 3694 3350 Sit-ach
3719 3296 3794 3349 di-

2224 3398 2369 3443 ctum
2389 3396 2475 3442 est
2498 3400 2514 3440 :
2546 3406 2565 3439 ι
2602 3386 2783 3457 Usque
2814 3386 2880 3441 ad
2905 3396 3134 3441 mortem
3158 3394 3304 3441 certa
3329 3400 3430 3456 pro
3470 3386 3721 3451 veritate,
3746 3396 3794 3442 et

2225 3477 2482 3533 Dominus
2533 3477 2792 3548 pugnabit
2832 3491 2932 3546 pro
2964 3485 3017 3531 te
3058 3474 3247 3547 (Eccli.
3294 3490 3368 3539 tv,
3422 3476 3542 3547 55).
3582 3496 3601 3528 ι
3638 3475 3793 3545 Hujus

2223 3568 2300 3625 rei
2339 3567 2511 3639 gratia
2535 3566 2854 3623 universalis
2873 3567 3026 3623 vobis
3050 3567 3102 3621 in
3118 3565 3337 3622 Christo
3355 3563 3488 3622 Jesu
3517 3568 3792 3623 commissa

2223 3669 2308 3718 est
2342 3659 2605 3725 Ecclesia,
2651 3666 2707 3714 et
2730 3673 2828 3728 pro
2855 3659 3109 3714 omnibus
3149 3659 3431 3724 laboretis,
3486 3672 3547 3717 et
3593 3662 3792 3719 cunctis

2222 3765 2379 3822 opem
2408 3751 2551 3805 ferre
2579 3763 2685 3804 non
2714 3748 3018 3820 negligatis,
3072 3750 3199 3820 quia
3240 3749 3369 3804 dum
3412 3750 3580 3807 fortis
3621 3767 3791 3806 anna-

2225 3852 2311 3899 tus
2332 3842 2565 3898 custodit
2611 3840 2811 3896 atrium
2855 3853 3037 3905 suum,
3071 3841 3122 3894 in
3146 3854 3281 3910 pace
3322 3849 3452 3896 sunt
3472 3842 3791 3913 omniaque

2221 3937 2480 4008 possidet.
2502 3936 2732 4006 ideoque
2754 3943 2903 3991 tanta
2945 3944 3173 4007 urgente
3216 3935 3546 3993 necessitate
3569 3950 3791 3993 summo-

2219 4045 2348 4102 pere
2368 4028 2707 4100 comprimite
2729 4036 2909 4084 vestra
2958 4042 3168 4083 summa
3198 4029 3527 4085 auctoritate
3552 4028 3789 4095 infestos,

2221 4125 2456 4182 relevate
2479 4136 2789 4194 oppressos,
2837 4129 2899 4177 ut
2937 4121 3142 4191 absque
3163 4121 3337 4192 gravi,
3368 4120 3607 4177 Domino
3630 4122 3790 4192 opitu-

2220 4217 2383 4281 lante,
2413 4214 2686 4279 facultate,
2724 4212 2823 4283 ipsi
2868 4220 3147 4282 gratanter
3165 4212 3311 4265 omni
3356 4218 3604 4280 tempore
3631 4212 3788 4267 sacri-

2220 4310 2383 4365 ﬁcare
2407 4320 2713 4363 mereamur
2739 4303 2913 4368 illaesi,
2939 4303 3006 4357 Et
3029 4301 3333 4371 suscriptio.
3360 4300 3595 4357 λεια-ηε
3618 4311 3673 4358 te
3691 4316 3788 4357 see

2217 4409 2307 4456 vet
2328 4398 2583 4455 divinitas
2609 4409 2707 4468 per
2736 4393 2937 4449 multos
2966 4406 3161 4458 annos,
3201 4391 3553 4449 sanctissime
3576 4392 3785 4448 Patrum

2221 4498 2393 4562 pater.
2421 4488 2614 4543 Amen.

2559 4575 2879 4645 Rescripta»:
2907 4571 3101 4628 Liberii
3128 4573 3198 4628 ad
3223 4573 3450 4628 eosdem.

2291 4669 2653 4727 Dilectissimo
2680 4667 2791 4721 lilio
2837 4667 3148 4720 Ατιιιιινιιιειο
3187 4673 3242 4720 et
3265 4665 3524 4720 omnibus
3547 4665 3603 4719 in
3630 4680 3782 4720 unum

2219 4758 2579 4831 congregatis,
2602 4764 2657 4811 et
2682 4754 2750 4810 de
2772 4753 3056 4808 Trinitatis
3100 4751 3207 4807 ﬁde
3250 4762 3401 4808 recte
3431 4753 3781 4809 sentientibus

2219 4850 2595 4923 Egyptiorum
2642 4842 2911 4914 episcopis
2960 4840 3214 4897 LIBEBmS
3256 4856 3416 4912 papa.

2283 4943 2423 4999 Olim
2452 4948 2508 4995 et
2539 4938 2608 4993 ab
2629 4937 2784 4992 initio
2805 4943 3009 4989 tantam
3036 4936 3375 5004 percepimus
3395 4949 3426 4987 a
3452 4934 3620 4990 beato
3637 4934 3780 4991 Petro

2208 5030 2573 5103 apostolorum
2595 5024 2838 5096 principe
2862 5023 3131 5087 ﬁduciam,
3150 5030 3209 5075 ut
3233 5022 3529 5079 habeamus
3555 5026 3777 5079 auctori-

2210 5131 2395 5187 tatem,
2409 5134 2507 5190 pro
2519 5114 2808 5172 universali
2832 5112 3072 5169 Ecclesia
3087 5111 3153 5166 ad
3179 5122 3382 5168 rectam
3398 5112 3775 5170 defendendam

2213 5213 2373 5269 ﬁdem
2390 5251 2407 5279 ,
2430 5218 2697 5280 quatenus
2725 5204 2855 5261 nulli
2880 5203 3040 5260 liceat
3063 5211 3262 5257 statum
3301 5213 3508 5259 sancte
3538 5205 3774 5261 Ecclesia

2212 5312 2551 5357 commovere
2570 5294 2639 5351 ad
2660 5294 2932 5351 hesionem
2950 5302 3098 5348 recte
3119 5291 3453 5347 credentium
3482 5293 3683 5362 absque
3700 5290 3773 5347 sul

2209 5387 2449 5462 periculo
2471 5385 2711 5442 honoris.
2738 5381 3029 5453 Epistulam
3052 5380 3315 5452 siquidem
3337 5390 3581 5436 vestram
3606 5382 3770 5436 nobis-

2210 5495 2315 5553 que
2339 5479 2600 5534 directam
2621 5483 2747 5530 ante
2768 5489 2865 5530 nos
2885 5472 3103 5529 recitari
3128 5471 3374 5536 fecimus,
3409 5472 3769 5528 tribulatimos

2204 5581 2260 5628 et
2291 5567 2700 5643 persecutiones
2728 5581 2863 5636 quas
2888 5580 2989 5636 pro
3018 5573 3169 5620 recta
3200 5564 3307 5619 ﬁde
3333 5564 3585 5632 patimini
3628 5560 3768 5619 intelc

2204 5666 2453 5720 leximus.
2486 5660 2663 5730 Super
2700 5658 2895 5730 quibus
2919 5666 2974 5711 et
3018 5672 3118 5712 nos
3161 5671 3269 5711 una
3318 5656 3602 5711 uobiscum
3650 5668 3766 5709 coeo

2204 5753 2471 5820 dolemus,
2496 5759 2552 5806 et
2594 5748 2840 5805 laborare
2883 5761 2983 5815 pro
3033 5746 3188 5802 vobis
3215 5755 3274 5799 ut
3308 5753 3469 5815 pater
3511 5760 3608 5817 pro
3650 5741 3761 5800 ﬁliis
