3888 6490
133 379 218 433 657

1328 372 1817 430 DECRETALIUM
1847 371 2249 430 COLLECTIO.

3240 365 3347 444 6:8

130 486 499 558 paratismnus,
541 481 701 538 ﬁdem
755 497 882 537 vero
924 481 1124 539 Nicacni
1156 484 1367 539 concilii
1397 484 1449 538 in
1471 484 1659 539 eadem
1691 489 1735 544 Α
1764 483 2185 549 condemnatus,
2241 484 2387 540 nullo
2439 486 2599 541 modo
2651 494 2866 556 oportet
2933 504 3033 546 nos
3094 494 3351 568 deinceps

129 576 323 649 cpistola
355 585 549 630 rectam
597 574 918 644 reperimus,
942 589 1102 645 super
1125 590 1232 645 qua
1255 583 1310 629 et
1332 575 1440 628 Deo
1462 575 1665 645 gratias

129 669 397 723 uberrimas
445 666 738 734 retulimus,
762 681 862 736 pro
886 682 990 736 qua
1032 682 1138 723 non
1190 667 1524 723 solummodo
1546 684 1667 738 per-

128 757 419 821 sccntiones,
443 764 496 809 et
524 755 805 824 passiones
859 755 1128 810 sustinere
1171 755 1448 811 vobiscum
1492 757 1666 827 parati

128 843 423 908 sumus,‘sed
456 842 642 907 etiam,
672 842 716 897 si
746 858 967 898 necesse
1003 841 1185 909 fuerit,
1218 845 1352 898 mori
1376 860 1474 915 pro
1508 844 1666 901 Chri-

126 936 181 989 sti
217 934 440 997 nomine,
466 933 518 986 in
540 944 799 1003 quantum
854 943 1036 989 nostra
1084 935 1216 990 sinit
1242 935 1528 1007 fragilitas,
1560 952 1666 991 non

127 1026 417 1095 rcSpuimns.
481 1025 648 1093 Igitur
706 1025 1024 1095 praedictum
1072 1034 1321 1081 sanctum
1379 1026 1666 1082 concilium

126 1115 440 1188 (utlcgimns)
485 1104 731 1171 definivit
783 1115 1084 1181 Nicmnum,
1119 1117 1280 1172 aliam
1327 1117 1488 1174 [idem
1537 1118 1666 1174 nulli

124 1207 264 1261 licere
318 1204 578 1275 proferre,
630 1213 724 1258 aut
777 1206 1144 1271 conscribere,
1191 1205 1274 1260 vel
1320 1221 1668 1277 componere,

123 1305 400 1365 autsaperc
428 1294 512 1349 vel
540 1295 735 1350 docere
784 1294 965 1357 aliter,
1019 1309 1119 1349 nec
1161 1296 1456 1365 quidquam
1484 1295 1536 1349 in
1564 1295 1667 1351 lide

124 1386 314 1449 sentire,
340 1394 431 1439 aut
457 1384 702 1455 proferre
739 1386 882 1455 quod
921 1386 1007 1440 bis
1042 1384 1264 1439 Patrum
1311 1385 1512 1457 regulis
1536 1401 1665 1457 pos-

123 1476 181 1530 sit
206 1474 430 1530 obviare.
483 1474 586 1544 Qui
633 1484 813 1529 autem
852 1475 1297 1545 prtesnmpserint
1339 1490 1667 1544 componere

121 1566 259 1622 aliaat
301 1565 455 1621 ﬁdem
483 1574 578 1621 aut
609 1566 874 1638 proferre,
922 1566 1140 1631 docere,
1166 1566 1248 1621 vel
1282 1566 1499 1622 tradere
1523 1566 1668 1623 aliud

121 1657 389 1730 symbolum
413 1659 480 1715 ad
512 1658 655 1713 viam
685 1659 927 1714 veritatis
954 1659 1193 1715 converti
1238 1660 1669 1717 desiderantibus

119 1751 175 1807 de
197 1766 502 1821 quacunque
527 1752 741 1817 htcresi,
780 1751 862 1806 vel
899 1767 965 1807 ex
991 1749 1210 1814 Judzeis,
1235 1752 1318 1807 vel
1349 1768 1412 1807 ex
1444 1754 1669 1825 paganis

1773 581 1972 631 tacere.
2015 584 2109 628 aut
2138 574 2438 644 quiescere,
2479 591 2547 631 ne
2571 578 2807 646 quamlo‘
2834 577 3003 651 iniqui
3042 581 3349 652 judicetnur

1767 660 2021 716 odibilem
2046 663 2154 717 Deo
2172 678 2355 733 pacem
2378 664 2788 733 amplectentes,
2809 668 3065 737 quoniam
3088 674 3348 741 scriptum

1769 760 1879 806 est:
1900 753 2078 808 Zelavi
2102 754 2154 809 in
2179 756 2552 824 peccatoribus
2567 771 2753 826 pacem
2776 769 3119 829 peccatorum
3135 764 3347 825 videns.

1769 852 1824 899 et
1844 840 2055 898 dicatur
2074 846 2237 901 etiam
2253 847 2318 901 de
2340 848 2493 903 nobis
2510 866 2526 903 :
2546 848 2866 906 Sacerdotes
2889 852 2992 908 mei
3009 862 3348 926 contempse-

1770 945 1895 990 runt
1944 936 2112 1008 legem
2166 954 2364 1003 meam,
2407 947 2461 993 et
2490 940 2796 1011 polluerunt
2843 945 3152 999 sanctuaria
3204 962 3347 1014 mea,

1770 1024 1911 1080 inter
1937 1036 2184 1081 sanctum
2222 1037 2277 1083 et
2310 1028 2594 1099 profanum
2616 1046 2721 1086 non
2747 1032 2983 1089 habuere
3005 1034 3341 1101 distantiam,

1770 1115 1910 1172 inter
1938 1118 2197 1189 pollutum
2227 1129 2281 1173 et
2334 1121 2594 1177 mundum
2644 1140 2750 1179 non
2798 1125 3197 1195 intellexemnt,
3249 1129 3346 1183 sed

1769 1224 2095 1283 consurgere
2124 1212 2174 1266 in
2201 1212 2332 1277 Deo,
2363 1222 2418 1269 ct
2455 1215 2755 1270 consistere
2801 1227 3047 1288 prompte
3076 1220 3124 1274 ei
3148 1260 3163 1285 ,
3189 1230 3245 1275 et
3264 1219 3349 1275 in-

1769 1301 1995 1356 duentes
2026 1315 2176 1355 arma
2216 1303 2442 1374 spiritus
2487 1306 2747 1361 adversus
2778 1305 3132 1378 malignantes
3156 1318 3347 1364 contra

1770 1389 1930 1445 ﬁdem
1951 1389 2088 1461 ejus,
2121 1400 2177 1445 ut
2197 1394 2556 1463 approbemus
2576 1394 2799 1465 spiritus
2828 1398 3132 1467 sapienter,
3159 1398 3213 1455 id
3239 1409 3342 1461 est,

1769 1482 1931 1536 verba
1963 1496 2147 1537 eorum
2173 1484 2219 1538 si
2258 1499 2324 1538 ex
2356 1485 2466 1541 Deo
2500 1493 2645 1539 sunt.
2699 1483 2970 1557 Scriptum
3020 1501 3105 1544 est
3130 1490 3272 1544 enim
3297 1490 3350 1544 in

1767 1569 2003 1627 Jeremia
2033 1587 2048 1627 :
2083 1591 2102 1625 ι
2140 1573 2490 1630 Probatorem
2540 1575 2661 1631 dedi
2692 1587 2742 1632 te
2774 1577 2825 1631 in
2871 1580 3069 1650 p0pnlo
3101 1596 3220 1634 meo
3262 1596 3355 1635 ro-
3418 1616 3421 1617 ν

1770 1660 2008 1728 bustum,
2034 1664 2172 1718 scies
2190 1672 2245 1719 et
2272 1664 2525 1734 probabis
2549 1664 2687 1719 viam
2711 1680 2896 1722 eorum
2925 1668 3055 1739 (Jer.
3085 1685 3165 1735 γι,
3182 1670 3272 1740 ‘27)
3299 1687 3347 1737 ;›

1776 1755 1945 1810 multa
2005 1773 2239 1827 namque
2272 1758 2425 1814 nobis
2484 1763 2789 1817 necessaria
2840 1772 2924 1817 est
2972 1764 3268 1835 vigilantia,
3301 1776 3357 1822 et

120 1843 423 1900 Christianos
451 1861 510 1901 se
560 1844 674 1901 ﬁeri
714 1845 1059 1901 volentibus:
1097 1846 1152 1901 bi
1185 1846 1229 1901 si
1257 1846 1500 1917 episcopi
1551 1845 1667 1902 fue-
1699 1834 1743 1894 B
1773 1853 1921 1900 tanta
1955 1847 2151 1902 divina:
2206 1849 2485 1919 sapientia:
2545 1851 2765 1906 rimatio
2813 1869 2932 1922 qua:
2956 1851 3164 1908 occulta
3200 1865 3349 1911 tene-

120 1936 230 2002 rint,
256 1944 343 1990 aut
368 1936 577 2004 clerici,
623 1936 848 1991 alienari
885 1937 1102 2007 quidem
1144 1936 1422 2008 episcopos
1455 1936 1520 1994 ab
1548 1938 1665 2009 epi-

118 2034 307 2096 scopatu
329 2066 344 2091 ,
387 2027 567 2083 cleros
593 2044 623 2083 a
651 2026 817 2083 clero.
847 2026 903 2082 Si
932 2043 1061 2083 vero
1089 2029 1360 2093 monachi,
1405 2037 1499 2083 aut
1542 2029 1666 2084 laici

118 2113 307 2180 fuerint,
328 2117 673 2173 anathemate
706 2117 873 2171 feriri.
899 2117 1238 2173 Protcstatur
1261 2118 1460 2175 etenim
1478 2119 1668 2175 beatus

117 2205 370 2275 Apostolus
401 2208 590 2264 dicens
620 2224 633 2263 :
680 2229 698 2261 ι
729 2209 786 2264 Si
826 2210 949 2281 quis
975 2219 1168 2275 certat,
1216 2226 1322 2266 non
1346 2221 1663 2278 coronatur,

118 2297 198 2353 nisi
224 2296 450 2371 legitime
496 2301 792 2356 certaverit
818 2300 903 2373 (11
935 2300 1070 2355 Tim.
1114 2318 1178 2368 ιι,
1207 2300 1297 2373 5);
1336 2321 1355 2354 ι
1386 2312 1440 2357 et
1470 2302 1667 2360 iterum

119 2393 341 2450 Dominus
366 2396 440 2450 ait
471 2411 487 2450 :
530 2416 547 2447 ι
581 2394 681 2465 Qui
722 2406 900 2452 autem
937 2398 1367 2468 perseveraverit
1409 2414 1579 2470 usque
1612 2400 1665 2455 in

119 2486 273 2554 ﬁnem,
299 2489 382 2546 hic
410 2489 596 2546 salvus
619 2489 722 2545 erit
746 2489 963 2561 (Matth.
1013 2507 1162 2557 xxw,
1194 2491 1319 2563 {3);
1359 2510 1377 2543 ι
1409 2491 1667 2548 videlicet

118 2581 464 2638 certaminibus
510 2585 684 2638 sacris
708 2583 999 2653 propositis
1029 2582 1185 2638 nobis
1212 2600 1313 2654 pro
1352 2583 1665 2639 defensioue

119 2670 362 2727 catholica:
412 2672 700 2739 Ecclesiae,
750 2688 1055 2745 magnaque
1098 2672 1273 2729 salute
1310 2689 1374 2730 ex
1411 2675 1513 2729 hoc
1545 2690 1664 2745 spe-

120 2766 211 2814 rata
237 2762 299 2816 ab
324 2763 570 2817 omnium
605 2764 869 2818 bonorum
902 2765 1091 2820 datore
1118 2765 1250 2831 Deo,
1276 2781 1383 2821 non
1414 2764 1668 2821 deﬁciant

118 2862 279 2905 manus
320 2863 523 2908 nostra:
556 2852 895 2910 dilectissimi
945 2854 1164 2918 fratres,
1198 2871 1296 2925 per
1323 2858 1664 2914 occasionem

116 2937 385 3007 cujuslibet,
417 2943 643 2999 desidiae
674 2944 971 3011 dissolutze,
1015 2946 1112 3000 sed
1159 2944 1329 3002 fortes
1368 2946 1668 3002 clﬁciamur

117 3042 194 3097 per
217 3033 433 3102 gratiam
477 3033 696 3090 Domini
742 3044 906 3105 atque
933 3035 1192 3091 virtutem
1238 3038 1497 3107 potentiae
1523 3038 1662 3107 ejus,

115 3122 333 3189 quoniam
369 3122 603 3194 perfecit
647 3125 812 3195 pedes
857 3134 1075 3181 nostros
1114 3135 1370 3196 tanquam
1418 3143 1659 3195 suorum,

1769 1935 1989 1990 bramm
2030 1936 2233 1992 revelat
2268 1937 2335 1992 ad
2364 1938 2769 2010 requisitiouem
2813 1940 3123 2011 hujusmodi
3176 1944 3274 2010 rei,
3298 1952 3352 1999 et

1768 2026 2181 2093 scrutationem,
2218 2029 2474 2099 quoniam
2520 2030 2652 2086 latet
2695 2031 3094 2102 quodammodo
3141 2042 3195 2089 et
3231 2037 3354 2091 abs-

1767 2118 2039 2185 conditur,
2088 2120 2287 2190 vixque
2342 2121 2840 2191 comprehenditur,
2889 2122 3073 2177 dolosa
3117 2124 3355 2181 existens

1768 2206 1996 2273 malitia,
2025 2224 2124 2279 pro
2147 2224 2212 2264 eo
2238 2209 2381 2280 quod
2406 2209 2784 2282 sibi'pietatem
2809 2212 3001 2269 callide
3023 2213 3355 2283 blandiatur,

1769 2304 1826 2350 ut
1851 2296 2025 2352 valeat
2050 2301 2409 2353 scrutantium
2464 2308 2698 2356 mentem
2750 2301 3133 2373 latere;quod
3169 2304 3354 2376 utique

1767 2388 1945 2444 sciens
1993 2389 2181 2445 beatus
2237 2389 2551 2461 Apostolus,
2620 2393 2740 2448 ait:
2803 2412 2822 2446 ι
2859 2393 2993 2449 Nam
3045 2396 3356 2466 lmjusmodi

1767 2478 2210 2551 pseudoapostoli
2265 2494 2320 2538 et
2379 2485 2613 2554 operarii
2676 2486 2887 2543 subdoli
2966 2489 3358 2561 transﬁgurant

1767 2587 1827 2627 se
1855 2572 1910 2628 in
1935 2574 2208 2643 apostolos
2257 2574 2460 2631 Christi
2522 2576 2609 2647 (II
2645 2577 2768 2633 Cor.
2803 2596 2880 2646 χι,
2913 2581 3026 2649 15).
3060 2600 3079 2635 ι
3111 2581 3218 2638 Sed
3249 2599 3357 2639 non

1766 2665 1990 2731 mirum,
2023 2667 2281 2737 quoniam
2306 2677 2361 2723 et
2392 2670 2506 2739 ipse
2540 2668 2773 2726 Satanas
2801 2674 3155 2746 transﬁgurat
3179 2689 3236 2729 se
3258 2691 3354 2730 ve-

1767 2757 1846 2811 lut
1892 2757 2116 2830 angelus
2146 2759 2303 2825 lucis,
2331 2770 2387 2817 ct
2437 2762 2559 2817 ideo
2608 2778 2715 2818 non
2767 2765 2987 2833 mirum,
3036 2767 3082 2822 si
3116 2768 3355 2824 ministri

1765 2847 1882 2917 ejus
1906 2849 2362 2921 transﬁgurantur
2388 2851 2536 2908 velut
2570 2854 2802 2909 ministri
2824 2853 3069 2924 justitiar,
3099 2859 3356 2929 quoniam

1768 2937 1890 2995 ﬁnis
1945 2940 2241 2995 secundmn
2283 2955 2445 3010 opera
2488 2957 2701 3008 eorum,
2751 2944 2846 2999 scd
2900 2953 2956 3001 et
3005 2945 3265 3002 Dominus
3303 2949 3357 3003 in

1765 3029 1869 3084 hoc
1916 3031 2277 3099 praemuniens
2304 3046 2423 3099 nos,
2454 3032 2530 3086 ait
2560 3046 2575 3086 :
2611 3054 2629 3085 ι
2671 3032 2951 3091 Attendite
2975 3053 3003 3090 a
3035 3037 3186 3095 falsis
3226 3055 3357 3111 pro—

1765 3121 1943 3190 pbetis
1983 3122 2074 3192 qui
2106 3122 2329 3177 veniunt
2359 3122 2425 3178 ad
2460 3138 2562 3178 vos
2593 3124 2646 3178 in
2674 3126 3013 3183 vestimentis
3039 3128 3244 3194 ovium,
3272 3130 3357 3185 in-

116 3218 159 3264 et
177 3226 321 3283 super
355 3213 577 3271 excelsa
626 3214 835 3270 ﬁrmius
865 3216 1056 3271 statuit
1104 3214 1408 3270 intellectus
1438 3230 1663 3270 summa:
1691 3198 1736 3259 Ο
1771 3211 2040 3268 trinsecus
2089 3221 2217 3268 sunt
2271 3212 2381 3284 lupi
2443 3230 2709 3286 rapaces;
2765 3232 2796 3272 a
2842 3217 3106 3277 fructibus
3168 3237 3357 3277 eorum

115 3303 209 3372 cjus
224 3305 576 3363 humanitatis
602 3314 823 3377 propter
852 3315 1093 3361 nostram
1131 3305 1385 3366 salutem.
1429 3306 1664 3361 maxime

116 3404 293 3452 tantum
319 3399 585 3455 habentes
614 3397 924 3469 impositam
951 3405 1265 3453 sanctorum
1315 3397 1534 3453 testium
1567 3412 1666 3452 nu-

113 3484 231 3542 bem.
265 3488 605 3561 Deponentes
631 3504 759 3562 ergo
778 3506 939 3546 omne
964 3489 1196 3561 pondus,
1227 3500 1283 3546 et
1311 3491 1666 3546 circumstan-

114 3585 202 3632 tem
231 3579 663 3636 adversariorum
704 3582 999 3637 novitatem
1045 3597 1146 3653 per
1180 3582 1494 3653 patientiam
1543 3598 1668 3639 cur-

112 3681 283 3735 ramus,
314 3672 645 3744 aSpicientcs
667 3673 719 3728 in
750 3682 1027 3729 auctorem
1060 3674 1204 3741 ﬁdei,
1244 3683 1299 3731 et
1321 3690 1668 3731 consumma-

115 3770 257 3819 torem
305 3763 494 3824 Iesum
541 3768 634 3838 qui
678 3767 732 3823 in
761 3768 1036 3839 proposito
1084 3771 1242 3826 nobis
1291 3778 1513 3842 pmptcr
1542 3785 1665 3826 eum

110 3855 319 3925 negotio,
368 3857 626 3929 spiritum
665 3859 822 3916 nobis
850 3875 960 3915 suae
1007 3862 1253 3917 veritatis
1291 3864 1563 3919 condonet
1590 3864 1668 3918 lo-

113 3958 329 4015 quentem
360 3952 413 4006 in
467 3952 627 4008 nobis
650 3961 814 4024 atque
843 3953 1216 4023 prohibentem
1248 3955 1510 4026 magnalia
1542 3955 1668 4012 ﬁdei

110 4052 191 4108 per
212 4040 512 4098 doctrinam
552 4052 863 4099 sanctorum
906 4043 1128 4100 Patrum
1181 4061 1319 4117 quos
1367 4045 1667 4102 adversarii

110 4130 486 4190 calumniantur
504 4134 763 4205 quotidie.
785 4134 843 4190 ln
867 4135 1144 4206 prophetis
1165 4153 1397 4208 namque
1417 4139 1664 4194 habetur:

117 4217 368 4293 «Propter
422 4224 561 4280 Sion
613 4239 720 4280 non
768 4225 978 4294 tacebo,
1020 4234 1077 4281 et
1122 4236 1345 4299 propter
1379 4227 1511 4284 Sion
1561 4244 1667 4285 non

110 4312 376 4381 quiescam,
403 4315 581 4372 donec
607 4316 935 4388 egrediatur,
966 4326 1027 4374 ut
1051 4318 1304 4389 splendor
1325 4319 1504 4391 justus
1530 4319 1668 4390 ejus,

110 4407 155 4452 et
205 4402 434 4460 salvator
501 4402 654 4475 ejus,
721 4415 783 4462 ut
836 4405 1044 4479 lampas
1110 4409 1441 4465 accendatur
1519 4409 1666 4483 (Ira.

111 4503 220 4557 un,
248 4493 320 4565 l).
355 4514 373 4547 ι
400 4494 656 4552 Profecto
677 4496 944 4553 catholica
968 4497 1214 4554 Ecclesia
1237 4513 1344 4570 qua
1381 4515 1509 4555 vera
1537 4516 1669 4557 con-

111 4578 231 4635 sistit
252 4581 404 4652 Sion,
430 4594 490 4641 et
513 4585 706 4643 civitas
735 4586 937 4645 Christi
985 4589 1249 4645 caelorum
1296 4591 1441 4664 regis
1463 4608 1561 4664 per
1589 4601 1668 4651 tot

110 4683 345 4730 annorum
378 4678 558 4748 Spatia
604 4687 911 4750 expugnata
955 4680 1022 4736 ab
1069 4683 1450 4740 aversantibus
1499 4685 1666 4742 verba

112 4758 233 4828 ﬁdei,
261 4767 347 4836 qui
382 4782 563 4838 neque
589 4767 758 4824 Deum
788 4770 979 4825 timent
1003 4786 1179 4841 neque
1208 4772 1484 4829 hominem
1518 4791 1669 4831 reve-

111 4864 294 4922 rentur,
317 4858 413 4913 sed
454 4858 725 4913 incassum
768 4860 1189 4930 perducentibus
1219 4863 1338 4934 pias
1363 4874 1417 4918 et
1447 4866 1666 4921 canoni-

110 4956 186 4998 cas
208 4946 271 5002 de
297 4949 402 5006 hoc
424 4951 592 5007 verbo
623 4951 925 5019 doctrinas,
952 4953 1081 5009 dum
1108 4955 1353 5012 adversis
1395 4958 1667 5029 tantisque

110 5037 324 5108 scripto,
373 5050 431 5097 et
479 5043 597 5098 sine
665 5043 867 5113 scripto
921 5046 1406 5103 contestationibus
1458 5048 1667 5105 invitati

111 5122 316 5185 fuissent
364 5132 640 5203 corrigere
687 5134 1069 5204 propriam,et
1109 5136 1341 5207 sepelire
1389 5138 1664 5206 haeresim,

109 5216 247 5276 sicuti
291 5231 347 5278 et
400 5238 498 5294 per
545 5224 877 5280 anteriorem
929 5226 1295 5296 cognitionem
1340 5227 1668 5285 lueulentius

110 5308 517 5372 demonstratum
566 5327 674 5384 est,
710 5327 817 5374 tam
843 5334 940 5390 per
965 5320 1175 5377 libellos
1203 5337 1369 5392 quam
1418 5339 1514 5394 per
1539 5339 1669 5397 sug-

108 5405 361 5470 gestiones
408 5409 983 5466 reverendissimorum
1031 5416 1396 5480 sacerdotum,
1427 5425 1667 5473 ctvene-

110 5494 338 5554 rabilium
366 5499 646 5567 abbatum,
668 5503 924 5572 Apostolo
948 5515 1279 5575 protestante
1301 5506 1478 5573 nobis,
1494 5516 1552 5562 ut
1574 5508 1670 5563 bo-

109 5583 291 5644 minem
350 5592 661 5648 naereticum
707 5601 830 5665 post
859 5594 1089 5665 primam
1126 5604 1181 5651 et
1209 5597 1501 5652 secundam
1549 5613 1670 5653 cor-

110 5680 394 5747 reptionem
444 5686 648 5742 evitare
702 5686 1016 5752 debeamus,
1044 5687 1277 5743 scientes
1325 5688 1450 5756 quia
1483 5689 1669 5759 hujus—

110 5771 241 5830 uiodi
288 5774 576 5835 subversas
630 5785 734 5847 est,
790 5785 845 5834 et
885 5776 1147 5848 delinquit
1194 5779 1413 5849 proprio
1454 5776 1663 5847 judicio

1765 3303 2106 3371 cognoscetis
2148 3317 2243 3358 eos
2298 3302 2515 3375 (Matth.
2552 3321 2651 3372 vn,
2682 3307 2769 3372 15,
2809 3307 2919 3378 16).
2959 3329 2979 3362 ι
3025 3308 3165 3380 Ergo
3196 3310 3249 3366 in
3278 3312 3359 3366 id-

1767 3392 1943 3462 ipsum
1975 3408 2041 3448 ex
2079 3403 2193 3451 toto
2226 3395 2389 3450 corde
2452 3396 2748 3453 referentes
2785 3409 2911 3455 ante
2959 3401 3141 3456 omnia
3195 3418 3361 3473 super

1768 3482 1859 3536 tali
1885 3483 2184 3554 quaestione
2223 3484 2685 3556 deprecationem,
2722 3497 2775 3543 et
2804 3489 3047 3546 dicentes
3094 3505 3216 3546 cum
3247 3492 3356 3546 Da-

1767 3575 1895 3629 vid:
1933 3594 1951 3627 ι
1989 3575 2188 3631 Revela
2236 3576 2423 3633 oculos
2474 3591 2642 3642 meo's,
2686 3589 2742 3635 et
2776 3580 3135 3639 considerabo
3187 3582 3358 3637 mira-

1766 3665 1895 3721 bilia
1922 3666 1988 3720 de
2013 3666 2126 3738 lege
2161 3676 2253 3721 tua
2281 3665 2453 3739 (Paul.
2482 3683 2674 3732 cxvm,
2704 3669 2816 3735 i8),
2854 3689 2873 3721 ι
2906 3690 2924 3723 ‹
2961 3670 3179 3727 lucerna
3207 3673 3352 3727 enim

1765 3761 1994 3832 pedibus
2034 3761 2171 3817 meis
2194 3761 2420 3816 verbum
2463 3770 2634 3829 tuum,
2678 3762 2924 3830 Domine,
2949 3774 3004 3821 et
3046 3764 3228 3820 lumen
3260 3780 3350 3821 se-

1767 3852 1916 3909 mitis
1958 3852 2093 3909 meis
2173 3850 2346 3921 (Psal.
2403 3869 2591 3919 cxvtn,
2645 3854 2754 3927 18),
2794 3875 2814 3907 ι
2869 3857 3127 3926 quoniam
3183 3857 3355 3927 ipsius

1767 3954 1851 4001 est
1880 3946 2043 4016 (sicut
2067 3946 2141 3999 ait
2174 3944 2368 4001 beatus
2422 3945 2608 4001 Daniel
2662 3947 2946 4021 propheta)
3002 3968 3022 4001 ι
3063 3951 3356 4022 sapientia,

1769 4035 2050 4102 fortitudo,
2094 4034 2189 4092 dat
2225 4034 2547 4106 sapientiam
2572 4037 2928 4108 sapientibus,
2976 4046 3035 4095 et
3069 4039 3354 4095 scientiam

1770 4126 2196 4198 intelligentibus
2253 4125 2620 4197 disciplinam.
2680 4127 2800 4198 ipse
2852 4128 3059 4183 revelat
3087 4128 3356 4200 profunda

1769 4228 1825 4274 et
1850 4218 2189 4284 abscondita,
2248 4226 2305 4272 et
2351 4218 2499 4274 novit
2527 4219 2580 4274 in
2620 4218 2862 4276 tenebris
2912 4221 3244 4286 constituta,
3303 4232 3360 4277 et

1772 4308 1865 4363 lux
1910 4324 2033 4365 cum
2060 4325 2125 4365 eo
2152 4316 2237 4364 est
2257 4308 2419 4381 (Dan.
2448 4324 2512 4375 ιι,
2537 4308 2745 4382 20-22).
2787 4329 2807 4363 ι
2842 4308 2980 4377 Quia
3010 4312 3356 4381 sapientiam,

1772 4401 1966 4471 inquit,
2020 4410 2075 4456 et
2105 4399 2478 4455 fortitudinem
2527 4399 2724 4456 dedisti
2775 4401 2931 4468 mihi,
2970 4409 3028 4458 et
3072 4404 3358 4458 ostendisti

1772 4493 1906 4548 mihi
1957 4507 2078 4564 quae
2127 4491 2313 4562 rogavi
2363 4500 2437 4558 te,
2467 4507 2593 4548 cum
2642 4507 2808 4564 opera
2860 4495 3043 4549 divina
3099 4495 3349 4549 uniuscu-

1696 4564 1746 4624 Ῐ)
1766 4581 1963 4655 jusque
2003 4597 2251 4655 persona:
2294 4582 2567 4653 descripta
2615 4598 2804 4640 eorum
2836 4585 2928 4655 qui
2967 4600 3066 4656 pro
3098 4587 3358 4642 novitatis

1768 4682 2077 4732 commento
2115 4673 2354 4730 accusati
2386 4682 2513 4729 sunt
2541 4674 2607 4730 de
2633 4675 2934 4731 venerabili
2982 4685 3171 4730 nostro
3216 4676 3354 4730 scri-

1768 4769 1862 4825 nio
1883 4767 2405 4832 obsecundantibus,
2434 4776 2490 4822 et
2518 4767 2677 4824 nobis
2699 4768 3082 4824 ordiuabiliter
3125 4767 3357 4824 offeren-

1770 4860 1916 4916 tibus
1945 4859 2200 4915 solertius
2250 4858 2619 4926 intendamus,
2648 4859 2723 4914 ita
2750 4866 2809 4912 ut
2833 4858 2925 4928 qui
2955 4858 3070 4913 haec
3096 4874 3373 4929 prximum-—

1772 4950 1985 5022 pserint
2042 4948 2410 5021 prmvaricari,
2463 4950 2700 5019 primum
2765 4948 2984 5019 quidem
3039 4948 3359 5021 subjaccant

1766 5041 1974 5112 judicio
2031 5040 2262 5097 terribili
2312 5039 2703 5111 omnipotentis
2747 5037 2873 5105 Dei,
2930 5038 3125 5095 deinde
3170 5050 3354 5094 autem

1774 5136 2204 5209 qualemcunque
2229 5134 2465 5207 regalem
2516 5131 2942 5201 indignationem
2969 5142 3322 5188 revercautur
3340 5175 3355 5197 ,

1772 5243 1871 5298 per
1920 5242 2084 5297 quam
2125 5226 2345 5296 quidem
2372 5225 2418 5281 si
2460 5223 2700 5294 episcopi
2757 5232 2850 5278 aut
2907 5223 3093 5279 clerici
3149 5233 3293 5287 Slltll,
3325 5241 3354 5277 a

1771 5317 1854 5372 sui
1890 5316 2210 5382 sacerdotii,
2250 5316 2366 5370 sive
2396 5329 2426 5369 a
2451 5314 2535 5369 sui
2576 5313 2713 5369 cleri
2754 5314 2945 5370 ordine
2981 5315 3157 5370 modis
3184 5315 3358 5369 omni-

1772 5409 1873 5464 bus
1906 5407 2193 5464 excedant.
2225 5405 2283 5461 Si
2315 5413 2497 5460 autem
2521 5403 2767 5460 monachi
2798 5412 2946 5471 sunt,
2981 5413 3354 5474 segregentnr,

1774 5506 1831 5553 et
1859 5497 2022 5553 alieni
2073 5497 2183 5552 sint
2210 5496 2278 5550 de
2325 5495 2437 5550 suis
2467 5492 2621 5549 locis.
2676 5493 2733 5549 Si
2780 5504 2964 5550 autem
3014 5495 3353 5565 dignitatem,

1775 5596 1870 5644 aut
1900 5585 2201 5655 cingulum,
2259 5591 2355 5638 aut
2384 5583 2637 5638 militiam
2687 5582 2944 5648 habeant,
2990 5584 3263 5636 nudentur
3289 5580 3357 5635 de

1774 5682 1873 5736 eis.
1931 5678 2026 5734 Sin
2069 5687 2251 5733 autem
2282 5684 2409 5731 sunt
2439 5675 2660 5747 privati,
2687 5676 2731 5730 si
2756 5675 2972 5744 quidem
3001 5672 3208 5728 nobiles
3240 5673 3359 5725 exi-

1772 5772 1924 5832 SIunt
1963 5785 2183 5829 suarum
2217 5769 2643 5827 substantiarum
2668 5767 3118 5839 proscriptionem
3146 5765 3356 5835 patian-
