3888 6440
573 339 678 396 659

1408 338 1696 394 ‘APPEND.
1725 336 1815 391 AD
1846 334 2018 390 SIEC.
2050 333 2141 389 IX.
2182 364 2251 375 ο·-
2286 335 2531 393 lSlDORl
2562 337 2999 397 MERCATORIS
3084 356 3093 364 '
3693 354 3769 410 sto

577 457 683 501 tur.
708 444 764 502 Si
792 453 969 502 autem
1021 445 1282 517 ignobiles
1323 448 1649 511 consistunt,
1708 462 1812 501 non
1866 444 2042 500 solum
2094 445 2147 497 in
2181 458 2225 512 Α
2259 467 2374 504 rum
2404 451 2731 508 custodiam.
2765 454 2896 508 Data
2926 465 3117 511 octava
3146 455 3504 515 Kalendarum
3536 459 3768 528 Junii,”-

579 535 737 608 15‘7
758 552 983 607 corpore
1009 538 1385 602 verberentur,
1423 538 1517 594 sed
1545 537 1741 593 exsilio
1784 545 2044 606 perpetuo
2074 551 2166 590 ca-

576 628 842 700 stigentur
872 645 885 694 ;
920 638 979 683 ut
1007 644 1198 684 omnes
1226 629 1418 684 timore
1448 629 1540 684 Dei
1575 628 1896 698 compressi,
1931 634 1982 682 et
2005 641 2158 682 com-

586 718 789 773 minata
838 719 918 774 eis
962 719 1121 788 digna
1151 718 1413 787 supplicia
1451 729 1767 774 reverentes
1806 715 2157 779 immobilem,

576 815 632 861 et
667 806 786 863 sine
810 807 1115 863 turbatione
1143 822 1329 878 pacem
1370 818 1685 863 sanctarum
1736 807 1831 861 Dei
1882 804 2157 861 Ecclesia-

2263 542 2454 613 clepio,
2478 554 2534 600 et
2579 544 2816 601 Deodato
2841 545 2929 608 IV,
2963 562 3045 602 ce.
3069 547 3276 604 consul.
3298 548 3483 605 Gratia
3522 549 3638 607 Iesu
3655 553 3769 612 Chri-

2263 648 2349 695 sto
2390 638 2617 695 Domino
2673 649 2882 707 nostro,
2918 656 3025 713 pax
3075 642 3249 699 vobis.
3298 642 3490 709 Amen,
3543 644 3641 701 Deo
3675 661 3768 719 gn-

2263 732 2385 787 tias.

1083 1064 1720 1155 INCIPIUNT
1793 1060 2329 1153 DECRETA
2399 1057 2856 1148 FELICIS
2952 1042 3324 1145 P'APIE.

576 1259 810 1332 Epistola
848 1257 1216 1330 zEgyptiorum
1258 1252 1565 1376 gantiﬁcum
1610 1250 1679 1304 ad
1700 1249 1937 1304 eumdem
1969 1249 2033 1304 de
2066 1250 2150 1303 in-

915 1362 921 1369 .
991 1325 1254 1376 festationi
1291 1339 1350 1376 us
1386 1322 1721 1375 Arianorum.

915 1323 1350 1399 "'j‘estationibus
1386 1323 1721 1375 Arianorum.

646 1440 872 1496 Domino
901 1436 1213 1493 beatissimo
1250 1444 1307 1487 et
1336 1430 1638 1486 honorabili
1669 1440 1858 1485 sancto
1886 1429 2022 1498 patri
2050 1428 2155 1482 Fe-

573 1547 683 1588 llCt
734 1537 933 1584 sanctae
990 1525 1147 1582 Sedis
1206 1522 1512 1593 apostolicae
1565 1520 1714 1576 urbis
1747 1519 1933 1575 Romae
1981 1534 2153 1588 papae,

572 1620 934 1683 Arnanxsws,
952 1625 1002 1671 et
1017 1613 1252 1669 universi
1267 1611 1666 1681 ZEgyptiorum,
1683 1609 2079 1664 Thebaidorum
2101 1618 2156 1662 et

573 1710 849 1766 Lihiorum
898 1705 1137 1778 episc0pi
1178 1704 1233 1758 in
1284 1711 1471 1757 sancta
1512 1699 1879 1755 Alexandrina
1924 1699 2153 1770 synodo,

574 1801 746 1872 gratia
799 1799 894 1854 Dei
940 1794 1267 1868 congregati.

647 1890 838 1948 Vestro
853 1897 1043 1945 sancto
1058 1884 1394 1958 suggerimus
1408 1881 1751 1952 apostolatui,
1767 1890 1829 1935 ut
1852 1880 2019 1936 nostri
2036 1894 2152 1934 mo-

574 1996 635 2035 re
665 1980 823 2036 solito
848 1977 1265 2035 sollicitudinem
1288 1989 1478 2046 gerere
1504 1973 1798 2043 dignemini
1823 2013 1838 2038 ,
1869 1971 2026 2041 juxta
2066 1985 2155 2025 ve-

574 2082 743 2124 stram
767 2068 1241 2141 prudentissimam
1266 2064 1585 2135 sapientiam
1612 2079 1731 2133 qua:
1758 2063 2008 2119 omnibus
2037 2062 2155 2118 luce

573 2162 773 2217 clarius
794 2160 1081 2215 manifesta
1102 2168 1213 2223 est;
1246 2158 1369 2226 quia
1391 2155 1696 2226 apostolicis
1716 2162 1895 2207 vestra
1926 2153 2156 2208 beatitu-

574 2253 644 2308 do
657 2252 956 2307 visceribus
977 2258 1247 2305 commota
1270 2263 1364 2316 per
1380 2234 1779 2302 tribulationem
1800 2253 2039 2299 nostram
2057 2259 2153 2299 nos

574 2356 761 2397 mnnes
783 2341 993 2397 hortata
1016 2346 1098 2394 est
1126 2338 1190 2393 ad
1224 2338 1501 2391 tuitionem
1527 2334 1801 2390 catholica).
1826 2342 1880 2388 et
1903 2332 2155 2402 apostoli—

574 2447 652 2486 ea:
664 2430 917 2486 Ecclesiae
941 2430 994 2483 in
1017 2444 1181 2482 unum
1197 2427 1504 2491 convenire,
1526 2435 1580 2480 et
1604 2425 1670 2479 de
1691 2434 1875 2478 nostra
1896 2422 2153 2477 canonice

2255 1261 2447 1318 scopos
2489 1245 2767 1309 damnare,
2831 1244 2959 1300 licet
3007 1246 3122 1302 haec
3186 1254 3243 1301 et
3304 1246 3407 1301 alia
3467 1263 3614 1318 quam
3659 1251 3765 1320 plura

2257 1338 2561 1396 necessaria
2607 1339 2674 1393 ab
2699 1337 2987 1402 haereticis,
3042 1338 3131 1407 qui
3171 1352 3268 1393 nos
3295 1340 3533 1407 quotidie
3573 1341 3767 1398 infestant

2256 1441 2312 1485 et
2334 1430 2558 1501 perdere
2587 1428 2851 1493 nituntur,
2893 1437 2952 1482 ut
3002 1426 3206 1481 facilius
3231 1443 3330 1482 nos
3373 1442 3560 1497 capere
3592 1433 3766 1500 possint,

2255 1522 2362 1576 sint
2396 1520 2650 1592 synodica
2673 1518 2904 1589 capitula
2936 1519 3152 1573 incensa
3183 1518 3446 1588 nobisque
3468 1519 3766 1589 sublata.Qua

2255 1614 2322 1670 de
2355 1629 2413 1667 re
2438 1614 2541 1667 hac
2565 1612 2779 1666 inventa
2811 1609 3482 1668 occasioneindiﬁ‘crenter
3500 1614 3631 1667 omni
3651 1629 3765 1669 cano-

2255 1706 2375 1759 nica
2419 1713 2471 1758 et
2499 1702 2789 1772 apostolica
2816 1702 3116 1772 postposita
3155 1703 3500 1769 auctoritate,
3548 1719 3651 1767 nos,
3692 1707 3764 1759 via

2253 1795 2486 1873 propriis
2521 1794 2673 1848 vobis
2704 1791 3041 1855 inconsultis,
3069 1791 3251 1847 illicite
3272 1792 3542 1861 expellunt
3567 1795 3765 1857 sedibus;

2253 1901 2491 1957 ovesque
2514 1884 2669 1939 nobis
2691 1899 2721 1938 a
2750 1883 2965 1939 Christo
2993 1883 3220 1939 Domino
3250 1885 3539 1953 apostolica
3569 1888 3765 1957 cornutis;

2254 1991 2343 2031 sas
2364 1974 2532 2045 gratia
2576 1973 2849 2039 invadunt
2906 1974 3164 2044 gradibus
3188 1974 3425 2043 privant,
3465 1976 3662 2044 etquod
3678 1992 3765 2044 pes-

2254 2069 2449 2123 simum
2473 2077 2579 2131 est,
2605 2073 2661 2120 et
2681 2065 2931 2120 onmibus
2950 2064 3272 2120 ChriStianis
3311 2065 3518 2136 legibus
3551 2067 3764 2123 inimicum

2253 2158 2513 2230 perﬁcere
2548 2158 2845 2212 decertant.
2889 2155 2997 2211 Vos
3046 2170 3200 2225 ergo,
3254 2165 3316 2210 ut
3379 2172 3583 2227 semper
3623 2168 3765 2212 vestra

2252 2248 2366 2305 sedi
2395 2254 2596 2302 sanctae
2625 2246 2965 2311 consuetudo
2993 2245 3115 2311 I‘uit,
3153 2245 3574 2317 periclitantibus
3615 2246 3762 2302 subve-

2257 2342 2385 2406 nite,
2415 2353 2700 2410 oppressos
2736 2339 3009 2403 roborate,
3050 2337 3433 2393 tribulantibus
3463 2353 3654 2393 manum
3679 2354 3765 2407 por-

2254 2435 2434 2504 rigite,
2461 2433 2696 2502 taliaque
2725 2432 3028 2503 prohibete,
3059 2440 3114 2485 et
3141 2430 3287 2501 leges
3315 2432 3582 2501 imponite,
3610 2440 3659 2485 ut
3676 2446 3765 2501 apo-

574 2521 946 2592 Oppressione,
968 2530 1024 2575 et
1058 2519 1382 2574 unanimiter
1413 2525 1645 2571 tractare
1671 2515 1796 2569 dum
1823 2523 2032 2569 constat
2058 2529 2154 2567 nos
2185 2504 2229 2562 Β
2255 2524 2445 2579 ειοιίεει
2474 2524 2716 2579 doctrina
2745 2537 2865 2591 quas
2892 2522 2945 2575 ίη
2996 2522 3107 2576 Deo
3140 2529 3244 2587 εει,
3295 2521 3408 2576 ciu,
3450 2523 3515 2577 ad
3548 2522 3763 2576 νίοιοτίλη,

574 2590 678 2663 una
701 2624 822 2663 cum
836 2590 1005 2664 beato
1026 2607 1191 2663 Paulo
1212 2605 1451 2677 apostolo
1486 2605 1670 2659 eadem
1711 2602 2155 2672 compassibiliter

574 2700 790 2754 dicere?
819 2718 837 2750 ι
859 2698 989 2765 Quis
1026 2697 1347 2759 inﬁrmatur,
1372 2704 1427 2750 et
1448 2710 1547 2765 ego
1572 2710 1677 2749 non
1710 2692 1995 2747 inﬁrntor?
2023 2691 2154 2758 Quis

574 2791 1169 2860 scandalizatur,etego
1190 2804 1294 2843 non
1318 2788 1479 2842 uror?
1495 2806 1512 2838 ι
1536 2786 1618 2857 (II
1636 2785 1758 2850 Cor,
1781 2802 1855 2849 x1,
1879 2784 1993 2856 29.)
2011 2793 2157 2838 sata-

575 2888 761 2948 gentcs
792 2893 858 2933 ne
883 2879 1062 2949 aliqtta
1084 2880 1149 2933 de
1178 2878 1256 2931 eis
1277 2892 1394 2946 quae
1415 2876 1571 2930 nobis
1598 2875 1817 2929 credite
1838 2883 1962 2927 sunt
1992 2875 2156 2926 ratio-

575 2969 842 3024 nabilihus
864 2970 1054 3023 ovibus
1073 2984 1101 3020 a
1125 2967 1312 3022 bestiis
1335 2966 1597 3035 capiatur.
1619 2962 1761 3027 Ideo,
1786 2972 1939 3032 pater
1953 2961 2155 3016 beatis»

576 3063 734 3126 sime,
749 3061 874 3131 quia
892 3075 1105 3131 semper
1117 3068 1492 3113 antecessores
1514 3056 1706 3120 nostri,
1726 3064 1780 3110 et
1802 3070 1899 3109 nos
1919 3068 1949 3107 a
1976 3062 2155 3108 vestra

575 3155 872 3225 apostolica
902 3163 1087 3207 sancta
1139 3152 1267 3206 sede
1314 3149 1573 3204 auxilium
1626 3147 1923 3211 hausimus,
1955 3154 2009 3200 et
2054 3161 2153 3200 no-

577 3247 673 3301 stri
704 3262 800 3301 vos
822 3261 1005 3301 curam
1035 3244 1236 3299 habere
1266 3242 1606 3313 agnovimus,
1631 3239 1906 3311 praefatam
1939 3247 2153 3308 aposto-

577 3339 759 3403 licam,
806 3345 863 3391 et
907 3350 1171 3391 summam
1208 3334 1531 3404 expetimus,
1579 3332 1733 3401 juxta
1765 3344 2029 3383 canonum
2060 3327 2154 3382 de-

576 3440 751 3496 creta,
800 3430 1020 3494 sedem,
1062 3436 1120 3481 ut
1164 3427 1287 3482 inde
1334 3425 1595 3479 auxilium
1652 3422 1967 3492 capiamus,
2017 3419 2156 3473 unde

579 3522 1007 3594 praedecessores
1027 3517 1197 3573 nostri
1218 3515 1608 3577 ordinationes,
1637 3519 1690 3567 et
1721 3512 1971 3581 dogmata
1997 3518 2157 3577 atque

576 3612 971 3668 sublevationes
984 3617 1272 3679 ceperunt;
1302 3606 1368 3660 ad
1395 3620 1513 3660 eam
1537 3618 1751 3673 quoque
1779 3600 1931 3670 quasi
1955 3600 2019 3653 ad
2046 3615 2158 3652 ma-

580 3715 716 3760 trem
749 3705 1111 3768 recurrimus,
1140 3710 1201 3755 ut
1225 3701 1340 3771 ejus
1370 3697 1626 3753 uberibus
1669 3694 1989 3757 nutriantur,
2026 3706 2158 3761 quo-

580 3797 724 3850 niam
749 3811 854 3850 non
882 3800 1057 3864 potest
1084 3801 1257 3846 mater
1285 3787 1526 3845 oblivisci
1566 3784 1824 3841 infantem
1852 3798 2033 3846 suum,
2079 3782 2158 3835 sic

2248 2611 2506 2681 judicium
2534 2612 2831 2681 perducere
2855 2612 3036 2666 valeat
3060 2619 3302 2665 nostrmn
3339 2625 3539 2680 nosque
3560 2609 3764 2679 apostolo-

2254 2718 2373 2756 rum
2403 2702 2643 2772 principe
2666 2700 2998 2771 suffragante
3032 2701 3190 2758 l’etro
3213 2702 3280 2757 ab
3306 2701 3679 2756 imminentibus
3702 2715 3764 2768 pe-

2257 2791 2441 2846 riculis
2479 2792 2731 2845 liberare.
2778 2790 3039 2846 Novimns
3075 2805 3309 2860 namque
3350 2790 3403 2844 in
3451 2789 3555 2860 jam
3599 2788 3762 2859 praelata

2255 2880 2471 2936 Nicaena
2509 2881 2712 2952 synodo
2738 2879 3066 2950 generaliter
3085 2894 3206 2934 esse
3230 2878 3526 2942 decretum,
3555 2887 3607 2931 ut
3638 2876 3764 2929 nullus

2254 2972 2453 3041 passim
2483 2986 2721 3042 vageque
2749 2970 3028 3041 episcopos
3052 2979 3143 3023 aut
3176 2969 3549 3040 prmsumptive
3566 2967 3761 3025 lacerare.

2255 3072 2347 3117 aut
2374 3077 2663 3128 accusare;
2691 3070 2747 3118 et
2780 3062 2872 3131 qui
2903 3077 3010 3116 non
3060 3070 3181 3115 sunt
3214 3070 3378 3116 recta:-
3406 3062 3520 3116 ﬁdei
3561 3060 3634 3116 vel
3654 3060 3762 3114 bona

2255 3141 2376 3206 vine
2407 3152 2486 3205 Vel
2517 3151 2678 3205 clara:
2726 3152 3157 3206 conversationis
3203 3160 3297 3204 aut
3342 3150 3593 3206 infamare
3616 3164 3763 3219 praesu-

2255 3251 2395 3307 mat;
2431 3243 2524 3296 sed
2552 3241 2704 3311 prius
2729 3240 2775 3296 si
2801 3257 2928 3311 erga
2955 3241 3236 3312 episcopos
3268 3241 3355 3296 vel
3381 3252 3612 3297 auctores
3633 3238 3762 3294 Eccle-

2255 3333 2348 3389 sia:
2375 3334 2659 3403 quisquam
2688 3347 2905 3386 causam
2956 3332 3229 3396 habuerit,
3275 3347 3373 3387 eos
3420 3347 3535 3388 cum
3560 3330 3761 3385 eharitate

2256 3434 2536 3481 mansuete
2574 3423 2877 3486 conveniat,
2929 3431 2989 3477 ιιι
3037 3423 3105 3478 ah
3139 3422 3217 3477 eis
3247 3423 3442 3477 vulnus
3479 3406 3605 3477 unde
3635 3419 3762 3489 agitur

2257 3530 2402 3574 recte
2427 3526 2598 3581 sanet,
2623 3527 2715 3570 aut
2741 3517 2854 3585 ipse
2873 3517 2918 3571 si
2951 3531 3105 3571 secus
3125 3518 3299 3585 egerit
3315 3523 3584 3571 accusator
3602 3524 3760 3565 excomo

2255 3610 2578 3664 municetur.
2609 3608 2761 3675 Quod
2789 3606 2833 3661 si
2862 3606 2930 3661 ab
2959 3606 3036 3661 eis
3064 3605 3193 3660 nihil
3231 3606 3457 3660 valuerit
3483 3611 3611 3659 recte
3632 3597 3757 3670 perci-

2254 3717 2403 3776 pere,
2458 3710 2585 3757 tunc
2622 3701 2796 3771 primo
2841 3714 3081 3755 summos
3128 3699 3285 3754 adeat
3332 3699 3596 3769 primates,
3629 3687 3759 3758 etipsi

2257 3806 2497 3864 tempore
2520 3807 2756 3862 congruo
2782 3791 3036 3845 canonice
3077 3805 3170 3844 eos
3195 3802 3495 3844 convocare
3515 3782 3756 3840 debebunt;

580 3899 636 3942 et
659 3902 753 3942 vos
783 3884 1215 3963 noliteoblivisci
1248 3898 1346 3937 nos
1370 3880 1522 3936 vobis
1558 3878 1876 3934 commissos
1901 3875 2153 3945 quoniam
2181 3854 2227 3915 ο
2260 3885 2350 3955 qui
2389 3885 2433 3939 si
2472 3892 2563 3937 an;
2604 3883 2716 3937 suis
2744 3883 2904 3935 rebus
2934 3878 3238 3949 “spoliati,
3267 3887 3363 3932 aut
3387 3893 3416 3931 ο
3443 3873 3644 3947 proprii,-
3659 3866 3760 3923 καί.

582 3994 688 4032 non
721 3978 927 4031 levibus
950 3991 1047 4030 nos
1074 3974 1276 4028 inimici
1302 3970 1470 4026 nostri
1495 3968 1925 4039 implicaverunt,
1956 3974 2010 4020 et
2030 3980 2161 4034 quo-

585 4066 711 4121 tidie
727 4066 903 4121 facere
930 4064 1225 4120 moliuntur
1251 4060 1629 4117 afﬂictionibus
1656 4067 1709 4116 et
1737 4056 2157 4128 apprehendere,

584 4167 676 4210 aut
701 4154 843 4211 ferro
876 4170 975 4210 nos
1002 4146 1298 4223 constringi
1337 4151 1629 4211 minantur.
1664 4148 1767 4204 nisi
1803 4162 1987 4202 eorum
2041 4162 2162 4201 con-

585 4249 879 4303 sentiamus
904 4246 1213 4311 erroribus;
1243 4244 1385 4314 quod
1419 4257 1755 4312 nequaquam
1784 4240 1935 4295 vobis
1980 4241 2165 4294 incon-

584 4343 739 4399 sultis
767 4357 927 4414 agere
947 4341 1324 4414 przesumimus
1344 4381 1357 4405 ,
1405 4339 1704 4395 canonibns
1734 4338 1930 4407 quippe
1964 4335 2129 4405 juhen
2147 4364 2162 4375 -

587 4436 730 4491 tibus
755 4435 957 4504 absque
1000 4433 1245 4511 Romano
1274 4446 1372 4486 nos
1393 4432 1460 4486 de
1505 4428 1796 4498 majoribus
1824 4429 2003 4484 causis
2034 4427 2163 4481 nihil

586 4526 781 4581 debere
816 4525 1105 4579 decernere
1140 4521 1432 4594 pontiﬁce;
1475 4520 1699 4589 ideoque
1738 4520 1805 4573 ad
1832 4517 2163 4587 propositum

589 4622 928 4670 recurrentes
963 4621 1018 4667 et
1042 4614 1108 4667 ad
1139 4612 1385 4667 bravium
1414 4619 1783 4681 properantes,
1817 4617 2009 4662 vestrae
2041 4623 2164 4677 apo-

588 4706 792 4762 stolica:
835 4706 980 4760 sedis
1010 4704 1360 4775 imploramus
1390 4701 1666 4764 auxilium,
1716 4701 1863 4779 quia,
1906 4708 1968 4752 ut
1994 4698 2167 4753 creti-

588 4815 731 4863 mus,
783 4813 886 4852 non
926 4796 1166 4867 despexit
1216 4796 1357 4849 Deus
1383 4808 1574 4864 preces
1607 4808 1730 4847 cttm
1772 4792 2026 4861 lacrynnis
2066 4789 2165 4843 sibi

553 4895 562 4902 '
589 4888 797 4944 oblatas
830 4900 1112 4941 servorum
1149 4898 1391 4946 suorum,
1429 4883 1522 4936 sed
1550 4882 1619 4935 ob
1651 4882 1702 4936 id
1748 4895 1844 4934 vos
1873 4879 2169 4949 prtedeccs-

593 4990 849 5045 soresqne
888 4984 1097 5030 vestros
1149 4972 1475 5043 apostolicos
1513 4971 1760 5026 videlicet
1807 4969 2064 5042 praesules
2115 4970 2166 5023 in

593 5067 918 5123 summitatis
942 5082 1068 5122 arce
1097 5066 1399 5131 constituit,
1436 5063 1784 5134 omniumque
1817 5061 2167 5118 ecclesiarum

593 5157 673 5213 eis
690 5172 871 5212 curam
884 5158 1086 5213 habere
1110 5157 1381 5227 prrecepit,
1412 5163 1470 5211 ut
1494 5156 1647 5210 nobis
1673 5155 2022 5219 succurratis,
2047 5169 2168 5207 nos-

594 5266 698 5321 que
750 5257 959 5304 tuentes
985 5290 1000 5318 ,
1050 5249 1135 5304 cui
1173 5264 1331 5304 omne
1377 5249 1749 5318 episcoporum
1788 5245 2047 5315 judicium
2084 5256 2166 5300 est

596 5341 964 5407 commissum,
994 5340 1226 5395 liberare
1255 5341 1320 5394 ab
1351 5340 1594 5397 hostibus
1634 5339 1832 5395 nostris
1866 5354 1970 5393 non
2005 5339 2168 5409 negli-

595 5433 733 5505 gatis
756 5448 771 5499 ;
796 5448 920 5486 nam
949 5431 1149 5486 scimus
1176 5432 1228 5486 in
1256 5432 1468 5487 Nicaena
1492 5445 1684 5501 magna
1729 5429 1933 5501 synodo
1963 5440 2170 5485 trecen-

596 5534 773 5579 torum
803 5523 987 5579 decem
1027 5532 1082 5577 et
1109 5531 1232 5579 octo
1257 5524 1630 5594 episcoporum
1662 5523 1730 5578 ab
1762 5523 2011 5579 omnibus
2038 5536 2167 5576 con-

597 5617 833 5672 corditer
882 5630 1003 5672 esse
1054 5616 1384 5683 roboratum,
1431 5633 1537 5673 non
1576 5617 1773 5673 debere
1818 5617 2024 5688 absque
2060 5614 2171 5671 Ro-

598 5708 742 5763 mani
770 5708 1037 5779 pontiﬁcis
1064 5707 1328 5764 sententia
1358 5708 1585 5764 concilia
1615 5708 1909 5774 celebrare,
1938 5722 2035 5764 nec
2056 5707 2167 5773 epi-

2070 5960 2217 5970 Μν-

2259 3977 2359 4032 bus
2406 3974 2594 4043 ejecti,
2629 3983 2721 4028 aut
2749 3972 3075 4036 exsulantes,
3112 3968 3195 4024 vel
3224 3962 3487 4039 oppressi,
3531 3972 3611 4018 aut
3629 3960 3760 4026 inique

2262 4066 2473 4121 tractati
2519 4063 2736 4127 fuerint,
2782 4062 2956 4132 primo
2987 4068 3261 4122 eruantur,
3313 4066 3365 4113 et
3394 4055 3625 4113 canonice
3651 4046 3759 4104 resti-

2263 4166 2502 4220 tuantur,
2545 4164 2705 4224 atque
2738 4152 2918 4209 o.nnia
2968 4150 3067 4205 sibi
3099 4149 3330 4212 sublata,
3384 4143 3686 4216 integerrime
3705 4137 3759 4190 eis

2260 4248 2467 4319 legibus
2507 4245 2830 4308 reddantur;
2878 4240 3130 4310 quoniam
3171 4241 3480 4309 priusquam
3524 4236 3622 4290 haec
3651 4230 3756 4287 ﬁnal.

2261 4349 2321 4393 ιιι
2356 4338 2407 4392 in
2457 4335 2711 4406 pracdicto
2737 4332 3084 4387 constitutum
3128 4339 3212 4385 est
3239 4329 3497 4393 concilio,
3536 4338 3620 4378 nec
3643 4331 3757 4375 ωηο·

2263 4432 2380 4485 nice
2436 4425 2757 4490 convocari,
2794 4438 2893 4478 nec
2938 4423 3184 4494 distringi
3242 4438 3274 4477 a
3328 4433 3533 4492 quoquo
3574 4414 3755 4486 possunt.

2263 4520 2515 4590 quoniam
2579 4531 2678 4571 nec
2738 4514 2919 4570 saeculi
2974 4513 3118 4584 leges
3154 4513 3269 4567 haec
3323 4511 3436 4566 ﬁeri
3493 4503 3757 4590 permittam.

2263 4589 2466 4684 quanto
2493 4610 2663 4681 magis
2697 4605 3118 4663 ecclesiastica?
3162 4603 3418 4660 Similiter
3445 4610 3497 4657 et
3521 4616 3548 4653 a
3573 4589 3756 4684 supradi-

2264 4678 2366 4758 ctis
2393 4678 2642 4757 Patrihus
2670 4707 2752 4754 est
2796 4698 3073 4753 definitum
3111 4702 3489 4755 consonanter,
3518 4697 3570 4743 ut
3593 4685 3630 4739 si
3650 4678 3756 4750 quis-

2266 4812 2427 4868 quam
2457 4795 2851 4863 episcoporum,
2900 4801 2992 4845 aut
3029 4787 3515 4859 metropolitanum,
3558 4783 3635 4833 aut
3654 4782 3756 4827 com-

2265 4883 2641 4958 provinciales,
2667 4880 2746 4935 vel
2768 4879 2974 4949 judices
3000 4887 3279 4948 suspectos
3307 4872 3558 4933 habuerit,
3586 4869 3756 4958 vestram

2267 4986 2506 5031 sanctam
2542 4973 2839 5026 Romanam
2886 4970 3189 5039 interpellet
3228 4969 3428 5031 sedent,
3465 4961 3543 5017 cui
3587 4957 3642 5011 ab
3678 4951 3755 5039 ἰρξο

2268 5066 2495 5121 Domino
2517 5070 2756 5134 potestas
2782 5060 2977 5132 ligandi
3013 5037 3077 5115 ac
3100 5058 3337 5116 solvendi
3367 5050 3566 5127 speciali
3586 5052 3652 5101 est
3678 5037 3755 5108 νά·

2268 5157 2463 5228 vilegio
2493 5170 2652 5226 super
2680 5154 2814 5208 alios
2838 5166 3110 5209 concessa.
3137 5151 3255 5221 ipsa
3280 5151 3417 5205 enim
3442 5138 3754 5202 ﬁrmamatlum

2270 5269 2299 5307 a
2347 5254 2458 5307 Deo
2487 5250 2649 5305 fixum
2679 5257 2734 5304 et
2776 5246 3047 5302 immobile
3075 5246 3347 5316 praecepit,
3386 5231 3754 5314 quoniamin

2269 5343 2496 5398 formam
2518 5327 2888 5395 universorum
2905 5337 3178 5393 titulorum
3192 5335 3550 5391 lucidissitnam
3565 5316 3754 5377 Βοωίυυδ

2269 5435 2424 5491 Jesus
2442 5432 2690 5488 Christus
2704 5438 2938 5486 vestram
2962 5426 3306 5498 apostolicam
3332 5416 3584 5479 constituit
3606 5406 3748 5464 sedul.

2271 5524 2386 5594 ipsa
2402 5534 2485 5577 est
2508 5521 2650 5577 enim
2674 5536 2829 5575 sacer
2844 5528 3025 5573 vertex
3040 5516 3094 5572 in
3114 5530 3220 5585 quo
3241 5528 3423 5571 omnes
3438 5504 3752 5594 vertuntutﬁ'f‘

2274 5586 2601 5676 s-tentantur,
2623 5610 2945 5673 relevantur,
2968 5615 3023 5661 et
3047 5606 3187 5661 sicut
3217 5605 3268 5659 in
3290 5603 3493 5660 Christo
3514 5586 3749 5676 Christiani.

2275 5706 2397 5762 etin
2424 5714 2595 5773 petra,
2623 5704 2674 5759 id
2709 5712 2815 5769 est,
2833 5700 3068 5766 Christo,
3089 5696 3300 5763 Petrus,
3331 5670 3749 5751 renovanturl‘kd‘”
