3888 6448
97 379 184 439 641

1246 371 1742 434 DECRETALIUM
1779 372 2183 435 COLLEC'HO.

3252 387 3357 444 642

93 502 195 556 site.
216 494 294 552 Tu
316 492 556 567 es(sleut
575 492 814 552 divinum
839 494 1103 553 veraciter
1121 503 1352 553 testatur
1367 492 1666 566 eloquium)
1694 494 1749 556 Δ
1771 494 1961 552 stolico
1991 497 2212 555 eulminl
2249 507 2620 569 persotventes
2644 499 2984 573 obsequium,
3016 513 3076 560 ut
3118 504 3232 576 ipse
3257 508 3354 565 Do-
3414 518 3418 523 '

92 592 289 650 Petrus.
323 598 383 644 et
419 603 584 661 super
625 588 1038 645 fundamentum
1088 599 1240 645 tuum
1275 590 1531 647 Ecclesiae
1569 606 1665 647 eoo

92 683 292 745 lunmre,
342 680 395 735 id
431 688 538 744 est,
567 680 805 750 episcopi
832 681 927 751 qui
953 680 1255 737 Ecclesium
1278 682 1572 748 sustinere,
1611 691 1669 737 et

92 772 306 845 propriis
338 770 582 825 humeris
616 781 835 842 portare
889 772 1118 837 debent,
1176 772 1271 829 tibi
1313 782 1440 829 sunt
1467 771 1666 828 confir-

92 873 258 929 matae,
290 862 498 931 tibique
526 861 705 918 claves
733 864 879 935 regni
908 862 1171 920 caelorum
1185 865 1480 931 commisit,
1507 873 1670 936 atque

90 955 243 1025 ligare
271 964 325 1009 et
353 954 586 1022 solvere,
616 955 947 1026 potestative
972 971 1092 1026 qua:
1120 954 1172 1010 in
1200 964 1343 1012 terra
1388 966 1444 1012 et
1467 971 1589 1026 quae
1614 957 1668 1013 in

92 1043 227 1099 curiis
252 1052 400 1108 sunt,
454 1044 838 1116 promulgavit.
888 1045 1094 1100 Tamen
1124 1046 1469 1116 profanarum
1498 1047 1670 1102 haere-

92 1134 235 1197 siurn,
286 1141 341 1187 et
377 1133 751 1203 impetitorum
790 1143 954 1206 atque
1008 1136 1249 1191 omnium
1298 1135 1667 1193 iufestantium

92 1224 364 1295 depositor,
407 1233 469 1279 ut
499 1225 750 1299 princeps
781 1240 839 1282 et
869 1226 1079 1293 doctor,
1125 1235 1396 1297 caputque
1423 1229 1667 1283 onmium

93 1317 384 1373 orthodoxa:
412 1317 676 1374 doctrina:
713 1319 1075 1376 immaculata:
1100 1320 1226 1376 fidei
1266 1321 1476 1388 existis.
1502 1320 1670 1392 Igitur

94 1421 150 1461 nc
171 1406 455 1476 despicias,
486 1417 660 1477 pater,
675 1416 892 1465 tuorum
913 1418 1125 1480 patrum
1146 1411 1423 1480 pietatem,
1448 1410 1671 1466 bonam-

94 1510 183 1566 que
210 1496 586 1563 intentionem,
635 1506 691 1553 et
715 1500 855 1554 sicut
894 1499 972 1554 illi
999 1508 1182 1571 patres
1221 1511 1278 1557 et
1306 1504 1672 1573 praedecesso-

94 1604 170 1643 res
197 1599 407 1645 nostros
446 1605 478 1645 a
528 1590 715 1647 multis
749 1590 1119 1649 liberaverunt
1143 1595 1583 1664 oppressionibus
1612 1605 1669 1653 et

94 1681 356 1749 angustiis,
384 1681 462 1736 ita
507 1696 611 1738 nos
657 1681 889 1738 liberare
930 1684 1191 1756 digneris.
1237 1683 1372 1740 Nam
1401 1684 1505 1740 fuit
1528 1700 1669 1741 sem-

92 1785 176 1840 per
198 1781 386 1827 vestrae
415 1782 624 1828 sanctae
650 1784 707 1829 et
734 1774 1045 1845 apostolicae
1072 1776 1189 1832 sedi
1216 1775 1430 1832 licentia
1464 1759 1667 1847 injuste

1769 584 1951 643 minus
1983 589 2261 660 prtecepit,
2309 598 2365 645 et
2399 599 2711 649 sanctorum
2747 593 2966 651 decreta
2994 604 3207 666 patrum
3251 608 3356 661 sta-

1770 684 2009 745 tuerunt,
2030 695 2154 736 cum
2178 680 2431 753 lacrymis
2448 685 2787 757 suggerimus
2835 688 2980 758 quod
3009 688 3127 746 sine
3152 692 3356 762 gemitu

1770 767 1950 823 cordis
1965 770 2193 826 reticere
2218 786 2325 826 non
2346 772 2608 830 valemus.
2634 773 2769 831 Nam
2794 777 2847 832 iu
2878 785 3086 834 tantum
3108 796 3141 835 a
3169 796 3360 851 perse-

1770 860 2055 917 cutoribus
2087 872 2288 919 sanctae
2316 864 2411 921 Dei
2455 866 2733 935 Ecclesiae,
2775 871 3081 943 nostrisque
3125 873 3360 932 inimicrs

1770 953 2164 1023 persequimur,
2194 963 2251 1009 ut
2277 956 2446 1028 magis
2467 973 2566 1014 nos
2594 962 2786 1016 taedeat
2805 962 2984 1019 vivere
3011 978 3172 1035 quam
3194 964 3355 1022 mori.

1773 1040 1927 1097 Unde
1957 1057 2068 1112 prae
2093 1045 2345 1102 omnibus
2378 1045 2611 1104 fatemur
2642 1051 2696 1105 in
2742 1061 2948 1109 tantum
2990 1069 3085 1110 cor
3110 1071 3231 1112 esse
3260 1072 3363 1113 no-
3394 1113 3406 1132 ,

1771 1139 1944 1186 strum
1978 1132 2341 1201 vulneratum,
2389 1147 2447 1193 ut
2472 1140 2849 1210 propheticum
2890 1143 3038 1200 illum
3079 1147 3359 1217 planctum

1770 1230 2108 1292 exopternus,
2126 1225 2365 1283 dicentes
2384 1244 2430 1281 τι
2454 1228 2586 1296 Quis
2598 1230 2746 1287 dabit
2761 1234 2923 1304 capiti
2943 1245 3126 1294 nostro
3137 1252 3359 1309 aquam,

1773 1323 1869 1369 aut
1902 1317 2077 1373 oculis
2121 1321 2321 1377 nostris
2348 1320 2553 1378 fontem
2583 1323 2971 1397 lacrymarum,
3019 1340 3080 1385 ut
3108 1333 3362 1389 sedentes

1771 1405 2047 1476 ploremus
2068 1410 2155 1465 die
2175 1426 2241 1467 ac
2273 1421 2434 1469 nocte
2466 1414 2599 1485 (Jer.
2636 1432 2717 1482 rx,
2746 1417 2839 1489 l)?
2873 1440 2892 1472 ι
2921 1419 3060 1477 Ecce
3087 1423 3230 1478 enim
3256 1423 3361 1480 Ec-

1772 1497 1935 1554 clesia
1967 1500 2060 1556 Dei
2086 1517 2191 1557 non
2222 1502 2416 1562 leviter
2444 1510 2814 1577 perturbatur,
2850 1511 3222 1583 columnasque
3244 1515 3365 1587 ejus

1772 1588 1936 1646 nimis
1961 1591 2305 1659 infestantur,
2338 1604 2499 1668 atque
2521 1615 2551 1653 a
2578 1601 2760 1669 pravis
2794 1605 3033 1660 amoveri
3055 1605 3365 1664 hominibus

1771 1679 2040 1748 nituntur,
2076 1683 2510 1744 Christianorum
2552 1704 2682 1747 vero
2718 1708 2878 1750 voces
2901 1710 2969 1749 ac
2997 1697 3229 1766 gemitus
3255 1698 3366 1769 epi-

1771 1785 2058 1842 scoporum
2090 1774 2248 1847 longe
2293 1776 2509 1849 lateque
2558 1792 2832 1848 resonant,
2876 1787 3146 1844 novitates
3176 1788 3361 1844 insur-

96 1865 375 1931 damnatos,
390 1866 1009 1936 velexcommunicatos,
1026 1871 1353 1941 potestative
1374 1886 1469 1927 sua
1487 1879 1667 1926 aucto-

1776 1870 1930 1931 gunl,
1964 1862 2249 1922 calumniae
2282 1880 2553 1939 crescunt,
2587 1875 2893 1943 persecutio
2915 1888 3216 1948 grassatur,
3240 1895 3366 1951 per-

92 1955 233 2010 ritatc
259 1957 574 2024 restituere,
599 1967 654 2014 et
668 1973 767 2014 sua
792 1959 874 2016 eis
895 1961 1078 2017 omnia
1099 1961 1345 2029 reddere,
1375 1962 1562 2018 etillos
1575 1962 1669 2033 qui

96 2061 174 2101 eos
198 2048 714 2118 condemnaverunt,
758 2055 1505 2121 autexcommunicaverunt,
1542 2072 1672 2127 apo-

96 2136 259 2193 stolico
270 2139 462 2208 punire
476 2140 783 2213 privilegio,
813 2142 956 2199 sicut
983 2144 1150 2201 etiam
1181 2147 1386 2203 nostris
1434 2157 1490 2203 et
1513 2161 1668 2204 ante-

97 2225 302 2283 rioribus
322 2230 685 2299 cognovimus
708 2214 890 2287 actum
916 2235 1271 2306 temporibus.
1297 2237 1470 2294 Porro
1493 2249 1549 2296 et
1568 2239 1668 2311 ipsi

98 2318 327 2386 primates
357 2322 451 2392 qui
475 2322 860 2394 episqppornm
897 2336 953 2381 et
976 2343 1311 2385 summorum
1342 2332 1671 2389 ecclesiasti-

96 2423 260 2466 corurn
289 2414 635 2487 negotiorum
678 2431 876 2473 causas
914 2420 1192 2491 suscipere
1221 2423 1420 2480 debent
1446 2426 1499 2481 in
1535 2442 1671 2498 prae-

98 2498 188 2555 lixa
209 2498 420 2559 Nicacna
451 2506 666 2575 synodo
688 2516 817 2562 sunt
842 2508 1197 2579 dinumerati,
1221 2528 1290 2569 ne
1315 2513 1370 2571 in
1391 2526 1668 2587 posterum

99 2595 339 2651 contentio
363 2611 432 2652 ex
465 2598 576 2654 hoc
601 2599 861 2656 oriretur.
893 2600 938 2657 0
965 2605 1311 2663 sanctissime
1346 2617 1524 2679 pater,
1573 2626 1670 2682 pa-

100 2690 218 2736 trum
259 2684 522 2742 abscinde
565 2687 950 2758 blasphemiae,
1004 2704 1060 2749 et
1092 2694 1413 2765 jactantiam
1462 2700 1670 2755 vanilo-

99 2786 318 2844 quorum,
356 2788 415 2834 et
446 2779 833 2837 insidiantium
870 2783 1276 2855 infestationes,
1330 2807 1432 2848 nos
1474 2802 1530 2849 et
1559 2792 1670 2850 fra-

100 2868 194 2919 tres
216 2876 426 2925 nostros
455 2870 886 2942 opprimentium
916 2883 1081 2949 atque
1100 2880 1329 2949 perdere
1353 2882 1666 2951 volentium,

101 2954 175 3024 qui
195 2957 258 3013 ad
274 2973 368 3016 vos
394 2963 558 3032 quasi
586 2964 655 3021 ad
681 2974 845 3036 caput
873 2968 1235 3042 confugimus,
1266 2983 1328 3030 ut
1353 2985 1539 3033 vestro
1563 2976 1669 3033 suf-

103 3044 199 3103 fulti
226 3050 420 3108 auxilio
449 3053 772 3123 liberemur,
796 3067 851 3113 et
877 3060 1033 3117 vobis
1062 3063 1325 3134 nobisque
1348 3069 1669 3126 commissas

103 3134 270 3195 Christi
294 3156 425 3200 oves
458 3158 495 3198 a
527 3143 774 3216 luporum
805 3163 922 3216 ore,
963 3150 1192 3208 Domino
1221 3154 1664 3225 adminiculante,

103 3239 357 3302 antequam
384 3236 782 3307 deglutiantur,
814 3243 1129 3314 eripiamus.
1161 3245 1273 3303 Nec
1300 3248 1445 3303 enim
1471 3249 1555 3304 fas
1583 3216 1668 3308 est
1695 3216 1740 3277 Ο

103 3321 366 3393 supplicum
394 3329 713 3398 apostolicae
758 3332 904 3390 sedis
939 3336 1162 3408 scripto,
1194 3347 1288 3395 aut
1314 3339 1435 3396 sine
1464 3342 1670 3414 scripto

102 3424 264 3504 preces
278 3415 494 3476 oblatas
520 3420 823 3493 despicere,
874 3428 970 3482 sed
1000 3437 1060 3484 ut
1084 3431 1343 3489 condecet
1368 3443 1424 3488 et
1451 3435 1670 3504 privile-

103 3501 223 3571 gium
259 3518 452 3567 vestrae
505 3512 650 3569 sedis
695 3524 804 3579 est,
830 3525 888 3573 et
918 3533 1018 3575 nos
1064 3530 1120 3575 et
1157 3521 1234 3577 illi
1280 3501 1671 3585 canon—icaliter

105 3606 459 3669 convocemur,
490 3611 545 3659 et
574 3615 707 3661 ante
721 3622 820 3663 vos
842 3608 911 3665 de
935 3613 1142 3670 noetris
1169 3614 1563 3684 objectionibus
1584 3635 1671 3676 ca-

106 3686 270 3745 nonice
291 3706 412 3748 cum
447 3695 601 3750 omni
629 3699 898 3767 probitate
923 3714 1322 3773 concertemus,
1361 3710 1504 3766 sicut
1534 3727 1671 3781 prae-

105 3773 382 3839 decessores
406 3784 589 3840 nostri
628 3802 798 3857 penes
836 3800 1045 3849 vestros
1074 3793 1323 3854 fecerunt
1361 3773 1670 3859 antecesso-

105 3878 192 3934 res,
215 3878 265 3924 et
290 3872 431 3930 sicut
452 3877 719 3934 canonica
749 3879 804 3933 in
835 3883 1092 3952 praedicta
1116 3896 1304 3944 sancta
1344 3892 1551 3962 synodo
1576 3893 1668 3951 do-

105 3966 207 4012 cent
234 3958 501 4030 instituta,
522 3972 578 4021 et
602 3966 769 4024 veluti
789 3970 988 4039 paleati
1017 3975 1168 4030 verbi
1194 3992 1294 4047 per
1310 3958 1668 4039 ventilabrum

104 4050 342 4110 canonica:
365 4058 793 4118 examinationis
810 4062 1027 4133 plenam
1055 4072 1425 4141 purgationem
1451 4074 1507 4129 in
1526 4091 1670 4133 com-

106 4140 229 4195 muni
256 4147 621 4204 consistentes
647 4151 916 4213 auditorio
939 4155 1008 4212 de
1035 4140 1289 4229 maturis,
1345 4172 1402 4219 et
1430 4166 1670 4224 nutrien-

110 4226 229 4324 tibus
249 4237 527 4313 catholicae
550 4240 808 4301 Ecclesia:
833 4245 1173 4319 dogmatibus
1200 4226 1322 4324 quae
1342 4256 1671 4315 conﬁrmant

106 4329 188 4372 cor
211 4320 463 4393 hominis,
499 4331 974 4403 participationem
998 4320 1348 4410 paternarum
1369 4361 1669 4420 consequa-

105 4422 206 4465 mur
239 4414 657 4479 institutionum.
686 4426 943 4499 Antiquis
978 4432 1124 4489 enim
1175 4437 1379 4508 regulis
1401 4414 1669 4500 consitum

106 4510 192 4604 est,
226 4518 280 4563 ut
322 4513 611 4584 quidquid,
650 4522 899 4588 quamvis
928 4521 983 4578 in
1029 4529 1275 4595 remotis,
1322 4539 1417 4587 aut
1455 4532 1664 4607 longin-

105 4593 208 4660 quis
246 4603 434 4670 positis
458 4607 752 4675 provinciis
792 4627 955 4683 super
987 4616 1363 4690 episcoporum
1408 4592 1663 4698 querellis,
1695 4592 1746 4656 υ

107 4694 184 4739 aut
209 4694 640 4755 accusationibus
668 4713 946 4772 ageretur,
992 4723 1098 4765 non
1125 4711 1276 4779 prius
1323 4694 1663 4777 tractandum

107 4776 175 4830 vel
200 4784 560 4856 accipiendum
586 4801 749 4859 esset,
786 4811 947 4866 quam
974 4800 1042 4855 ad
1073 4776 1321 4859 notitiam
1344 4806 1499 4863 almae
1520 4811 1666 4868 sedis

110 4878 275 4928 vestrae
317 4876 506 4934 fuisset
531 4886 903 4952 pronuntiatio
926 4890 1157 4960 prolata,
1197 4896 1662 4969 quminlirmaret,

107 4966 182 5054 apt
208 4960 458 5036 ﬁrmaret,
484 4971 717 5044 indeque
737 4990 1014 5037 sumerent
1029 4999 1296 5054 normam,
1320 4990 1460 5047 unde
1483 4992 1666 5050 Eccle-

107 5046 183 5145 sia:
201 5066 468 5127 sumpsere
489 5064 890 5132 prmdicationis
911 5074 1195 5129 exordium
1214 5116 1230 5142 ,
1261 5092 1330 5133 ne
1353 5081 1556 5150 passim
1594 5084 1665 5141 ab

110 5134 483 5209 insidiatoribus
504 5155 767 5214 columna:
803 5172 1179 5220 averterentur
1218 5166 1493 5226 Ecclesiae.
1535 5172 1665 5230 Cer-

114 5237 203 5320 tum
227 5247 304 5292 est
326 5243 467 5298 enim
515 5246 691 5303 cidem
722 5262 922 5307 sanctae
951 5255 1063 5310 sedi
1096 5265 1289 5314 vestrae
1317 5260 1372 5315 in
1402 5260 1664 5320 honorem

110 5318 375 5389 beatissimi
408 5335 553 5393 Petri
595 5349 811 5409 patrum
858 5346 1077 5402 decreta
1123 5351 1449 5419 peculiarem
1478 5355 1664 5413 decre-

110 5413 230 5520 visse
270 5431 618 5486 reverentiam
661 5433 755 5488 Dei
801 5451 900 5505 pro
929 5439 1090 5494 rebus
1138 5441 1472 5512 inquirendis
1499 5457 1662 5520 atque

110 5503 496 5579 determinandis
523 5539 661 5593 quas
690 5503 920 5583 solli—cite
949 5530 1105 5587 decet
1130 5503 1385 5607 justeque
1437 5540 1507 5597 ab

112 5607 363 5700 praesulum
387 5617 698 5674 examinare
728 5621 929 5677 vertice
958 5626 1257 5694 apostolico
1276 5668 1292 5695 ,
1337 5632 1492 5703 cujus
1516 5635 1667 5703 solli:

112 5689 266 5751 citudo
296 5717 505 5777 semper
538 5707 639 5764 fuit
667 5719 723 5765 et
749 5720 831 5767 est
857 5720 968 5768 tam
1008 5714 1150 5771 mala
1178 5689 1456 5791 damnare,
1501 5700 1663 5797 quam

113 5787 314 5851 probare
337 5796 616 5857 laudanda.
651 5803 915 5870 Quocirca
939 5807 1299 5868 humillimum
1330 5787 1667 5894 vestro-apo-

519 5898 793 5959 l’aruOL.
839 5898 1103 5963 CXXX.

1772 1953 1907 2009 ditio
1934 1956 1994 2010 ﬁt
2027 1959 2388 2029 populorum,
2416 1973 2654 2019 vestrum
2676 1977 2760 2022 est
2781 1969 2926 2024 enim
2959 1971 3115 2027 nobis
3140 1987 3362 2029 manum

1770 2047 2068 2118 porrigere,
2117 2065 2243 2120 quia
2279 2052 2431 2109 vobis
2456 2056 2731 2114 commissi
2758 2074 2977 2128 sumus;
3008 2077 3251 2121 vesrrum
3277 2078 3363 2123 εει

1771 2152 1870 2194 nos
1898 2139 2187 2197 defendere
2210 2152 2373 2214 atque
2419 2146 2676 2218 liberare,
2720 2160 3074 2225 nostrumque
3097 2167 3182 2222 est
3210 2173 3242 2213 a
3269 2175 3365 2215 vo-

1771 2231 1856 2286 bis
1894 2233 2155 2289 auxilium
2200 2246 2455 2295 exnetere
2480 2279 2497 2306 ,
2534 2242 2729 2299 vestris
2773 2260 2967 2316 parere
3002 2247 3359 2317 jussionibus.

1770 2322 1889 2380 Prae
1923 2324 2094 2381 nimio
2120 2341 2251 2400 ergo
2280 2330 2466 2388 dolore
2493 2342 2550 2388 et
2600 2336 2803 2407 gemitu
2833 2340 3014 2396 omnia
3037 2357 3161 2412 qua:
3203 2343 3362 2401 nobis

1772 2416 2006 2484 instant,
2050 2427 2106 2475 et
2139 2435 2241 2485 nos
2267 2421 2558 2492 iulestant,
2588 2430 2901 2486 necessario
2931 2434 3231 2503 recordari,
3265 2452 3364 2493 vo-

1771 2508 1961 2580 bisque
1998 2512 2309 2584 signilicare
2357 2519 2660 2588 nequimus.
2713 2523 2840 2582 ideo
2869 2525 3069 2583 almum
3117 2540 3361 2588 vestrum

1770 2614 2059 2660 exoramus
2094 2606 2479 2676 apostolatum,
2528 2623 2587 2666 ut
2629 2616 2878 2685 superius
2921 2617 3094 2692 legem
3134 2637 3255 2694 quae
3304 2625 3358 2681 in

1770 2706 2068 2751 memorata
2097 2697 2313 2757 Nieaena
2337 2702 2543 2775 synodo
2571 2716 2654 2763 est
2675 2711 3032 2784 promulgata,
3054 2715 3181 2773 licet
3222 2734 3363 2789 pra:-

1771 2783 2035 2843 dictorum
2083 2790 2461 2852 insidiatorum
2502 2806 2559 2853 et
2599 2799 2831 2857 aliorum
2879 2783 3146 2863 malorum
3182 2783 3363 2866 homi-

1771 2890 1921 2945 num,
1952 2888 2013 2932 ut
2036 2878 2251 2938 facilius
2279 2883 2562 2957 episcopos
2611 2887 2817 2962 Deique
2845 2893 3123 2953 ministros
3150 2897 3364 2956 valeant

1772 2966 2064 3039 illaqueare
2101 2972 2509 3044 depravatione,
2561 2979 2636 3036 sit
2678 2982 2939 3041 suffocala
2982 2991 3272 3059 reparetis,
3303 3002 3361 3048 et

1771 3075 1891 3130 quae
1919 3066 2229 3121 necessaria
2267 3066 2385 3124 fore
2406 3074 2734 3141 cognoscitis
2761 3087 2956 3135 vestrae
2983 3090 3184 3139 sanctae
3217 3084 3363 3140 sedis

1772 3155 2100 3210 auctoritate
2146 3174 2246 3215 nos
2293 3172 2627 3235 cunctosque
2681 3167 2881 3227 fratres
2935 3172 3260 3245 informetis,
3304 3186 3365 3234 ut

1774 3243 2037 3301 malorum
2076 3248 2302 3306 insidias
2328 3252 2606 3313 hominum
2653 3270 2851 3318 vestra:
2882 3262 3002 3320 fulti
3040 3243 3365 3327 auctoritate

1772 3333 1946 3400 illaesi,
1996 3337 2227 3395 Domino
2271 3343 2592 3414 opitulante,
2639 3353 2869 3409 evadere
2899 3355 3197 3420 valeamus.
3234 3363 3362 3430 quia

1773 3439 1877 3479 non
1907 3435 1990 3481 est
2037 3426 2260 3487 insidias
2295 3431 2540 3503 luporqu
2570 3440 2866 3509 praevidere
2892 3447 3097 3515 ovium,
3141 3449 3236 3506 sed
3251 3426 3362 3521 pa-

1772 3522 1999 3571 storum.
2028 3516 2243 3577 Scimus
2269 3524 2415 3580 enim
2466 3537 2522 3583 ut
2564 3544 2781 3602 semper
2810 3550 2904 3592 ves
2933 3553 3005 3594 ne
3038 3542 3183 3597 sedis
3226 3516 3363 3614 pra:-

1769 3605 1916 3663 sules
1958 3609 2134 3679 primo
2164 3616 2413 3684 apostoli,
2446 3618 2642 3678 deinde
2682 3622 3026 3687 successores
3053 3605 3242 3690 eorum
3284 3636 3363 3694 fe-

1770 3710 1964 3755 cerunt
1990 3716 2087 3758 vos
2116 3704 2440 3764 universalis
2467 3711 2745 3784 Ecclesiae,
2774 3722 3101 3779 et-ruaxiruc
3138 3727 3354 3798 episco-

1769 3803 1961 3859 porum
1988 3793 2077 3862 qui
2104 3795 2249 3851 oculi
2277 3810 2503 3870 propter
2537 3809 3049 3879 contemplationem
3070 3827 3128 3872 et
3165 3793 3357 3890 specu-

1771 3880 2028 3941 lationem
2075 3900 2341 3946 vocantur
2385 3892 2599 3954 Domini
2653 3917 2840 3959 curam
2882 3922 3106 3980 gerere,
3167 3880 3232 3970 ac
3285 3917 3357 3972 de

1770 3973 2124 4043 revelatione,
2163 3988 2220 4035 et
2264 3981 2383 4056 lege
2410 3998 2596 4047 nostra
2624 3994 2842 4051 assidue
2865 3973 3106 4069 cogitare
3133 4004 3354 4069 debere.

1768 4064 1912 4169 sicut
1934 4068 2198 4139 scriptum
2221 4083 2306 4130 est
2328 4089 2344 4130 :
2372 4095 2392 4130 ι
2422 4078 2620 4139 Beatus
2633 4084 2717 4139 vir
2737 4087 2829 4156 qui
2853 4064 3145 4149 meditatur
3161 4095 3213 4150 in
3239 4064 3359 4169 lege

1769 4152 1984 4248 Domini
2004 4159 2090 4215 die
2103 4175 2169 4217 ac
2193 4173 2350 4223 nocte
2374 4167 2546 4239 (Psal.
2572 4188 2609 4239 r,
2640 4174 2696 4245 2)
2717 4152 2775 4243 ςὶ
2804 4192 2927 4248 quae
2943 4184 3222 4243 meditatio
3246 4152 3353 4243 non

1768 4246 2003 4308 lectione
2026 4266 2127 4323 per
2167 4252 2398 4327 ﬁguram
2451 4260 2753 4323 litterarum
2786 4246 2998 4330 tantum
3042 4289 3358 4350 conspecta,

1768 4340 1865 4396 sed
1916 4344 2251 4403 exuberante
2297 4348 2354 4405 in
2398 4353 2554 4410 vobis
2592 4352 2796 4417 Christi
2846 4365 3022 4434 gratia
3075 4368 3128 4423 in
3175 4340 3355 4427 vestra

1768 4434 2115 4503 cognoscitur
2143 4439 2473 4498 conscientia
2502 4444 2857 4508 immobiliter
2894 4454 3058 4514 insita
3086 4468 3142 4514 et
3179 4461 3349 4517 nulla-

1770 4533 1930 4584 tenus
1982 4530 2049 4586 de
2093 4540 2276 4589 vestro
2324 4536 2489 4593 corde
2530 4541 2818 4600 recedente
2861 4546 2977 4620 lege
3018 4549 3218 4607 Christi
3258 4553 3355 4610 Dei

1773 4620 1983 4677 Domini
2010 4635 2379 4695 sacrosancta,
2416 4631 2557 4688 sicut
2581 4634 2635 4688 in
2665 4639 2875 4705 psalmo
2906 4642 3351 4715 dicitpropbeta:

1774 4731 1793 4765 ι
1829 4711 1902 4770 Os
1937 4713 2070 4784 justi
2106 4719 2455 4779 meditabitur
2499 4728 2843 4798 sapientiam,
2904 4743 2960 4789 et
3006 4711 3183 4808 lingua
3233 4739 3352 4809 ejus

1768 4802 2020 4877 loquetur
2036 4806 2320 4878 judicium,
2346 4812 2433 4871 lex
2458 4815 2548 4873 Dei
2575 4819 2692 4899 ejus
2719 4822 2772 4875 in
2796 4825 2957 4881 corde
2986 4802 3156 4897 ipsius
3175 4802 3347 4899 (Ρέαι.

1769 4911 1956 4965 xxxvr,
1984 4899 2101 4972 50),
2141 4921 2161 4954 ι
2213 4920 2321 4960 non
2354 4894 2691 4976 atramento,
2724 4912 2818 4969 sed
2859 4916 3055 4986 spiritu
3103 4919 3198 4976 Dei
3243 4924 3351 4979 vivi

1768 4999 1951 5045 vestra
1996 4991 2051 5046 in
2077 5008 2276 5050 arcana
2305 5008 2488 5056 mente
2520 5004 2827 5074 conscripta
2870 5023 3046 5079 neque
3072 5012 3127 5067 in
3157 5015 3358 5074 tabulis

1765 5080 2012 5152 lapideis,
2045 5087 2139 5142 sed
2167 5088 2221 5143 in
2255 5091 2451 5148 tabulis
2477 5094 2657 5151 cordis
2680 5099 3008 5170 carnalibus,
3065 5106 3207 5164 sicut
3233 5111 3356 5166 bea-

1767 5174 1960 5231 tissimi
1989 5180 2215 5249 apostoli
2240 5181 2392 5239 Pauli
2425 5184 2495 5241 ad
2528 5184 2842 5248 Corinthios
2877 5195 3044 5253 missa
3073 5214 3172 5256 nos
3198 5199 3358 5260 docet

1765 5268 2011 5338 epistola.
2040 5273 2245 5342 Quibus
2270 5278 2565 5347 praemissis
2593 5281 2961 5353 significamus
2983 5290 3111 5358 Deo,
3144 5295 3357 5365 placita:

1765 5363 2077 5430 paternitati
2101 5375 2323 5434 vestrae,
2367 5369 2454 5425 die
2480 5386 2552 5427 vn
2594 5371 2958 5435 Kalendarum
2985 5363 3353 5455 Augustarum

1767 5450 2080 5513 indictiouis
2123 5467 2331 5527 quarta:
2354 5471 2598 5519 nostram
2628 5465 2992 5527 humilitatem
3019 5450 3199 5531 divina
3222 5493 3353 5548 gra—

1769 5542 1846 5599 tia
1897 5559 2014 5612 suo,
2064 5557 2127 5602 ut
2164 5551 2438 5621 praecepit,
2487 5570 2715 5614 munere
2763 5565 3126 5632 praeveniente
3154 5569 3356 5624 vestris

1771 5638 1980 5694 sanctis
2004 5653 2069 5694 ac
2096 5639 2206 5697 Deo
2246 5642 2427 5714 dignis
2470 5648 2723 5717 precibus
2770 5654 2827 5707 in
2873 5664 3063 5711 sancta
3107 5655 3351 5716 Romana

1773 5728 2013 5795 Ecclesia
2053 5733 2378 5803 pontificalis
2423 5737 2648 5798 honoris
2671 5746 2948 5817 accepisse
2994 5752 3356 5807 consecratio-

1776 5840 1898 5882 nem
1933 5832 1987 5881 et
2031 5825 2245 5900 stolam,
2297 5832 2350 5888 in
2383 5845 2491 5902 quo
2514 5831 2793 5910 dignitatis
2818 5839 3056 5910 fastigio,
3089 5855 3148 5898 ut
3187 5859 3217 5897 a
3262 5843 3342 5901 lle

2877 5934 2946 5995 21
