3888 6438
452 400 558 458 (illi

1271 389 1560 445 APPEND.
1597 387 1698 441 ΑΙ)
1727 377 1898 441 ΞΣΕΟ.
1945 381 2032 435 IX.
2076 375 2439 436 ——-JS|DORT
2460 374 2906 436 MERCATORIS
3623 381 3716 440 6M

451 511 821 580 omnipotente
871 495 1122 571 regamur
1149 496 1414 553 altissimo
1445 506 1500 551 et
1531 511 1560 549 a
1608 494 1766 549 malis
1788 492 2040 549 omnibus
2073 507 2114 564 Α
2145 505 2357 545 summo
2379 488 2597 559 speculo
2623 491 2795 560 gratia
2828 489 2921 544 Dei
2950 490 3082 544 estis
3113 488 3297 560 positi,
3324 490 3612 548 attendere
3635 505 3716 550 eos

441 603 767 664 liberemur,
815 604 875 650 ut
902 609 1008 648 non
1061 589 1400 647 sacerdotale
1443 601 1643 644 nomen
1682 592 1915 650 tantum,
1944 583 2039 639 sed
2089 595 2098 602 '

451 689 654 749 Christi
705 686 916 744 Domini
960 684 1056 740 Dei
1104 681 1272 737 nostri
1329 686 1654 751 protegente
1707 676 1934 740 auxilio,
1986 684 2042 729 et

451 794 705 840 meritum
736 780 1050 844 habeamus,
1097 775 1297 830 vestris
1326 771 1532 828 sanctis
1562 785 1627 826 ac
1653 770 1764 825 Deo
1793 775 2042 838 accepta-

449 875 648 932 bilibus
703 887 800 928 nos
849 868 1290 926 commendantes
1346 862 1683 920 orationibus
1740 860 2039 930 poscimus,

454 975 728 1037 quatenus
777 971 832 1018 et
873 959 1070 1016 vestris
1117 954 1590 1027 deprecationibus
1637 966 1739 1021 pro
1791 951 1946 1005 nobis
1973 952 2040 1005 ad

452 1062 621 1114 Deum
647 1055 833 1112 effusis
855 1052 1072 1118 muniti,
1099 1059 1153 1107 et
1171 1048 1564 1104 eruditionibus
1587 1047 1742 1102 bonis
1767 1045 2036 1107 instructi,

451 1152 596 1222 digni
622 1148 918 1206 efﬁciamur
946 1160 1069 1226 cum
1115 1143 1260 1198 omni
1308 1141 1463 1197 nobis
1498 1139 1694 1210 populo
1728 1137 2039 1194 Christiano

455 1241 750 1298 commisso
820 1236 970 1292 illwsi
1034 1234 1244 1305 protegi
1310 1231 1619 1286 velamento
1693 1229 1895 1283 divino.
1959 1227 2041 1280 Ad

453 1333 838 1391 salutationem
895 1343 1024 1396 ergo
1079 1337 1275 1381 vestrae
1329 1331 1526 1379 sancta:
1603 1331 1658 1376 et
1718 1319 2044 1376 honorandae

451 1425 794 1500 paternitatis
837 1423 954 1478 vice
997 1430 1182 1475 nostra
1248 1417 1591 1474 benedictum
1642 1414 1899 1468 humilem
1943 1428 2041 1468 no-

452 1534 624 1579 strum
659 1520 904 1583 fratrem,
932 1526 1175 1572 vestrum
1205 1513 1541 1584 episcopum,
1572 1520 1626 1565 et
1672 1508 2043 1564 Alexandrum

449 1613 849 1686 presbyterum,
901 1608 1208 1678 Crispinum
1241 1618 1456 1675 quoque
1503 1603 1786 1658 diaconem
1837 1609 2048 1654 vestros

456 1707 619 1778 158
631 1705 860 1760 famulos
885 1701 1294 1764 destinavimus,
1317 1711 1450 1768 quos
1465 1695 1799 1765 postulamus
1816 1691 2048 1748 celerius

451 1801 609 1855 nobis
632 1815 660 1853 a
692 1805 875 1852 vestra
901 1791 1241 1850 beatitudine
1264 1787 1521 1860 persolvi,
1547 1796 1604 1840 ut
1625 1787 1824 1840 vestris
1850 1783 2045 1838 cohor-

2143 595 2198 639 et
2246 585 2556 653 cpprimere
2583 590 2796 654 oportet
2842 583 2934 654 qui
2987 584 3040 638 in
3094 581 3292 640 fratres
3331 583 3623 641 seditiones
3660 595 3712 642 et

2143 672 2396 728 scandala
2449 671 2713 737 excitant,
2776 672 3005 743 ideoque
3050 686 3360 738 exoramus,
3398 682 3461 729 ut
3512 676 3720 733 minime

2142 765 2455 836 despiciatis
2507 764 2830 820 humilitatis
2873 773 3073 821 nostra:
3113 774 3169 821 et
3201 767 3446 821 onmium
3493 769 3720 822 orienta-

2142 859 2272 915 lium
2313 860 2738 915 orthodoxorum
2771 859 3116 916 sacerdotum
3161 868 3216 916 et
3247 859 3570 930 populorum
3604 857 3725 914 alui.

2142 953 2353 1008 ctiones
2381 961 2436 1008 et
2464 952 2877 1023 deprecationes
2913 967 3037 1008 cum
3068 953 3324 1025 laerymis
3351 951 3600 1019 oblatas;
3637 959 3724 1010 sed

2144 1043 2288 1100 sicut
2334 1043 2621 1098 luminaria
2661 1044 2920 1100 universo
2957 1045 3158 1100 mundo
3184 1046 3410 1100 verbum
3458 1046 3584 1100 vita:
3607 1047 3727 1100 reti-

2145 1146 2355 1203 nentes,
2383 1136 2718 1192 introductas
2758 1137 3088 1208 exstinguite
3117 1138 3373 1192 tenebras
3415 1136 3703 1193 nefandissi

2147 1243 2358 1283 morum
2388 1228 2789 1295 insidiatorum,
2842 1229 3174 1299 temporibus
3199 1229 3362 1285 etiam
3388 1228 3589 1284 nostris
3613 1243 3730 1299 pre-

2145 1319 2350 1374 caciter
2407 1319 2782 1390 germinatas,
2840 1329 3108 1390 quatenus
3163 1319 3406 1375 funditus
3475 1321 3728 1375 exstincta

2147 1409 2450 1479 huiusmodi
2491 1411 2725 1480 caligine
2786 1410 3005 1465 Lucifer
3053 1410 3209 1466 nobis
3257 1411 3599 1481 reSplendeat
3640 1426 3732 1480 per

2147 1519 2264 1570 vos,
2297 1504 2640 1560 sanctissime
2680 1512 2856 1574 pater,
2885 1513 2942 1558 et
2987 1504 3236 1574 dogmata
3267 1503 3514 1557 definitio
3554 1517 3735 1558 omnes

2148 1593 2448 1660 lmtificans,
2476 1610 2639 1665 quam
2671 1595 2892 1666 gloriosi
2927 1595 3184 1651 Ecclesia:
3209 1596 3380 1651 sancti
3420 1604 3602 1666 patres
3642 1610 3736 1667 per

2148 1686 2363 1767 preprig
2391 1686 2634 1756 piissime
2653 1687 2904 1758 dogmata
2930 1688 2982 1741 in
3007 1696 3224 1743 aeternae
3247 1687 3369 1743 vitze
3397 1688 3606 1743 ﬁrmam
3635 1689 3734 1745 hze-

2155 1779 2436 1834 reditatcm
2474 1779 2800 1848 pmdicasse
2830 1787 3152 1845 noscuntur,
3179 1789 3236 1833 et
3277 1778 3624 1849 subscriptio.
3660 1780 3740 1832 ln-

451 1891 750 1946 tationibus
767 1883 1004 1943 roborati
1022 1892 1078 1938 et
1099 1881 1292 1938 vestris
1315 1877 1512 1949 regulis
1533 1874 1832 1938 informati,
1862 1871 2043 1926 inimi-
2078 1867 2118 1926 ll
2147 1867 2410 1922 columem
2441 1878 2491 1923 te
2515 1876 2570 1922 et
2598 1867 2995 1938 beneplacitum
3034 1867 3167 1935 Deo,
3196 1868 3544 1924 sanctissime
3589 1879 3741 1940 pater

450 1985 531 2039 cis
559 1981 812 2037 videlicet
840 1975 1187 2047 compressis,
1217 1973 1284 2027 ad
1327 1969 1576 2041 proprias
1598 1966 1893 2038 prudenter
1914 1978 2043 2019 con-

451 2074 611 2130 solati
644 2072 920 2127 valcamus
946 2065 1206 2123 ecclesias
1238 2070 1364 2116 ante
1407 2060 1641 2114 hiemem
1671 2056 1782 2111 Deo
1809 2054 2044 2126 propitio

455 2179 720 2223 remeare.
777 2161 1029 2216 Vestrum
1085 2166 1170 2212 est
1220 2155 1441 2225 quippe,
1473 2159 1628 2223 pater
1676 2148 2042 2213 sanctissime,

452 2259 715 2316 canonica
759 2254 1100 2310 districtione
1144 2249 1373 2306 sollicite
1417 2245 1800 2303 ecclesiastica:
1844 2243 2045 2315 regulae

451 2348 866 2406 adversantibus
895 2353 948 2400 et
974 2343 1205 2398 fratrum
1236 2337 1644 2394 insidiatoribus
1675 2335 1918 2400 obviare,
1946 2347 2046 2388 nec

451 2441 769 2514 permittere
813 2437 1029 2493 noviter
1056 2432 1164 2488 dici
1210 2433 1356 2502 quod
1403 2439 1619 2500 patrum
1649 2426 2043 2484 venerabilium

450 2533 750 2589 auctoritas
784 2528 1008 2585 omnino
1039 2541 1147 2582 non
1199 2523 1430 2579 censuit.
1475 2521 1586 2577 Nos
1622 2519 1765 2576 enim
1813 2517 2045 2574 humiles

451 2627 616 2682 corde
644 2638 764 2696 quae
788 2629 933 2678 recta
963 2627 1108 2681 sunt,
1142 2617 1432 2686 adiuvante
1468 2612 1714 2679 Domino,
1744 2611 2040 2682 sapientes,

451 2737 563 2777 uno
605 2717 822 2774 vinculo
859 2712 1148 2771 charitatis
1177 2710 1456 2765 vobiscum
1505 2721 1696 2762 sumus
1737 2703 2043 2769 constricti,

452 2829 636 2870 veram
677 2810 832 2865 ﬁdem
877 2822 942 2862 ac
990 2805 1306 2876 religionem
1337 2798 1662 2855 catholicam
1705 2797 1758 2852 in
1795 2796 2047 2851 omnibus

455 2907 670 2962 fortiter
699 2901 1062 2958 defensantes.
1099 2893 1412 2952 Studiosius
1455 2891 1638 2960 itaque
1679 2904 1710 2943 a
1761 2886 2045 2944 catholicis

453 2995 714 3067 improbis
753 2992 924 3064 probe
974 2988 1226 3044 resistere
1272 2981 1610 3039 innitendum
1655 2987 1763 3046 est,
1820 2994 1890 3035 ne
1930 2987 2044 3035 tor-

453 3096 647 3159 pentes
687 3083 893 3140 desidia
928 3077 1174 3152 oppressi
1219 3075 1388 3146 culpa:
1439 3069 1828 3128 taciturnitatis
1857 3079 2044 3124 tenea-

459 3193 582 3234 mur
609 3174 850 3238 obnoxii,
883 3181 940 3228 et
971 3169 1126 3242 quasi
1161 3168 1399 3222 favorem
1432 3162 1807 3233 impendentes
1829 3159 2042 3232 iudice—

2145 1967 2380 2029 patrum,
2435 1967 2682 2014 orantem
2734 1973 2832 2029 pro
2882 1959 3043 2016 nobis
3077 1960 3334 2016 Dominus
3369 1961 3646 2018 custodiat
3685 1964 3738 2018 in

2145 2064 2341 2105 aevum.
2371 2051 2567 2106 Amen.

2399 2143 2727 2215 Reacn'ptum
2756 2143 2807 2198 F
2809 2145 2952 2201 elicis
2979 2161 3129 2217 papa:
3163 2147 3231 2200 ad
3264 2149 3494 2202 eosdem.

2218 2235 2713 2293 Reverendissimis
2797 2247 2962 2308 atque
3050 2237 3417 2295 dilectissimis
3481 2238 3742 2296 fratribus

2146 2329 2460 2383 Arumasro
2493 2338 2547 2383 et
2586 2328 2854 2384 universis
2877 2327 3281 2400 IEgyptiorum,
3313 2329 3740 2399 Thebaidorum,

2147 2421 2439 2493 Lybiorum
2475 2421 2743 2491 episcopis
2789 2422 2845 2477 in
2894 2431 3084 2478 sancta
3114 2423 3480 2478 Alexandrina
3536 2427 3744 2496 synodo

2147 2513 2510 2584 congregatis,
2529 2512 2696 2568 Fsux
2721 2513 2876 2568 alma:
2894 2512 3151 2569 Romana:
3168 2513 3318 2569 urbis
3346 2524 3400 2568 et
3422 2515 3746 2570 universalis

2146 2605 2403 2661 Ecclesiae
2423 2606 2726 2675 episcOpus,
2774 2612 2829 2658 et
2867 2613 3053 2660 sancta
3074 2606 3310 2676 synodus
3333 2621 3452 2676 qua:
3472 2608 3524 2662 in
3550 2608 3745 2662 urbem

2148 2695 2374 2751 Romam
2448 2698 2703 2752 convenit
2763 2697 2818 2751 in
2876 2696 3125 2763 Domitio,
3191 2698 3440 2752 salutem.
3515 2699 3745 2755 Sacram

2145 2799 2382 2843 vestram
2404 2788 2716 2859 synodicam
2739 2787 3021 2859 epistolam
3042 2803 3139 2859 per
3167 2787 3397 2860 gratiam
3425 2789 3596 2846 sancti
3631 2789 3747 2862 Spi-

2149 2878 2287 2934 ritus
2329 2887 2384 2934 et
2433 2878 2546 2934 Deo
2577 2878 2834 2948 placitum
2865 2880 3104 2936 studium
3155 2881 3517 2952 conscriptam
3546 2894 3748 2938 vestra:

2149 2987 2180 3027 a
2224 2972 2332 3041 Deo
2361 2974 2690 3029 honorandae
2717 2975 3031 3031 sanctitatis
3078 2977 3253 3048 gratia
3291 2977 3526 3034 libenter
3555 2994 3748 3034 susce-

2147 3067 2347 3135 pimus,
2377 3074 2542 3135 atqne
2579 3066 2847 3123 instanter
2890 3067 2942 3120 in
2985 3069 3194 3139 synodo
3240 3069 3473 3126 recitare
3507 3086 3608 3142 per
3635 3073 3748 3126 sin-

2149 3158 2270 3230 gula
2294 3158 2557 3229 iussimus
2579 3169 2634 3215 et
2659 3174 2851 3216 omnes
2882 3161 3088 3215 intente
3135 3159 3252 3230 ejus
3293 3161 3548 3234 colligere
3572 3167 3746 3219 verba

456 3287 601 3336 mur,
631 3270 756 3325 dum
782 3239 1010 3320 adversa
1028 3259 1307 3317 catholicae.
1335 3257 1456 3313 ﬁdei
1484 3253 1799 3326 propulsare
1825 3251 2045 3322 negligi-
2075 3239 2118 3299 C
2146 3249 2430 3319 jnssimus,
2461 3265 2626 3322 super
2648 3267 2768 3322 quae
2794 3253 2921 3309 dum
2963 3253 3129 3309 laetari
3160 3256 3512 3324 sperabamus
3554 3267 3615 3312 et
3645 3274 3744 3313 cu-

458 3375 602 3426 mus,
625 3357 769 3412 unde
787 3355 992 3410 dictum
1021 3360 1105 3407 est
1127 3365 1141 3403 :
1166 3347 1448 3420 Negligere
1469 3346 1689 3416 quippe,
1719 3343 1843 3398 dum
1871 3341 2048 3412 possis

461 3451 807 3515 conturbare,
851 3457 1136 3517 perversos
1183 3439 1317 3496 nihil
1342 3438 1488 3494 aliud
1519 3445 1605 3492 est
1647 3449 1808 3504 quam
1841 3433 2046 3499 fovere,

459 3555 562 3597 nec
593 3548 746 3594 caret
787 3533 1040 3606 scrupulo
1065 3530 1342 3587 societatis
1371 3525 1598 3582 occultae
1639 3525 1730 3594 qui
1763 3523 2050 3578 manifesto

456 3632 685 3691 facinori
714 3629 916 3686 desinit
939 3626 1182 3690 obviare;
1215 3621 1405 3693 liquet,
1449 3619 1639 3674 doctor
1681 3613 2047 3676 sanctissime,

459 3740 730 3782 venenosa
767 3719 1099 3792 serpentium
1131 3715 1249 3772 sine
1295 3710 1644 3782 simplicitate
1673 3707 1874 3762 astutia
1917 3705 2045 3760 dum

460 3820 750 3879 manifesta
785 3826 871 3873 est
908 3815 1094 3870 dolosa
1145 3808 1487 3866 inimicorum
1528 3803 1763 3858 fallacia.
1810 3801 2051 3856 Succur-

463 3915 589 3979 rite,
611 3923 945 3983 qutesumus,
967 3901 1263 3974 oppressis,
1278 3899 1504 3954 liberate
1527 3908 1626 3950 nos
1651 3894 1717 3950 de
1747 3908 1904 3948 manu
1921 3907 2046 3963 pcr-

466 4003 831 4076 sequentium,
856 4006 917 4053 ut
935 4011 1058 4052 cum
1086 3996 1246 4050 beato
1271 3989 1370 4046 Job
1391 3987 1624 4043 cantetis
1652 4001 1707 4039 τε
1741 3984 2050 4040 Benedictio

463 4075 691 4168 perituri
722 4107 887 4164 super
911 4105 995 4145 me
1026 4086 1297 4150 veniebat,
1335 4089 1390 4138 et
1418 4096 1515 4137 cor
1538 4079 1713 4134 viduae
1742 4075 2052 4133 consolatus

463 4203 626 4253 sum;
663 4185 872 4257 iustitia
905 4183 1123 4238 indutus
1168 4173 1532 4233 fuietvestivi
1559 4185 1646 4227 me
1696 4171 1836 4227 sicut
1882 4170 2049 4224 vesti-

467 4290 652 4337 mento
677 4286 732 4334 et
761 4275 1067 4332 diademate
1116 4269 1319 4342 judicio
1365 4283 1520 4334 meo;
1571 4264 1758 4322 oculus
1791 4262 1868 4316 fui
1905 4276 2051 4317 caeco

462 4383 519 4427 et
564 4385 659 4442 pes
700 4369 912 4433 claudo,
959 4373 1114 4436 pater
1150 4376 1299 4417 eram
1349 4371 1672 4429 pauperum,
1723 4361 1778 4409 et
1826 4366 2052 4408 causam

467 4479 630 4536 quam
673 4461 982 4517 nesciebam
1013 4451 1421 4525 diligentissime
1456 4447 1868 4518 investigabam.
1910 4442 2054 4499 Con-

465 4559 710 4615 terebam
728 4552 901 4609 molas
918 4550 1088 4620 iniqui
1103 4557 1157 4604 et
1177 4547 1242 4601 de
1267 4543 1521 4601 dentibus
1534 4556 1719 4598 earum
1736 4537 2048 4594 auferebam

464 4613 700 4724 prtedam
725 4645 847 4718 (Job
897 4613 1048 4707 mit,
1081 4638 1296 4708 15-17),
1335 4655 1354 4688 ι
1384 4643 1440 4690 et
1468 4633 1698 4704 reliqua.
1747 4629 1858 4687 Nos
1907 4630 2050 4686 enim
2088 4613 2133 4674 Ι)

463 4757 603 4814 quos
663 4750 752 4795 tua
810 4735 1046 4794 maxima
1090 4737 1370 4801 exspectat
1412 4743 1563 4792 cura,
1612 4725 1665 4780 id
1707 4733 1814 4792 est,
1863 4737 2052 4779 omnes

474 4833 714 4906 episcopi
746 4831 1018 4902 praecipue
1066 4833 1220 4880 tuum
1248 4820 1444 4878 mereri
1473 4820 1730 4875 debemus
1763 4815 2050 4887 indicium,

463 4905 525 4986 et
569 4941 677 4981 non
727 4923 796 4977 ab
824 4920 945 4975 aliis
990 4915 1258 4972 devorari.
1289 4911 1477 4966 Merito
1521 4923 1651 4979 ergo
1690 4921 1788 4963 nos
1839 4905 2050 4960 Domini

467 5031 633 5074 causa
660 5013 881 5084 respicit
902 5007 1232 5071 sacerdotes,
1257 5003 1302 5058 si
1323 5001 1538 5059 silentio
1565 4999 1842 5052 faveamus
1856 4997 2046 5050 errori.

467 5107 754 5178 Siquidem
776 5102 1140 5176 corripiantur
1165 5094 1472 5167 huiusmodi
1503 5107 1602 5147 nec
1623 5092 1694 5146 sit
1723 5091 1951 5144 liberum
1975 5089 2056 5144 eis

469 5215 570 5272 pro
596 5193 874 5253 voluntate
900 5193 1078 5250 facere
1097 5189 1384 5260 iudicium,
1412 5186 1623 5243 desinat
1653 5183 1864 5238 novitas
1885 5181 2056 5236 laces-

471 5308 594 5352 sere
614 5297 965 5354 vetustatem,
986 5282 1562 5342 desinatecc-lesiarum
1585 5277 1820 5348 quietem
1850 5275 2060 5344 inquie-

471 5386 602 5444 tudo
627 5383 866 5447 turbare,
883 5394 1007 5434 nam
1032 5386 1092 5433 ut
1113 5390 1304 5432 omnes
1332 5368 1731 5440 metropolitani
1756 5367 1838 5421 vel
1865 5365 2056 5436 reliqui

468 5476 709 5549 episcopi
746 5489 844 5530 sua
870 5472 1018 5537 odia,
1056 5476 1148 5524 aut
1178 5466 1440 5522 vindictas
1487 5464 1539 5517 in
1574 5460 1810 5529 reliquos
1844 5458 2054 5549 episco-

471 5545 567 5642 pos
587 5545 846 5625 exercere
868 5580 975 5620 non
1002 5562 1239 5626 valeant,
1273 5559 1392 5614 ideo
1417 5553 1734 5611 nominatim
1759 5553 1812 5606 in
1836 5545 2055 5605 Nicaeita

469 5660 676 5732 synodo
706 5657 949 5728 expressi
971 5661 1099 5708 sunt
1135 5652 1416 5723 primates,
1451 5649 1542 5718 qui
1578 5645 1813 5714 reliquos
1845 5644 2053 5713 episco-

471 5769 568 5821 νος
593 5751 781 5805 audire
809 5759 863 5803 et
886 5745 1133 5816 iudicare
1162 5743 1418 5808 debeant,
1449 5755 1515 5794 ne
1541 5739 1650 5794 ulla
1690 5737 1840 5793 fraus
1885 5736 1936 5790 in
1963 5733 2054 5803 iu-

469 5846 612 5899 dicio
658 5846 1030 5912 episcoporum
1062 5841 1231 5910 possit
1267 5839 1493 5891 irruere.
1545 5834 1655 5890 Vos
1684 5848 1813 5904 ergo
1863 5832 1954 5902 qui
1999 5833 2052 5886 in

2150 3341 2449 3409 piehamus,
2483 3358 2640 3397 versa
2676 3351 2765 3398 est
2814 3344 2868 3399 in
2915 3344 3116 3399 luctum
3165 3347 3374 3400 cithara
3430 3358 3652 3414 nostra,
3700 3359 3750 3402 et

2151 3435 2391 3487 cantatio
2428 3433 2478 3486 in
2503 3431 2883 3503 prolationem,
2914 3443 2964 3489 et
2999 3450 3159 3490 omne
3186 3435 3355 3491 totius
3387 3437 3574 3508 synodi
3610 3418 3744 3509 gau-

2102 3528 2103 3531 “
2152 3522 2296 3577 dium
2333 3523 2384 3576 in
2426 3536 2716 3578 maerorem
2743 3523 3069 3578 translatum
3097 3535 3199 3590 est,
3234 3527 3361 3596 quia
3394 3542 3499 3581 non
3545 3528 3744 3583 decuc-

2151 3623 2236 3666 rat
2281 3622 2342 3666 ut
2377 3612 2432 3666 hi
2462 3613 2554 3682 qui
2594 3628 2794 3682 corpus
2830 3613 3034 3669 Christi
3081 3615 3323 3684 quotidie
3365 3616 3586 3687 proprio
3620 3633 3748 3674 con-

2152 3706 2340 3760 ﬁciunt
2371 3718 2491 3771 ore,
2523 3713 2727 3760 tantam
2757 3715 3074 3776 paterentur
3113 3708 3570 3776 persecutionem,
3621 3725 3749 3780 quo-

2152 3797 2297 3851 niam
2326 3797 2465 3852 Dens
2494 3806 2677 3853 noster
2705 3798 2933 3853 salutem
2964 3797 3254 3867 providens
3287 3800 3505 3868 generis
3525 3799 3747 3854 humani

2153 3892 2428 3946 mandavit
2457 3891 2859 3961 persecutiones
2880 3907 2987 3946 non
3012 3891 3149 3957 ﬁeri,
3171 3906 3347 3963 neque
3367 3891 3746 3949 fluctuationcs

2153 3983 2364 4049 inferri,
2393 3997 2492 4039 uec
2519 3983 2746 4039 invideri
2788 3982 3160 4039 laborantibus
3190 3983 3242 4037 in
3274 3999 3406 4053 agro
3435 3982 3745 4049 Dominico,

2153 4089 2328 4144 neque
2353 4075 2756 4145 dispensatores
2799 4073 2978 4144 magni
3017 4075 3159 4147 regis
3198 4075 3385 4130 vexari
3415 4085 3510 4130 aut
3535 4075 3744 4147 expelli.

2154 4166 2424 4235 Quiescite
2452 4198 2476 4232 ,ο
2499 4168 2671 4237 inquit
2698 4177 2883 4224 sancta
2913 4183 3106 4240 magna
3145 4167 3361 4224 Niczrna
3389 4171 3656 4242 synodus,
3699 4180 3748 4224 et

2153 4262 2320 4318 nolite
2363 4262 2616 4333 persequi
2656 4276 2750 4318 eos
2787 4262 2878 4332 qui
2929 4261 3039 4317 Deo
3067 4261 3308 4334 perfecte
3344 4263 3671 4318 ministrant
3697 4271 3745 4318 et

2152 4352 2366 4408 sincera
2397 4353 2673 4408 voluntate
2713 4354 2806 4408 Dei
2843 4355 3063 4424 superni
3103 4353 3356 4408 mandata
3406 4353 3742 4416 custodiunt,

2152 4456 2209 4502 et
2237 4446 2439 4502 nostris
2470 4446 2674 4517 legibus
2715 4446 3095 4518 subiunguntur,
3127 4446 3252 4516 quia
3304 4460 3408 4500 nec
3434 4447 3618 4511 decet,
3657 4460 3746 4501 nec

2155 4539 2290 4593 ordo
2321 4539 2524 4608 patitur
2555 4545 2612 4591 ut
2652 4538 2820 4608 iniqui
2849 4547 2903 4592 et
2932 4537 3180 4592 carnales
3205 4536 3522 4607 spirituales
3568 4550 3746 4609 perse-

2159 4638 2426 4698 quantur;
2459 4629 2636 4684 omnis
2679 4628 2821 4682 enim
2871 4627 2961 4698 qui
3020 4625 3222 4682 resistit
3249 4625 3406 4679 alicui
3441 4641 3594 4681 nunc
3635 4639 3745 4680 ver-

2160 4721 2343 4786 tendo,
2405 4735 2548 4774 nunc
2580 4717 2805 4774 celando
2849 4717 3155 4782 veritatem,
3195 4716 3458 4770 mentitur
3491 4718 3743 4772 adversus

2160 4828 2283 4868 cum
2321 4819 2514 4867 contra
2551 4825 2709 4880 quem
2744 4810 2935 4877 litigat,
2968 4817 3022 4864 et
3069 4808 3160 4878 qui
3195 4805 3422 4863 infestus
3471 4816 3563 4862 cst
3591 4805 3741 4862 alicui

2158 4907 2339 4960 omnia
2369 4905 2504 4960 sicut
2540 4904 2710 4958 hostis
2740 4904 2869 4972 agit,
2913 4911 2968 4956 ct
3013 4904 3231 4970 insuper
3269 4899 3414 4971 loqui
3442 4901 3736 4957 contendit.

2160 4996 2267 5052 Vos
2296 4997 2441 5052 enim
2479 5010 2783 5060 monemus,
2822 4992 3039 5058 fratres,
3099 4993 3152 5047 in
3205 4991 3440 5062 speculis
3485 5006 3610 5047 esse
3659 4989 3736 5044 de-

2160 5089 2310 5153 bere,
2341 5096 2403 5141 ut
2446 5088 2766 5156 inquantum
2808 5087 3036 5156 potestis
3081 5092 3136 5138 ct
3177 5083 3436 5137 Dominus
3488 5082 3737 5137 auxil'um

2161 5182 2392 5245 dederit,
2425 5180 2621 5235 talibus
2651 5192 2834 5234 nostra
2865 5179 3159 5250 apostolica
3191 5187 3481 5246 vestraque
3517 5174 3738 5232 auctori-

2164 5282 2273 5327 tate
2294 5274 2580 5337 resistatis,
2607 5288 2704 5326 nec
2733 5273 3015 5342 quisquam
3039 5280 3280 5325 vestrum
3313 5285 3342 5322 a
3385 5266 3580 5323 fratris
3602 5266 3738 5321 auxi-

2163 5365 2234 5420 lio
2276 5380 2334 5420 se
2378 5364 2682 5430 subtrahat,
2711 5363 2804 5418 sed
2833 5379 2930 5433 pro
2963 5362 3168 5416 viribus
3192 5367 3415 5431 pncstet
3447 5357 3736 5412 adminicu-

2164 5460 2293 5513 lum.
2332 5459 2597 5525 Quoniam
2633 5457 2755 5512 licet
2781 5459 2936 5527 pauci
2966 5457 3102 5519 sitis,
3128 5455 3173 5509 si
3198 5453 3489 5508 unanimes
3519 5449 3731 5509 fueritis,

2163 5551 2470 5605 nullatenus
2484 5549 2690 5620 iustitia
2723 5547 3070 5618 suffragante,
3099 5545 3322 5600 Domino
3345 5557 3565 5613 quoque
3588 5554 3728 5609 opem

2165 5641 2393 5705 ferente,
2417 5639 2822 5709 superabimini,
2846 5639 2972 5705 quia
3005 5635 3276 5691 funiculus
3311 5633 3510 5703 triplex
3533 5626 3731 5688 difﬁcile

2167 5735 2451 5804 rumpitur.
2491 5732 2623 5786 Nam
2653 5732 2696 5786 si
2743 5729 2934 5785 ciliciis
2981 5727 3332 5783 s:ecularibus
3379 5727 3609 5779 humana
3658 5719 3731 5771 lex

2166 5829 2434 5894 subvenit,
2468 5837 2669 5896 quanto
2703 5826 2871 5895 magis
2900 5823 3286 5879 ecclesiasticis
3315 5832 3368 5875 ct
3416 5815 3618 5883 Domini
3660 5826 3732 5864 sa-
