3888 6486
123 387 223 490 με
988 430 989 433 ~
1260 404 1753 468 uncommon
1790 405 2176 466 COLLECTIO
3237 398 3347 464 etc

122 535 394 598 cerdotibus
435 529 771 600 maximeque
811 526 989 585 divina
1037 536 1203 597 atque
1255 526 1521 582 catholica
1570 522 1654 578 lex
1687 524 1733 582 A
1762 522 2039 589 alituatur,
2073 535 2129 579 et
2153 524 2341 595 postea
2377 538 2482 579 non
2512 521 2718 588 statim,
2762 506 2857 577 scd
2884 521 2993 585 diu,
3021 529 3075 578 et
3104 536 3200 593 per
3224 537 3344 593 spa-

123 627 372 701 sullragari
396 625 618 683 debeat?
659 623 748 679 Ait
786 623 931 679 enim
982 622 1227 678 divinum
1272 621 1342 676 de
1384 618 1657 690 episcopis
1761 614 1897 671 tiosa
1928 625 2169 686 tempora
2195 616 2309 673 suis
2336 614 2662 687 potestative
2685 612 2987 685 dispositis,
3018 621 3073 670 et
3094 613 3163 669 ad
3187 629 3347 670 suam

122 722 379 793 eloquium,
405 737 423 769 ι
450 717 546 785 Qui
572 730 669 772 vos
697 715 887 786 tangit,
912 712 1354 785 tangitpupillam
1380 711 1525 768 oculi
1548 710 1654 766 mei
1759 706 2137 763 necessitatem
2166 707 2503 778 praeparatis,
2548 706 2617 761 ad
2659 714 2872 778 tempus
2893 704 3078 762 veniat
3102 704 3168 761 ad
3208 716 3345 760 cau-
3377 736 3385 744 -

124 812 285 885 (lactt.
310 825 369 876 n,
387 807 464 881 8).
494 826 513 861 ι
553 806 620 864 Et
640 806 684 862 si
703 805 994 862 saeculares
1022 806 1258 860 humana
1289 802 1661 874 multipliciter
1760 811 1898 863 sam,
1927 804 2005 861 et,
2034 797 2081 853 si
2104 797 2250 869 juste
2278 798 2452 853 visum
2479 794 2663 862 fuerit,
2692 795 3101 852 accusatoribus
3123 809 3346 867 respon-

122 903 438 976 explorantur
458 897 700 954 homines
728 895 847 967 lege
880 904 935 952 et
960 894 1341 964 requisitiones
1371 900 1536 963 atque
1574 892 1659 946 in-
1761 886 1886 944 deat
1921 888 2055 944 suis.
2087 886 2229 943 Nulli
2274 886 2463 943 infami
2507 895 2670 957 atque
2706 885 2972 958 sacrilego
2992 887 3070 976 de
3100 900 3348 957 quocun-

121 975 266 1052 ducite
280 993 355 1049 eis
378 990 664 1048 multorum
690 987 955 1043 mensium
982 986 1357 1041 conceduntur
1376 999 1445 1041 ne
1464 984 1663 1055 injuste
1761 992 1867 1050 que
1898 979 2059 1034 liceat
2080 979 2300 1049 negotio
2323 979 2585 1034 adversus
2630 976 2945 1048 religiosum
2975 975 3349 1033 Christianum

120 1088 429 1149 damnentur,
455 1089 658 1152 quanto
692 1079 863 1151 magis
888 1077 1158 1149 episcopis
1186 1076 1275 1146 qui
1302 1074 1663 1145 proximiores
1762 1072 2011 1143 quamvis
2031 1072 2586 1143 bumilisservilisque
2605 1085 2839 1142 persona
2860 1070 2952 1136 sit,
2978 1071 3357 1127 testimonium

117 1186 224 1235 sunt
269 1177 394 1241 Deo,
423 1184 477 1231 et
523 1188 686 1244 super
714 1174 813 1227 hos
840 1168 1119 1226 constituti
1153 1168 1423 1240 positique
1469 1167 1523 1221 in
1553 1179 1668 1221 cat-
1764 1166 1966 1228 dicere,
1991 1181 2091 1221 nec
2129 1164 2198 1220 de
2223 1164 2461 1235 qualibet
2492 1179 2573 1230 re,
2610 1162 2988 1234 inscriptione,
3017 1163 3232 1219 actione
3256 1171 3355 1218 aut

117 1269 215 1326 lesti
238 1267 417 1324 militia
442 1281 561 1336 quae
582 1264 877 1336 impensius
906 1262 1253 1334 ponderanda
1279 1269 1386 1326 est,
1420 1269 1662 1331 tempora
1764 1258 2136 1315 Christianum
2159 1258 2441 1328 impetere.
2468 1255 2526 1311 Si
2553 1256 2841 1326 episcopus
2860 1253 3102 1325 legitime
3128 1269 3357 1311 accuse-

116 1367 222 1415 sunt
242 1356 576 1414 concedenda
615 1354 786 1412 multo
822 1355 1105 1425 ampliora,
1152 1368 1222 1409 ne
1269 1368 1300 1407 a
1344 1351 1665 1422 quibusdam
1769 1360 1876 1416 tus,
1899 1359 1955 1406 et
1975 1350 2288 1421 supradicto
2308 1349 2498 1405 ordine
2522 1347 2589 1402 ad
2610 1347 2909 1405 'concilium
2940 1347 3204 1404 canonice
3228 1360 3358 1404 con-

116 1457 377 1521 graventur
413 1454 507 1502 aut
548 1445 944 1515 opprimantur,
975 1443 1059 1499 vel
1110 1442 1290 1499 subito
1319 1441 1664 1497 damnentur.
1767 1450 1991 1500 vocatus
2016 1441 2204 1508 fuerit,
2230 1443 2436 1512 absque
2470 1440 2579 1496 ulla
2607 1440 2972 1512 trepidatione
3000 1441 3081 1497 ire
3115 1439 3358 1507 debebit,

114 1540 405 1612 incipiamus
430 1552 585 1611 ergo,
612 1535 899 1607 adiuvante
923 1536 1035 1591 Deo
1054 1544 1112 1591 et
1140 1542 1330 1591 sancto
1349 1532 1513 1588 Petro
1539 1545 1670 1601 apo-
1767 1544 1824 1591 et
1851 1535 1895 1590 si
1919 1534 2001 1591 ire
2025 1548 2133 1588 non
2181 1534 2443 1603 potuerit,
2471 1547 2569 1605 per
2597 1547 2659 1589 se
2698 1531 2936 1604 legatum
2987 1531 3055 1587 ad
3090 1531 3358 1604 synodum

115 1632 250 1697 stolo,
269 1646 360 1702 per
380 1645 544 1701 quem
565 1628 901 1700 apostolatus
924 1635 979 1683 et
997 1625 1339 1697 episcopatus
1366 1623 1420 1678 in
1454 1621 1671 1678 Christo
1770 1628 1973 1684 mittat.
2008 1625 2180 1682 Nullae
2222 1639 2402 1682 causa:
2445 1640 2476 1679 a
2512 1623 2791 1695 judicibus
2832 1622 3221 1680 ecclesiasticis
3261 1636 3362 1678 au-

114 1723 254 1794 cmpit
281 1721 582 1785 exordium,
609 1719 867 1790 quoniam
914 1716 1099 1787 plures
1144 1729 1286 1786 srepe
1333 1722 1674 1797 emerserunt

1815 1721 1992 1776 iantnr
2040 1733 2161 1791 quae
2191 1717 2398 1789 legibus
2427 1732 2534 1772 non
2561 1716 2927 1780 continentur,
2965 1714 3050 1771 vel
3069 1730 3191 1786 qute
3227 1729 3354 1787 pro-

115 1830 266 1871 causae
292 1830 411 1885 (pne
445 1815 499 1869 in
525 1812 850 1884 quibusdam
877 1825 984 1866 non
1013 1817 1172 1865 erant
1200 1823 1402 1873 causa,
1438 1807 1534 1862 sed
1556 1806 1666 1862 cri-
1708 1884 1715 1885 γ
1773 1809 1957 1864 hibita:
1983 1823 2108 1865 esse
2136 1815 2457 1864 noscuntur.
2483 1805 2543 1863 Si
2570 1806 2695 1877 quis
2731 1805 2890 1862 aliter
2925 1821 3032 1861 non
3074 1807 3362 1876 acquieve-

117 1907 258 1970 mina,
299 1884 423 1973 quia
461 1903 637 1975 magis
675 1910 737 1957 ut
775 1900 1143 1970 comperimus
1188 1898 1476 1968 iniquitate
1509 1912 1671 1967 quam
1706 1884 1749 1944 Β
1777 1902 1870 1966 rit,
1915 1900 2017 1956 nisi
2065 1909 2126 1955 ut
2169 1900 2482 1971 episcopum
2541 1906 2762 1954 accuset
2808 1911 2971 1968 supra
3024 1905 3210 1953 taxato
3256 1897 3364 1953 hoc

115 1994 350 2049 cbaritate
393 1991 658 2047 fratribus
705 1999 834 2046 sunt
871 1989 1153 2060 impositae.
1187 1987 1257 2042 Et
1296 1996 1357 2043 ut
1381 1989 1448 2043 de
1477 1995 1673 2043 caetero
1776 2001 1966 2049 tenore
2004 2006 2166 2063 agere
2208 1990 2446 2056 debebit,
2497 1989 2624 2061 quia
2658 1989 2816 2045 aliter
2864 1997 2981 2045 rata
3032 2004 3138 2045 non
3180 1995 3369 2060 potest

115 2083 388 2141 sollicillldo
427 2083 524 2148 Sil.
571 2097 640 2138 ne
669 2081 797 2137 lam
827 2080 1136 2147 deveniam:
1164 2078 1400 2149 (ἔθρίιυιθ
1426 2079 1672 2149 Quaedam
1775 2086 2049 2142 accusatio
2084 2085 2319 2142 existere
2350 2101 2365 2139 :
2397 2092 2526 2139 tunc
2546 2083 2721 2154 primo
2746 2084 2984 2139 accusati
3015 2098 3235 2140 causam
3271 2098 3365 2140 ac-

116 2192 142 2231 τι
172 2176 356 2232 sanctis
393 2174 669 2247 patribus,
700 2183 809 2229 lam
842 2174 896 2229 in
929 2170 1147 2229 Νίαὲιιει
1194 2171 1400 2241 εἳηοάο
1426 2185 1589 2241 (illam
1619 2179 1675 2226 el
1776 2189 1994 2233 cusator
2030 2174 2171 2248 apud
2202 2177 2462 2246 primates
2486 2175 2748 2232 canonice
2772 2173 3000 2240 deferat,
3029 2189 3132 2231 nec
3156 2191 3187 2231 a
3216 2188 3356 2231 com»

115 2268 160 2325 ia
185 2269 277 2326 bac
300 2269 428 2325 sede
481 2268 774 2323 constituta
823 2279 1113 2337 ponamus,
1160 2264 1356 2334 quibus
1402 2263 1599 2319 fratres
1621 2273 1677 2319 et
1777 2270 2032 2326 munione
2075 2268 2433 2340 prohibeatur
2477 2278 2785 2332 accusatus,
2819 2267 2921 2322 nisi
2955 2267 3023 2322 ad
3068 2266 3363 2323 electorum

116 2360 385 2432 coepiscopi
408 2359 582 2416 nostri
606 2358 745 2422 fulti,
776 2358 996 2413 insidias
1016 2356 1360 2411 inimicorum
1384 2355 1678 2410 auxiliante
1769 2360 2032 2431 judicium
2064 2358 2324 2415 canonice
2347 2366 2681 2414 convocatus
2717 2356 2859 2412 infra
2893 2366 3004 2413 tres
3029 2364 3125 2412 aut
3151 2370 3249 2413 sex
3276 2356 3365 2412 vel

117 2450 315 2506 Domino
350 2450 569 2507 valeant
620 2448 872 2513 evadere,
902 2457 959 2503 et
1005 2454 1167 2519 prout
1214 2444 1472 2501 Dominus
1520 2459 1679 2516 posse
1776 2454 1960 2526 pini-es
2000 2467 2235 2519 menses,
2265 2467 2364 2524 pro
2391 2452 2503 2508 suis
2530 2455 2799 2507 rationem
2828 2450 3141 2507 redditurus
3181 2451 3369 2507 venire

118 2542 314 2609 dederit,
343 2543 696 2615 paucioribus
732 2550 1004 2597 tantorum
1037 2539 1304 2595 malorum
1338 2539 1515 2594 verbis
1559 2539 1679 2593 imi-
1779 2546 2081 2612 distulerit;
2108 2546 2252 2616 quod
2277 2545 2323 2600 si
2361 2544 2595 2614 probare
2618 2543 2855 2615 potuerit
2876 2544 3020 2614 quod
3049 2557 3157 2598 non
3181 2542 3369 2599 ποιηε..

119 2641 269 2688 temur
289 2631 692 2704 compendium,
709 2640 764 2686 et
785 2630 1017 2687 strictim
1039 2645 1158 2699 qum
1174 2629 1228 2684 in
1250 2627 1520 2683 volumine
1542 2627 1682 2681 litte-

1815 2639 1872 2702 it,
1918 2638 2011 2693 sed
2057 2652 2164 2693 non
2198 2636 2433 2707 potuerit
2478 2636 2686 2700 venire,
2736 2634 2872 2691 nihil
2909 2636 2959 2691 ei
3008 2637 3244 2693 nocebit.
3273 2635 3369 2693 llle

119 2737 274 2778 rarum
299 2731 610 2780 vestrarum
640 2722 1023 2792 comperimus,
1056 2729 1438 2783 retractemus,
1479 2727 1538 2776 et
1571 2718 1678 2773 alia

1816 2742 1912 2783 ero
1933 2728 2027 2799 qui
2070 2727 2120 2782 vi
2147 2737 2242 2781 aut
2276 2727 2470 2783 timore
2490 2741 2521 2781 a
2548 2726 2678 2782 sede
2704 2726 2916 2797 pulsus,
2947 2735 3042 2783 aut
3067 2728 3181 2783 suis
3206 2729 3372 2785 rebus

120 2816 345 2872 nonnulla
386 2817 647 2874 instantis
676 2815 938 2887 temporis
963 2815 1298 2880 necessaria,
1343 2823 1504 2885 prout
1547 2813 1684 2883 peti—
1781 2818 2115 2890 exslndiatus
2158 2815 2345 2882 fuerit,
2393 2816 2495 2871 nisi
2542 2816 2693 2887 prius
2736 2826 2963 2874 vocetur
2995 2818 3064 2874 ad
3101 2810 3370 2891 synodum

122 2907 192 2973 tis,
214 2923 489 2979 ponamus.
521 2908 621 2962 Est
646 2922 881 2979 namque
902 2907 1177 2979 synodicis
1214 2907 1489 2962 decretum
1531 2905 1683 2959 insti~
1782 2923 1944 2980 quam
1968 2909 2017 2963 ei
2044 2906 2226 2962 omnia
2256 2906 2464 2977 legibus
2490 2906 2947 2978 redintegrentur,
2974 2919 3032 2965 et
3078 2908 3283 2965 tamdiu
3316 2909 3372 2965 in

122 3002 247 3068 tutis,
274 3013 331 3058 ut
354 3018 524 3059 nemo
554 3003 869 3074 episcopum
912 3017 1079 3072 penes
1119 3000 1411 3058 steculares
1447 2999 1685 3055 arbitros
1784 3001 1913 3057 sede
1933 2999 2154 3070 prepria
2178 2998 2403 3069 paciliee
2431 3007 2489 3053 et
2512 2998 2836 3067 potestative
2860 3009 3056 3056 cuncta
3084 3001 3376 3071 disponens

122 3105 327 3162 accuset,
350 3096 445 3153 sed
473 3095 620 3166 apud
646 3109 890 3150 summos
926 3094 1208 3166 primates.
1248 3093 1306 3148 Si
1342 3093 1465 3163 quis
1491 3094 1684 3147 adver—
1784 3091 2040 3157 resideat,
2087 3089 2344 3160 quamdiu
2382 3089 2642 3160 expulsus
2687 3089 2773 3144 vel
2822 3090 3156 3160 exspoltatus
3186 3106 3379 3151 carere

121 3199 196 3239 sus
212 3186 522 3257 episcopum
552 3199 775 3241 causam
803 3184 1075 3250 habuerit,
1098 3199 1206 3239 non
1229 3183 1385 3254 prius
1409 3182 1544 3239 alios
1567 3182 1685 3252 epi-
1716 3243 1755 3257 Α
1787 3182 1936 3238 visus
1961 3189 2047 3238 est
2072 3179 2254 3236 rebus.
2286 3180 2422 3237 Cum
2463 3189 2644 3237 autem
2684 3182 2753 3236 ad
2775 3180 3039 3250 judicium
3066 3185 3300 3250 venerit,
3329 3184 3380 3241 si

120 3243 285 3350 seopos
311 3243 473 3337 adeat
522 3286 583 3335 ut
615 3293 738 3334 eum
768 3286 1007 3340 accuset,
1037 3291 1200 3346 quam
1230 3243 1592 3330 Itamiliariter
1629 3274 1683 3330 ei
1711 3243 1759 3306 δ
1790 3274 2018 3330 voluerit
2039 3281 2099 3329 et
2125 3289 2351 3329 necesse
2380 3272 2562 3337 fuerit,
2590 3274 2822 3330 inducite
2842 3275 2891 3330 ei
2924 3285 2981 3331 et
2999 3279 3204 3346 petenti
3231 3293 3261 3332 a
3284 3292 3382 3348 pa-

122 3384 249 3424 suam
278 3371 478 3428 indicet
520 3369 821 3442 querelam,
848 3378 904 3424 et
944 3368 1015 3423 ab
1046 3383 1114 3423 eo
1143 3376 1237 3422 aut
1261 3366 1464 3435 justam
1494 3380 1683 3420 emens
1789 3367 1966 3423 tribus
1994 3367 2305 3422 constitutae
2333 3366 2541 3435 absque
2578 3366 2964 3437 impedimento
2988 3369 3379 3438 concedantur,

122 3458 365 3517 dationem
396 3469 498 3517 aut
528 3459 902 3515 rationabilem
949 3457 1216 3528 percipiat
1258 3454 1684 3520 excusationem,
1790 3468 1843 3515 et
1865 3457 2076 3527 iudices
2097 3475 2128 3513 a
2158 3473 2217 3513 se
2244 3458 2402 3514 electi
2447 3458 2779 3525 tribuantur,
2816 3470 2875 3515 ut
2906 3461 2960 3516 in
2993 3461 3111 3519 loco
3134 3463 3278 3518 unde
3297 3472 3385 3519 est

122 3558 166 3603 et
188 3550 287 3621 ipsa
315 3568 415 3608 nos
458 3552 768 3607 instruente
799 3549 1086 3606 Veritate:
1125 3566 1145 3600 ι
1183 3548 1241 3604 Si
1285 3548 1591 3618 peccaverit
1634 3548 1687 3601 in
1790 3548 1883 3606 ille
1923 3550 2013 3619 qui
2043 3557 2351 3613 accusatur,
2397 3557 2493 3604 aut
2531 3549 2578 3604 si
2630 3548 2758 3604 alibi
2805 3548 3034 3629 alicujus
3079 3553 3396 3609 temeraria)‘

124 3643 337 3700 tefrater
359 3654 510 3710 tuus,
545 3643 681 3698 vade
705 3642 998 3712 et~corripe
1025 3654 1151 3697 eum
1182 3640 1323 3696 inter
1354 3648 1406 3695 te
1427 3650 1483 3693 et
1511 3640 1686 3709 ipsum
1792 3640 2152 3697 multitudinis
2199 3641 2308 3695 vim
2368 3640 2641 3705 metuerit,
2704 3640 2879 3697 locum
2929 3642 3034 3697 sibi
3082 3658 3383 3714 congruum

123 3735 310 3804 5010!";
349 3737 398 3793 Si
448 3747 506 3792 ιε
549 3751 655 3792 non
711 3735 965 3800 audierit.
1014 3730 1213 3789 adhibe
1255 3731 1392 3787 duos
1446 3731 1527 3786 vel
1581 3740 1692 3786 erS
1793 3739 1976 3810 eligat,
2003 3754 2110 3810 quo
2130 3740 2335 3808 absque
2360 3737 2555 3794 timore
2575 3751 2725 3804 suos,
2747 3738 2790 3792 si
2810 3739 3108 3795 necessitas
3129 3754 3388 3811 exposce-

124 3835 301 3896 tecum,
329 3838 387 3885 et
416 3829 466 3885 si
514 3843 624 3882 non
652 3841 749 3883 vos
774 3824 1032 3890 audierit,
1063 3824 1153 3883 dic
1188 3823 1448 3880 Ecclesia:
1470 3822 1688 3892 (ΜαιιΙι.
1798 3831 1887 3894 rit,
1921 3839 2088 3885 testes
2115 3828 2314 3884 habere
2348 3837 2404 3885 et
2444 3830 2649 3899 absque
2684 3829 3070 3901 impedimemo
3104 3847 3258 3887 suam
3295 3847 3390 3888 ca-

121 3935 256 3987 xvtu,
296 3921 510 3993 15-17),
549 3938 568 3971 ι
610 3920 663 3974 id
688 3927 791 3983 est,
827 3933 1022 3975 accusa
1071 3933 1196 3973 eum
1222 3916 1438 3987 publice
1494 3926 1552 3972 ct
1580 3931 1689 3971 non
1794 3922 1989 3977 nonice
2013 3921 2339 3978 sententiam
2374 3920 2532 3976 finire
2558 3920 2753 3986 valeat,
2792 3922 2919 3991 quia
2944 3922 3108 3977 multa
3135 3938 3234 3995 per
3254 3925 3386 3980 sub-

123 4013 271 4081 prius,
296 4024 351 4070 et
378 4013 615 4083 reliqua.
649 4012 707 4068 Si
732 4012 856 4083 quis
874 4011 1187 4082 episcOpnm
1216 4020 1338 4081 post
1370 4011 1485 4067 lucc
1518 4010 1693 4083 elege-
1795 4017 2097 4087 reptionem
2150 4016 2336 4072 venire
2383 4016 2578 4071 solent.
2622 4013 2694 4072 Ut
2741 4016 3065 4073 testificandi
3103 4017 3187 4072 vel
3234 4032 3391 4072 aecu-

125 4106 186 4159 rit
207 4121 487 4173 accusare,
517 4105 745 4162 summis
780 4104 1104 4174 primatibus
1122 4104 1498 4175 episcoporum
1538 4118 1690 4158 suam
1797 4111 1951 4166 sandi
1980 4109 2198 4167 licentia
2229 4100 2525 4184 denegatur
2548 4110 2641 4179 qui
2663 4109 2988 4166 Christiana:
3014 4110 3295 4182 religionis
3333 4120 3391 4165 et

126 4195 305 4254 indicet
347 4208 676 4264 causam,et
722 4213 825 4253 non
857 4196 1227 4262 saecularibus,
1275 4198 1368 4267 qui
1412 4197 1586 4267 magis
1626 4197 1694 4252 ad

1815 4201 2033 4259 nominis
2063 4201 2404 4272 dignitatem,
2435 4210 2491 4256 ct
2538 4216 2649 4257 sum
2689 4200 2843 4272 legis,
2892 4203 2975 4260 vel
3010 4203 3092 4258 sui
3133 4204 3391 4273 propositi

125 4305 290 4358 pacem
339 4306 510 4363 quam
550 4291 617 4345 ad
657 4289 921 4360 judicium
949 4304 1044 4344 eos
1090 4296 1363 4353 revocent,
1410 4297 1471 4343 ut
1516 4287 1699 4344 chari-

1820 4309 2070 4359 tormam,
2098 4304 2191 4349 aut
2213 4294 2536 4365 regulariter
2562 4296 2835 4364 prohibiti
2864 4297 3221 4368 neglexerint.
3254 4296 3395 4351 Mul-

128 4388 199 4434 tas
221 4380 272 4434 in
294 4382 554 4436 omnibus
572 4387 630 4434 ct
648 4380 727 4433 ab
752 4377 1003 4434 omnibus
1022 4380 1380 4434 custodiatur.
1409 4378 1465 4433 Si
1499 4380 1697 4449 prima—
1804 4395 1915 4439 tum
1945 4384 2223 4455 derogatio
2249 4384 2510 4454 praevalet
2550 4386 2768 4454 quando
2813 4386 3104 4459 derogator
3130 4388 3392 4451 creditur,

127 4480 195 4526 tes
224 4481 576 4528 accusatores
602 4469 975 4540 episcoporum
1013 4486 1136 4525 cum
1166 4470 1245 4524 eis
1289 4470 1575 4540 pacificare
1616 4469 1700 4525 fa-
1804 4477 1927 4532 ideo
1985 4476 2151 4531 variis
2202 4475 2685 4531 detractationibus
2734 4484 2899 4546 atque
2955 4477 3395 4533 accusationibus

127 4559 393 4618 miliaritcr
423 4561 650 4616 minime
674 4558 971 4631 potuerint,
1000 4567 1130 4615 tunc
1174 4568 1413 4630 tempore
1457 4560 1701 4633 legitimo
1807 4584 1915 4625 non
1951 4568 2107 4624 decet
2136 4567 2447 4624 labefactari
2491 4568 2798 4637 primatem,
2830 4569 2925 4624 sed
2967 4569 3141 4640 magis
3181 4578 3397 4639 patrum

127 4664 209 4707 eos
250 4653 316 4709 ad
363 4653 635 4727 synodum
680 4652 943 4707 canonice
995 4660 1350 4706 convocatam
1401 4667 1511 4709 non
1559 4651 1704 4707 infra
1730 4651 1777 4665 “’
1808 4657 2007 4728 regulis
2033 4656 2298 4720 roborari,
2328 4673 2431 4714 nec
2477 4657 2634 4714 facile
2668 4668 2763 4714 aut
2800 4658 3171 4714 indifferenter
3216 4660 3394 4715 susci-

128 4756 335 4817 angusta
413 4759 662 4820 tempora
719 4748 1005 4822 _canonice
1076 4758 1416 4814 convocent,
1488 4757 1545 4804 et
1595 4764 1701 4805 non
1804 4762 1934 4818 pere
1968 4748 2345 4805 accusationes
2378 4760 2690 4820 prmsumat,
2735 4750 2947 4806 dicente
2982 4750 3247 4805 Domino:
3281 4749 3396 4805 Non

127 4837 263 4907 prius
288 4855 458 4909 quam
488 4840 568 4895 eis
592 4828 914 4911 perscripta
960 4839 1290 4909 signiﬁcent,
1319 4839 1464 4909 quod
1506 4839 1585 4894 eis
1610 4853 1705 4908 op-

130 4932 330 4997 ponitur
379 4943 440 4988 ut
481 4934 550 4989 ad
595 4934 1008 5003 responsionem
1048 4933 1335 5004 praeparati
1393 4932 1706 4987 adveniant.

130 5016 249 5076 Nam
296 5024 341 5080 si
393 5034 494 5079 aut
540 5024 591 5079 vi
635 5033 730 5079 aut
783 5024 978 5080 timore
1023 5026 1207 5095 cjecti,
1252 5033 1347 5079 aut
1385 5023 1500 5079 suis
1545 5023 1708 5079 rebus

130 5117 400 5186 exspoliati
432 5119 655 5184 fuerint,
685 5133 784 5174 nec
808 5119 1069 5174 canonice
1097 5117 1314 5174 evocari
1348 5117 1416 5174 ad
1442 5117 1707 5189 synodum

131 5219 362 5277 possunt,
415 5227 516 5269 nec
564 5212 894 5282 respondere
938 5211 1148 5268 ramulis
1186 5212 1385 5267 debent
1413 5223 1707 5281 antequam

132 5303 401 5371 canonice,
442 5304 820 5369 restituantur,
862 5312 919 5358 et
955 5318 1054 5358 sua
1106 5304 1188 5359 eis
1230 5304 1413 5359 omnia
1466 5302 1713 5371 legaliter

134 5389 442 5450 reddantur.
488 5393 545 5450 Si
583 5396 710 5466 quis
752 5396 1130 5466 episcoporum
1177 5394 1340 5451 fuerit
1389 5395 1503 5451 suis
1549 5395 1713 5450 rebus

133 5485 477 5553 cxspoliatus,
505 5496 602 5541 aut
627 5503 659 5541 a
685 5501 782 5543 sua
809 5486 1036 5543 ecclesia
1064 5487 1118 5542 vi
1158 5496 1254 5542 aut
1287 5488 1479 5543 timore
1523 5486 1714 5557 expul-

135 5586 241 5642 sus,
287 5577 439 5647 quod
492 5579 639 5635 omni
678 5578 993 5636 Christiano
1033 5580 1238 5637 nomini
1284 5588 1369 5635 est
1406 5580 1710 5643 inimicum,

133 5677 342 5737 oportet
378 5678 436 5726 et
481 5674 636 5731 decet
686 5675 1063 5745 episcoporum
1114 5674 1450 5746 propositum
1500 5688 1717 5745 semper

134 5756 302 5825 prima
326 5760 510 5819 fronte
533 5764 750 5829 cedere,
781 5771 842 5819 ut
864 5765 1048 5820 omnia
1083 5780 1206 5835 quae
1243 5765 1422 5821 ablata
1467 5773 1595 5820 sunt
1620 5779 1717 5836 po-

138 5850 308 5904 lcsmti
340 5851 461 5921 ejus
494 5855 737 5926 Iegalitcr
763 5857 1081 5924 reddantur,
1123 5868 1175 5914 et
1216 5858 1409 5930 praesul
1438 5857 1590 5930 prius
1631 5874 1718 5914 rc-

1808 4839 2073 4916 suscipia's
2095 4860 2280 4902 vocem
2306 4847 2573 4902 mendacii
2598 4864 2614 4914 ;
2662 4847 2756 4901 scd
2783 4845 2936 4918 prius
2965 4846 3200 4916 probare
3233 4844 3398 4902 debet

1810 4935 2175 5005 suspicionem
2195 4944 2251 4991 et
2285 4951 2505 4992 causam
2543 4944 2637 4992 aut
2660 4950 2769 5007 quo
2788 4936 2971 4990 animo
2996 4935 3100 4990 hoc
3130 4935 3318 5002 faciat,
3343 4945 3403 4992 et

1812 5026 2155 5098 postmodum
2197 5028 2494 5098 suscipere,
2543 5027 2673 5097 quia
2714 5025 2960 5081 veritatis
3008 5024 3399 5097 professionem

1811 5120 2253 5194 propinquitatis,
2270 5120 2587 5185 inimicitiae,
2611 5119 2839 5183 timoris,
2870 5120 3094 5185 amoris,
3108 5118 3217 5174 odii
3234 5128 3402 5175 etcu-

1811 5210 2051 5283 piditatis
2076 5212 2304 5266 intentio
2342 5211 2607 5280 impedire
2634 5218 2685 5264 et
2716 5209 2942 5264 adversa
2971 5208 3232 5265 fratribus
3262 5205 3402 5264 irro-

1813 5319 1943 5376 gare
1986 5303 2143 5361 solet.
2183 5303 2436 5359 Personae
2467 5303 2839 5358 accusantium
2875 5302 3010 5358 tales
3046 5317 3168 5360 esse
3206 5303 3410 5359 debent

1816 5411 2062 5467 quarum
2088 5396 2223 5451 fides
2250 5404 2306 5451 et
2341 5395 2684 5450 conversatio
2727 5403 2782 5449 et
2827 5395 2937 5451 vita
2986 5395 3323 5465 probabilius
3346 5401 3406 5450 et

1818 5487 2024 5557 absque
2075 5486 2496 5557 reprehensione
2545 5486 2654 5552 sit,
2700 5497 2759 5541 et
2810 5501 2933 5557 qua:
2984 5487 3132 5542 omni
3179 5491 3410 5542 careant

1819 5580 2143 5648 suspicione,
2177 5579 2304 5649 quia
2331 5588 2387 5633 et
2415 5579 2519 5634 hoc
2549 5588 2601 5635 te
2627 5589 2914 5649 praesente,
2960 5591 3022 5634 ut
3056 5579 3195 5634 bene
3237 5578 3404 5646 nosti,

1821 5672 1874 5727 in
1894 5671 2108 5727 Nirtena
2134 5671 2341 5742 synodo
2362 5681 2583 5741 propter
2603 5670 2867 5727 malorum
2892 5672 3169 5728 hominum
3192 5668 3410 5725 infesta-

1823 5765 2023 5821 tionem
2070 5764 2141 5819 ab
2170 5763 2423 5820 omnibus
2463 5765 2744 5822 definitum
2785 5774 2893 5827 est,
2947 5764 3073 5820 licet
3117 5776 3405 5828 pravorum

1823 5859 2102 5915 hominum
2149 5858 2359 5915 insidiis
2406 5859 2512 5914 sint
2571 5861 2684 5914 luce
2719 5859 2819 5914 alia
2858 5855 3170 5928 quamplura
3209 5855 3387 5913 deleta
