3888 6452
537 382 640 437 δι’]
1331 377 1621 434 ΑΡΡΕΜ).
1663 376 1754 430 Al)
1788 374 1964 430 SrEC.
2006 374 2095 431 IX.

2245 371 2496 430 lSlDORi
2537 371 2977 430 MERCATORIS
3677 380 3756 439 6‘8

533 495 802 554 l‘rimatcs
833 491 906 548 illi
939 500 992 546 et
1019 505 1121 546 non
1155 489 1244 547 alii
1276 491 1385 547 sint
1406 507 1568 561 quam
1592 492 1645 547 in
1674 489 1889 547 Niczena
1912 491 2118 563 synodo
2148 496 2192 555 Λ
2222 489 2530 546 stituantur.
2556 489 2673 560 Ipse
2689 489 2919 544 enimait
2941 488 3236 545 Dominus:
3272 508 3288 541 ι
3320 487 3645 564 Ουωευηιιυθ
3677 499 3757 552 sol.

535 597 664 644 sunt
700 585 1000 642 constituti.
1044 583 1253 655 Reliqui
1303 599 1432 639 vero
1459 585 1553 654 qui
1599 584 1913 654 metropolis
1943 591 2126 639 tenent
2165 645 2172 650 _
2231 580 2373 635 veris
2407 595 2570 650 super
2597 588 2828 646 terram,
2853 590 3015 634 erunt
3040 579 3214 634 soluta
3246 581 3299 636 in
3331 589 3471 635 terra
3498 591 3550 637 et
3573 585 3619 637 in
3642 587 3760 644 caelis

534 681 712 744 sedes,
739 676 1131 748 archiepiscopi
1153 684 1434 741 vocantur,
1459 684 1516 730 ct
1541 689 1646 730 non
1669 676 1950 747 primates,
1978 674 2124 730 salva

537 772 590 828 in
618 771 869 827 omnibus
896 769 1202 841 apostolicae
1223 757 1367 826 sedis
1395 768 1680 839 dignitate,
1702 782 1824 838 quae
1849 767 1896 822 ei
1919 767 1986 822 ab
2011 766 2126 834 ipso

534 862 762 919 Domino
795 870 881 918 est
919 875 1198 926 concessa,
1246 870 1300 917 et
1330 870 1516 932 postea
1549 876 1578 913 a
1619 860 1820 915 sanctis
1855 858 2129 929 prioribus

535 955 808 1010 roborata.
843 952 1030 1007 Primo
1060 966 1278 1023 semper
1317 951 1370 1006 in
1427 951 1575 1006 omni
1615 950 1994 1022 episcoporum
2035 963 2128 1004 ac-

534 1046 814 1103 cusatione
851 1046 978 1111 vita,
1007 1058 1240 1115 persona
1286 1053 1341 1099 et
1370 1045 1717 1100 conversatio
1751 1042 2125 1098 accusantium

535 1139 858 1196 enucleatim
887 1138 1259 1210 inquiruntur,
1287 1146 1342 1192 et
1372 1138 1714 1207 postmodum
1745 1151 1808 1191 ea
1832 1150 1953 1206 qua:
1986 1135 2126 1204 obji-

535 1231 750 1286 ciuntur
788 1227 1022 1284 ﬁdeliter
1050 1237 1472 1297 pertracteutur,
1497 1227 1752 1300 quoniam
1801 1225 1934 1281 nihil
1970 1225 2128 1279 aliter

534 1322 652 1377 fieri
680 1320 860 1388 debet,
907 1320 1010 1376 nisi
1042 1318 1411 1390 impetiterum
1456 1319 1608 1389 prius
1634 1317 1944 1389 requiratur
1971 1315 2124 1372 fides.

534 1413 789 1469 Personae
825 1413 937 1470 vita
975 1420 1032 1469 et
1063 1422 1218 1469 actus
1245 1411 1632 1479 discutiantur,
1663 1412 1788 1482 quia
1829 1425 1935 1466 non
1969 1411 2128 1465 debet

537 1521 826 1576 pravorum
869 1513 960 1561 aut
999 1504 1370 1562 insidiantium
1420 1505 1701 1561 hominum
1727 1504 1972 1577 pernicie
2016 1504 2125 1556 vita

538 1597 764 1652 lacerari
791 1598 1181 1652 innocentium.
1219 1597 1364 1652 Sane
1403 1596 1702 1668 smpissime
1742 1595 1870 1652 boni
1911 1611 1942 1649 a
1971 1593 2127 1649 malis

537 1688 918 1760 disperguntur
943 1687 1032 1758 qui
1061 1701 1166 1742 non
1192 1697 1410 1744 cessant
1437 1688 1550 1742 suis
1570 1685 1973 1743 calamitatibus
2003 1684 2126 1739 aliis

537 1782 820 1850 derogare.
851 1779 976 1834 Ideo
998 1793 1338 1849 summopere
1367 1778 1760 1849 providendum
1789 1785 1894 1842 est,
1922 1789 1988 1830 ne
2011 1775 2126 1830 haec

537 1873 692 1929 ﬁant.
721 1873 912 1928 Nullus
945 1887 1157 1938 servus,
1199 1872 1380 1927 nullus
1419 1872 1669 1937 libertus,
1698 1869 1879 1924 nullus
1902 1866 2122 1930 inﬁdus,

537 1965 719 2021 nullus
744 1964 1062 2020 criminibus
1088 1963 1350 2029 irretitus,
1389 1961 1566 2017 nullus
1591 1958 1978 2022 calumniator,
2008 1953 2130 2010 nul-

538 2057 624 2112 lus
677 2056 768 2126 qui
823 2054 1124 2111 inimicitiis
1175 2055 1396 2119 studet,
1452 2051 1634 2106 nullus
1675 2049 1770 2120 qui
1819 2048 2130 2118 frequenter

537 2150 733 2220 litigat,
790 2134 846 2203 ct
897 2147 965 2203 ad
1018 2146 1383 2202 accusandum
1444 2145 1530 2200 vel
1585 2143 1985 2200 detrahendum
2047 2150 2132 2196 est

539 2241 734 2304 facilis,
805 2238 948 2294 nulla
1011 2237 1228 2292 infamis
1277 2250 1542 2307 persona,
1593 2233 1677 2291 vel
1733 2247 1922 2290 omnes
1994 2247 2132 2303 quos

539 2335 609 2388 ad
655 2334 958 2389 accusanda
1006 2331 1240 2388 crimina
1289 2330 1502 2402 publica
1548 2329 1694 2401 leges
1747 2327 1976 2399 publica:
2023 2343 2130 2382 non

537 2427 872 2491 admittunt,
918 2423 1303 2494 pcrmittantur
1341 2422 1625 2492 episcopos
1670 2434 1949 2486 accusare,
1993 2433 2129 2489 quo-

540 2519 687 2574 niam
724 2525 1067 2587 accusatores
1101 2523 1156 2570 et
1181 2515 1559 2570 accusationes
1599 2528 1736 2584 quas
1762 2513 1909 2586 leges
1946 2511 2129 2568 saeculi

546 2625 653 2665 non
682 2609 972 2678 recipiunt,
1003 2621 1111 2676 qua
1139 2606 1348 2662 ratione
1373 2603 1724 2661 sacerdotalis
1751 2618 1846 2659 eas
1885 2603 2132 2674 recipere

541 2701 705 2756 debet
745 2699 880 2755 ordo
903 2736 920 2758 .
951 2697 1196 2753 invenire
1234 2711 1468 2767 nequeo,
1499 2710 1622 2751 cum
1655 2695 1770 2750 haec
1800 2693 1962 2765 159
1989 2703 2044 2749 et
2075 2693 2130 2748 in

542 2791 763 2848 Nicaena
815 2791 1020 2862 synodo
1063 2787 1336 2859 prohibita
1404 2788 1547 2853 sint,
1603 2794 1660 2842 et.
1715 2784 1792 2840 illi
1841 2785 2014 2855 magis
2063 2782 2132 2838 ab

541 2884 697 2949 istis,
733 2897 840 2936 non
872 2881 956 2936 isti
987 2881 1056 2935 ab
1084 2879 1190 2934 illis
1213 2877 1446 2948 judicari
1475 2876 1727 2944 debeant,
1759 2884 1815 2932 et
1841 2874 2132 2946 Apostolus

539 2975 721 3032 dicat:
750 2972 1061 3044 Spiritualis
1085 2971 1293 3040 judicat
1317 2969 1516 3033 omnia,
1548 2969 1664 3040 ipse
1693 2983 1822 3024 vero
1845 2984 1877 3022 a
1913 2968 2132 3024 nemine

534 3068 832 3140 judicatur.
857 3064 1107 3143 limretici
1133 3079 1164 3118 a
1187 3064 1388 3133 quibus
1407 3062 1634 3116 nimium
1661 3059 2018 3131 opprimimur
2035 3074 2132 3114 ex-

541 3157 1037 3228 communicatique
1077 3154 1397 3220 homicidae,
1433 3150 1706 3218 maleﬁci,
1740 3150 1921 3216 fures,
1958 3148 2130 3205 sacri-

542 3255 678 3326 legi,
715 3260 993 3324 raptores,
1019 3248 1246 3306 venetici
1269 3287 1285 3313 ,
1317 3245 1547 3301 adulteri
1573 3286 1587 3312 ,
1611 3253 1667 3300 et
1695 3243 1786 3314 qui
1816 3251 2029 3312 raptum
2053 3242 2130 3296 fe-

541 3350 718 3406 cerint
746 3347 831 3402 vel
857 3344 1054 3400 falsum
1091 3341 1462 3398 testimonium
1505 3337 1776 3402 dixerint,
1810 3350 1908 3391 seu
1942 3334 2032 3405 qui
2064 3333 2134 3389 ad

541 3440 828 3510 sortilegos
853 3449 1150 3508 magosque
1180 3430 1576 3496 concurrerint,
1626 3429 1933 3484 nullatenus
1955 3427 2018 3480 ad
2045 3440 2136 3480 ac-

540 3534 874 3588 cusationem
899 3530 981 3586 vel
1010 3529 1077 3584 ad
1103 3526 1468 3583 testimonium
1490 3532 1654 3580 erunt
1671 3520 2012 3585 admittendi,
2037 3533 2136 3574 nec

543 3625 620 3680 ita
665 3625 718 3679 in
747 3622 1133 3678 ecclesiasticis
1176 3621 1444 3691 agendum
1478 3625 1562 3673 est
1605 3615 1838 3685 negotiis
1889 3613 2026 3669 sicut
2078 3613 2132 3666 in

544 3720 915 3796 saecularibus.
956 3719 1093 3774 Nam
1138 3719 1192 3773 in
1225 3715 1574 3773 saecularibus
1606 3722 1891 3785 postquam
1926 3711 2134 3780 legibus

541 3825 763 3869 vocatus
779 3814 1012 3879 venerit,
1030 3822 1084 3868 et
1115 3812 1170 3867 in
1201 3810 1320 3865 foro
1351 3811 1632 3866 decertare
1657 3805 1884 3875 cmperit
1915 3803 2129 3873 aliquis,

543 3922 647 3962 non
680 3907 806 3962 licet
834 3916 960 3962 ante
987 3915 1262 3976 peractam
1292 3917 1513 3959 causam
1542 3899 1835 3966 recedere;
1866 3899 1920 3952 in
1959 3896 2132 3953 eccle-

542 4000 777 4055 siasticis
810 4014 942 4055 vero
971 4000 1115 4054 dicta
1145 4011 1309 4076 causa
1356 3994 1610 4049 recedere
1639 3992 1784 4056 licet,
1823 3991 1867 4046 si
1910 4003 2133 4045 necesse

542 4092 707 4148 fuerit
747 4100 843 4146 aut
880 4093 925 4148 si
966 4075 1292 4163 praegravari
1337 4086 1556 4142 viderit.
1589 4084 1812 4153 Quoties
1849 4082 2133 4153 episcopus

542 4198 705 4253 super
727 4184 890 4238 certis
918 4191 1239 4238 accusaturc
1253 4178 1559 4244 riminibus,
1584 4177 1629 4232 si
1654 4175 1788 4232 tales
1815 4173 2016 4230 fuerint
2040 4189 2132 4229 ac-

544 4290 828 4334 cusatores
850 4280 940 4348 qui
965 4277 1112 4346 juste
1137 4284 1195 4330 et
1218 4273 1483 4330 canonice
1510 4272 1679 4343 recipi
1711 4270 1965 4335 debeant,
1996 4267 2124 4339 legi-

543 4370 673 4424 tima
703 4369 757 4422 in
787 4369 992 4439 synodo
1018 4381 1116 4423 suo
1151 4366 1205 4421 in
1237 4374 1479 4437 tempore
1503 4371 1829 4434 congregata
1861 4359 1928 4414 ab
1949 4359 2128 4415 omni-

541 4461 643 4516 bus
668 4459 932 4516 cauouice
953 4458 1242 4513 audiantur
1263 4457 1354 4528 qui
1386 4464 1512 4512 sunt
1534 4455 1585 4509 in
1613 4451 1904 4525 provinciis
1923 4451 2130 4521 episco-

540 4554 659 4622 pis;
701 4551 848 4621 quod
893 4551 941 4607 si
978 4549 1209 4620 legitimi
1241 4563 1347 4604 non
1385 4547 1592 4602 fuerint
1637 4551 1982 4601 accusatores
2019 4557 2127 4597 non

539 4644 798 4714 fatigetur
841 4643 1160 4713 episcopus,
1191 4641 1316 4710 quia
1349 4636 1662 4694 sacerdotes
1697 4635 1764 4690 ad
1811 4633 2130 4690 sacrilican-

542 4736 672 4790 dum
707 4749 903 4789 vacare
931 4733 1151 4798 debent,
1195 4747 1299 4787 non
1323 4730 1392 4786 ad
1417 4729 1759 4800 litigandum,
1796 4741 1898 4783 nec
1932 4725 2008 4781 illi
2038 4725 2131 4794 qui

541 4828 720 4882 throni
749 4827 843 4882 Dei
877 4833 1141 4881 vocantur
1160 4837 1450 4894 pravorum
1479 4820 1760 4876 hominum
1784 4817 1998 4873 insidiis
2020 4825 2134 4871 tur-

538 4919 655 4974 bari
688 4918 918 4984 debent,
963 4917 1062 4973 sed
1100 4915 1271 4972 libere
1303 4913 1523 4971 Christo
1563 4911 1794 4967 Domino
1835 4906 2129 4972 famulari,

544 5020 856 5079 quanquam
887 5005 1434 5079 comprovincialibus
1459 5002 1730 5074 episcopis
1754 5015 1858 5055 una
1885 5015 2009 5056 cum
2038 5013 2132 5054 eo-

543 5116 665 5154 rum
697 5100 1134 5168 metropolitano,
1156 5113 1268 5154 suae
1309 5095 1600 5168 provincia:
1630 5107 1824 5148 causas
1858 5093 2133 5161 episcopo-

546 5209 666 5247 rum
681 5192 842 5247 liceat
857 5193 1197 5247 concorditer
1215 5192 1446 5261 agitare,
1461 5203 1566 5244 non
1583 5197 1764 5242 tamen
1779 5186 1919 5240 sicut
1934 5185 1984 5237 in
1999 5198 2130 5253 pra:-

541 5286 684 5340 dicta
708 5298 764 5338 re
781 5294 1042 5354 praesente
1059 5284 1411 5340 constitutum
1436 5289 1520 5337 est
1543 5278 1751 5351 synodo
1768 5277 1890 5331 licet
1906 5273 2130 5329 delinire

545 5378 750 5445 absque
773 5375 1002 5430 Romani
1044 5375 1316 5446 pontiﬁcis
1343 5374 1700 5434 auctoritate;
1725 5367 1870 5438 quod
1896 5365 1939 5420 si
1973 5378 2130 5419 secus

542 5486 570 5523 a
587 5469 909 5539 quibusdam
932 5477 1314 5538 praesumptum
1341 5466 1522 5531 fuerit,
1550 5463 1652 5535 ipsi
1675 5461 1766 5532 qui
1795 5460 1898 5514 hoc
1919 5456 2130 5525 egerint

541 5579 653 5618 suae
673 5558 1111 5633 prresumptiouis
1135 5558 1432 5627 suscipiant
1453 5557 1731 5618 damnum,
1757 5563 1811 5607 et
1835 5550 1907 5605 illi
1941 5549 2030 5618 qni
2061 5548 2130 5602 ab

544 5657 623 5710 eis
658 5669 940 5725 perperam
976 5649 1432 5707 cxcommunicati
1481 5656 1576 5703 aut
1619 5644 1860 5702 damnati
1889 5641 2128 5706 fuerint,

543 5746 861 5800 auctoritate
887 5743 1046 5813 hujus
1087 5750 1290 5798 sancta:
1337 5740 1495 5795 Sedis
1523 5747 1578 5794 et
1613 5738 1753 5794 beati
1785 5734 2132 5807 prazceptoris

545 5835 716 5890 nostri
753 5833 1000 5900 clavigeri
1033 5833 1178 5887 Petri
1214 5838 1481 5898 potestate
1517 5829 1814 5891 solvantur,
1849 5837 2009 5894 atque
2042 5841 2126 5878 re-

2229 667 2441 738 (Matth.
2487 684 2574 724 xvr
2595 707 2610 736 ,
2638 669 2748 742 t9).
2788 688 2807 721 ι
2851 668 3076 735 Quoties
3102 670 3340 739 episcopi
3369 683 3428 726 se
3460 684 3490 725 a
3517 672 3617 728 suis
3641 690 3756 730 coni-

2226 756 2678 826 provincialibus,
2713 756 2794 814 vel
2820 773 2851 812 a
2883 758 3300 830 metropolitano
3322 763 3619 829 putaverint
3651 781 3757 833 prs-

2226 851 2463 919 gravari,
2485 859 2686 906 auteos
2712 859 2993 922 suspectos
3022 851 3328 919 habuerint,
3363 869 3484 910 mox
3511 854 3757 916 Romanam

2228 943 2496 1013 appellent
2513 942 2706 999 Sedem
2727 984 2742 1009 ,
2766 944 2833 998 ad
2859 958 3020 1014 quam
3035 959 3129 1000 eos
3145 945 3349 1014 absque
3365 945 3470 999 ulla
3487 948 3758 1014 dctentione,

2229 1042 2323 1087 aut
2345 1048 2564 1088 suarum
2587 1050 2767 1089 rerum
2789 1034 3081 1101 ablatione,
3105 1035 3275 1091 libere
3303 1037 3386 1092 ire
3409 1036 3582 1105 liceat,
3603 1048 3648 1094 et
3664 1041 3757 1094 dum

2226 1124 2537 1193 praedictam
2592 1124 2890 1180 Romanam
2941 1135 3170 1181 matrem
3213 1126 3591 1197 appellaverint
3632 1130 3759 1185 eccle-

2227 1216 2384 1280 siam,
2401 1227 2491 1269 aut
2505 1215 2572 1270 ab
2584 1230 2648 1270 ea
2669 1231 2729 1272 se
2743 1217 2916 1270 audiri
2935 1217 3300 1287 exposcerint,
3316 1217 3492 1273 nullus
3508 1233 3595 1274 eos
3608 1231 3762 1276 auter-

2226 1305 2652 1373 commuuicare,
2677 1315 2772 1361 aut
2797 1322 2984 1362 eorum
3011 1307 3166 1363 sedes
3188 1309 3490 1378 subripere,
3517 1320 3759 1366 auteonm

2228 1412 2315 1452 res
2327 1397 2560 1464 auferre,
2577 1407 2670 1454 aut
2692 1399 2927 1469 aliquam
2944 1400 3025 1456 eis
3046 1401 3152 1456 vim
3166 1401 3368 1457 inferre
3388 1413 3760 1472 prxsumat,an-

2226 1495 2443 1556 tequam
2466 1503 2653 1543 eorum
2677 1504 2837 1544 causa
2863 1490 3090 1546 Romani
3117 1493 3395 1563 pontiﬁcis
3412 1494 3697 1550 auctoritate
3719 1494 3761 1548 ﬁ-

2226 1581 2426 1636 niatur.
2457 1581 2611 1650 Quod
2645 1585 2692 1639 si
2727 1584 2884 1639 aliter
2912 1601 2942 1639 a
2967 1601 3237 1657 quoquam
3272 1597 3644 1658 praesumptum
3676 1588 3759 1641 fue-

2226 1671 2327 1737 rit,
2382 1673 2516 1726 nihil
2571 1675 2675 1729 erit
2703 1715 2718 1740 ,
2751 1676 2846 1731 sed
2889 1677 3093 1733 viribus
3127 1680 3356 1734 carebit.
3406 1679 3537 1734 Nam
3565 1695 3650 1735 nec
3690 1681 3758 1735 hoc

2224 1776 2507 1832 perperam
2539 1766 2944 1834 praesumimus,
2973 1768 3068 1824 sed
3108 1779 3164 1824 et
3189 1770 3369 1840 ipsum
3399 1770 3454 1824 in
3480 1769 3670 1826 Nicaeae
3696 1787 3758 1842 sy-

2157 1877 2199 1935 B
2229 1857 2372 1911 nodo
2398 1859 2749 1912 constitutum
2767 1868 2820 1914 et
2834 1869 3210 1917 antecessores
3229 1872 3448 1918 nostros
3463 1863 3623 1934 egisse
3645 1863 3759 1928 bene,

2230 1946 2516 2014 Athanasi,
2548 1949 2710 2015 nosti,
2743 1952 2997 2021 quoniam
3030 1955 3245 2022 quando
3293 1965 3351 2008 tu
3384 1963 3440 2008 et
3464 1953 3642 2009 Paulus
3659 1955 3759 2008 Con-

2231 2040 2766 2110 stantinonolitanus,
2789 2043 3058 2115 Asciipius
3081 2046 3240 2102 Gazze
3269 2045 3599 2103 etLucianus
3619 2047 3760 2101 Adria-

2231 2131 2425 2201 polites
2485 2133 2552 2188 ab
2586 2134 2941 2190 orientalibus
2963 2138 3254 2208 episc0pis,
3289 2137 3588 2194 inconsulto
3612 2147 3760 2192 saneta

2233 2225 2506 2278 memoria:
2529 2223 2672 2279 Julio
2690 2227 3088 2294 praedecessore
3106 2237 3317 2294 nostro,
3340 2229 3572 2283 damnati
3591 2226 3711 2292 estis,
3723 2236 3760 2280 et

2231 2315 2298 2368 ad
2326 2329 2448 2369 eum
2487 2315 2642 2384 quasi
2671 2317 2738 2370 ad
2771 2317 2935 2372 totius
2973 2318 3122 2373 orbis
3150 2327 3312 2389 caput
3342 2319 3424 2390 (ut
3453 2332 3648 2387 semper
3672 2317 3760 2371 huic

2233 2406 2359 2462 Sedi
2385 2416 2588 2462 sanctae
2623 2407 2830 2464 licitum
2862 2409 2986 2480 fuit)
3013 2411 3363 2483 confugistis,
3393 2412 3595 2482 cognita
3619 2424 3758 2466 eorum

2231 2498 2470 2568 nequitia
2493 2507 2548 2553 et
2576 2508 2757 2554 vestra
2777 2499 3010 2571 justitia,
3030 2517 3125 2557 vos
3153 2502 3204 2557 in
3230 2504 3648 2558 communionem
3669 2515 3759 2555 sus-

2230 2591 2408 2660 cepit,
2439 2601 2495 2646 et
2539 2591 2782 2646 omnium
2839 2601 3080 2649 vestrum
3118 2609 3308 2648 curam
3352 2609 3568 2667 gerens,
3595 2602 3760 2663 propter

2232 2679 2388 2736 Sedis
2411 2683 2641 2752 prepriae
2661 2682 2976 2753 dignitatem
2998 2697 3125 2738 suas
3147 2683 3380 2754 singulis
3404 2685 3616 2739 reddens
3635 2680 3759 2736 eccle-

2231 2771 2341 2826 sias
2364 2771 2716 2828 orientalibus
2741 2774 2981 2842 scripsit,
3004 2774 3231 2845 culpans
3255 2790 3358 2830 eos
3380 2776 3520 2846 quod
3543 2789 3634 2829 non
3653 2782 3759 2827 recte

2234 2873 2581 2930 tractassent,
2608 2865 2755 2920 viros
2774 2865 3127 2936 inculpabiles
3149 2867 3216 2922 de
3239 2869 3358 2923 suis
3377 2868 3604 2923 ccclesiis
3624 2866 3757 2936 expel-

2229 2953 2403 3010 lentes
2431 2964 2486 3010 et
2521 2959 2818 3010 constituta
2850 2957 3054 3012 Niczeni
3089 2938 3311 3015 concilii
3346 2960 3562 3015 minime
3592 2972 3756 3014 conser-

2229 3053 2441 3101 vantes.
2473 3046 2550 3100 De
2572 3047 2769 3116 quibus
2795 3047 2863 3102 ad
2888 3057 3094 3103 certum
3125 3050 3266 3105 diem
3306 3050 3582 3106 nonnullos
3599 3049 3757 3104 sibimet

2230 3139 2420 3194 adesse
2449 3141 2742 3210 praecepit,
2771 3149 2832 3196 ut
2852 3141 2918 3196 de
2947 3142 3141 3198 talibus
3165 3145 3656 3215 prmsumptionibus
3673 3155 3756 3196 cer-

2158 3251 2202 3313 ρ
2235 3236 2346 3283 tam
2373 3229 2660 3285 redderent
2693 3232 2955 3286 rationem
2978 3271 2992 3298 ,
3019 3242 3074 3286 et
3093 3247 3277 3288 coram
3308 3235 3390 3289 eis
3417 3233 3685 3290 ostenderet
3698 3230 3755 3298 ju-

2237 3332 2379 3376 stum
2407 3334 2465 3376 se
2501 3335 2664 3391 super
2688 3323 2768 3378 eis
2794 3324 3083 3393 protulisse
3113 3326 3416 3380 decretum.
3448 3325 3755 3381 lnterminauu

2237 3423 2322 3470 est
2343 3413 2505 3469 etiam
2533 3430 2639 3470 non
2673 3415 2797 3470 talia
2824 3417 3076 3488 deinceps
3105 3417 3308 3475 fratres
3329 3435 3451 3476 esse
3471 3424 3754 3491 passuros,ct

2237 3507 2341 3562 nisi
2393 3509 2463 3564 ab
2515 3506 2817 3577 bujusmodi
2869 3513 3384 3581 praesumptionibus
3424 3520 3699 3574 cessarent,
3734 3523 3754 3561 ε

2236 3600 2474 3671 propriis
2497 3617 2620 3656 esse
2645 3600 2902 3672 gradibus
2929 3617 3024 3659 eos
3049 3619 3388 3661 recessuros.
3422 3605 3532 3661 Tali
3557 3605 3674 3661 enim
3691 3602 3752 3657 hu-

2231 3693 2319 3764 jus
2347 3701 2548 3749 sancta:
2595 3694 2754 3749 Sedis
2776 3694 3058 3768 privilegio
3081 3705 3134 3750 tu
3172 3706 3229 3752 et
3249 3696 3452 3754 fratres
3475 3699 3543 3753 tui
3570 3694 3754 3766 propria:

2237 3786 2523 3857 recepistis
2551 3786 2814 3841 ecclesias
2841 3804 2966 3842 cum
2994 3790 3246 3845 omnibus
3272 3791 3378 3846 sibi
3409 3785 3752 3862 pertinentibus.

2235 3877 2332 3934 His
2344 3877 2486 3933 enim
2501 3887 2554 3932 et
2575 3878 2694 3933 aliis
2707 3879 3116 3949 quamplurimis
3132 3882 3469 3938 documentis
3482 3879 3754 3936 manifestum

2233 3980 2318 4027 est
2346 3971 2551 4027 nullum
2573 3973 2842 4040 damnari,
2866 3983 2961 4028 aut
2989 3975 3102 4030 suis
3129 3977 3424 4046 exspoliari
3445 3976 3592 4032 rebus
3611 3971 3754 4028 debet!

2228 4067 2546 4138 episcopum
2583 4067 2674 4136 qui
2701 4068 2842 4123 hanc
2868 4077 3112 4124 sanctam
3137 4070 3334 4125 Sedem
3371 4063 3754 4138 interpellaverit,

2235 4169 2328 4215 aut
2355 4159 2459 4217 sibi
2491 4160 2909 4217 defensatricem
2945 4163 3201 4217 asciverit
3223 4203 3237 4228 ,
3270 4164 3445 4219 donec
3465 4161 3688 4234 judicium
3709 4154 3752 4208 dt

2233 4264 2298 4306 eo
2323 4258 2525 4307 nostrae
2559 4251 2868 4321 apostolica:
2905 4254 3266 4319 auctoritatis,
3319 4254 3423 4309 hoc
3455 4263 3532 4309 est
3556 4245 3753 4321 principis

2233 4343 2599 4414 apostolorum
2637 4345 2805 4409 Petri,
2831 4355 3110 4417 agnoscat,
3152 4347 3277 4416 quia
3303 4344 3618 4403 solummodo
3640 4339 3751 4396 Chri-

2233 4442 2348 4489 stus
2367 4432 2527 4490 Jesus
2545 4434 2672 4490 huic
2696 4446 2897 4491 sanctae
2919 4434 3069 4502 Sedi,
3094 4437 3148 4491 id
3174 4444 3256 4492 est
3289 4437 3580 4508 apostolica:
3604 4435 3682 4488 hoc
3697 4428 3750 4483 fa-

2234 4540 2358 4582 cere
2375 4529 2667 4594 commisit,
2688 4537 2872 4599 utpote
2898 4530 3152 4600 quoniam
3181 4530 3329 4586 solus
3356 4540 3510 4600 atque
3525 4543 3612 4598 pro
3628 4520 3752 4577 omni-

2157 4607 2208 4667 D
2233 4619 2338 4674 bus
2374 4617 2632 4690 praefatus
2663 4620 2915 4691 princeps
2945 4620 3311 4691 apostolorum
3339 4621 3568 4676 creditus
3595 4625 3677 4678 est,
3697 4623 3752 4665 δι’

2238 4724 2345 4779 que
2371 4710 2653 4781 percipere
2689 4712 2886 4765 meruit
2909 4727 2938 4766 a
2965 4727 3092 4783 rege
3125 4727 3310 4784 regum
3340 4712 3546 4767 Christo
3572 4708 3660 4762 Deo
3676 4702 3751 4757 cla-

2238 4816 2334 4856 ves
2381 4803 2530 4872 regni
2563 4800 2845 4857 caelorum.
2894 4802 2968 4857 De
3015 4803 3247 4858 induciis
3279 4819 3410 4858 vero
3447 4803 3750 4872 episcoporum

2239 4909 2401 4965 super
2419 4895 2615 4964 quibus
2639 4894 3006 4961 consuluistis,
3027 4896 3271 4951 diversas
3291 4912 3318 4949 a
3343 4895 3572 4967 patribus
3593 4885 3751 4957 regulus

2241 4985 2548 5040 invenimus
2598 4986 2904 5051 institutas,
2935 4985 3152 5054 quidam
3201 4987 3344 5041 enim
3389 4985 3454 5040 ad
3510 4973 3749 5051 repellcnda

2240 5077 2614 5147 imperitorum
2641 5076 3079 5131 machinamenta
3106 5087 3162 5132 et
3185 5093 3314 5133 suas
3335 5070 3674 5147 praeparandos
3692 5076 3748 5116 re‘

2233 5167 2554 5237 sponsiones
2591 5176 2647 5221 et
2685 5175 2848 5222 testes
2891 5167 3312 5233 confirmandos,
3349 5176 3404 5223 et
3449 5160 3644 5220 concilia
3667 5150 3748 5223 epi-

2233 5275 2519 5331 scoporum
2565 5267 2727 5328 atque
2772 5259 3069 5314 amicorum
3111 5261 3430 5330 quarenda,
3476 5267 3647 5311 annum
3681 5251 3745 5300 alii

2234 5370 2329 5410 sex
2370 5352 2765 5408 mandaverunt
2805 5366 3019 5407 menses
3061 5352 3318 5418 concedi;
3366 5349 3569 5421 quidam
3611 5349 3741 5395 autem

2234 5466 2438 5506 annum
2495 5452 2548 5504 in
2595 5463 2704 5519 quo
2759 5446 2976 5518 plurimi
3029 5446 3400 5506 concordant,
3452 5441 3608 5496 minus
3653 5442 3744 5484 vero

2234 5562 2395 5618 quam
2445 5560 2539 5600 sex
2597 5557 2811 5599 menses
2863 5554 2967 5596 non
3019 5542 3216 5611 reperi,
3256 5541 3376 5610 quia
3411 5549 3459 5595 et
3494 5532 3621 5589 laicis
3661 5528 3740 5579 huc

2237 5634 2441 5693 indulta
2495 5644 2649 5698 sunt,
2697 5641 2902 5703 quanto
2937 5634 3109 5704 magis
3156 5632 3367 5688 Domini
3417 5619 3735 5684 sacerdotibus.

2234 5731 2368 5786 Nam
2410 5739 2466 5783 ct
2507 5727 2705 5782 nostris
2747 5726 3183 5780 antecessoribus
3215 5734 3374 5794 atque
3419 5714 3610 5786 reliquis
3651 5720 3738 5761 εξιιισ

2234 5828 2335 5882 ctis
2398 5823 2639 5894 patribus
2710 5821 2982 5875 muitotics
3051 5819 3330 5874 inhibitum
3383 5824 3495 5879 est,
3552 5820 3607 5862 nc
3649 5796 3734 5866 (Ιηίς
