3888 6438
165 395 289 454 (κθ

1346 400 1835 460 ΒΕΟΒΕΤΑΙᾸΠΜ
1871 404 2273 466 COLLECTIO.

3332 421 3439 478 650

164 510 397 570 Domini
441 515 813 574 sacerdotibus
861 515 1225 574 detractiones
1275 517 1475 591 irroget
1505 537 1518 574 :
1553 526 1755 589 quanto
1783 523 1831 578 A
1858 506 2231 579 definitionem.
2263 524 2378 580 sine
2417 526 2645 596 quadam
2679 531 2985 588 nocumenti
3022 538 3438 607 prmsumptione

158 605 357 674 magis
391 608 762 664 accusationes
807 624 915 666 non
969 624 1036 667 ex
1064 609 1246 667 radice
1287 609 1569 669 charitatls
1627 627 1753 683 pro-

165 693 339 750 latas.
391 697 693 764 Quiescite,
759 699 1029 770 inquiunt,
1070 708 1126 757 et
1168 699 1336 757 nolite
1367 702 1620 773 persequi
1661 717 1755 759 eos

160 790 269 858 qui
310 788 549 859 perfecte
584 789 696 847 Deo
725 792 1055 859 ministrant,
1087 807 1314 863 quorum
1339 792 1674 849 orationibus
1702 801 1756 847 et

162 887 398 939 terrena
425 881 566 939 bella
605 883 863 940 sedantur
894 892 950 941 et
988 883 1357 941 recedentium
1390 899 1419 941 a
1451 883 1563 940 Deo
1592 898 1755 956 ange-

159 974 351 1031 lorum
385 976 657 1048 pelluntur
695 977 942 1035 incursus
965 1018 980 1045 ,
1024 977 1222 1050 quique
1260 991 1449 1034 omnes
1487 977 1755 1032 daemones

157 1068 265 1136 qui
316 1069 561 1141 corrupti
615 1079 742 1126 sunt
784 1084 1003 1144 precum
1041 1069 1362 1128 assiduitate
1397 1068 1749 1127 confundunt.

155 1158 409 1218 Inducim
437 1175 668 1234 namque
696 1179 805 1219 non
829 1164 929 1221 sub
958 1170 1187 1234 angusto
1229 1172 1501 1236 tempore,
1535 1163 1629 1220 sed
1655 1163 1756 1219 sub

155 1246 334 1322 longo
370 1251 546 1320 spatio
573 1253 927 1311 concedendre
961 1262 1086 1311 sunt
1109 1295 1124 1319 ,
1162 1263 1223 1313 ut
1252 1254 1488 1311 accusati
1524 1269 1582 1309 se
1622 1268 1755 1324 prae-

152 1355 373 1410 parare
406 1351 465 1400 et
506 1343 788 1401 universos
834 1347 1321 1403 communicatores
1359 1348 1413 1402 lu
1464 1346 1753 1419 provinciis

150 1434 379 1502 positos
405 1435 718 1497 convenire.
745 1445 799 1493 et
829 1446 991 1493 testes
1015 1451 1343 1511 prteparare,
1374 1448 1535 1509 atque
1566 1447 1750 1494 contra

151 1522 521 1582 insidiatores
544 1540 604 1583 se
628 1526 859 1599 pleuiter
879 1542 1091 1585 armare
1113 1529 1345 1585 valeant.
1370 1528 1587 1586 Judices
1606 1529 1749 1586 enim

147 1622 214 1669 et
264 1626 616 1674 accusatores
647 1617 780 1677 tales
808 1634 929 1677 esse
973 1619 1169 1677 debent
1192 1661 1210 1689 ,
1241 1621 1331 1692 qui
1362 1621 1506 1678 omni
1530 1630 1752 1681 careant

149 1707 483 1777 suspicione
509 1716 566 1766 et
614 1723 680 1765 ex
713 1711 894 1767 radice
927 1710 1210 1769 charitatis
1253 1727 1406 1768 suam
1443 1713 1751 1770 desiderent

148 1811 423 1868 promere
452 1801 794 1857 sententiam.
827 1800 922 1857 llis
947 1816 1076 1875 ergo
1104 1812 1210 1858 tam
1241 1802 1487 1875 legaliter
1508 1819 1670 1875 quam
1695 1812 1751 1861 et

1857 602 2043 682 utique
2067 626 2470 684 conservarent,
2492 621 2745 690 quoniam
2761 618 2890 681 dicit
2912 602 3123 682 sacrum
3145 628 3434 698 eloquium:

1855 700 2155 760 Concilium
2197 706 2397 763 bonum
2435 712 2784 768 conservabit
2820 722 2875 770 te
2904 723 2959 771 et
2987 731 3141 773 mens
3168 718 3307 774 bona
3344 736 3438 776 cu-

1856 792 2053 851 stodiet
2095 802 2169 852 te.
2214 796 2331 855 Non
2376 800 2522 855 enim
2566 801 2634 860 de
2667 803 2906 866 fontibus
2944 808 3441 882 salutiferis‘spiri-

1859 887 2075 945 tuaiiter
2102 890 2169 947 ad
2196 890 2601 963 inquisitionem
2640 904 2858 954 interna:
2882 900 3007 956 vitae
3032 902 3331 971 procedunt
3362 913 3439 957 ta-

1855 977 1934 1035 les
1962 981 2335 1040 accusationes
2365 992 2420 1040 et
2454 985 2839 1055 detractiones,
2866 998 3030 1061 atque
3078 992 3196 1048 ideo
3226 1008 3440 1065 compe-

1856 1076 2033 1126 tenter
2066 1086 2167 1130 nos
2208 1074 2398 1133 beatus
2428 1074 2626 1134 Paulus
2673 1080 2968 1138 admonens
3013 1084 3110 1148 ait,
3152 1102 3171 1137 t
3201 1084 3317 1141 Non
3345 1087 3439 1141 de-

1854 1159 1984 1216 bere
2011 1161 2130 1236 plus
2159 1178 2349 1235 sapere
2374 1182 2533 1237 quam
2564 1179 2777 1239 oportet
2802 1186 3009 1244 sapere,
3041 1168 3141 1231 sed
3160 1174 3346 1249 Sapere
3372 1179 3438 1233 ad

1854 1250 2201 1309 sobrietatem
2258 1254 2437 1328 (Rom.
2468 1274 2568 1327 xu,
2595 1260 2670 1334 5).
2708 1280 2727 1314 t
2767 1263 2824 1318 in
2863 1264 3174 1324 definitione
3225 1269 3438 1340 pietatis

1853 1344 2212 1412 perdurantes
2238 1362 2253 1401 :
2284 1347 2373 1419 qui
2402 1350 2545 1405 enim
2573 1351 2711 1409 hanc
2736 1365 3067 1425 praetereunt
3092 1370 3197 1413 non
3231 1369 3438 1415 tantum

1855 1432 1965 1488 laesi
1997 1443 2123 1491 sunt
2151 1436 2462 1498 decidentes
2488 1457 2519 1499 a
2546 1444 2992 1503 corroboratione
3033 1458 3151 1514 sua,
3180 1451 3275 1507 sed
3308 1452 3440 1506 iusi-

1852 1526 2069 1596 pieutite
2115 1542 2227 1585 suis
2276 1530 2680 1603 dereliquerunt
2728 1535 3040 1595 hominibus
3091 1542 3440 1609 memoriam,

1851 1627 1913 1673 ut
1939 1616 2024 1674 bis
2060 1618 2113 1675 in
2140 1620 2335 1692 quibus
2360 1636 2743 1695 peccaverunt,
2775 1630 3001 1688 minime
3038 1631 3206 1689 latere
3232 1635 3439 1705 potuis-

1853 1714 1997 1776 sent,
2022 1709 2191 1781 gloria
2230 1712 2375 1770 enim
2404 1722 2459 1772 et
2489 1718 2813 1777 contumelia
2844 1721 2898 1777 in
2923 1718 3134 1794 loquela
3169 1732 3222 1781 et
3253 1726 3304 1781 in
3336 1725 3439 1780 lin-

1853 1812 1954 1869 gua
1986 1800 2219 1859 hominis
2241 1818 2402 1862 casus
2433 1806 2578 1866 illius
2605 1817 2717 1877 est;
2752 1811 2980 1884 ideoque
3008 1817 3332 1874 conveniens
3355 1827 3439 1874 est

147 1891 431 1948 canonice
450 1892 694 1964 prolatis,
709 1894 873 1950 etiam
896 1894 1137 1951 omnium
1152 1895 1582 1953 Christianorum
1606 1912 1763 1967 reve:
1781 1883 1829 1947 Β
1855 1889 1994 1948 hanc
2051 1893 2270 1965 quidem
2333 1900 2697 1958 oste-sionem
2754 1905 3159 1974 reprehensioni
3223 1909 3435 1967 illorum

147 1982 399 2037 rentiam
428 1984 764 2055 congaudere
808 1986 1149 2059 deposcimus
1172 2028 1187 2054 ,
1225 1988 1491 2060 spirituali
1519 1989 1751 2046 interce-

146 2071 327 2129 dente
371 2072 661 2130 dilectione
708 2084 765 2132 et
802 2075 995 2132 timore
1021 2076 1302 2134 Dominieo
1339 2094 1439 2150 per
1463 2094 1625 2151 quem
1655 2078 1753 2134 bu-

146 2175 326 2217 mana
370 2172 679 2221 removetur
713 2165 939 2223 offensio
963 2209 978 2233 ,
1006 2177 1059 2226 et
1087 2169 1438 2226 ecclesiarum
1465 2171 1752 2238 aedificatio

146 2258 487 2328 proponitur
509 2261 795 2323 universis.
810 2270 868 2319 ut
896 2263 1068 2336 magis
1090 2264 1330 2322 universi
1352 2267 1418 2323 ad
1439 2267 1751 2323 :editicatio-

146 2363 286 2405 nem
322 2348 549 2408 fratrum
578 2351 826 2409 laborent
847 2368 1009 2426 quam
1036 2356 1104 2412 ad
1133 2356 1556 2423 damnationem,
1584 2374 1749 2430 quum

146 2440 241 2494 ait
266 2439 532 2498 Dominus
565 2460 579 2497 :
614 2462 633 2496 ι
668 2443 725 2500 in
768 2444 873 2502 hoe
902 2456 1234 2518 cognoscent
1262 2464 1450 2505 omnes
1478 2450 1603 2521 quia
1638 2450 1745 2506 mei

145 2534 295 2590 estis
342 2535 591 2606 discipuli
652 2538 697 2592 si
742 2538 1082 2597 dilectionem
1113 2541 1415 2599 habueritis
1445 2543 1746 2600 adinvicem

146 2623 351 2697 (locu.
381 2644 479 2684 XIII
506 2670 520 2693 ,
546 2629 658 2701 δι).
699 2650 716 2683 ι
752 2630 869 2686 Jam
894 2633 1038 2690 enim
1079 2632 1307 2690 formam
1353 2635 1600 2692 dedimus
1627 2644 1684 2692 et
1718 2651 1748 2691 a

147 2718 657 2786 praedecessoribus
681 2722 884 2777 nostris
910 2722 1093 2778 datam
1120 2739 1241 2781 esse
1271 2726 1624 2798 cognovimus
1649 2768 1664 2792 ,
1688 2734 1748 2782 ut

147 2809 203 2865 si
240 2811 368 2882 quis
403 2826 461 2868 se
496 2827 619 2871 esse
658 2815 939 2891 agnoverit
966 2814 1352 2881 Christianum,
1393 2819 1519 2875 illud
1566 2827 1746 2875 servet

147 2901 310 2969 quod
357 2903 426 2957 ab
470 2902 725 2972 apostolis
772 2904 1013 2960 noscitur
1036 2921 1156 2963 esse
1203 2910 1620 2975 contradictum,
1660 2908 1746 2964 dl-

152 3000 323 3049 eente
354 2994 597 3064 apostolo
623 2995 790 3051 Paulo
818 3014 831 3052 :
863 3016 881 3049 t
925 2997 981 3055 Si
1010 3000 1131 3070 quis
1157 3001 1311 3057 vobis
1343 3002 1747 3058 aununtiaverit

152 3093 360 3153 printer
400 3087 542 3156 quod
589 3090 895 3159 accepistis,
924 3092 1209 3149 anathema
1238 3094 1307 3151 sit
1347 3092 1487 3167 (Gal.
1521 3112 1558 3158 l,
1591 3095 1683 3167 9);
1722 3116 1739 3146 ι

149 3174 412 3232 Christus
456 3178 600 3234 enim
640 3179 732 3234 Dei
775 3180 941 3237 Filius
970 3184 1231 3240 Dominus
1270 3194 1459 3243 noster
1504 3189 1742 3245 humano

152 3267 345 3337 generi
376 3269 590 3339 propria
617 3272 868 3341 passione
891 3272 1117 3331 salutem
1147 3275 1516 3345 plenissimam
1545 3281 1742 3337 condo-

154 3358 331 3422 navit,
365 3368 425 3413 ut
458 3374 557 3417 nos
613 3360 893 3419 liberaret.
944 3364 1009 3420 Et
1047 3365 1090 3421 si
1132 3366 1275 3424 Deus
1332 3369 1600 3425 iutantum
1644 3388 1742 3428 nos

151 3448 366 3515 dilexit,
394 3458 451 3504 ut
483 3451 645 3507 etiam
672 3455 890 3524 proprio
915 3456 1052 3513 Filio
1083 3473 1188 3514 non
1215 3470 1485 3530 parceret,
1519 3463 1612 3519 sed
1643 3481 1741 3535 pro

153 3539 314 3597 nobis
356 3541 609 3599 omnibus
658 3543 806 3599 illum
842 3546 1097 3615 traderet,
1128 3559 1188 3605 ut
1233 3567 1332 3608 nos
1375 3553 1651 3621 liberaret,
1681 3566 1740 3612 ut

152 3631 285 3701 quid
323 3646 421 3688 nos
452 3648 555 3690 non
586 3634 859 3705 diligimus
898 3636 1113 3707 fratres,
1141 3651 1233 3697 aut
1259 3658 1351 3700 eos
1376 3654 1577 3705 temere
1597 3646 1740 3718 judi-

152 3735 365 3783 camus,
391 3737 513 3778 cum
542 3723 833 3794 praedictus
860 3728 1006 3785 dicat
1032 3728 1346 3802 Apostolus,
1390 3752 1409 3786 ι
1442 3735 1617 3793 Nolite
1639 3735 1733 3811 ju-

154 3810 340 3866 dicare
372 3811 629 3874 invieem.
667 3815 765 3870 sed
788 3816 892 3872 hoc
922 3819 1093 3889 magis
1116 3820 1375 3890 iudicate,
1421 3841 1488 3883 ne
1524 3810 1738 3899 ponatis

151 3896 532 3956 offendicnlum
556 3901 709 3959 fratri
741 3905 822 3959 vel
853 3909 1206 3967 scandalum?
1237 3932 1253 3964 ι
1288 3913 1458 3988 (Rom.
1484 3896 1599 3985 xiv,
1623 3920 1736 3993 l3.)

153 3985 287 4042 Nam
316 3989 365 4044 si
394 3989 468 4045 illi
492 3992 585 4062 qui
626 3991 823 4051 fratres
851 3996 1113 4067 diligunt,
1141 4016 1208 4057 ex
1244 3985 1355 4062 Deo
1389 4009 1497 4063 nati
1532 4020 1658 4066 sunt
1686 3985 1741 4068 et

151 4083 338 4140 vident
376 4086 568 4153 Deum,
615 4088 742 4160 quid
782 4105 913 4163 ergo
964 4103 1124 4151 erunt
1170 4098 1245 4153 illi
1288 4100 1379 4170 qui
1424 4117 1519 4161 eos
1556 4121 1739 4177 perse-

149 4181 411 4243 quuntur,
434 4182 489 4231 et
510 4191 605 4233 eos
629 4177 976 4248 detrahendo,
1003 4188 1385 4259 macltiuaudo,
1408 4200 1735 4265 accusando,

152 4263 461 4324 lnfestando
487 4267 742 4328 damnate
769 4273 1104 4334 moliuntur?
1138 4278 1195 4336 Si
1226 4282 1299 4338 illi
1335 4283 1427 4341 lilii
1472 4288 1587 4354 Dei,
1615 4263 1737 4362 pro-

148 4356 236 4411 cul
264 4357 430 4416 dubio
459 4360 515 4415 bi
545 4360 637 4418 lilii
668 4373 793 4420 sunt
818 4366 1036 4438 diaboli,
1056 4370 1147 4441 qui
1186 4388 1402 4447 semper
1434 4395 1454 4429 ‹
1488 4356 1631 4437 sicut
1653 4382 1736 4439 leo

148 4450 371 4522 rugiens
391 4453 585 4511 circuit
606 4471 853 4528 quaerens
874 4476 1034 4532 quem
1057 4462 1280 4521 devoret
1301 4466 1355 4539 (I
1377 4465 1517 4525 Pelr.
1541 4486 1596 4540 γ,
1619 4474 1695 4547 8),
1713 4495 1731 4528 ι

149 4543 223 4597 ita
250 4543 450 4602 fratres
484 4545 862 4619 insequuntur,
905 4560 963 4609 ut
987 4556 1216 4625 perdant
1246 4576 1260 4612 :
1293 4559 1384 4629 qui
1433 4574 1563 4619 vero
1587 4543 1734 4636 adlu-
1762 4596 1811 4657 ﬂ

145 4650 278 4690 vare
304 4635 505 4694 fratres
535 4639 807 4714 refugiunt
865 4645 1038 4715 majus
1091 4658 1438 4720 peccatorum
1471 4668 1611 4712 onus
1643 4635 1730 4714 ac-
1762 4635 1789 4657 ι

144 4726 394 4798 quirunt,
423 4736 477 4786 et
503 4729 860 4793 fraternitatis
908 4738 1100 4797 solatio
1128 4742 1205 4799 rei
1265 4745 1537 4815 existunt;
1575 4767 1594 4801 ι
1624 4765 1726 4816 vae,

144 4817 325 4888 inquit
351 4821 613 4890 propheta
633 4863 647 4888 ,
679 4824 772 4895 qui
799 4836 984 4897 potum
1013 4831 1100 4886 dat
1131 4832 1307 4891 amico
1345 4850 1474 4904 suo,
1505 4841 1728 4899 mittens

142 4907 215 4963 fel
244 4923 405 4964 suum
429 4910 657 4982 (Hebae.
692 4931 754 4980 ιι,
780 4916 887 4989 i5).
920 4938 940 4972 ι
975 4919 1043 4975 Et
1072 4921 1265 4980 iterum
1295 4929 1727 4999 sapientiSSimus

142 4999 404 5057 Salomon
423 5004 517 5066 ait,
552 5024 571 5057 ι
598 5005 864 5073 Quoniam
886 5011 979 5082 qui
1011 5012 1250 5086 loquitur
1270 5018 1475 5092 iniqua,
1504 5040 1609 5082 non
1631 5041 1728 5097 po-

142 5099 248 5146 test
278 5091 470 5162 latere,
500 5109 569 5151 ne
605 5107 881 5168 prmteriet
926 5102 1072 5159 illum
1124 5091 1425 5181 corripiens
1461 5091 1725 5183 judicium

138 5181 299 5252 (Sap.
327 5201 364 5247 ι,
391 5186 468 5257 8).
507 5205 526 5238 ι
561 5186 618 5242 lu
651 5192 1066 5263 cogitationibus
1094 5213 1223 5270 ergo
1246 5201 1397 5274 impii
1421 5181 1726 5282 interroga-

139 5274 217 5330 tio
243 5276 374 5342 erit,
404 5292 712 5338 sermonum
744 5294 926 5342 autem
972 5287 1113 5346 illius
1158 5293 1225 5349 ad
1256 5294 1418 5352 Deum
1448 5274 1730 5369 perveniet

137 5364 347 5419 auditio
373 5366 439 5423 ad
468 5372 866 5442 correptiouem
900 5375 1245 5448 ἰηίιιιιῐωευ-ηι
1276 5382 1435 5455 illius,
1450 5364 1724 5462 quoniam

137 5453 292 5509 auris
332 5457 437 5514 zeli
465 5461 614 5516 audit
638 5465 841 5529 omnia,
874 5475 928 5523 et
957 5470 1217 5529 tumultus
1263 5453 1718 5538 murmurantium

137 5557 246 5597 non
292 5544 685 5618 abscondetur;
717 5553 833 5611 hinc
859 5557 1001 5611 enim
1042 5558 1085 5614 si
1122 5562 1373 5634 amplecti
1404 5566 1716 5635 voluissent,

139 5634 361 5703 proprio
387 5646 443 5693 et
468 5654 602 5696 sano
629 5659 789 5702 sensu
820 5648 888 5704 ad
917 5654 1201 5721 reprobum
1250 5671 1468 5714 sensum
1499 5663 1720 5720 minime

141 5722 473 5794 laberentur,
498 5733 591 5787 sed
621 5749 718 5804 per
744 5737 837 5793 Dei
869 5739 1118 5799 timorem
1162 5759 1471 5805 sermonum
1498 5767 1717 5810 suorum

142 5829 512 5888 praecaventes
558 5832 886 5899 custodiam,
941 5837 1082 5907 piam
1138 5850 1444 5901 sanctorum
1497 5847 1716 5908 Patrum

1854 1983 2055 2043 nostris
2082 1986 2292 2044 actibus
2316 1987 2482 2047 inseri
2505 2006 2574 2049 ne
2600 1992 2825 2051 ulterius
2844 1994 2956 2065 jam
2983 1980 3106 2053 talia
3130 2000 3436 2070 patiamini,

1852 2075 2242 2135 seminantibus
2267 2078 2370 2137 illis
2401 2081 2607 2139 zizania
2644 2091 2699 2140 et
2729 2086 3005 2151 scandala,
3042 2091 3136 2145 sed
3170 2090 3338 2145 laetari
3379 2092 3435 2147 in

1851 2162 2041 2223 ollleiis
2065 2175 2122 2223 et
2149 2168 2488 2241 dogmatibus
2519 2175 2715 2230 vestris
2743 2180 3081 2235 mereamini.
3114 2180 3279 2253 igitur
3304 2198 3435 2239 eru-

1850 2255 2094 2325 bescant,
2113 2259 2241 2316 talia
2261 2270 2316 2317 et
2341 2261 2647 2334 huiusmodi
2671 2267 2984 2341 blasphema
3015 2272 3333 2331 subtrahere
3355 2276 3435 2331 fe-

1850 2351 2069 2417 stinent,
2097 2353 2145 2407 si
2167 2355 2439 2419 noluerint
2482 2373 2513 2415 a
2538 2360 2855 2418 sacerdotali
2882 2372 3069 2421 nostro
3106 2366 3330 2439 collegio
3354 2385 3435 2426 sc-

1850 2444 2080 2514 gregari.
2109 2454 2165 2501 et
2209 2462 2239 2502 a
2272 2450 2435 2506 totius
2462 2450 2757 2509 Christiani
2807 2459 2988 2527 populi
3038 2461 3301 2519 societate
3346 2465 3431 2518 di-

1852 2534 2022 2591 velli:
2057 2536 2183 2594 licet
2226 2555 2462 2613 namque
2507 2543 2575 2601 de
2616 2544 2702 2603 his
2726 2546 2881 2619 plura
2930 2558 2986 2605 et
3028 2555 3434 2621 pernecessaria

1848 2639 1967 2694 quis
2014 2625 2068 2681 in
2112 2628 2342 2686 decretis
2386 2630 2542 2690 Sedis
2592 2636 2901 2707 apostolicae
2946 2647 3002 2697 et
3056 2641 3126 2697 ab
3176 2645 3434 2716 apostolis

1847 2729 2144 2789 eorumque
2188 2723 2593 2781 successoribus
2647 2727 2881 2796 nostris,
2921 2730 3174 2788 videlicet
3225 2736 3434 2805 prde-

1848 2814 2155 2871 cessoribus
2181 2824 2377 2874 statuta
2407 2819 2772 2888 inveniuntur,
2801 2824 2980 2882 dicere
3007 2836 3062 2883 et
3088 2829 3434 2887 conscribere

1847 2904 2227 2972 potuissemus,
2262 2916 2441 2966 tamen
2482 2912 2672 2970 melius
2712 2913 2867 2972 nobis
2913 2918 3088 2974 visum
3119 2927 3201 2976 est
3232 2924 3290 2976 ut
3317 2922 3433 2992 epi-

1848 2995 2039 3051 stolam
2061 2998 2306 3057 oratione
2330 3000 2662 3060 claudamus.
2688 3004 2827 3061 Deus
2852 3008 3191 3080 omnipotens
3213 3019 3265 3069 et
3290 3027 3447 3067 unus.

1847 3086 2156 3158 unigenitus
2183 3088 2354 3147 Filius
2400 3099 2454 3148 et
2480 3091 2732 3151 Salvator
2774 3099 3146 3159 noster-Jesus
3182 3101 3431 3160 Christus

1848 3177 1951 3233 hoe
1987 3179 2139 3236 vobis
2179 3182 2378 3239 tribuat
2408 3183 2838 3256 incitamentum,
2868 3198 2925 3245 ut
2953 3194 3203 3250 omnibus
3253 3193 3431 3251 fratri-

1770 3245 1814 3304 (ἶ
1846 3266 1945 3324 bus
1990 3276 2045 3323 et
2075 3271 2410 3343 coepiscopis
2439 3275 2641 3332 nostris
2680 3245 3092 3352 qttiboscunque
3130 3284 3431 3342 tribulatio.

1844 3357 2002 3415 nibus
2046 3359 2419 3420 laborantibus
2446 3365 2578 3421 totis
2610 3372 2941 3427 succurratis
2979 3373 3182 3429 viribus
3208 3384 3263 3431 et
3305 3388 3431 3432 cum

1841 3451 1918 3507 eis
1952 3454 2342 3525 compatientes
2370 3473 2589 3515 crucem
2617 3459 2857 3532 ejusdem
2891 3464 3099 3521 Domini
3132 3466 3431 3525 Salvatoris

1839 3545 2090 3613 portetis,
2121 3556 2180 3602 ut
2206 3548 2319 3603 veri
2358 3549 2527 3624 ipsius
2553 3553 2799 3624 discipuli
2828 3571 3009 3612 coram
3057 3559 3308 3617 omnibus
3335 3576 3430 3634 ap-

1840 3638 2092 3706 pareatis,
2117 3647 2176 3694 ut
2203 3649 2257 3695 et
2282 3655 2378 3699 vos
2402 3652 2457 3699 et
2486 3644 2577 3716 qui
2606 3645 2882 3703 vobiscum
2910 3660 3038 3704 sunt
3064 3651 3156 3707 hic
3182 3661 3237 3708 et
3266 3654 3316 3709 in
3346 3653 3431 3709 fu-

1843 3736 1963 3783 turo
2011 3722 2332 3800 possideatis
2376 3734 2624 3804 meliora,
2665 3757 2685 3789 t
2720 3741 3071 3809 quae'oculus
3118 3759 3223 3799 non
3267 3746 3426 3813 vidit,

1838 3835 1941 3878 nec
1978 3823 2126 3879 auris
2155 3825 2392 3892 audivit,
2424 3843 2524 3885 nec
2565 3829 2619 3884 in
2648 3845 2743 3887 cor
2778 3832 3013 3892 hominis
3044 3839 3423 3906 ascenderunt,

1838 3928 1958 3982 qua:
1984 3918 2308 3986 praeparavit
2330 3918 2473 3976 Deus
2501 3921 2847 3994 diligentibus
2873 3941 2933 3983 se
2958 3927 3006 3998 (1
3036 3928 3159 3998 Cor,
3188 3947 3251 3998 ιι,
3277 3931 3331 4006 9)
3357 3950 3370 4000 ;
3401 3954 3420 3987 ι

1839 4021 1933 4075 per
1956 4005 2241 4064 Dominum
2292 4020 2537 4068 nostrum
2563 4013 2746 4071 Iesum
2777 4018 3084 4089 Christum,
3134 4039 3232 4096 per
3264 4041 3426 4096 quem

1838 4104 1893 4150 et
1932 4111 2055 4152 eum
2083 4113 2192 4169 quo
2234 4102 2587 4172 omnipotenti
2618 4105 2728 4163 Deo
2750 4106 2897 4165 Patri
2926 4110 3097 4184 gloria
3140 4114 3191 4170 in
3224 4117 3426 4177 saecula

1837 4186 2173 4243 saeculorum.
2214 4190 2406 4246 Amen.
2475 4194 2665 4251 Valere
2693 4212 2789 4255 vos
2819 4208 2967 4271 opto,
2998 4200 3196 4261 fratres
3219 4205 3428 4263 charis-

1836 4276 1981 4333 simi.
2032 4278 2164 4334 Data
2214 4279 2340 4338 ldus
2372 4282 2674 4354 Februarii,
2721 4288 2921 4359 Agario
2963 4300 3018 4349 et
3044 4292 3255 4354 Juliano
3294 4299 3428 4356 viris

1835 4366 2158 4426 clarissimis
2189 4372 2520 4431 consulibus.
3364 4404 3365 4407 η

2215 4528 2294 4586 De
2332 4535 2663 4603 oppressione
2690 4537 3033 4599 Arianorum.

1908 4660 2073 4719 Fsux
2102 4673 2303 4723 sanctze
2332 4666 2650 4727 universalis
2679 4671 2933 4733 Ecclesiae
2960 4688 3119 4748 papa,
3143 4688 3305 4750 atque
3326 4696 3424 4752 per

1836 4754 2065 4826 gratiam
2086 4754 2182 4813 Dei
2217 4758 2499 4816 catholicae
2547 4769 2601 4817 et
2627 4764 2935 4835 apostolicae
2971 4767 3228 4825 Ecclesiae
3254 4771 3421 4827 urbis

1838 4846 2022 4904 Romae
2052 4847 2354 4921 cpiscopus,
2399 4868 2507 4909 una
2550 4869 2672 4911 cum
2722 4865 2912 4914 sancto
2955 4860 3187 4916 concilio
3231 4871 3420 4919 nostro

1837 4940 2409 4999 reverendissimorum
2459 4947 2801 5005 sacerdotum
2828 4948 2937 5006 huc
2961 4950 3241 5009 nobiscum
3282 4970 3413 5011 con-

1835 5028 2162 5088 venientium
2195 5032 2694 5096 inconfirmatione
2737 5039 3103 5112 piissimorum
3130 5046 3412 5105 catholicae

1832 5120 2084 5177 Ecclesiae
2112 5123 2422 5196 dogmatum
2452 5135 2507 5182 et
2534 5129 2863 5187 relevatione
2889 5147 3270 5205 oppressorum
3304 5135 3411 5192 fra-

1832 5215 1974 5265 trum
2000 5213 2440 5286 coepiscoporum
2468 5216 2719 5276 videlicet
2744 5230 3051 5279 nostrorum
3080 5225 3172 5298 qui
3205 5235 3413 5283 rectam

1830 5303 2029 5361 Nicaeni
2075 5309 2290 5366 concilii
2334 5319 2517 5368 tenent
2562 5313 2720 5371 fidem
2747 5356 2763 5383 ,
2809 5324 2867 5374 et
2910 5318 3108 5378 fratres
3136 5339 3241 5381 non
3273 5323 3415 5380 infe-

1829 5404 1994 5463 stent,
2021 5399 2287 5456 universis
2317 5403 2685 5471 spiritualibus
2734 5406 2993 5467 fratribus
3021 5413 3221 5469 nostris
3245 5422 3299 5470 et
3325 5429 3412 5470 rs-

1828 5486 1988 5557 liquis
2034 5489 2085 5545 iu
2128 5491 2447 5549 sacerdotali
2492 5496 2716 5570 collegio
2764 5499 2993 5557 Domino
3045 5505 3402 5570 consecratis,

1826 5586 1989 5650 atque
2041 5582 2185 5636 omni
2247 5582 2564 5652 plenitudini
2614 5588 2869 5647 Ecclesiae
2913 5593 3194 5650 catholicae
3234 5597 3413 5664 gratia

1827 5670 1979 5726 vobis
2006 5680 2060 5725 et
2087 5687 2189 5742 pax
2222 5675 2607 5747 multiplicetur
2639 5681 2696 5739 in
2723 5684 3117 5743 confortatione
3146 5694 3201 5743 et
3228 5689 3403 5745 sancti

1827 5760 2059 5832 Spiritus
2084 5768 2497 5835 communione,
2548 5782 2813 5843 quatenus
2858 5778 2911 5832 in
2955 5793 3020 5834 eo
3060 5779 3409 5850 proficientes

1827 5868 1854 5905 a
1886 5854 2053 5921 gloria
2081 5856 2131 5910 in
2162 5857 2384 5929 gloriam
2422 5880 2440 5916 t
2476 5864 2701 5922 virtutes
2749 5868 3127 5927 anuunliemus
3168 5872 3282 5944 ejus
3311 5872 3404 5944 qui
