3888 6438
569 380 668 442 651

557 487 625 542 de
661 488 898 542 tenebris
943 504 1042 562 nos
1067 487 1279 543 vocavit
1321 488 1376 542 in
1404 487 1721 543 admirabile
1763 487 1943 542 lumen
1982 501 2137 541 suum

561 576 612 635 il
639 575 786 632 Petr.
817 593 877 642 ιι,
900 577 956 646 9)
994 595 1014 629 ι
1084 597 1104 630 ι
1137 577 1278 649 apud
1305 591 1467 648 quem
1498 593 1603 634 non
1628 587 1714 634 est
1741 575 2141 639 transmutatio,

557 682 658 722 nec
684 667 1069 723 vicissitudinis
1097 668 1439 724 obumbratio
1466 666 1608 740 (Jac.
1643 684 1681 734 ι,
1709 668 1815 738 l7).
1854 688 1872 719 ι
1905 666 2141 732 Portate,

559 756 774 823 fratres,
803 758 1084 812 hortamur
1117 760 1520 829 persecutiones
1550 772 1605 814 et
1636 760 2016 815 tribulationes
2046 774 2142 827 pa-

559 850 756 905 tienter
795 859 852 905 ut
889 850 1006 921 ejus
1047 851 1396 907 inveniamini
1437 852 1529 908 ﬁlii
1562 869 1720 923 quem
1764 853 2004 925 quotidie
2043 867 2142 923 pa-

556 948 692 994 trem
717 940 925 995 vocatis
948 939 1115 996 Deum
1146 941 1196 994 in
1225 941 1400 1007 cadis,
1430 951 1486 996 et
1513 943 1567 997 in
1591 958 1656 998 eo
1683 942 1912 998 vincatis
1938 941 2141 1007 omnia,

555 1031 644 1102 qui
675 1041 898 1102 propter
944 1049 1044 1088 nos
1088 1034 1220 1088 vicit
1267 1033 1484 1101 omnia;
1541 1055 1560 1089 ι
1591 1036 1681 1105 qui
1719 1035 1881 1092 etiam
1925 1035 2144 1106 proprio

554 1123 693 1179 Filio
720 1139 818 1178 suo
847 1141 952 1179 non
980 1127 1250 1196 pepercit,
1283 1128 1376 1182 sed
1400 1142 1500 1199 pro
1545 1127 1700 1186 nobis
1737 1128 1988 1184 omnibus
2034 1136 2142 1182 tra-

553 1213 690 1270 didit
731 1215 880 1271 illum
907 1216 1082 1288 (Rom.
1112 1235 1224 1283 vut,
1261 1219 1374 1290 59.).
1409 1239 1428 1273 ι
1454 1219 1760 1274 hnitatores
1808 1235 2023 1290 quoque
2046 1219 2142 1276 Dei

551 1305 876 1365 convenitin
902 1308 1050 1362 omni
1080 1309 1244 1365 verbo
1269 1319 1326 1365 et
1348 1325 1513 1380 opere
1538 1310 1740 1366 imitari
1763 1310 1956 1378 Demn,
1986 1311 2141 1368 ideo-

552 1412 659 1466 que
700 1397 826 1452 illm]
875 1409 1089 1470 oportet
1122 1417 1220 1456 nos
1247 1402 1427 1457 dicere
1453 1403 1597 1472 quod
1627 1403 1740 1472 ipse
1769 1403 1836 1458 de
1875 1418 1934 1458 se
1962 1404 2142 1472 perhi-

552 1490 668 1545 buit
689 1493 965 1558 Dominus,
999 1512 1016 1546 ι
1040 1496 1218 1550 veniet
1239 1496 1488 1566 princeps
1508 1495 1868 1566 lmjusnnundi
1897 1507 1951 1552 et
1978 1497 2030 1552 in
2052 1512 2141 1553 me

553 1585 686 1640 nihil
715 1587 951 1642 inveniet
983 1587 1163 1659 (Joan.
1203 1604 1316 1653 xiv,
1349 1591 1462 1659 50),
1499 1607 1517 1640 ι
1563 1597 1826 1644 venerunt
1856 1597 1912 1645 et
1936 1587 2009 1644 illi
2046 1587 2138 1659 qui

555 1692 653 1734 vos
679 1688 732 1734 et
764 1694 863 1734 nos
891 1692 1308 1751 persequuntur,
1337 1683 1461 1751 quia
1495 1697 1588 1737 vos
1626 1683 1742 1736 sine
1769 1683 1925 1738 nobis
1955 1698 2139 1753 perse—

547 1769 643 1838 qui
691 1786 798 1826 non
843 1782 1089 1840 possunt,
1125 1773 1252 1842 quia
1289 1774 1450 1829 unius
1499 1773 1592 1828 Dei
1639 1775 1880 1829 membra
1927 1790 2134 1840 sumus,

545 1869 605 1915 et
623 1877 788 1916 unum
823 1863 966 1918 illius
992 1863 1352 1919 sacerdotium
1382 1881 1478 1935 per
1505 1864 1622 1933 ejus
1648 1865 2133 1920 sanetiﬁcationem

548 1954 864 2019 retinemus,
920 1964 976 2012 et
1021 1957 1074 2011 in
1128 1957 1284 2012 nobis
1329 1957 1396 2012 de
1444 1957 1558 2012 suis
1604 1958 1737 2012 nihil
1781 1958 2127 2023 invenerunt,

552 2047 680 2118 quia
728 2049 988 2119 quidquid
1040 2066 1227 2105 sumus
1272 2051 1443 2120 gratia
1477 2051 1568 2106 Dei
1618 2067 1824 2117 sumus,
1857 2051 1978 2106 licet
2013 2066 2134 2121 pro-

544 2148 732 2209 pterea
800 2142 1118 2198 calumniari
1177 2159 1275 2198 nos
1334 2143 1779 2199 irrationabiliter
1828 2145 2134 2200 studuerint

546 2233 689 2304 quod
731 2232 912 2290 facere
951 2235 1127 2291 solent
1174 2235 1400 2303 inimici,
1430 2252 1581 2290 suam
1617 2253 1685 2291 ex
1715 2239 1816 2292 hoc
1853 2239 2132 2306 cooperire

545 2326 872 2383 dementiam
922 2339 1308 2400 properantes,
1360 2338 1626 2399 quatenus
1660 2345 1757 2410 per
1791 2330 2130 2385 mendacium

548 2418 830 2474 veritatem
875 2420 1090 2476 valeant
1129 2421 1476 2478 obumbrare.
1527 2421 1730 2493 Scripsi
1776 2424 1920 2478 enim
1958 2424 2129 2489 vobis,

544 2509 718 2582 inquit
766 2513 1078 2583 Apostolus,
1102 2529 1199 2584 per
1243 2513 1440 2570 multas
1490 2514 1757 2586 laerymas
1783 2523 1840 2569 ut
1869 2530 1972 2569 non
2004 2531 2132 2569 con-

543 2601 860 2668 tristemini,
913 2603 1008 2658 sed
1059 2613 1118 2659 ut
1163 2605 1352 2659 sciatis
1395 2622 1558 2676 quam
1596 2605 1918 2661 eharitatem
1961 2607 2132 2661 abun-

544 2694 763 2749 dantius
801 2695 973 2750 habeo
1011 2697 1063 2750 in
1110 2696 1297 2763 vobis;
1355 2698 1555 2752 etenim
1603 2698 2012 2753 detrahentibus
2041 2699 2131 2753 de-

547 2786 766 2841 trahere
811 2800 917 2841 uon
961 2797 1046 2842 est
1086 2786 1306 2854 bonum,
1349 2797 1408 2842 ut
1453 2805 1558 2843 non
1595 2790 1660 2844 ad
1689 2805 1750 2843 ea
1783 2806 1902 2859 qua:
1931 2791 2132 2859 scripta

546 2884 673 2930 sunt
723 2878 977 2932 commoti
1032 2877 1242 2946 injuria:
1283 2888 1556 2954 certamen
1608 2879 1945 2934 deﬁciamus.
2013 2879 2129 2934 Non

544 2967 803 3022 debemus
850 2968 1071 3023 omnino
1109 2969 1299 3025 timere
1335 2969 1683 3039 opprobrium
1714 2971 2010 3036 hominum,
2045 2987 2134 3026 ne-

539 3071 647 3125 que
670 3071 854 3112 eorum
874 3057 1380 3128 exprobrationibus
1401 3058 1558 3120 vinci,
1577 3059 1829 3129 quoniam
1854 3061 1956 3115 hoc
1979 3061 2132 3116 nobis

545 3147 804 3203 Dominus
825 3149 980 3219 jubet
1005 3164 1101 3219 per
1124 3148 1318 3204 Isaiam
1345 3151 1659 3220 prophetam
1693 3151 1878 3207 dicens
1907 3167 1920 3206 :
1957 3171 1974 3203 ι
2014 3157 2126 3208 Au-

542 3235 656 3292 dite
690 3251 778 3292 me
805 3237 897 3306 qui
945 3237 1098 3294 scitis
1136 3235 1424 3307 judicium,
1455 3237 1680 3308 populus
1713 3253 1884 3306 meus,
1916 3241 1967 3294 in
1993 3256 2130 3310 quo-

543 3341 664 3382 rum
693 3327 946 3384 cordibus
970 3327 1056 3383 lex
1084 3344 1202 3385 mea
1230 3337 1332 3395 est,
1361 3329 1528 3384 nolite
1557 3330 1748 3386 timere
1776 3332 2128 3402 opprobrium

545 3418 822 3474 hominum
867 3429 922 3474 et
967 3419 1334 3488 blasphemias
1370 3436 1560 3476 eorum
1605 3437 1674 3476 ne
1723 3422 1958 3479 timentis
1987 3423 2124 3494 (Ira.

544 3523 621 3573 LI,
650 3508 726 3580 7).
765 3526 784 3562 ι
833 3509 1257 3566 Considerantes
1285 3511 1452 3566 etiam
1479 3511 1623 3582 quod
1662 3512 1713 3566 in
1744 3514 1955 3583 psalmo
1994 3515 2129 3570 scri-

543 3609 698 3671 ptum
727 3611 810 3656 est
839 3618 851 3655 :
901 3619 920 3654 t
955 3601 1142 3658 Nonne
1169 3603 1312 3658 Deus
1352 3604 1593 3675 requiret
1637 3606 1780 3661 ista!
1815 3605 1935 3675 lpsc
1979 3607 2124 3661 enim

538 3692 688 3762 novit
732 3692 1051 3750 abscondita
1097 3695 1278 3751 cordis
1308 3695 1482 3767 (Paul.
1515 3713 1672 3766 xuu,
1719 3697 1833 3769 ΕΞ),
1872 3707 1927 3752 et
1983 3701 2126 3770 cogi-

544 3783 774 3840 taliones
799 3784 984 3839 talium
1008 3786 1307 3847 hominum,
1337 3787 1590 3858 quoniam
1620 3804 1774 3844 vana:
1794 3800 1921 3845 sunt
1947 3804 1960 3844 :
1992 3807 2128 3846 vana

537 3884 716 3932 autem
755 3877 967 3934 locutus
995 3887 1080 3934 est
1099 3880 1469 3951 unusquisque
1499 3881 1568 3936 ad
1597 3883 1902 3952 proximum
1944 3899 2124 3950 suum,

534 3978 591 4024 et
643 3969 785 4026 labia
839 3971 1026 4028 dolosa
1081 3974 1138 4028 in
1197 3975 1401 4041 corde,
1464 3984 1520 4030 et
1565 3977 1729 4034 corde
1791 3977 1954 4034 locuti
2001 3992 2125 4036 sunt

536 4057 701 4125 mala,
742 4060 838 4116 sed
879 4062 1150 4132 disperdet
1177 4063 1438 4120 Dominus
1469 4067 1722 4122 universa
1762 4067 1902 4125 labia
1939 4070 2124 4126 dolosa

536 4149 763 4222 160m
790 4151 1027 4223 linguam
1052 4157 1476 4228 magniloquam.
1499 4159 1602 4228 Qui
1627 4161 1883 4218 dixerunt
1912 4182 1926 4218 :
1958 4164 2124 4222 Labia

530 4248 719 4294 nostra
746 4257 776 4296 a
811 4243 967 4301 nobis
995 4254 1144 4312 sunt,
1165 4247 1286 4317 quis
1313 4256 1497 4305 noster
1516 4249 1776 4308 Dominus
1803 4255 1922 4309 est?
1949 4252 2121 4325 (Psal.

532 4347 610 4400 xl,
638 4334 708 4389 5-
727 4334 803 4408 ὅ.)
859 4357 878 4389 ›
907 4337 1041 4393 Nam
1073 4341 1117 4396 si
1147 4341 1260 4398 hazc
1283 4343 1336 4397 in
1361 4344 1620 4401 memoria
1671 4346 1972 4404 retinerent
2022 4349 2125 4404 mi-

532 4428 676 4485 nime
701 4431 767 4485 ad
801 4440 1004 4488 tantam
1029 4435 1338 4505 prosilirent
1393 4438 1766 4510 iniquitatem;
1818 4457 1924 4497 non
1977 4443 2121 4498 enim

529 4523 792 4592 probabili
817 4535 870 4580 et
892 4535 1116 4598 paterna
1134 4529 1376 4586 doctrina
1399 4531 1504 4586 hoc
1523 4530 1749 4596 faciunt,
1769 4534 1862 4588 sed
1888 4543 1945 4588 ut
1965 4551 2118 4589 suam

528 4628 819 4674 exerceant
850 4620 901 4674 in
928 4636 1116 4678 servos
1143 4622 1236 4678 Dei
1260 4623 1573 4691 vindictam,
1599 4627 1860 4696 scriptum
1886 4641 2120 4697 namque

528 4715 611 4762 est
640 4725 651 4762 :
687 4707 780 4764 Via
809 4711 955 4766 stulti
997 4722 1142 4768 recta
1171 4713 1224 4768 in
1255 4715 1425 4770 oculis
1447 4716 1587 4787 ejus,
1611 4727 1664 4772 et
1705 4726 1830 4772 sunt
1855 4718 1952 4772 vize
1999 4734 2119 4788 quae

531 4798 778 4854 videntur
805 4803 1006 4860 homini
1031 4805 1208 4875 justas,
1237 4807 1528 4862 novissima
1564 4816 1746 4864 autem
1785 4823 1974 4864 eorum
2025 4810 2118 4866 de-

533 4889 737 4947 ducunt
755 4894 822 4948 ad
850 4907 1100 4953 mortem.
1130 4897 1238 4952 Nos
1263 4900 1431 4962 enim,
1455 4899 1544 4970 qui
1563 4899 1664 4957 hoc
1679 4902 2118 4974 patimur,jndiei

525 4995 803 5039 reservare
833 4984 1090 5042 debemus
1113 4988 1205 5058 qui
1252 4989 1436 5044 reddet
1487 4990 1776 5061 unicuique
1823 4995 2117 5050 secundum

524 5085 684 5138 opera
713 5087 834 5139 sua,
858 5075 950 5145 qui
977 5076 1138 5132 etiam
1168 5092 1262 5149 per
1287 5079 1566 5135 ministros
1589 5095 1717 5137 suos
1758 5082 1994 5138 intonuit
2031 5085 2114 5140 di-

521 5174 670 5227 rens,
700 5179 718 5212 ι
743 5160 869 5218 Mihi
892 5165 1205 5235 vindictam,
1223 5183 1321 5242 ego
1347 5171 1828 5244 retribuam(Rom.
1849 5191 1944 5240 xu,
1966 5175 2106 5245 19).:

523 5246 633 5305 Vos
650 5251 794 5306 enim
820 5251 872 5306 in
903 5265 1048 5310 recta
1075 5255 1177 5312 ﬁde
1199 5269 1253 5313 et
1285 5275 1418 5330 pura
1447 5275 1511 5316 ac
1533 5262 1669 5318 bona
1696 5266 1998 5320 succurrite
2017 5281 2112 5318 vo-

519 5339 731 5397 luntate
760 5341 1020 5406 vicissim.
1063 5363 1164 5404 nec
1220 5349 1416 5421 aliquis
1446 5367 1476 5406 a
1507 5353 1881 5424 supplemento
1924 5355 2114 5412 fratris

514 5431 799 5487 subtrahat
821 5449 1064 5502 manum,
1087 5440 1341 5507 quoniam
1369 5441 1421 5496 in
1449 5441 1552 5498 hoc
1579 5443 1654 5497 ait
1683 5442 1942 5500 Dominus
1967 5463 1986 5498 ι
2016 5445 2114 5502 Co-

511 5533 773 5592 gnoscent
799 5540 987 5582 omnes
1017 5529 1143 5597 quia
1168 5531 1271 5586 mei
1300 5533 1431 5588 estis
1455 5534 1725 5604 discipuli,
1771 5535 1816 5590 si
1867 5535 2112 5593 dilectio-

512 5630 634 5670 nem
650 5617 1268 5680 habueritisadinvicem
1295 5625 1477 5698 (Jom.
1499 5645 1617 5692 xui,
1635 5628 1749 5700 55).
1777 5647 1794 5680 ι
1833 5628 2110 5701 Uudeipse

510 5723 608 5779 per
636 5712 953 5783 prephetam
986 5715 1226 5786 loquitur
1247 5717 1469 5773 dicens:
1505 5741 1522 5770 ι
1553 5721 1691 5777 Ecce
1713 5737 1874 5791 quam
1906 5721 2105 5778 bonum

509 5813 564 5856 et
594 5819 751 5869 quam
794 5804 1095 5872 jucundum
1139 5808 1380 5864 habitare
1413 5808 1611 5866 fratres
1643 5811 1696 5866 in
1725 5827 1889 5866 utrum
1930 5809 2109 5873 ςιιεαι,

1444 375 1733 430 APPEND.
1775 375 1867 430 AD
1901 373 2076 430 SxEC.
2119 369 2207 426 IX.
2251 402 2318 412 -—
2360 373 2610 431 lSlDOlll
2642 376 3083 433 MERCATORIS

3693 384 3771 440 669.

2168 486 2218 543 Α
2243 497 2452 550 exuti,
2478 485 2549 555 1).
2584 505 2602 538 ι
2641 483 2919 556 Spiritnali
2949 487 3070 543 dico
3094 485 3396 542 habitacula
3439 495 3493 542 et
3535 491 3773 548 concordia

2246 589 2367 643 qure
2397 574 2451 629 in
2475 574 2584 630 Deo
2615 583 2722 639 est,
2765 585 2821 632 et
2852 577 3058 632 unitate
3106 576 3229 632 ﬁdei
3275 576 3433 648 hujus
3476 578 3771 646 delectabilis,

2245 663 2544 718 secundum
2580 665 2863 720 veritatem
2891 665 3246 721 inhabitaculi
3299 681 3419 736 qua:
3473 668 3695 726 videlicet
3735 673 3774 728 in

2243 754 2427 810 Aaron
2461 757 2632 826 magis
2673 758 3038 812 decorabatur
3084 767 3250 828 atque
3301 759 3670 816 sacerdotalem
3714 764 3773 816 in-

2245 845 2534 902 dueutibns
2558 847 2900 918 dignitatem,
2931 849 3075 905 sicut
3103 861 3434 920 unguentum
3462 865 3614 920 super
3637 865 3774 922 caput,

2242 937 2594 1008 principalem
2623 941 2956 997 intellectum
2989 942 3245 1014 irrigans,
3272 951 3326 998 et
3352 958 3519 1012 usque
3540 942 3602 996 ad
3645 944 3774 1014 ipsam

2242 1037 2540 1085 extremam
2593 1031 2877 1087 scientiam
2927 1032 3197 1090 deducens
3255 1034 3309 1089 in
3369 1033 3474 1089 hoc
3525 1034 3775 1091 habitacqu

2242 1120 2676 1180 benedictionem
2701 1133 2756 1181 et
2773 1134 3034 1181 mternam
3071 1128 3237 1182 vitam
3283 1127 3528 1198 promisit
3547 1127 3773 1183 Dominus.

2243 1212 2412 1282 Hujus
2441 1231 2570 1288 ergo
2592 1217 2923 1288 prophetiae
2976 1218 3382 1275 vaticinationis
3423 1219 3656 1274 meritum
3694 1234 3775 1273 am.

2241 1305 2559 1374 plectentes,
2585 1307 2882 1365 fraternam
2921 1318 3246 1381 praesentem
3277 1310 3532 1384 syllabam
3579 1312 3774 1380 exposui-

2242 1413 2362 1453 mus
2389 1407 2575 1454 nostra
2620 1410 2843 1470 propter
2893 1401 3214 1456 charitatem
3269 1400 3495 1455 niinime
3531 1411 3775 1470 quaerentes

2240 1490 2650 1558 autquzcsituri.
2686 1491 2802 1546 Non
2836 1492 2980 1545 enim
3024 1491 3444 1546 dctrahentibns
3496 1491 3674 1546 bonum
3715 1500 3774 1545 est

2239 1579 2526 1636 detrahere
2555 1622 2570 1647 ,
2627 1591 2720 1636 aut
2757 1582 2878 1652 palo
2925 1584 3223 1638 secundum
3271 1582 3545 1650 vulgarem
3592 1580 3772 1636 fabulam

2238 1677 2687 1748 excuterepalum
2721 1697 2735 1732 :
2767 1679 2926 1733 absit.
2968 1677 3085 1734 Non
3137 1687 3261 1735 sunt
3312 1689 3500 1734 nosua
3549 1679 3771 1747 ista,quac

2239 1779 2461 1838 propter
2499 1769 2602 1823 hoc
2632 1779 2843 1824 avertat
2892 1770 3175 1826 Divinitas.
3209 1770 3328 1825 Non
3361 1780 3486 1824 sunt
3515 1769 3669 1825 edocti
3706 1770 3770 1823 ln-

2168 1845 2210 1904 Β
2239 1861 2383 1918 bitus
2406 1863 2575 1917 nostri
2603 1863 2672 1916 ita
2699 1863 2939 1928 vincere,
2965 1864 3060 1920 sed
3095 1863 3146 1918 in
3187 1864 3453 1934 patientia
3507 1863 3769 1935 longanimi-

2239 1954 2364 2008 tatis
2395 1963 2451 2008 et
2477 1954 2670 2024 spiritu
2719 1955 3040 2010 humilitatis
3067 1997 3081 2021 ,
3114 1957 3242 2026 quia
3289 1959 3436 2012 sicut
3457 1972 3546 2026 per
3574 1957 3770 2012 duritiam

2237 2047 2458 2103 minimc
2508 2048 2589 2119 (ut
2637 2050 2948 2119 prephcticc
3005 2051 3267 2122 dicamus)
3318 2061 3573 2122 purgatur
3608 2051 3770 2122 nigella,

2236 2137 2309 2192 ita
2361 2152 2460 2193 nec
2515 2139 2664 2208 pacis
2715 2138 3261 2209 soporatus‘frnctns
3320 2141 3662 2210 intelligentia:
3702 2156 3770 2210 per

2233 2231 2578 2300 asperitatem
2625 2232 2983 2301 exprimitur;
3019 2242 3242 2302 propter
3295 2231 3403 2288 hoc
3453 2233 3586 2287 enim
3630 2234 3770 2286 verbo-

2237 2339 2354 2378 rum
2417 2324 2854 2394 snpportayimus
2908 2325 3166 2396 colaphos
3211 2333 3269 2379 ut
3333 2335 3429 2380 aut
3486 2325 3660 2397 paulati
3701 2341 3767 2376 va-

2234 2413 2440 2470 leamus
2475 2431 2599 2471 eum
2649 2416 2874 2482 imitari,
2925 2416 3016 2487 qui
3061 2427 3284 2488 propter
3323 2433 3424 2472 nos
3458 2433 3514 2472 se
3541 2415 3767 2471 humiliare

2233 2508 2488 2578 dignatus
2513 2519 2630 2575 est,
2676 2518 2733 2566 et
2785 2520 3045 2565 extremae
3090 2510 3233 2566 illius
3285 2510 3506 2564 ultionis
3546 2525 3629 2579 per
3667 2507 3766 2561 hanc

2235 2601 2446 2672 plagam
2488 2605 2652 2659 verba
2678 2604 3028 2660 declinemus.
3085 2605 3388 2660 Audiamus
3435 2619 3559 2676 ergo
3581 2612 3628 2657 et
3673 2618 3764 2656 cou-

2235 2695 2536 2749 senliamus
2573 2695 2827 2751 Ecclesia:
2852 2697 3052 2751 oratori
3077 2697 3168 2767 qui
3196 2713 3295 2767 per
3323 2696 3554 2768 linguam
3583 2693 3763 2765 Spiritus

2237 2785 2382 2839 clara
2409 2801 2538 2841 voce
2561 2787 2832 2843 exclamat
2859 2789 3080 2843 dicens:
3102 2808 3119 2840 ‹
3151 2789 3348 2845 Omnia
3379 2789 3528 2844 vobis
3554 2803 3600 2842 In
3623 2784 3760 2841 chari-

2239 2885 2349 2928 tate
2372 2875 2503 2930 ﬁant
2531 2875 2582 2949 (1
2615 2877 2737 2932 Cor.
2778 2895 2890 2944 xvi,
2937 2879 3046 2950 M).
3085 2891 3110 2931 ι·
3156 2880 3298 2950 Ergo
3351 2883 3466 2935 sive
3510 2877 3758 2948 quaerimus,

2237 2967 2348 3020 sive
2383 2969 2758 3023 tantummodo
2783 2969 3036 3035 dicimus,
3067 2978 3122 3025 et
3163 2969 3532 3025 tantummodo
3569 2966 3761 3022 audimur

2237 3056 2478 3112 charitas
2529 3057 2848 3124 intercedat,
2893 3076 2984 3117 ars
3026 3061 3201 3132 aliqua
3244 3061 3447 3117 cxistat
3489 3060 3552 3115 ad
3596 3073 3759 3126 compo-

2239 3148 2466 3204 sitiones
2495 3153 2796 3207 concordiae
2829 3151 2954 3207 boni
3006 3163 3061 3208 et
3110 3153 3539 3222 eonjunctiones.
3588 3150 3758 3220 Oportet

2157 3214 2199 3274 ί)
2234 3242 2378 3297 enim
2405 3243 2470 3297 de
2501 3242 2609 3298 Deo
2637 3245 3001 3313 quaerentibus
3045 3245 3200 3300 nobis
3231 3245 3484 3314 spiritum
3541 3238 3757 3297 rectitudi-

2233 3334 2318 3388 nis
2359 3335 2558 3390 mentis
2612 3347 2808 3392 nostrae
2857 3338 3264 3392 dinumerantes
3315 3338 3622 3392 intentiones
3662 3341 3757 3385 tem-

2231 3426 2378 3496 plum
2405 3427 2628 3498 paciﬁce
2660 3431 2968 3487 inhabitare
3003 3432 3057 3487 in
3081 3447 3206 3486 eum
3231 3441 3454 3501 propter
3497 3428 3658 3488 Deum,
3690 3422 3754 3490 qui

2229 3533 2327 3588 per
2373 3521 2692 3591 prophetam
2747 3521 2960 3578 locutus
3009 3533 3180 3578 estu
3230 3521 3492 3589 Quaerens
3541 3529 3690 3590 quaere
3719 3520 3757 3565 et

2228 3612 2370 3680 apud
2405 3628 2490 3668 me
2519 3613 2693 3668 habita
2725 3613 2860 3684 (Isa.
2891 3631 3002 3680 xxi,
3038 3615 3150 3684 12).
3182 3633 3199 3666 ι
3230 3614 3517 3684 Speculum
3547 3608 3666 3665 enim
3689 3603 3754 3656 dc-

2229 3704 2308 3760 dit
2337 3722 2436 3762 nos
2467 3705 2608 3762 Deus
2637 3707 2833 3777 populo
2857 3723 2980 3771 suo,
3013 3717 3068 3762 et
3089 3718 3304 3778 opertet
3355 3724 3450 3765 eos
3490 3707 3572 3778 qui
3608 3721 3633 3758 a
3676 3702 3752 3754 Deo

2227 3799 2620 3871 suntdeputati
2652 3802 3014 3856 sacerdotium
3068 3801 3320 3872 adipisci,
3382 3803 3452 3856 ita
3502 3800 3549 3854 in
3588 3791 3751 3852 humili-

2229 3897 2342 3946 tate
2377 3905 2594 3962 gressus
2612 3893 2809 3946 mentis
2835 3891 3136 3948 adinvieem
3172 3893 3416 3958 tendere,
3459 3891 3581 3944 utin
3609 3885 3750 3940 melius

2228 3982 2563 4039 :ediﬁcentur
2585 3985 2636 4038 hi
2660 3985 2750 4054 qui
2783 3986 2848 4038 ad
2881 3999 2980 4041 nos
3009 3985 3333 4055 respiciunt,
3356 4001 3511 4055 quam
3535 3977 3672 4053 (quod
3693 3976 3749 4028 di-

2228 4089 2354 4129 cere
2380 4075 2545 4145 piget)
2575 4089 2669 4146 per
2690 4085 2931 4130 nostram
2960 4075 3287 4131 discordiam
3331 4078 3568 4132 semitam
3602 4069 3746 4140 pedum

2228 4178 2413 4218 eormn
2463 4173 2772 4220 concutere.
2829 4163 2909 4219 Ad
2963 4167 3314 4220 concordiam
3369 4165 3644 4236 jndicemes
3679 4169 3748 4210 nos

2226 4256 2391 4324 ipsos,
2416 4265 2470 4308 et
2502 4272 2665 4309 unum
2693 4255 2744 4309 in
2790 4255 3059 4310 charitate
3111 4255 3408 4325 sapiamus,
3454 4249 3743 4309 humilitatem

2227 4363 2588 4414 veneremur,
2646 4363 2743 4418 per
2798 4363 2961 4417 quam
3007 4348 3340 4417 apprehendi
3407 4345 3537 4401 solet
3575 4337 3744 4395 altitudo

2225 4437 2466 4507 spiritus.
2501 4437 2556 4492 Si
2580 4438 2723 4492 cnim
2756 4438 3040 4494 verborum
3065 4437 3296 4507 amplius
3327 4450 3490 4506 usque
3510 4445 3632 4489 nunc
3653 4424 3745 4481 laci-

2227 4529 2542 4583 turnitatem
2567 4543 2727 4598 quam
2757 4528 3138 4598 garrulitatem
3165 4529 3527 4591 dilexerimus,
3554 4525 3638 4578 hoc
3655 4517 3741 4588 qui-

2148 4587 2197 4646 θ
2224 4619 2342 4673 dem
2373 4619 2510 4674 bene
2537 4619 2738 4675 habere
2772 4620 3019 4675 arbitrati
3047 4636 3254 4686 sumus,
3281 4636 3349 4675 ne
3371 4617 3573 4686 scriptis
3598 4607 3741 4666 vestris

2225 4710 2500 4780 reciproce
2527 4711 2977 4781 respondentibus
3005 4711 3201 4781 injurie
3225 4711 3463 4766 fomitem
3483 4707 3738 4763 excitemus.

2221 4801 2735 4871 etpusillanimitate
2775 4803 3135 4874 dijudicemur
3156 4803 3225 4858 ab
3267 4819 3332 4859 eo
3381 4803 3466 4871 qui
3509 4795 3659 4854 omnia
3692 4786 3738 4842 ad

2223 4892 2546 4948 charitatem
2571 4893 2805 4964 dirigere
2828 4894 3211 4966 promulgavit.
3249 4913 3268 4946 ‹
3295 4893 3564 4951 Oravimus
3588 4897 3686 4939 vero
3700 4887 3738 4932 οι

2226 4993 2354 5040 tunc
2423 4985 2625 5042 ostium
2693 4987 3117 5042 circumstantiae
3168 4987 3325 5042 labiis
3366 4983 3552 5040 nostris
3605 4969 3731 5045 (Pati.

2221 5092 2342 5141 CXL,
2369 5078 2425 5148 3)
2465 5096 2483 5129 ι
2517 5078 2716 5148 imponi
2771 5079 2991 5134 verbum
3031 5079 3082 5132 in
3109 5079 3341 5134 sonitum
3391 5078 3640 5147 concipere
3670 5076 3734 5134 Po'

2225 5168 2329 5224 tius
2353 5183 2516 5239 quam
2548 5169 2776 5223 verbum
2799 5168 3067 5234 sonabile,
3097 5170 3276 5226 ethoc
3307 5179 3479 5224 tamen
3520 5161 3628 5221 mihi
3667 5156 3733 5209 d0-

2221 5278 2349 5317 num
2374 5270 2460 5317 est
2486 5277 2516 5316 a
2548 5261 2796 5326 Domino,
2833 5281 2853 5314 ‹
2899 5271 2954 5319 et
2997 5263 3172 5318 factus
3195 5279 3313 5318 sum
3342 5262 3478 5318 sicut
3501 5259 3638 5314 homo
3656 5259 3731 5302 non

2223 5355 2449 5411 audiens
2497 5365 2552 5411 et
2607 5371 2710 5412 non
2757 5356 2961 5410 habens
3009 5355 3062 5410 in
3114 5369 3210 5410 ore
3255 5371 3352 5411 suo
3394 5345 3728 5418 redargutiones

2223 5447 2400 5519 (Psal.
2429 5464 2636 5516 xxxvn,
2665 5449 2774 5518 l5).
2802 5468 2822 5501 ι
2857 5448 2964 5505 Sed
2987 5449 3113 5518 quia
3138 5457 3346 5519 tempus
3367 5455 3446 5502 est
3467 5433 3672 5510 loquendi
3690 5436 3726 5482 et

2219 5547 2432 5610 tempus
2460 5539 2695 5605 tacendi,
2724 5539 2914 5609 operio
2942 5539 3191 5604 verbum,
3241 5548 3295 5593 et
3355 5535 3532 5591 claudo
3575 5523 3723 5582 ostium

2217 5644 2314 5698 per
2353 5630 2776 5685 taciturnitatem
2801 5639 3169 5699 competenter
3192 5643 3452 5686 exorans:
3486 5643 3503 5675 ι
3532 5614 3721 5677 Domine.

2217 5719 2359 5776 labia
2396 5737 2513 5776 mea
2542 5721 2752 5792 aperies
2776 5718 2948 5791 (Psal.
2973 5735 3024 5785 ι,
3056 5720 3166 5790 17),
3201 5741 3219 5773 ι
3286 5738 3303 5771 t
3338 5727 3392 5772 et
3441 5707 3719 5782 responde!!!"

2221 5815 2672 5886 exprobrantibus
2726 5813 2854 5868 mihi
2916 5813 3134 5866 verbum
3189 5810 3353 5881 (Psal.
3401 5794 3712 5865 ωνιιι,1ἒ)ν⁹
