3888 6432
95 402 191 459 653

1261 395 1754 452 DECRETALIUM
1797 395 2198 452 COLIJZCTIU.

3214 393 3319 450 05$

94 509 203 564 licet
219 505 355 562 enim
381 506 746 573 tacuissemus,
779 521 884 561 non
909 521 1122 577 semper
1153 507 1451 562 tacehimus
1503 521 1628 578 ape-
1660 510 1705 567 Α
1736 507 1859 562 licet
1883 509 2119 563 dicentes
2163 521 2322 576 quam
2354 505 2498 576 quod
2533 505 2834 561 audivimus
2877 514 2930 561 et
2972 521 3321 578 cognovnnus

93 602 249 654 riente
275 597 429 653 nobis
452 598 674 654 Domino
698 597 880 654 claves
907 598 1076 652 verbi.
1119 598 1288 670 igitur
1334 599 1554 654 directis
1586 598 1640 653 in

90 691 316 764 pauenti
373 690 685 745 beatitudini
724 689 1082 746 fraternitatis
1107 699 1302 746 vestrae
1351 689 1644 760 apocrisia—

92 784 174 838 riis
201 781 285 852 qui
314 788 434 850 post
459 779 652 834 multas
683 779 856 836 factas
882 779 1025 835 inter
1059 794 1157 835 nos
1193 780 1259 834 de
1279 777 1642 835 ecclesiastica

87 869 413 941 requisitione
459 867 800 926 dissonantes
829 868 1330 933 sermocinationes,
1357 867 1408 923 in
1437 867 1543 922 fine
1577 867 1643 922 ad

88 962 176 1017 hoc
206 959 958 1031 pervenerunt,admouentes
1011 973 1110 1015 nos
1153 968 1316 1027 atque
1368 957 1646 1013 hortantes

84 1050 403 1123 interpretari
442 1050 602 1108 unius
643 1050 757 1106 veri
789 1051 882 1107 Dei
912 1050 1083 1109 nostri
1123 1048 1410 1106 voluntatis
1439 1047 1645 1104 intelle—

90 1151 220 1199 ctum
261 1150 424 1213 atque
474 1142 780 1212 huiusmodi
831 1141 1331 1214 interpretationem
1377 1140 1645 1197 destinare

87 1240 260 1288 vestra:
279 1230 669 1288 sacratissima:
715 1230 1074 1288 venerationi.
1107 1230 1214 1285 Nos
1241 1237 1520 1300 acceptam
1548 1230 1645 1284 ha-

89 1323 252 1378 Leutes
281 1321 438 1378 bonae
473 1320 818 1377 conscientia:
844 1320 1223 1392 praedictorum
1253 1319 1643 1376 venerabilium

87 1409 298 1464 virorum
325 1409 770 1474 admonitionem,
797 1418 1184 1480 cognoscentes
1211 1418 1394 1465 autem
1447 1418 1501 1463 et
1527 1423 1645 1478 qnte

91 1497 394 1568 principatus
455 1499 824 1568 apostolorum
891 1499 1172 1554 summitas
1221 1497 1378 1554 docet
1430 1505 1646 1570 paratos

88 1602 191 1643 esse
217 1587 282 1643 ad
306 1587 733 1645 satisfactionem
762 1590 908 1645 omni
931 1590 1174 1660 poscenti
1199 1590 1422 1646 verbum
1443 1589 1509 1645 de
1549 1603 1646 1660 Spe

91 1694 192 1748 qua:
217 1678 268 1734 in
299 1679 456 1736 nobis
482 1689 570 1738 est
593 1680 891 1737 secundum
924 1681 1030 1737 "Dei
1070 1681 1342 1746 timorem,
1389 1695 1642 1736 mansue-

89 1767 406 1840 tudinemque
436 1770 509 1827 ad
533 1771 727 1828 bonam
752 1771 1031 1829 scientiam
1064 1780 1444 1842 temperantes,
1485 1785 1646 1842 super

1745 614 1776 653 a
1803 599 2002 654 sanctis
2051 597 2438 653 universalibus
2475 598 2685 667 magnis
2728 596 2983 666 apostolis
3030 612 3322 666 eorumque

1744 692 2164 756 successoribus,
2206 698 2260 748 et
2284 700 2466 762 patres
2490 691 2661 746 nostri
2699 699 3090 746 enarraverunt
3144 691 3319 758 nobis,

1744 793 1800 839 et
1834 784 2141 840 audientem
2170 782 2576 854 praedicavimus
2611 781 2678 836 ad
2710 795 2996 851 supernam
3045 781 3329 836 tendentes

1744 876 2078 932 vocationes.
2107 874 2365 931 Nostrum
2397 883 2478 931 est
2513 874 2754 931 studium
2779 873 2868 929 ubi
2919 873 3069 942 pacis
3121 872 3327 928 consti-

1747 967 1881 1021 tutio
1929 973 2129 1035 manet,
2167 965 2252 1022 his
2300 965 2392 1037 qui
2430 965 2484 1020 in
2535 965 2709 1022 stadio
2749 964 2964 1036 pietatis
3019 971 3145 1019 sunt
3191 964 3329 1019 bene

1746 1061 1900 1116 unica
1929 1060 2118 1132 gloria,
2166 1058 2513 1116 intercessori
2559 1059 2812 1115 tribuitur
2858 1067 2913 1114 et
2943 1071 3160 1122 corona,
3223 1056 3328 1110 Deo

1746 1151 2074 1208 manifestati
2103 1166 2294 1207 sumus
2317 1151 2407 1222 qui
2431 1151 2640 1222 iudicat
2679 1149 2858 1204 omnia
2890 1158 2945 1204 et
2985 1147 3324 1217 comprobat.

1746 1242 1861 1297 Non
1886 1241 2194 1314 iurgialiter
2218 1250 2447 1308 stamus,
2478 1256 2586 1296 non
2619 1241 2686 1295 ad
2728 1240 3181 1297 contradictiones
3242 1252 3326 1292 re-

1745 1336 2029 1406 spicimus,
2058 1350 2156 1390 nec
2196 1332 2437 1390 favorem
2471 1333 2686 1388 inanem
2715 1331 3104 1401 amplectimur,
3157 1329 3248 1385 sed
3278 1328 3328 1380 in

1747 1429 1911 1484 verbo
1937 1427 2029 1482 Dei
2070 1425 2325 1496 propositi
2358 1423 2664 1494 huiusmodi
2703 1419 3071 1492 requisitionis
3130 1416 3317 1474 resolu-

1748 1520 1920 1574 tiones
1954 1519 2144 1575 fecisse
2165 1518 2549 1588 dignoscimur,
2585 1515 2902 1572 confitentes
2925 1511 3175 1584 quoniam
3190 1511 3314 1580 paci

1748 1610 2004 1666 Dominus
2026 1609 2186 1676 Deus,
2214 1608 2282 1662 ad
2319 1607 2549 1663 alterum
2599 1615 2907 1662 nostrorum
2965 1603 3227 1656 unitatem
3280 1608 3330 1654 cl

1747 1701 2060 1756 diiectiones
2083 1699 2426 1756 conservavit
2458 1698 2510 1752 in
2546 1697 2715 1768 gloria
2759 1694 2876 1764 eius
2931 1691 3330 1764 benignissima'

1750 1789 2064 1859 maiestatis.
2097 1788 2324 1848 Omnem
2364 1802 2486 1843 cum
2521 1794 2697 1840 vestra
2721 1783 3054 1840 beatitudine
3091 1782 3141 1836 in
3179 1780 3308 1834 Chri

92 1859 170 1915 tali
189 1862 556 1919 tantummodo
586 1864 938 1935 requisitione
979 1872 1214 1920 mentem
1262 1874 1501 1920 nostram
1546 1879 1642 1935 per

1755 1887 1828 1936 sto
1888 1880 2203 1935 existentem
2255 1877 2652 1934 fraternitatem
2703 1884 2812 1931 tam
2863 1889 2962 1930 nos
3013 1888 3174 1944 quam
3247 1875 3330 1941 qn3

95 1950 176 2007 has
208 1951 437 2025 syllabas
489 1955 842 2025 exponimus,
895 1953 1191 2025 superfluas
1235 1954 1650 2011 exercitationes

94 2052 138 2098 et
159 2043 522 2102 altercationes
543 2048 828 2103 verborum
857 2056 1078 2117 propter
1101 2047 1409 2105 satietatem
1433 2056 1487 2104 et
1512 2063 1648 2118 prae-

94 2137 236 2192 sentis
259 2139 516 2208 temporis
535 2139 983 2212 incongruitatem
1007 2141 1340 2197 declinantes
1355 2156 1417 2196 ac
1455 2157 1655 2212 prmca-

97 2238 274 2296 ventes,
304 2230 436 2286 nihil
457 2231 682 2287 omnino
706 2232 849 2288 aliud
872 2231 1224 2304 iutclligentes
1245 2247 1306 2288 ac
1325 2230 1661 2303 proferentes

1751 1971 2026 2030 nobiscum
2066 1977 2190 2024 sunt
2224 1969 2452 2022 multant
2490 1964 2862 2022 salutavimus.
2916 1964 3046 2019 Data
3077 1979 3173 2016 xm
3205 1961 3324 2016 Kal.

1756 2059 2094 2125 Novembris,
2111 2059 2424 2117 Philemone
2445 2066 2499 2114 et
2521 2057 2696 2113 Attico
2712 2057 2843 2111 viris
2865 2054 3182 2110 clarissimis
3205 2067 3323 2107 con-

1759 2152 1986 2210 sulibus.

105 2357 3303 2385 WWW

951 2499 1535 2594 EPISTOLA
1606 2501 2065 2590 LIBERI]
2144 2501 2517 2589 PAPJE.

596 2685 663 2743 Ut
697 2687 875 2744 nullus
898 2703 992 2758 pro
1016 2687 1462 2758 persecutionibus
1483 2689 1606 2744 dum
1632 2690 1826 2744 durare
1852 2697 2018 2761 potest
2045 2705 2194 2744 suam
2228 2687 2487 2760 relinquat
2533 2687 2843 2744 Ecclesium.

159 2863 375 2923 Dominis
399 2863 761 2921 sanctissimis
782 2873 838 2921 et
866 2864 976 2920 Deo
1004 2863 1399 2922 amantissimis
1426 2864 1646 2920 univer—

103 2954 164 3008 sis
184 2954 428 3025 episcopis
455 2953 720 3011 LIBERIUS
738 2956 1021 3027 episcopus
1047 2955 1100 3010 in
1146 2954 1373 3011 Domino
1400 2955 1650 3016 salutem.

106 3039 220 3098 Nihil
245 3051 320 3100 est
345 3044 496 3114 quod
525 3044 614 3098 diu
641 3053 786 3100 stare
809 3045 980 3116 possit
1012 3044 1114 3101 nisi
1142 3044 1236 3102 Dei
1285 3045 1480 3116 gratia.
1537 3045 1652 3102 Cae-

1754 2859 2032 2917 suadeant.
2058 2861 2330 2934 Scriptum
2353 2877 2584 2934 namque
2630 2870 2753 2925 est:
2790 2881 2808 2915 ι
2847 2861 2986 2930 Quid
3043 2863 3336 2918 retribuam

1754 2951 1984 3010 Domino
2009 2969 2106 3024 pro
2130 2954 2379 3011 omnibus
2433 2971 2553 3025 quae
2606 2955 2856 3010 retribuit
2904 2955 3072 3009 mihi?
3107 2953 3334 3010 Calicem

1753 3043 2010 3100 salutaris
2033 3045 2294 3114 accipiam
2313 3053 2368 3101 et
2391 3061 2584 3101 nomen
2614 3045 2827 3102 Domini
2859 3046 3122 3102 invocabo
3165 3043 3320 3116 (Psal

107 3141 245 3188 terum
273 3136 514 3206 nequitia
541 3135 740 3192 diaboli
769 3137 1172 3209 contemptibile
1211 3136 1406 3192 malum
1439 3137 1650 3206 plenum
1679 3151 1723 3212 ρ
1752 3152 1874 3204 cxv,
1900 3138 2009 3212 l2).
2049 3159 2065 3193 ι
2103 3139 2333 3196 Tantum
2385 3141 2527 3198 enim
2557 3156 2584 3195 a
2617 3141 2770 3198 nobis
2821 3141 3055 3213 exigitur
3079 3151 3336 3212 quantum

104 3235 274 3283 veneno
294 3225 578 3284 mortifero
606 3227 763 3295 sevit,
793 3229 884 3298 qui
927 3243 1142 3284 sursum
1187 3237 1350 3298 atque
1403 3228 1655 3284 deorsum

108 3312 310 3371 «circuit
360 3332 618 3388 quaerens
665 3333 825 3388 quem
871 3318 1093 3375 devoret
1156 3317 1208 3387 (Ι
1240 3316 1386 3373 Petr.
1434 3335 1485 3385 v,
1515 3319 1594 3391 8).
1633 3339 1651 3372 ι

108 3399 229 3461 Unde
249 3406 462 3477 vigilare
499 3416 555 3464 et
589 3408 754 3465 sobrii
783 3423 902 3467 esse
922 3409 988 3464 ad
1014 3409 1310 3475 orationes,
1331 3418 1387 3465 et
1414 3411 1523 3466 Deo
1541 3426 1660 3482 pro-

108 3495 332 3566 pinquare
354 3499 637 3564 debemus,
665 3510 719 3556 et
741 3499 940 3568 fatuas,
964 3501 1188 3563 Domino
1215 3501 1526 3569 auxiliante,
1557 3502 1656 3558 ho-

111 3587 276 3644 minam
307 3591 554 3659 insidias,
597 3603 754 3665 prout
785 3594 1041 3650 Dominus
1070 3611 1229 3666 posse
1283 3596 1514 3661 dederit,
1569 3611 1654 3652 re-

116 3695 296 3766 spuere,
329 3693 382 3740 ct
401 3695 588 3757 patres
611 3686 786 3756 sequi,
813 3695 868 3742 et
913 3701 1020 3742 non
1071 3688 1368 3760 transgredi
1401 3689 1658 3746 terminos

108 3781 302 3842 patrum,
335 3792 440 3835 non
471 3786 532 3834 ut
571 3787 782 3834 nostras
811 3777 1177 3849 relinquamus
1199 3780 1324 3836 dum
1357 3780 1409 3834 in
1429 3781 1508 3836 eis
1534 3795 1656 3852 per-

110 3863 270 3926 sistere
286 3870 575 3944 aliquando
598 3870 896 3928 valebimus
917 3871 1340 3942 ecclesiasticas,
1357 3883 1415 3928 ut
1435 3874 1501 3928 ad
1527 3874 1660 3930 alias

110 3970 442 4031 properemus,
468 3972 566 4018 aut
603 3963 827 4035 populos
888 3965 1209 4022 commissos
1257 3967 1548 4039 negligere,
1601 3975 1660 4021 ut

109 4047 306 4112 quietem
339 4055 570 4126 amplius
595 4069 755 4124 quam
785 4069 882 4126 pro
906 4056 986 4111 eis
1009 4055 1310 4122 elaborare,
1345 4071 1442 4127 pro
1464 4056 1658 4127 quibus

109 4134 241 4192 etiam
261 4142 463 4200 animas
509 4159 713 4216 ponere
757 4146 1034 4211 debemus,
1088 4148 1396 4204 studeamus
1426 4189 1444 4213 ,
1491 4164 1659 4218 quan-

108 4238 239 4291 quam
259 4231 402 4287 multi
454 4248 557 4290 nos
604 4243 994 4306 persequantur
1021 4245 1076 4294 et
1104 4252 1233 4292 oves
1273 4237 1473 4294 Christi
1526 4238 1659 4293 dila-

108 4329 263 4376 cerare
294 4322 620 4390 desiderant,
654 4327 742 4396 qui
772 4344 788 4376 ι
825 4327 979 4395 quasi
1007 4327 1244 4382 vestibus
1267 4327 1447 4382 ovium
1496 4343 1656 4398 appa~

109 4417 223 4475 rent,
258 4412 395 4472 intus
420 4425 603 4472 autem
633 4429 757 4473 sunt
783 4417 890 4487 lupi
923 4433 1165 4488 rapaces,
1215 4433 1348 4489 quos
1377 4435 1442 4474 ex
1472 4418 1658 4475 fructi-

1757 3246 2042 3302 possumus
2093 3233 2383 3289 famulatus
2434 3233 2604 3289 nostri
2651 3233 2912 3303 obsequio
2969 3233 3334 3291 commodare.

1761 3322 1911 3381 Unde
1933 3326 2149 3395 quidem
2175 3334 2323 3382 tanto
2340 3325 2495 3382 nobis
2517 3341 2735 3381 necesse
2755 3335 2838 3381 est
2861 3326 3180 3395 importunis
3208 3342 3319 3396 prae

1757 3412 2117 3470 dicationibus
2139 3414 2412 3481 insistere,
2439 3423 2644 3485 quanto
2689 3415 2844 3472 nobis
2894 3413 3146 3486 perfectae
3185 3431 3320 3486 nego

1761 3503 2001 3560 tiationis
2025 3505 2265 3562 creditur
2319 3506 2589 3576 duplicata
2640 3505 2966 3564 talentorum
3023 3508 3335 3578 assignatio,

1758 3605 1917 3667 atque
1931 3597 2208 3653 Dominica
2233 3597 2385 3653 nobis
2409 3599 2474 3654 ad
2502 3597 2900 3669 suscipiendam
2939 3597 3054 3667 cius
3102 3599 3337 3668 requiem

1760 3689 2044 3756 persuadet
2093 3688 2342 3744 assertio.
2401 3688 2722 3760 Suggestum
2775 3704 3010 3759 namque
3066 3689 3220 3744 nobis
3258 3698 3340 3743 est

1757 3780 1900 3851 quod
1915 3795 2013 3850 pro
2028 3780 2316 3851 praeteritis
2343 3779 2617 3836 laboribus
2645 3788 2700 3836 et
2731 3778 3167 3836 infestationibus
3201 3794 3337 3833 non—

1759 3873 1892 3928 nulli
1919 3881 2153 3928 vestrum
2176 3873 2482 3942 assignatas
2511 3871 2728 3928 sibimet
2781 3888 2810 3926 a
2859 3873 2967 3928 Deo
3020 3873 3340 3928 connnissas

1760 3964 2066 4036 relinquunt
2089 3963 2293 4034 plebes,
2323 3973 2378 4018 et
2409 3963 2461 4018 in
2492 3963 2672 4019 futuro
2700 3963 2880 4034 plures
2912 3964 3213 4034 relinquere
3243 3979 3336 4019 ve-

1759 4055 1972 4112 linteas
2002 4071 2138 4126 quas
2161 4056 2296 4110 tueri
2343 4055 2538 4110 debent
2587 4055 2868 4122 ecclesias,
2922 4065 2975 4111 et
2999 4071 3098 4127 pro
3151 4057 3340 4112 ovibus

1758 4145 1861 4201 sibi
1909 4146 2214 4201 commissis
2254 4146 2500 4201 laborare
2545 4145 2840 4216 neglignnt,
2889 4155 2944 4201 et
2988 4148 3339 4202 monasterio-

1763 4251 1877 4289 rum
1903 4251 1963 4290 se
1999 4235 2163 4306 quieti
2190 4236 2505 4292 contradere
2534 4236 2809 4300 festinent,
2835 4245 2890 4292 et
2909 4237 3243 4294 vacationem
3271 4238 3338 4292 ab

1758 4327 2094 4398 episcopatus
2124 4329 2395 4384 laboribus
2423 4328 2640 4398 eligere,
2685 4337 2740 4384 et
2770 4328 2984 4386 silentio
3021 4338 3182 4400 atque
3227 4331 3338 4385 otio

1760 4417 1926 4485 vitam
1965 4417 2159 4489 degere
2189 4418 2359 4488 magis
2381 4426 2659 4488 appetant,
2697 4433 2858 4488 quam
2884 4419 2934 4473 in
2974 4419 3057 4475 bis
3087 4435 3206 4489 qua:
3235 4419 3334 4474 sibi

109 4493 188 4554 bus
213 4508 578 4576 cognoscimus
610 4507 822 4580 (Matth.
853 4524 945 4576 vn,
972 4510 1058 4579 15,
1112 4509 1216 4581 16).
1262 4530 1280 4562 ι
1336 4510 1426 4565 isti
1457 4510 1651 4581 primo
1681 4514 1729 4574 D
1753 4507 2040 4566 commissa
2078 4515 2203 4564 sunt
2239 4522 2577 4577 permanere,
2614 4508 2824 4564 dicente
2868 4507 3130 4563 Domino:
3163 4525 3180 4558 ι
3203 4507 3334 4561 Bea-

109 4589 288 4653 quidem
311 4598 557 4654 videntur
604 4614 669 4655 ex
700 4599 853 4656 nobis
877 4614 1016 4663 esse,
1050 4600 1142 4656 sed
1176 4615 1281 4656 non
1315 4609 1527 4656 suntex
1562 4616 1658 4656 no-

110 4674 192 4744 bis,
216 4684 254 4738 si
279 4690 418 4746 enim
479 4692 706 4748 fuissent
764 4707 831 4748 ex
887 4693 1059 4760 nobis,
1107 4695 1426 4752 mansissent
1475 4695 1658 4766 utique

115 4772 381 4836 nobiscum.
406 4783 632 4848 Ouando
666 4801 794 4842 vero
830 4800 982 4842 suam
1020 4788 1357 4845 evomuerint
1411 4789 1664 4862 impietat

115 4867 221 4931 lem,
248 4868 420 4928 dolum
447 4877 540 4946 qui
574 4877 629 4933 in
654 4879 734 4935 eis
761 4888 847 4934 est
865 4891 1208 4950 erumpentes
1255 4889 1312 4939 et
1355 4881 1657 4952 apprehen-

115 4954 274 5018 dentes
299 4963 644 5036 infirmiores,
709 4980 766 5027 et
815 4986 910 5028 eos
953 4972 1045 5042 qui
1096 4973 1164 5028 ad
1211 4972 1422 5043 eloquia
1476 4973 1656 5030 divina

115 5055 275 5107 Sensus
297 5053 674 5118 inexercitatos
700 5063 920 5129 habent,
949 5077 1134 5118 secum
1183 5078 1278 5120 eos
1333 5065 1659 5120 contrahunt

117 5138 168 5187 ad
189 5143 542 5218 perditionem,
567 5152 941 5208 subvertentes
969 5168 1105 5224 quos
1131 5161 1344 5224 oportet
1371 5153 1656 5224 praeseien-

122 5229 184 5279 “‘3
208 5244 405 5303 cavere,
435 5255 503 5295 ne
525 5241 726 5296 malitia
751 5258 935 5299 eorum
965 5243 1181 5312 quidem
1212 5243 1418 5298 seducti
1453 5244 1658 5300 abscin-

117 5312 286 5380 dantur
308 5342 336 5382 a
359 5332 570 5401 prepria
601 5332 876 5388 ﬁrmitate.
919 5353 937 5386 ι
976 5334 1259 5390 Exacuunt
1280 5335 1421 5390 enim
1453 5336 1678 5406 linguas‘

119 5413 377 5483 ωδδὶυιιει
406 5424 678 5494 pmphetaa
699 5439 910 5491 vocem,
943 5426 1083 5482 sicut
1138 5436 1435 5497 serpentes.
1485 5427 1656 5481 Vene-

121 5511 225 5591 num
248 5510 477 5578 aspidum
509 5516 606 5572 sub
635 5517 792 5574 labiis
843 5534 1030 5575 eorum
1084 5517 1255 5591 (Psul.
1300 5534 1483 5584 cxxix,
1506 5517 1580 5586 4).
1631 5537 1650 5572 ι

125 5587 213 5652 Nec
245 5615 330 5657 vos
356 5605 528 5677 pigeat
556 5624 652 5682 per
684 5611 1003 5683 temporales
1033 5587 1307 5668 cruciatus
1355 5627 1454 5682 pro
1503 5609 1658 5666 Chri-

124 5686 177 5738 sti
203 5695 397 5750 nomine
423 5697 684 5770 laborare,
739 5704 832 5760 sed
888 5705 1249 5774 emolumenta
1315 5704 1506 5759 futura:
1570 5719 1655 5758 re-

128 5785 471 5845 munerationis
493 5791 651 5862 huius
681 5793 1191 5850 stecuiivexationcs
1241 5795 1473 5850 tuicrare
1532 5812 1652 5864 per-

1763 4609 1846 4655 tus
1873 4599 1963 4671 qui
1985 4599 2413 4670 perseveraverit
2440 4613 2610 4668 usque
2635 4599 2688 4654 in
2723 4598 2881 4654 finem
2915 4597 3126 4669 (Matth.
3184 4613 3336 4664 XXIV,

1761 4692 1869 4764 i3).
1903 4711 1922 4746 ι
1960 4691 2110 4748 Unde
2147 4707 2382 4762 namque
2429 4700 2515 4748 est
2556 4693 2713 4749 beata
2767 4689 3190 4762 perseverantia,
3235 4691 3335 4745 nisi

1761 4783 1826 4840 de
1855 4784 2050 4839 virtute
2079 4784 2388 4854 patientiae?
2428 4799 2590 4855 quam
2643 4783 2935 4839 secundum
2990 4781 3336 4851 apostolicam

1760 4873 2190 4942 prmdicationem
2220 4888 2406 4930 omnes
2435 4874 2525 4945 qui
2578 4872 2842 4930 voluerint
2875 4871 2928 4926 in
2969 4870 3198 4926 Christo
3252 4871 3339 4942 pie

1762 4967 1940 5023 vivere
1993 4967 2421 5037 persecutionem
2473 4967 2768 5036 patiuntur.
2811 4962 3039 5033 ideoque
3072 5003 3088 5028 ,
3143 4962 3339 5018 fratres

1760 5057 2086 5124 citarissimi,
2122 5073 2226 5114 non
2282 5072 2377 5113 vos
2430 5054 2775 5112 afllictionum
2833 5052 3133 5109 amaritudo
3173 5067 3201 5105 a
3251 5051 3338 5121 pio

1759 5148 1956 5205 mentis
1988 5160 2180 5205 vestrae
2205 5147 2478 5220 proposito
2496 5153 2734 5202 coarctet
2760 5143 3028 5200 recedere.
3087 5142 3329 5200 Conside-

1762 5249 1874 5295 rate
1900 5255 2132 5312 namque
2161 5249 2360 5310 quanta
2389 5253 2485 5308 pro
2507 5237 2842 5293 absolutione
2872 5237 3040 5292 nostri
3068 5245 3122 5291 et
3151 5236 3340 5290 libera-

1761 5330 1904 5386 tione
1943 5332 2188 5397 Creator,
2248 5330 2610 5398 Dominusque
2673 5336 2729 5383 et
2782 5327 3108 5398 Redemptor
3154 5333 3352 5380 noster.

1758 5421 2061 5490 pertulerit,
2093 5423 2354 5492 quibusve
2384 5436 2441 5478 se
2469 5419 2810 5476 contumeliis
2837 5419 3172 5475 alliciendum
3223 5426 3334 5469 tra-

1759 5513 1973 5579 diderit,
2007 5522 2065 5568 ut
2095 5527 2192 5568 nos
2217 5527 2250 5566 a
2281 5511 2504 5566 vinculis
2536 5511 2816 5582 potestatis
2841 5508 3116 5566 diabolica:
3145 5506 3340 5560 libera-

1761 5612 1862 5660 rct.
1895 5603 2166 5660 Attendite
2195 5603 2374 5672 itaque
2394 5603 2546 5660 vobis
2565 5613 2620 5658 et
2640 5602 2785 5659 omni
2809 5600 2957 5672 gregi
2989 5599 3040 5652 in
3082 5612 3188 5667 quo
3241 5609 3340 5648 vos

1765 5717 1780 5748 ι
1819 5696 2052 5768 Spiritus
2079 5713 2296 5752 sanetus
2319 5698 2596 5753 constituit
2615 5695 2894 5766 episcopos
2921 5704 3101 5760 regere
3156 5687 3343 5740 islccicu

1760 5793 1890 5846 siam
1924 5791 2013 5846 Dei
2047 5791 2180 5860 (Act.
2217 5807 2305 5854 xx,
2358 5789 2516 5856 ‘28),»
2566 5803 2722 5858 quam
2781 5781 3061 5854 acquisivit
3123 5780 3342 5850 proprie
