3888 6434
590 376 696 434 655

1354 377 1635 432 APPEND.
1669 378 1757 433 AD
1783 377 1954 433 SEC.
1988 378 2077 432 IX.
2119 410 2188 420 —-—
2219 379 2465 436 ISLDORI
2513 382 2952 439 MERCATORIS
3684 395 3760 451 656

574 496 856 564 sanguine,
881 502 938 548 ut
963 509 1068 549 non
1103 494 1172 548 sit
1198 494 1287 563 qui
1329 509 1423 548 vos
1447 495 1678 564 decipiat
1719 502 1810 549 aut
1838 495 2058 549 seducet
2088 495 2139 548 in
2171 499 2214 555 Α
2243 506 2489 550 creatura
2515 497 2638 562 alia,
2669 500 2926 570 magistro
2946 499 3181 570 gentium
3210 499 3452 562 docente,
3491 505 3668 571 poterit
3691 526 3761 563 nos

575 585 868 643 subtilitate
891 584 1173 647 sermonis,
1207 592 1264 638 ut
1291 583 1440 638 vobis
1477 583 1658 654 plebes
1693 583 2011 639 commissas
2064 597 2144 638 re-

575 677 850 746 linquatis,
881 685 936 732 et
963 675 1120 732 alicui
1147 685 1365 744 propter
1386 676 1648 730 malorum
1674 675 2020 746 Opprobrium
2049 675 2145 728 ho-

577 769 779 821 minum
806 767 972 837 quieti
997 783 1090 822 vos
1121 767 1366 831 tradatis,
1398 775 1456 822 ut
1485 782 1578 822 vos
1598 765 1930 822 solummodo
1977 765 2144 819 salve-

575 863 645 917 tis
666 872 719 916 et
743 862 879 918 ﬁlios
901 864 1170 934 orphanos
1203 863 1535 933 relinquatis.
1601 861 1954 934 Apertissime
1999 861 2143 915 enim

574 953 807 1022 Spiritus
840 963 1059 1010 sanctus
1079 970 1175 1024 per
1205 955 1520 1026 Apostolum
1545 955 1696 1020 dicit,
1730 973 1749 1006 ‹
1781 954 1907 1023 quia
1953 954 2004 1007 in
2056 968 2146 1007 no-

572 1044 806 1101 vissimis
838 1045 1165 1115 temporibus
1189 1046 1438 1101 recedent
1459 1045 1675 1115 quidam
1701 1059 1733 1099 a
1751 1044 1854 1100 ﬁde
1877 1053 1932 1098 et
1968 1043 2145 1098 chari-

574 1145 700 1200 tate,
730 1137 1067 1193 attendentes
1097 1137 1373 1206 spiritibus
1399 1136 1862 1202 seductoribus,et
1885 1135 2145 1192 doctrinis

572 1225 985 1294 daemoniorum,
1016 1227 1286 1298 hypocrisi
1319 1227 1582 1283 mendacii
1611 1227 1850 1282 locorum
1879 1226 2145 1281 canteria-

574 1326 681 1373 tam
705 1319 1013 1375 habentium
1049 1334 1198 1375 suam
1227 1319 1609 1376 conscientiam
1632 1318 1680 1390 (I
1702 1317 1835 1372 Tim.
1860 1332 1931 1384 tv,
1955 1318 2004 1382 1,
2028 1315 2138 1385 2).»

573 1408 798 1480 Propter
827 1411 968 1480 quod
998 1411 1277 1469 hortamur
1319 1419 1555 1467 vestram
1601 1411 1920 1465 eharitatem
1964 1423 2146 1464 exem-

573 1500 661 1570 plo
694 1501 809 1570 ejus
839 1502 929 1569 qui
959 1516 1056 1570 pro
1083 1501 1234 1577 nobis
1263 1501 1375 1571 pati
1417 1500 1600 1568 voluit,
1633 1510 1909 1571 promptos
1953 1514 2049 1554 vos
2090 1499 2145 1554 in

569 1591 778 1648 cunctis
806 1592 923 1662 ejus
943 1607 1256 1663 permanere
1283 1593 1540 1660 servitiis,
1567 1607 1666 1649 nec
1686 1592 1901 1664 quidem
1931 1607 2146 1662 quoquo

573 1682 730 1737 modo
758 1697 789 1736 a
819 1683 1104 1740 commissa
1133 1698 1261 1740 cura
1301 1684 1570 1748 recedere,
1604 1685 1698 1740 sed
1720 1684 1844 1740 totis
1866 1683 2068 1739 viribus
2090 1683 2143 1738 in

569 1774 873 1828 commissis
902 1773 1053 1830 vobis
1080 1775 1309 1847 negotiis
1338 1773 1549 1830 fortiter
1569 1789 1741 1844 usque
1765 1775 1819 1830 in
1847 1774 2005 1829 ﬁnem
2030 1788 2145 1844 per-

2245 602 2498 658 scparare
2549 606 2575 644 a
2631 591 2894 646 charitate
2949 591 3160 647 Domini
3211 592 3382 647 nostri
3427 591 3552 648 Jesu
3607 595 3762 654 Christi

2246 680 2423 752 (Rom.
2461 698 2578 747 vm,
2600 683 2690 748 '58,
2721 683 2833 754 59),
2871 693 2944 749 et,
2977 701 3096 754 quae
3133 685 3184 738 in
3223 687 3338 755 ipso
3371 694 3473 751 est,
3515 699 3646 744 recta
3670 693 3759 749 ﬁde.

2246 770 2421 826 Nolite
2475 775 2654 843 itaque
2685 779 2935 829 amittere
2981 777 3366 831 conﬁdentiam
3391 785 3634 845 vestram,
3676 797 3764 852 qua

2245 877 2494 932 magnam
2563 865 2728 920 habet
2783 865 3292 921 remunerationem.
3347 865 3604 922 Patientia
3654 872 3763 927 enim

2244 955 2400 1009 nobis
2421 955 2721 1010 necessaria
2743 965 2826 1010 est
2846 956 2911 1010 ad
2932 957 3336 1013 colluctationes
3363 957 3764 1027 adversariorum,

2244 1053 2508 1112 quatenus
2543 1044 2700 1100 ﬁdem
2731 1046 3105 1101 intemeratam
3159 1062 3328 1118 usque
3379 1047 3435 1102 in
3488 1048 3634 1104 ﬁnem
3672 1066 3764 1106 cou-

2245 1145 2521 1191 servantes
2543 1138 3016 1207 repromissionem
3032 1130 3425 1210 'pereipiamus,
3454 1155 3604 1210 quam
3624 1159 3764 1212 repre

2246 1226 2392 1282 misit
2417 1227 2500 1282 his
2552 1227 2644 1296 qui
2682 1228 2916 1298 legitime
2956 1237 3168 1285 certare
3221 1230 3583 1301 deproperant
3621 1232 3762 1304 (Hebr.

2246 1335 2297 1382 x,
2331 1319 2418 1386 55,
2454 1320 2564 1391 56).
2589 1340 2608 1372 c
2646 1322 2837 1378 Adhuc
2865 1324 3084 1380 omnino
3109 1325 3381 1380 modicum
3410 1325 3762 1395 aliquantulum,

2249 1410 2400 1481 161
2427 1411 2516 1480 qui
2544 1420 2803 1467 venturus
2823 1421 2905 1468 est
2924 1413 3123 1479 veniet,
3151 1422 3206 1470 et
3232 1429 3339 1470 non
3365 1415 3629 1485 tardabit(
3645 1414 3762 1469 Hebr.

2245 1501 2434 1572 x,37).
2468 1521 2486 1555 ι
2537 1520 2556 1554 ι
2585 1501 2725 1559 Ecce
2768 1501 2912 1559 enim
2963 1502 3127 1574 judex
3187 1513 3313 1560 ante
3353 1503 3570 1573 januam
3612 1507 3765 1560 assistit

2245 1591 2386 1660 (Jac.
2411 1608 2462 1657 v,
2493 1592 2570 1664 9),
2621 1611 2638 1644 ι
2683 1608 2911 1650 coronas
2949 1594 3194 1651 hilariter
3238 1595 3564 1666 promittens
3613 1596 3680 1650 his
3702 1597 3764 1666 qui

2241 1697 2341 1753 pro
2372 1695 2438 1737 eo
2473 1683 2812 1753 passionihns
2849 1685 3259 1740 submittuntur.
3285 1683 3444 1752 Quod
3471 1684 3513 1740 si
3542 1687 3761 1740 subtraxe-

2246 1773 2317 1827 rit
2347 1786 2408 1828 se
2435 1773 2578 1842 quis,
2618 1788 2724 1829 non
2749 1773 2982 1844 placebit
3007 1774 3200 1830 anima:
3240 1789 3376 1841 suae,
3433 1773 3524 1830 sed
3569 1775 3763 1830 cadctde

566 1861 784 1930 durare,
820 1866 1073 1935 quoniam
1090 1865 1277 1922 beatus
1305 1878 1388 1922 εει
1419 1865 1508 1936 qui
1533 1867 2142 1938 perseveraveritusque
2173 1849 2218 1910 Β
2249 1865 2606 1936 promissione
2646 1874 2866 1936 propter
2910 1867 3268 1938 negationem.
3326 1865 3435 1922 Nos
3485 1875 3643 1922 autem
3687 1882 3759 1922 non

570 1953 625 2008 in
648 1953 832 2021 ﬁnem,
858 1971 956 2012 nec
976 1955 1223 2013 laudatur
1249 1958 1479 2024 initium,
1510 1959 1604 2014 sed
1635 1956 1777 2012 finis.
1809 1975 1827 2008 ι
1861 1956 2031 2012 Nemo
2052 1971 2146 2012 vos

565 2043 788 2100 seducat
809 2045 1059 2101 inanibus
1082 2047 1279 2102 verbis.
1303 2046 1591 2117 Propterea
1618 2046 1762 2100 enim
1779 2046 1923 2101 venit
1945 2045 2023 2100 ira
2052 2044 2144 2102 Dei

569 2134 623 2189 in
649 2135 785 2190 ﬁlios
815 2135 1116 2192 difﬁdentiae
1145 2136 1360 2208 (Ep/tes.
1386 2153 1441 2203 v,
1467 2137 1543 2207 6).
1578 2155 1597 2188 ι
1633 2135 1805 2191 Nolite
1844 2150 1974 2208 ergo
2010 2133 2144 2192 eﬂici

567 2229 987 2300 comparticipes
1008 2244 1194 2286 eorum
1217 2230 1548 2300 dogmatum,
1580 2246 1754 2301 neque
1781 2231 2144 2286 communice-

569 2318 638 2374 tis
668 2318 1010 2377 infructuosis
1040 2322 1220 2377 verbis
1249 2320 1480 2387 illorum,
1525 2321 1694 2392 magis
1741 2329 1922 2377 autem
1966 2332 2022 2376 et
2060 2336 2146 2376 re-

567 2408 842 2479 darguite;
869 2411 1119 2480 quoniam
1133 2419 1306 2468 cattus
1326 2413 1793 2483 praevaricatorum
1809 2421 1954 2478 sunt,
1981 2421 2036 2468 et
2053 2427 2146 2466 ex-

569 2503 856 2557 tenderunt
887 2503 1124 2574 linguam
1150 2520 1302 2559 suam
1345 2505 1499 2575 quasi
1537 2519 1725 2560 arcum
1779 2504 2042 2560 mendacii
2091 2511 2146 2558 et

569 2609 675 2648 non
711 2595 974 2661 veritatis,
1001 2595 1322 2667 completum
1345 2605 1426 2652 est
1453 2597 1503 2650 in
1526 2597 1626 2661 eis,
1654 2596 1778 2667 quia
1810 2598 1876 2652 de
1911 2596 2052 2652 malo
2079 2597 2144 2651 ad

569 2683 765 2739 malum
795 2686 992 2755 egressi
1025 2694 1172 2750 sunt,
1195 2695 1250 2740 et
1288 2701 1374 2740 me
1419 2701 1525 2741 non
1576 2695 1961 2757 cognoverunt,
2016 2688 2146 2743 dicit

566 2774 842 2830 Dominus.
879 2776 1170 2830 Veritatem
1209 2777 1350 2832 enim
1381 2791 1483 2831 non
1514 2776 1817 2845 loquentur,
1849 2778 2147 2834 docuerunt

565 2869 709 2923 enim
735 2869 967 2939 linguam
991 2885 1142 2926 suam
1166 2877 1539 2938 persecutores
1561 2869 1910 2924 ecclesiarum
1934 2884 2145 2926 eorum-

569 2976 677 3030 que
701 2961 1040 3016 sacerdotum
1065 2960 1209 3030 loqui
1255 2959 1591 3016 mendacium
1616 2968 1675 3014 ut
1721 2959 1883 3030 impie
1925 2969 2146 3031 agerent

573 3071 590 3102 ι
621 3053 1017 3118 laboraverunt,
1048 3060 1103 3108 et
1133 3060 1422 3108 renuerunt
1442 3052 1583 3108 seire
1611 3067 1697 3107 me
1741 3051 1874 3120 (Jer.
1908 3067 1983 3119 lx,
2011 3052 2086 3125 6),
2119 3072 2137 3106 ι

569 3145 700 3199 dicit
729 3145 1004 3200 Dominus.
1058 3162 1076 3196 ι
1100 3143 1253 3200 State
1279 3159 1411 3214 ergo
1433 3159 1548 3206 vos,
1579 3143 1934 3207 dilectissimi,
1980 3159 2143 3214 super

568 3236 701 3300 vias,
731 3244 786 3290 et
811 3235 1005 3299 videte,
1033 3235 1362 3308 interrogate
1388 3235 1455 3291 de
1475 3235 1682 3290 semitis
1731 3236 1942 3290 Domini
1998 3238 2139 3292 anti-
2169 3208 2213 3269 Ο

567 3327 710 3398 quis,
739 3327 989 3383 etvidcte
1013 3342 1132 3397 qum
1152 3335 1235 3382 est
1266 3327 1352 3382 via
1382 3328 1521 3382 bona
1547 3335 1858 3382 sanctorum
1901 3337 2140 3398 patrum,

564 3428 621 3472 et
647 3417 915 3473 ambulate
947 3418 998 3472 in
1023 3433 1109 3483 ea,
1157 3427 1210 3472 et
1239 3418 1523 3473 invenietis
1578 3419 1817 3488 requiem
1863 3419 2144 3474 animabus

565 3509 760 3563 vestris
788 3508 1000 3581 (Matth.
1026 3525 1100 3574 ιι,
1126 3509 1239 3580 29).
1280 3529 1299 3561 ι
1325 3509 1430 3565 Sed
1455 3519 1510 3564 et
1537 3510 1582 3564 si
1627 3510 1872 3579 patimini
1927 3520 2145 3581 propter

565 3599 858 3664 Christum,
878 3602 1017 3656 beati
1039 3603 1213 3667 eritis,
1235 3611 1437 3656 metum
1461 3611 1637 3656 autem
1659 3617 1846 3656 eorum
1864 3615 1930 3656 ne
1953 3603 2144 3656 timue-

566 3693 704 3751 ritis.
735 3707 908 3762 neque
949 3691 1366 3757 contnrbemini,
1421 3692 1699 3747 Dominum
1746 3702 1924 3747 autem
1975 3692 2142 3748 Deum

565 3782 897 3837 sanctiﬁcate
926 3783 977 3836 in
1015 3783 1266 3836 cordibus
1289 3783 1506 3845 vestris,
1534 3782 1648 3851 ipso
1697 3782 1943 3838 dicente:
1983 3801 2000 3833 ι
2038 3781 2140 3837 N0-

568 3874 657 3928 lite
696 3873 884 3928 timere
907 3887 999 3927 cos
1021 3872 1110 3943 qui
1135 3888 1330 3942 corpus
1356 3873 1627 3937 occidunt,
1670 3873 1904 3926 animam
1961 3881 2139 3927 autem

567 3981 671 4019 non
707 3969 930 4033 possunt
966 3965 1233 4029 occidere,
1261 3963 1352 4019 sed
1373 3963 1549 4033 potius
1577 3978 1699 4017 eum
1729 3964 1910 4018 timete
1936 3965 2023 4033 qui
2051 3979 2139 4033 po-

567 4055 935 4110 test’animam
963 4063 1018 4109 et
1048 4071 1242 4126 corpus
1261 4056 1487 4124 perdere
1525 4055 1576 4108 in
1599 4055 1918 4124 gehennam.
1955 4054 2140 4110 Nonne

566 4145 672 4200 duo
701 4159 948 4214 passeres
975 4160 1094 4199 asse
1122 4153 1373 4209 veneunt,
1405 4152 1460 4198 et
1482 4160 1620 4199 unus
1648 4159 1713 4198 ex
1746 4144 1850 4198 illis
1896 4160 2000 4199 non
2051 4161 2142 4200 ca-

568 4242 658 4296 det
680 4256 841 4310 super
871 4250 1065 4296 terram
1098 4240 1213 4296 sine
1239 4239 1398 4294 Patre
1426 4239 1646 4294 vestro?
1676 4238 1848 4294 Vestri
1883 4248 2058 4294 autem
2086 4249 2139 4294 et

565 4332 742 4402 capilli
773 4333 962 4404 capitis
985 4347 1173 4387 omnes
1199 4331 1460 4386 numerati
1490 4339 1634 4386 sunt.
1681 4328 1857 4385 Nolite
1900 4345 2028 4401 ergo
2075 4331 2138 4384 ti—

566 4439 736 4491 mere,
759 4423 939 4478 multis
967 4423 1270 4493 passeribus
1294 4422 1541 4477 meliores
1590 4436 1685 4476 vos
1740 4421 1871 4476 estis
1921 4421 2134 4492 (Matth.

566 4531 625 4579 κ,
649 4513 887 4584 28ο51).
918 4532 935 4566 ι
971 4511 1423 4567 Remcmoramini
1445 4526 1597 4580 ergo,
1632 4510 1845 4575 fratres,
1873 4526 1995 4565 eum
2043 4511 2132 4580 qui

568 4606 726 4660 talem
754 4605 1010 4660 sustinuit
1037 4619 1065 4656 a
1101 4603 1472 4674 peccatoribus
1493 4603 1750 4658 adversus
1789 4602 2134 4671 semetipsum

565 4698 1041 4754 contradictionem
1069 4737 1084 4762 ,
1141 4705 1198 4750 nt
1242 4711 1310 4751 ne
1351 4696 1645 4768 fatigemini
1701 4696 1893 4750 animis
1944 4695 2137 4751 vestris

565 4791 892 4856 deﬁcientes,
922 4791 1154 4846 nondmn
1181 4790 1323 4845 enim
1350 4804 1518 4860 usque
1541 4789 1607 4844 ad
1635 4790 1945 4860 sanguinem
1962 4799 2139 4844 certa-

565 4884 743 4940 vimus
772 4885 1029 4940 adversus
1060 4891 1333 4952 peccatum
1365 4891 1736 4952 repugnantes.

637 4973 968 5030 Gonﬁdimus
993 4981 1171 5027 autem
1195 4972 1263 5027 de
1305 4971 1454 5026 vobis
1477 5012 1491 5035 ,
1548 4972 1744 5025 fratres
1789 4971 2090 5026 charissimt
2116 5011 2130 5035 ,

567 5065 788 5120 meliora
815 5073 870 5118 et
895 5063 1157 5118 viciniora
1186 5061 1393 5127 salutis,
1421 5062 1544 5130 quia
1573 5076 1744 5130 neque
1773 5076 1939 5126 mors,
1962 5073 2134 5128 neque

568 5154 700 5217 vita,
728 5167 900 5221 neque
928 5153 1126 5223 angeli,
1152 5165 1325 5222 neque
1349 5151 1702 5221 principatus,
1746 5165 1919 5219 neque
1978 5161 2130 5218 pote-

568 5253 733 5309 tates,
765 5256 938 5312 neque
980 5242 1256 5308 instantia,
1303 5240 1708 5310 nequefutura,
1765 5256 1938 5311 neque
1979 5239 2135 5294 forti-

569 5335 730 5399 tudo,
786 5347 961 5403 neque
1014 5333 1276 5399 altitudo,
1327 5347 1500 5403 neque
1545 5333 1906 5403 profundum,
1967 5345 2138 5401 neque

2247 1974 2430 2014 sumus
2456 1958 2839 2014 subtractionis
2863 1958 2955 2013 ﬁlii
2986 1959 3038 2013 in
3069 1959 3452 2028 perditionem,
3484 1959 3570 2014 sed
3599 1959 3696 2013 ﬁdei
3726 1959 3761 2012 in

2246 2049 2655 2119 acquisitionem
2680 2049 2892 2106 animas.
2912 2053 2946 2100 ἰ
2978 2049 3205 2119 Propter
3223 2049 3370 2120 quod
3394 2049 3634 2106 assumite
3651 2065 3760 2103 arma

2246 2141 2364 2207 Dei,
2396 2149 2455 2196 ut
2475 2141 2693 2211 possitis
2717 2141 2970 2195 resistere
3007 2141 3059 2195 in
3092 2140 3180 2196 die
3227 2141 3374 2196 malo
3421 2141 3654 2195 adversus
3683 2154 3761 2194 orn-

2246 2245 2341 2287 nes
2380 2231 2627 2287 inimicos
2664 2241 2863 2286 sanctae
2906 2230 2999 2286 Dei
3029 2231 3283 2286 Ecclesiae
3310 2240 3367 2285 et
3391 2237 3608 2294 vestros,
3647 2229 3760 2283 etin.

2244 2324 2391 2379 duite
2416 2337 2512 2378 vos
2536 2322 2703 2377 lorica
2733 2321 2979 2390 justiti-a3,
3029 2321 3253 2376 ealceali
3305 2322 3472 2390 pedes
3521 2320 3569 2372 in
3609 2334 3742 2388 praua

2244 2416 2455 2472 ratione
2514 2414 2790 2485 Evangelii
2844 2413 3036 2485 pacis,
3086 2413 3141 2466 in
3196 2413 3452 2466 omnibus
3493 2418 3760 2465 assumentes

2245 2514 2457 2560 scutum
2482 2504 2626 2569 ﬁdei,
2659 2505 2711 2558 in
2739 2519 2846 2573 quo
2883 2503 3106 2574 possitis
3132 2503 3318 2558 omnia
3373 2502 3546 2572 jacula
3595 2502 3759 2569 nequis-

2245 2599 2366 2654 simi
2401 2599 2567 2667 ignita
2590 2598 2954 2668 exstinguere.
3004 2596 3071 2650 Et
3099 2596 3308 2664 galeam
3353 2594 3535 2650 salutis
3568 2593 3756 2662 accipite.

2244 2699 2298 2747 et
2331 2689 2564 2760 gladium
2596 2689 2835 2758 spiritus,
2879 2687 3019 2757 quod
3041 2696 3122 2742 est
3147 2685 3373 2740 verbum
3425 2686 3536 2748 Dei,
3579 2698 3758 2754 perem-

2246 2794 2366 2835 nem
2393 2778 2692 2833 orationem
2719 2787 2777 2832 et
2808 2775 3238 2832 obsecrationem
3265 2776 3491 2831 radicati
3518 2785 3568 2830 et
3601 2773 3756 2828 fundati

2246 2871 2298 2924 in
2321 2869 2513 2925 solatio
2535 2866 2765 2922 fratrum
2786 2881 2884 2936 pro
2912 2865 3127 2926 Christo
3175 2865 3304 2921 Jesu
3365 2867 3579 2921 Domino
3618 2875 3755 2920 nostro

2245 2959 2458 3033 (Ephes.
2484 2957 2674 3024 vr,l5,
2699 2957 2808 3028 14).
2855 2975 2874 3008 ι
2915 2974 2932 3008 ι
2964 2956 3069 3012 Sed
3103 2965 3160 3012 et
3195 2972 3367 3021 nunc,
3410 2955 3609 3017 fratres,
3651 2968 3756 3008 com-

2246 3052 2560 3108 mendamus
2589 3066 2685 3106 vos
2710 3063 2898 3105 omnes
2927 3049 3153 3104 Domino
3176 3058 3231 3103 et
3274 3050 3443 3104 verbo
3472 3048 3634 3119 gratia:
3654 3044 3751 3112 ejus,

2246 3146 2336 3216 qui
2373 3153 2552 3215 potest
2577 3143 2836 3214 perﬁcere
2865 3151 2920 3197 et
2943 3143 3073 3197 dare
3102 3141 3473 3196 haereditatem
3501 3140 3632 3194 vobis
3665 3151 3751 3191 cum

2251 3237 2502 3295 omnibus
2526 3235 2728 3291 sanctis
2759 3234 2898 3305 (Act.
2928 3250 3018 3298 xx,
3051 3232 3164 3303 5‘2).
3209 3251 3228 3286 ι
3279 3252 3302 3286 ‹
3336 3233 3450 3304 Ipse
3472 3243 3630 3287 autem
3652 3229 3752 3282 Dens

2243 3332 2392 3403 pacis
2411 3340 2466 3388 et
2486 3329 2791 3386 dilectionis
2815 3331 2906 3383 det
2929 3328 3082 3383 vobis
3105 3327 3342 3397 idipsum
3369 3341 3548 3398 sapere
3569 3325 3612 3380 in
3637 3322 3752 3376 alter-

2247 3431 2429 3478 utrum
2469 3420 2647 3493 (Rom.
2677 3436 2762 3482 xv,
2797 3419 2873 3489 5),
2912 3437 2930 3471 ι
2981 3427 3039 3473 ιιι
3072 3419 3223 3473 vobis
3260 3419 3489 3474 invicem
3536 3429 3735 3470 suecurra

2245 3515 2316 3569 tis
2353 3522 2408 3569 et
2434 3527 2539 3568 non
2571 3513 2692 3566 sitis
2719 3510 2898 3575 divisi,
2925 3517 2982 3563 ut
3013 3510 3298 3565 unanimes
3328 3525 3434 3564 uno
3465 3524 3568 3572 ore,
3599 3515 3642 3561 et
3678 3519 3751 3556 uno

2244 3607 2406 3664 corde
2431 3602 2850 3658 honoriﬁcemns
2873 3615 2995 3655 eum
3037 3617 3090 3655 tn
3142 3602 3431 3656 concordia
3477 3610 3525 3655 et
3569 3595 3750 3653 consola-

2245 3700 2390 3753 tione
2420 3696 2667 3760 fratrum,
2702 3694 2793 3762 qui
2823 3702 2999 3763 potest
3024 3691 3351 3747 conﬁrmare
3383 3707 3477 3746 nos
3523 3686 3749 3744 secundum

2243 3787 2588 3858 Evangelium
2620 3785 2905 3854 ejusjuxta
2923 3783 3307 3839 rev-elationem
3335 3782 3564 3856 mysterii
3591 3775 3747 3838 attenti,

2244 3880 2576 3951 temporibus
2603 3878 2812 3932 scilicet
2847 3876 3143 3946 perpetuis,
3179 3876 3380 3946 quibus
3406 3875 3543 3930 vobis
3591 3872 3749 3926 futuro-

2243 3986 2362 4026 rum
2389 3970 2705 4041 gaudiorum
2735 3968 3008 4039 largientla
3035 3976 3162 4023 sunt
3186 3984 3434 4024 munera.
3466 3967 3748 4031 Summopere

2241 4064 2400 4120 etiam
2421 4061 2765 4116 considerare
2793 4059 3017 4124 debetis,
3041 4059 3185 4129 quod
3214 4059 3268 4113 hi
3301 4061 3392 4129 qui
3439 4055 3660 4112 fratribus
3691 4053 3748 4104 in-

2241 4154 2447 4218 vident,
2471 4167 2672 4222 eosque
2695 4151 2950 4205 damnare
2979 4160 3073 4205 aut
3106 4151 3335 4219 perdere
3357 4151 3579 4221 cupiunt,
3615 4159 3689 4216 per
3708 4153 3746 4194 se

2241 4247 2609 4317 sua,dogmata
2631 4245 2941 4309 destruunt;
2967 4244 3095 4298 dicit
3115 4244 3258 4298 enim
3285 4245 3532 4299 Dominus
3559 4255 3570 4294 :
3595 4237 3747 4294 «Omne

2241 4353 2462 4409 regnum
2486 4338 2537 4390 in
2569 4349 2625 4391 se
2653 4335 2878 4390 divisum
2904 4350 3009 4389 non
3059 4335 3223 4389 stabit
3274 4334 3481 4406 (Matth.
3507 4348 3589 4395 xu,
3614 4327 3699 4397 25),
3729 4343 3740 4373 ι

2240 4442 2295 4487 et
2327 4431 2503 4487 omnis
2523 4429 2744 4484 scientia
2787 4437 2842 4484 et
2891 4428 2977 4482 lex
3027 4429 3315 4484 adversum
3372 4444 3430 4484 se
3482 4426 3629 4481 divisa
3671 4432 3744 4474 non

2241 4523 2422 4578 stabit.
2446 4522 2675 4590 ideoque
2705 4535 2922 4576 necesse
2971 4529 3053 4575 est
3087 4529 3148 4575 ut
3177 4522 3512 4577 concorditer
3562 4515 3744 4571 salubres

2242 4611 2546 4681 suscipiatis
2573 4611 2841 4676 hortatus,
2868 4618 2917 4664 et
2952 4609 3082 4664 nihil
3111 4626 3208 4680 per
3235 4611 3607 4666 contentionem
3627 4616 3743 4673 agen-

2244 4712 2345 4765 tes,
2377 4700 2468 4755 sed
2493 4700 2559 4754 ad
2595 4713 2753 4752 omne
2782 4698 3018 4753 studium
3067 4699 3365 4753 devotionis
3405 4697 3649 4752 unanimes
3687 4686 3741 4740 di-

2241 4791 2380 4846 vinis
2411 4798 2464 4844 et
2488 4787 2794 4858 apostolicis
2844 4788 3316 4843 constitutionibus
3364 4785 3597 4857 parcatis,
3635 4788 3676 4832 et
3704 4776 3739 4827 in

2241 4882 2386 4937 nullo
2441 4880 2716 4951 patiamini
2765 4879 3235 4950 providentissima
3286 4891 3537 4933 canonum
3578 4873 3737 4925 decrell

2239 4969 2448 5032 violari,
2483 4976 2747 5036 quatenus
2769 4975 2822 5020 et
2851 4964 3184 5020 Nicaznorum
3212 4978 3470 5019 canonum
3493 4956 3735 5015 constituta.

2239 5070 2292 5117 et
2316 5076 2434 5131 qua:
2455 5075 2483 5113 a
2513 5059 2668 5114 nobis
2721 5058 2804 5114 vel
2850 5074 2880 5113 a
2907 5059 3392 5128 praedecessoribus
3437 5050 3612 5108 nostris
3648 5049 3736 5099 sunt

2238 5152 2460 5223 provide
2483 5159 2538 5205 et
2588 5150 2880 5206 salubriter
2937 5151 3171 5217 decreta,
3232 5150 3536 5204 intemerata
3575 5148 3733 5214 perm?

2239 5252 2403 5298 neant
2425 5243 2476 5296 in
2509 5242 2708 5296 futuro.

565 5403 3730 5447 _______________________________________________...

1097 5486 1726 5576 INCIPIUNT
1797 5479 2329 5574 DECRETA
2400 5477 2827 5568 DAMASI
2909 5478 3280 5567 PAPAE.

699 5635 930 5708 Epistula
960 5634 1190 5705 ejusdem
1221 5634 1288 5716 ad
1320 5632 1601 5687 Paulinum
1634 5633 2006 5689 Antiochenam

1200 5720 1508 5774 eptscopum.

633 5819 674 5872 ῐ.
715 5819 866 5886 Quod
906 5821 1168 5888 integrum
1206 5816 1474 5871 hominem
1521 5817 1814 5886 susceperit
1859 5817 1974 5872 sine
2016 5830 2136 5886 pec—

569 5917 698 5963 C(llO.

2311 5623 2374 5680 ll.
2411 5625 2562 5691 Quod
2607 5639 2744 5678 unus
2778 5624 2850 5679 sit
2876 5623 3122 5678 Christus
3159 5631 3284 5676 ante
3321 5616 3582 5674 suculae;
3614 5609 3728 5666 Patre

2244 5725 2420 5779 natus,
2451 5723 2503 5770 et
2529 5715 2580 5768 in
2611 5723 2848 5783 tempore
2874 5729 2939 5768 cx
2968 5714 3184 5782 Virgine
3214 5711 3400 5767 editus.

2314 5807 2667 5863 Dilectissimo
2701 5807 2849 5860 fratri
2885 5805 3117 5860 PAULINO
3145 5805 3399 5866 Dinis-us,
