3888 6438
82 355 172 416 657

1225 351 1710 410 DECRETALIUM
1743 352 2145 414 COLLECTIO.

3208 358 3314 420 658

140 469 236 524 Per
259 466 421 523 ﬁlium
454 479 632 521 meum
658 465 881 523 Vitalem
907 467 973 521 ad
1003 475 1054 522 te
1077 468 1274 538 scripta
1307 467 1633 533 direxeram,
1670 470 1717 528 A
1745 470 2155 529 thematizamus
2191 487 2284 528 eos
2327 472 2417 543 qui
2464 472 2600 529 duos
2640 474 2781 531 ﬁlios
2820 484 3104 543 asserunt,
3149 494 3312 534 unum

84 570 175 618 tua:
198 557 448 615 voluntati
493 564 547 614 et
587 565 680 613 tuo
717 556 917 626 judicio
950 559 1131 615 omnia
1157 559 1554 628 derelinquens,
1581 569 1637 616 et

83 664 167 724 per
187 649 397 704 Petrum
424 648 796 720 presbyterum
820 648 1179 705 indicaveram
1220 665 1309 705 me
1334 650 1387 705 in
1410 650 1638 707 articulo

84 744 178 812 jam
215 737 557 811 perfectionis
601 737 717 809 ejus
758 739 935 809 aliqua
980 754 1045 795 ex
1091 747 1244 811 parte
1291 750 1636 797 commotum.

88 833 221 889 Unde
247 840 303 886 ut
339 830 518 886 nullus
545 831 638 886 tibi
678 830 960 901 scrupulus
986 831 1263 897 resideret,
1306 847 1375 887 ne
1400 832 1641 888 volentes

88 924 286 980 forsitan
325 920 581 977 Ecclesia:
606 920 842 992 c0pulari
871 929 960 976 tua
986 920 1169 977 cautio
1207 921 1515 992 praeblanda
1542 920 1641 976 dil-

85 1013 232 1071 l'erret
262 1012 442 1079 ﬁdem,
493 1012 737 1069 misimus
783 1021 1044 1080 nostram,
1094 1022 1201 1070 tam
1240 1014 1357 1079 tibi,
1390 1015 1481 1086 qui
1525 1011 1642 1082 ejus

88 1103 192 1160 lidei
237 1102 705 1173 communionique
733 1102 983 1168 sociaris,
1025 1118 1185 1173 quam
1230 1102 1315 1158 his
1342 1103 1433 1174 qui
1475 1104 1528 1158 in
1577 1118 1642 1160 ea

87 1195 458 1251 subseribentes
500 1194 594 1249 tibi
633 1201 687 1249 et
728 1194 883 1250 nobis
910 1209 1006 1264 per
1034 1203 1088 1250 te
1117 1192 1401 1250 voluerunt
1428 1194 1641 1261 sociari,

90 1287 407 1344 dilectissime
446 1287 633 1343 frater.
677 1287 1015 1358 Quapropter
1044 1288 1089 1344 si
1136 1289 1475 1359 supradictus
1502 1288 1646 1347 ﬁlius

91 1392 219 1434 meus
246 1377 433 1434 Vitalis
474 1386 532 1434 et
578 1378 633 1434 bi
676 1379 767 1449 qui
810 1394 933 1435 cum
968 1394 1033 1435 eo
1075 1387 1201 1435 sunt
1239 1380 1332 1435 tibi
1378 1380 1646 1439 voluerint

90 1468 358 1539 θεωρίαι-ἰ,
387 1469 626 1538 primum
655 1469 817 1524 debet
840 1468 893 1524 in
918 1484 980 1525 ea
1010 1469 1349 1541 expeditione
1372 1470 1492 1526 ﬁdei
1522 1472 1648 1528 sub-

90 1558 300 1615 scribere
345 1574 469 1629 quae
506 1560 649 1615 aoud
694 1559 931 1617 Nicmam
971 1561 1060 1619 oia
1107 1559 1328 1617 Patrum
1370 1560 1647 1619 voluntate

91 1651 271 1707 ﬁrmata
296 1658 397 1708 est.

1737 572 1863 619 ante
1895 564 2111 630 saecula,
2140 576 2196 621 et
2238 566 2467 622 alterum
2514 575 2634 637 post
2675 569 3098 641 assumptionem
3135 570 3319 627 carnis

1735 672 1804 713 ex
1832 654 2069 728 Virgine.
2119 658 2655 716 Anathematizamus
2679 676 2775 717 eos
2811 661 2901 732 qui
2949 677 3046 732 pro
3083 661 3320 719 hominis

1739 751 1919 806 anima
1958 753 2209 810 rationali
2236 763 2292 810 et
2316 756 2638 828 intelligibili
2667 757 2852 813 dicunt
2882 756 2976 812 Dei
3004 755 3237 812 Verbum
3264 756 3317 811 in

1739 844 1976 899 humana
2005 860 2168 901 carne
2192 855 2466 903 versatum
2492 864 2616 904 cum
2642 848 2757 918 ipse
2788 846 2958 905 Filius
2983 849 3053 905 sit
3085 846 3318 904 Verbum

1739 932 1857 1000 Dei,
1901 943 1958 990 et
1997 950 2098 1005 pro
2142 937 2323 993 anima
2373 938 2622 995 rationali
2668 948 2722 995 et
2763 939 3085 1012 intelligibili
3133 941 3188 995 in
3222 955 3320 996 suo

1741 1041 1966 1098 corpore
2003 1026 2192 1097 fuerit,
2233 1031 2327 1087 sed
2372 1039 2631 1097 nostram,
2678 1031 2732 1087 id
2771 1041 2874 1096 est,
2914 1032 3229 1088 rationalem
3268 1037 3324 1088 et

1742 1117 2130 1190 intelligibilem
2170 1120 2287 1177 sine
2324 1131 2550 1192 peccato
2576 1121 2809 1177 animam
2838 1123 3133 1192 susceperit
3162 1131 3325 1192 atque

1743 1210 2056 1267 salvaverit.
2110 1210 2649 1269 Anathematizamus
2716 1227 2812 1270 eos
2855 1214 2946 1283 qui
2993 1227 3179 1269 verum
3229 1210 3325 1269 Dei

1743 1304 1937 1363 Filium
1970 1305 2286 1361 extensione
2311 1314 2404 1360 aut
2432 1305 2747 1362 collectione
2769 1314 2825 1361 et
2849 1321 2879 1360 a
2921 1304 3081 1361 Patre
3110 1319 3325 1375 separa-

1744 1405 1858 1454 tum
1904 1398 1959 1452 in
2006 1395 2400 1452 substantivum
2444 1404 2500 1453 et
2549 1396 2601 1452 in
2652 1395 2813 1451 ﬁnem
2858 1394 3169 1451 habiturum
3208 1406 3328 1450 esse

1746 1490 2095 1550 contendunt.
2153 1489 2212 1546 Si
2262 1490 2384 1561 quis
2431 1505 2537 1545 non
2585 1489 2784 1545 dixerit
2829 1502 3044 1558 semper
3087 1486 3328 1553 Patrem,

1746 1597 1959 1655 semper
1976 1582 2192 1647 Filium,
2217 1596 2433 1652 semper
2461 1581 2720 1654 Spiritum
2750 1587 3016 1645 sanctum,
3045 1578 3329 1636 anathema

1747 1677 1838 1734 sit.
1894 1675 1952 1732 Si
1996 1674 2117 1745 quis
2149 1690 2258 1732 non
2286 1675 2486 1731 dixerit
2515 1673 2711 1730 Filium
2759 1681 2942 1728 natum
2972 1670 3247 1736 de'Patre,
3278 1668 3332 1725 id

146 1743 181 1799 l.
214 1744 429 1812 Deinde,
453 1747 711 1818 quoniam
740 1761 898 1804 nemo
923 1756 1100 1819 potest
1124 1747 1318 1805 futuris
1338 1747 1649 1804 vulneribus

1755 1774 1832 1822 est
1851 1766 1919 1821 de
1945 1743 2247 1821 substantia
2277 1764 2456 1819 divina
2480 1763 2671 1835 ipsius,
2694 1762 2980 1817 anathema
3005 1761 3095 1817 sit.
3129 1758 3185 1816 Si
3209 1759 3332 1830 quis

92 1835 317 1891 adhibere
359 1836 707 1904 medicinam,
754 1818 978 1894 haeresis
1019 1839 1343 1894 eradicanda
1386 1848 1488 1903 est,
1529 1854 1649 1909 quae
1682 1818 1721 1877 Β
1753 1818 2104 1913 ἐιὸνηγᾉίὶθήί
2132 1818 2366 1910 Ἴριδι)ρώ
2410 1818 2621 1910 Ι)οῶέηί
2652 1818 2871 1920 irinum,
2915 1853 3007 1907 Dei
3054 1818 3243 1915 Deum,
3275 1857 3331 1904 et

95 1938 248 1995 postea
273 1927 322 1981 in
348 1926 575 1983 Oriente
600 1928 799 1984 dicitur
819 1929 1140 2000 pullulasse;
1172 1930 1225 1985 id
1259 1938 1363 1996 est,
1384 1928 1647 1985 conﬁten-

95 2021 174 2075 dus
193 2028 268 2075 est
296 2021 409 2090 ipse
437 2012 723 2092 Sapientiae
761 2022 947 2090 Filius,
974 2024 1066 2079 Dei
1112 2023 1325 2091 Sermo,
1357 2024 1648 2079 humanum

96 2112 363 2183 suscepisse
405 2128 632 2186 corpus,
680 2114 938 2182 animam,
984 2130 1237 2182 sensum,
1288 2116 1343 2171 id
1388 2123 1472 2171 est
1517 2117 1651 2171 inte-

94 2219 221 2275 grum
254 2206 421 2261 Adam
456 2216 541 2271 et,
565 2216 626 2263 ut
651 2210 959 2280 expressius
988 2209 1188 2276 dicam,
1214 2218 1383 2268 totum
1414 2220 1650 2267 veterem

98 2303 305 2351 nostrum
350 2296 469 2353 sine
529 2307 754 2368 peccato
795 2299 1086 2354 hominem.
1131 2299 1284 2357 Sicut
1327 2301 1471 2357 enim
1519 2317 1650 2357 con-

98 2383 277 2442 ﬁtentes
298 2401 419 2443 eum
450 2389 749 2467 humanum
791 2405 989 2460 corpus
1030 2393 1349 2464 suscepisse,
1393 2409 1498 2450 non
1545 2404 1655 2450 sta-

100 2479 176 2532 tim
212 2479 256 2535 ei
296 2490 349 2536 et
393 2466 664 2537 humanas
692 2483 944 2538 vitiorum
986 2466 1328 2556 adiungimus
1357 2486 1648 2555 passiones,

101 2568 159 2621 ita
177 2577 223 2624 et
241 2571 476 2629 dicentes
504 2589 628 2629 eum
664 2574 970 2644 suscepisse
999 2583 1052 2629 et
1079 2574 1312 2631 hominis
1336 2575 1570 2631 animam
1599 2584 1655 2631 et

100 2674 306 2729 sensum,
332 2680 437 2719 non
482 2665 669 2720 statim
702 2664 932 2723 dicimus
966 2674 1021 2721 et
1054 2666 1436 2738 cogitationum
1466 2668 1654 2723 huma-

102 2766 257 2808 narum
281 2755 614 2826 subjacuisse
642 2766 883 2827 peccato.

156 2841 209 2897 ll.
244 2844 295 2900 Si
340 2847 460 2917 quis
513 2858 690 2904 autem
740 2849 939 2905 dixerit
985 2851 1218 2907 Verbum
1264 2866 1363 2923 pro
1417 2853 1653 2908 humano

103 2948 232 2989 sensu
258 2936 307 2992 in
338 2936 556 2995 Domini
583 2954 747 2997 carne
772 2949 1065 3009 versatum,
1089 2942 1231 2999 hunc
1259 2943 1524 2999 catholica
1554 2943 1651 2998 Ec-

103 3025 233 3082 clesia
264 3031 707 3097 anathematizat,
737 3047 945 3089 necnon
972 3042 1027 3091 et
1048 3048 1140 3090 eos
1164 3034 1255 3105 qui
1278 3034 1412 3090 duos
1447 3035 1501 3090 in
1536 3033 1653 3090 Sal-

105 3124 254 3174 vatore
283 3119 416 3176 ﬁlios
444 3121 795 3187 conﬁtentur,
831 3123 884 3179 id
920 3131 1004 3178 est
1039 3139 1206 3179 unum
1245 3134 1370 3180 ante
1406 3125 1653 3181 incarna-

106 3206 289 3275 tionem,
314 3219 369 3267 et
408 3212 578 3268 aliter
624 3220 765 3283 post-
784 3213 1203 3284 assumptionem
1228 3216 1407 3271 carnis
1432 3231 1498 3271 ex
1529 3214 1651 3271 Vir—

103 3295 218 3367 gine,
242 3301 328 3358 sed
358 3302 618 3359 eumdem
649 3302 743 3359 Dei
766 3302 983 3370 Filium,
1013 3310 1067 3359 et
1091 3314 1216 3361 ante
1242 3317 1296 3361 et
1319 3316 1504 3376 postea
1529 3323 1658 3364 con-

106 3386 317 3449 liteantur
343 3396 660 3467 quicunque
680 3394 808 3452 huic
831 3395 1074 3467 epistolae
1110 3398 1455 3454 subscribere
1480 3398 1658 3454 volue-

107 3482 208 3548 rint,
248 3485 315 3541 ita
355 3497 541 3542 tamen
583 3495 643 3543 ut
681 3486 727 3543 si
759 3495 814 3543 et
858 3486 912 3541 in
954 3486 1335 3545 ecclesiasticis
1364 3488 1657 3546 canonibus

108 3585 219 3639 quos
238 3576 427 3644 optime
453 3576 624 3642 nosti,
666 3583 722 3631 et
762 3575 815 3630 in
858 3574 1132 3631 Nicaznam
1176 3577 1331 3633 ﬁdem
1372 3586 1497 3633 ante
1534 3576 1659 3634 sub-

110 3663 405 3732 scripserint,
436 3666 585 3722 hunc
619 3664 816 3721 debeas
845 3666 1049 3736 absque
1086 3666 1263 3737 aliqua
1306 3667 1657 3738 ambiguitate

108 3757 362 3826 suscipere.
403 3759 519 3815 Non
548 3758 692 3829 quod
721 3759 835 3814 hare
874 3759 987 3830 ipsa
1017 3775 1137 3831 qua:
1176 3776 1274 3816 nos
1317 3760 1656 3830 scripsimus,

110 3860 195 3902 non
219 3851 506 3919 poterimus
529 3850 961 3906 convertentium
983 3852 1311 3921 susceptioni
1337 3867 1655 3923 proponere,

109 3940 184 3994 sed
216 3945 348 4012 quod
394 3944 490 3999 tibi
543 3957 838 3998 consensus
884 3951 1069 3998 noster
1105 3941 1335 3998 liberum
1384 3943 1438 3998 in
1488 3944 1658 4000 susci-

108 4031 273 4100 piendo
299 4036 500 4093 tribuat
525 4034 852 4106 exemplum.

330 4171 579 4243 Synodus
606 4170 845 4226 Romana
874 4172 969 4227 sub
1003 4172 1229 4228 Damaso
1252 4191 1409 4245 papa.

163 4275 276 4336 Post
316 4283 593 4339 Nic-mnum
632 4284 918 4340 concilium
966 4284 1108 4340 aliud
1153 4287 1207 4342 in
1242 4290 1375 4345 urbe
1415 4287 1656 4345 Romana

109 4379 261 4434 postea
286 4385 667 4446 congregatum
693 4383 803 4440 est,
834 4391 941 4446 quo
968 4376 1218 4432 catholici
1243 4379 1477 4449 episcopi
1508 4380 1659 4435 addi-

111 4459 273 4517 demnt
304 4468 368 4521 de
408 4465 618 4537 Spiritu
647 4475 856 4531 sancto,
884 4468 1009 4537 quia
1055 4476 1241 4537 postea
1288 4468 1333 4523 is
1361 4481 1512 4523 error
1538 4468 1654 4524 ino-

109 4546 213 4606 levit
233 4563 289 4608 ut
312 4557 527 4639 quidam
562 4570 657 4611 ore
685 4555 947 4628 sacrilego
982 4558 1243 4613 auderent
1274 4557 1453 4613 dicere
1483 4558 1654 4628 Spiri-

111 4648 202 4697 tum
239 4656 471 4703 sanetum
525 4647 720 4703 factum
750 4662 873 4703 esse
915 4663 1012 4718 per
1057 4647 1271 4703 Filium.
1324 4647 1475 4703 Unde
1518 4662 1650 4703 ana-

112 4730 487 4791 thematizamus
534 4751 722 4792 omnes
766 4736 859 4807 qui
913 4751 1016 4790 non
1071 4745 1177 4791 tota
1224 4718 1651 4815 libertatepro-

112 4818 313 4879 clamant
343 4842 463 4881 eum
511 4841 632 4881 cum
672 4827 833 4882 Patre
879 4835 933 4882 et
981 4827 1118 4884 Filio
1162 4828 1318 4884 unius
1365 4829 1653 4899 potestatis

111 4925 207 4967 esse
225 4925 374 4986 atque
394 4920 728 4974 substantia.
760 4920 1294 4975 Anathematizamus
1319 4935 1533 4991 quoque
1560 4936 1655 4977 eos

113 5004 184 5068 qui
233 5005 441 5063 Sabellii
493 5018 793 5080 sequuntur
843 5025 1108 5078 errorem,
1144 5011 1389 5067 eumdem
1414 5011 1653 5066 dicentes

113 5089 298 5152 Patrem
351 5115 470 5157 esse
519 5118 678 5173 quem
739 5112 794 5159 et
841 5103 1060 5159 Filium.
1120 5096 1655 5160 Anathematizamus

113 5183 269 5241 Arium
298 5200 458 5262 atque
501 5195 841 5259 Eunomium,
891 5197 982 5266 qui
1027 5196 1143 5265 pari
1192 5196 1487 5267 impietate,
1530 5195 1656 5251 licet

114 5286 331 5338 sermone
354 5286 620 5353 dissimili,
643 5285 858 5343 'Filium
892 5296 946 5342 et
989 5287 1526 5365 Spiritumsanetum
1573 5303 1657 5343 as-

114 5381 275 5429 serunt
300 5392 413 5434 esse
437 5391 731 5436 creaturas.
761 5379 1294 5436 Anathematizamus
1320 5379 1654 5435 Macedonia-

116 5473 217 5529 ποετ
243 5468 325 5535 qui
352 5469 419 5527 de
441 5472 557 5528 Arii
586 5472 752 5544 stirpe
778 5472 1056 5528 venientes
1087 5485 1193 5527 non
1232 5470 1513 5542 perﬁdiam
1539 5484 1658 5525 mu-

117 5556 355 5621 taverunt.
403 5563 493 5619 sed
539 5577 756 5619 nomen.
800 5561 1334 5617 Anathematizamus
1382 5559 1653 5626 Fotinum,

117 5641 192 5707 ‘lui
215 5644 419 5708 Ebionis
448 5653 693 5710 hazresim
729 5652 1009 5718 instaurat,
1039 5652 1128 5724 qui
1164 5651 1447 5708 Dominum
1472 5650 1655 5707 Iesum

119 5727 356 5795 Christum
383 5751 581 5803 tantum
615 5761 679 5802 ex
727 5744 893 5804 Maria
924 5745 1141 5816 Virgine
1165 5744 1467 5802 conﬁtetur.
1511 5743 1654 5800 Ana-

1749 1948 1929 2006 omnia
1956 1962 2116 2019 posse
2139 1955 2195 2004 et
2224 1944 2370 2002 Patri
2390 1945 2670 2017 aequalem.
2697 1946 2979 2001 anathema
3005 1943 3094 2000 sit.
3124 1943 3182 1999 Si
3210 1942 3332 2013 quis

1750 2042 1947 2098 dixerit
1993 2039 2137 2111 quod
2185 2040 2240 2095 in
2275 2045 2441 2095 Carne
2484 2039 2808 2095 constitutus
2854 2037 3023 2094 Filius
3065 2035 3160 2092 Dei
3207 2049 3331 2092 cum

1750 2140 1895 2189 esset
1942 2132 1997 2187 in
2042 2138 2214 2193 terra,
2244 2130 2298 2185 in
2325 2129 2479 2185 cmlis
2504 2143 2629 2184 cum
2660 2128 2821 2185 Patre
2867 2143 2972 2184 non
3018 2135 3158 2194 erat,
3203 2141 3332 2181 ana—

1753 2225 1931 2297 thema
1975 2222 2064 2279 sit.
2113 2219 2169 2276 Si
2215 2220 2337 2291 quis
2361 2219 2559 2274 dixerit
2590 2220 2732 2289 quod
2776 2219 2827 2273 in
2872 2218 3121 2289 passione
3156 2217 3334 2273 crucis

1755 2316 1992 2372 dolorem
2018 2314 2274 2370 sustinuit
2298 2312 2465 2368 Filius
2492 2312 2583 2368 Dei
2620 2312 2779 2377 Deus,
2810 2320 2865 2368 et
2905 2326 3011 2367 non
3055 2325 3182 2367 caro
3209 2326 3331 2366 cum

1753 2406 1931 2461 anima
1959 2420 2120 2475 quam
2153 2403 2403 2460 induerat
2432 2423 2450 2456 ι
2481 2403 2535 2458 in
2563 2404 2733 2459 forma
2765 2403 2904 2459 servi
2929 2416 3089 2472 quam
3117 2402 3215 2458 sibi
3244 2417 3334 2457 ae-

1752 2505 1991 2568 ceperat,
2019 2497 2161 2551 sicut
2182 2495 2259 2550 ait
2290 2494 2566 2565 Scriptura
2593 2494 2759 2564 (Phil.
2793 2510 2854 2559 ll,
2880 2493 2958 2565 r7),
2995 2513 3013 2546 ι
3046 2494 3332 2551 anathema

1751 2589 1842 2645 sit.
1883 2588 1940 2643 Si
1969 2588 2092 2659 quis
2120 2603 2225 2643 non
2260 2586 2488 2651 dixerit,
2518 2586 2660 2657 quod
2701 2586 2755 2640 in
2799 2599 2964 2640 carne
2993 2601 3013 2636 ‹
3045 2577 3218 2655 quam
3246 2598 3335 2640 asa

1753 2679 1979 2750 sumpsit
2004 2677 2272 2742 Christus,
2313 2677 2463 2732 sedet
2501 2677 2568 2731 ad
2599 2677 2873 2732 dexteram
2905 2674 3104 2742 Patris,
3138 2674 3191 2729 in
3226 2688 3334 2745 qua

1751 2777 2011 2825 venturus
2021 2765 2357 2835 estiudicare
2371 2766 2520 2821 vivos
2541 2776 2596 2821 et
2616 2774 2854 2822 mortuos
2871 2763 2956 2836 (II
2974 2763 3111 2819 Tim.
3128 2779 3202 2829 tv,
3220 2761 3327 2834 1),:

1753 2860 2040 2915 anathema
2069 2859 2158 2914 sit.
2200 2856 2257 2912 Si
2292 2857 2413 2926 quis
2439 2872 2545 2912 non
2572 2856 2768 2912 dixerit
2796 2854 3054 2926 Spiritum
3085 2861 3333 2911 sanctum

1753 2951 1821 3006 de
1844 2950 2003 3005 Patre
2025 2964 2145 3005 esse
2169 2962 2298 3004 vere
2339 2963 2403 3003 ac
2427 2947 2642 3019 proprie
2666 2946 2805 3002 sicut
2838 2945 3031 3000 Filium
3066 2945 3131 2999 de
3154 2942 3331 3021 divina

1753 3041 2052 3099 substantia
2091 3049 2149 3097 et
2190 3040 2358 3095 Deum
2406 3054 2616 3102 verum,
2664 3037 2949 3093 anathema
2992 3035 3080 3092 sit.
3125 3034 3183 3091 Si
3212 3035 3334 3105 quis

1756 3149 1861 3189 non
1904 3132 2100 3188 dixerit
2126 3131 2307 3187 omnia
2338 3145 2496 3200 posse
2536 3128 2797 3200 Spiritum
2841 3136 3109 3194 sanctum,
3153 3126 3334 3184 omnia

1757 3241 1938 3291 nosse,
1965 3233 2021 3280 et
2058 3223 2257 3292 ubique
2284 3237 2405 3277 esse
2453 3222 2593 3276 sicut
2625 3220 2839 3276 Patrem
2865 3228 2921 3275 et
2955 3219 3170 3284 Filium,
3205 3232 3338 3274 ana-

1759 3317 1939 3373 thema
1977 3314 2067 3370 sit.
2104 3313 2160 3370 Si
2196 3314 2318 3381 quis
2347 3312 2546 3366 dixerit
2573 3309 2834 3380 Spiritum
2877 3316 3123 3365 sanctum
3165 3306 3337 3363 factu-

1757 3424 1899 3473 ram,
1923 3415 2017 3462 aut
2060 3421 2091 3461 a
2134 3404 2271 3461 Filio
2297 3403 2519 3468 factum,
2547 3402 2830 3456 anathema
2859 3400 2949 3457 sit.
2996 3399 3051 3455 Si
3080 3399 3201 3470 quis
3228 3414 3335 3455 non

1757 3500 1957 3556 dixerit
1994 3498 2174 3554 omnia
2204 3512 2302 3568 per
2339 3494 2534 3552 Filium
2564 3509 2619 3549 et
2646 3492 2902 3564 Spiritum
2947 3499 3192 3547 sanctum
3234 3488 3337 3544 Pa-

1760 3598 1897 3647 trem
1921 3588 2137 3655 fecisse,
2161 3587 2213 3643 id
2236 3595 2340 3651 est,
2368 3583 2597 3640 visibilia
2626 3592 2681 3639 et
2711 3581 3020 3647 invisibilia,
3046 3579 3335 3635 anathema

1758 3682 1849 3738 sit.
1892 3680 1949 3737 Si
1977 3681 2100 3751 quis
2128 3694 2235 3736 non
2275 3677 2497 3743 dixerit,
2526 3675 2720 3749 Patris,
2754 3682 2809 3729 et
2844 3673 2986 3740 Filii,
3017 3683 3071 3728 et
3102 3671 3337 3741 Spiritus

1757 3774 1927 3833 sancti
1959 3787 2122 3829 unam
2149 3770 2508 3834 divinitatem,
2552 3764 2868 3837 potentiam,
2892 3779 3052 3819 unam
3088 3761 3310 3835 gloriam

1756 3863 2201 3926 dominationem,
2245 3874 2412 3916 unum
2455 3871 2676 3928 regnum
2708 3862 2871 3925 atque
2897 3868 3058 3910 unam
3086 3850 3333 3907 volunta-

1760 3966 1868 4015 tem
1898 3971 1963 4012 ac
1990 3954 2309 4019 veritatem,
2328 3950 2614 4006 anathema
2640 3948 2733 4003 sit.
2782 3944 2838 4001 Si
2866 3944 2989 4015 quis
3020 3952 3125 3999 tres
3150 3955 3336 4013 perso-

1758 4065 1860 4106 nas
1900 4062 2007 4104 non
2060 4044 2259 4102 dixerit
2302 4032 2459 4099 veras
2510 4038 2690 4095 Patris
2731 4044 2787 4094 et
2833 4034 2954 4091 Filii
3002 4042 3057 4090 et
3100 4031 3333 4104 Spiritus

1757 4137 1928 4195 sancti
1950 4135 2184 4206 mquales
2205 4145 2417 4201 semper
2433 4128 2683 4198 iubentes
2701 4125 2904 4190 omnia,
2925 4131 2981 4181 et
2999 4122 3335 4179 continentes

1756 4226 1987 4284 visibilia
2016 4235 2071 4282 et
2099 4224 2407 4287 invisibilia,
2439 4219 2856 4288 omnipOtentes,
2890 4215 3071 4273 omnia
3090 4212 3337 4283 judican-

1759 4328 1860 4383 tes,
1889 4317 2070 4374 omnia
2102 4313 2458 4379 viviﬁcantes,
2486 4311 2666 4367 omnia
2698 4308 2976 4374 facientes,
3007 4306 3186 4363 omnia
3231 4303 3338 4360 sal-

1758 4418 1966 4473 vantes,
1996 4407 2282 4463 anathema
2328 4404 2417 4459 sit.
2463 4400 2518 4456 Si
2557 4401 2679 4470 quis
2708 4415 2813 4455 non
2852 4398 3046 4453 dixerit
3074 4395 3333 4466 Spiritum

1677 4513 1732 4574 D
1758 4508 2003 4557 sanctum
2034 4496 2363 4553 adorandum
2393 4492 2461 4548 ab
2488 4493 2630 4548 omni
2669 4500 2939 4556 creatura,
2980 4490 3121 4545 sicut
3145 4496 3199 4541 et
3240 4483 3333 4539 Fi-

1756 4592 1906 4653 lium.
1943 4599 1997 4645 et
2039 4589 2276 4652 Patrem,
2304 4586 2590 4641 anathema
2633 4584 2721 4639 sit.
2769 4582 2826 4639 Si
2853 4583 2973 4652 quis
2999 4582 3064 4636 de
3095 4579 3253 4633 Patre
3280 4584 3335 4634 et

1760 4680 1891 4735 Filio
1932 4680 2068 4735 bene
2109 4676 2359 4740 senserit,
2411 4674 2477 4731 de
2521 4674 2726 4746 Spiritu
2770 4680 2949 4726 autem
2993 4677 3180 4726 sancto
3226 4681 3331 4723 non

1758 4781 1904 4829 recte
1931 4769 2201 4834 habuerit,
2220 4766 2506 4823 haereticus
2528 4774 2630 4822 est.

1758 4902 1994 4989 Epistula
2026 4902 2242 4979 Damasi
2269 4916 2417 4971 papa:
2451 4899 2522 4954 ad
2550 4898 2927 4966 Hieronymum
2962 4890 3334 4963 presbyterum.

1825 5000 2071 5069 Damasus
2095 5011 2391 5082 episcopus,
2425 5008 2578 5065 fratri
2608 5015 2661 5061 et
2682 5002 3118 5073 compresbytero
3136 4999 3332 5057 Hreno-

1755 5121 1912 5166 ωηο.
1945 5104 1999 5159 ἱη
2029 5103 2257 5160 Domino
2284 5101 2532 5158 salutem.
2706 5166 2719 5177 ‘
3154 5113 3163 5117 η

1830 5195 1967 5251 Dum
2021 5193 2186 5249 multa
2241 5207 2466 5261 corpora
2519 5191 2777 5245 librorum
2834 5188 2887 5244 in
2948 5203 3067 5243 meo
3110 5185 3332 5242 arbitrio

1757 5286 1936 5343 oblata
1965 5284 2215 5350 fuissent,
2246 5282 2469 5353 contigit
2495 5290 2555 5335 ut
2590 5289 2645 5335 et
2689 5279 2880 5334 librum
2906 5277 3238 5333 Psalmorum
3275 5275 3328 5328 in

1759 5392 1881 5433 meo
1933 5376 2112 5431 animo
2151 5374 2377 5429 festinus
2423 5383 2805 5442 cognoscerem
2843 5368 3091 5431 detineri,
3131 5374 3185 5421 et
3222 5378 3338 5418 me-

1761 5468 1986 5523 moriam
2041 5464 2357 5535 capacitatis
2405 5478 2538 5518 meae
2597 5462 2837 5516 imbuere
2890 5458 3144 5531 cogitavi,
3167 5456 3334 5509 frater

1761 5559 2126 5616 amantissime
2150 5568 2204 5613 et
2243 5558 2295 5610 in
2323 5555 2538 5611 Christo
2566 5568 2778 5624 semper
2806 5552 3076 5615 sacerdos,
3100 5561 3230 5617 rogo
3256 5553 3332 5610 te,

1758 5660 1820 5707 ut
1859 5649 2150 5707 secundum
2197 5648 2532 5720 septuaginta
2575 5649 2914 5718 interpretes.
2961 5653 3015 5700 et
3056 5641 3338 5713 presbyte-

1761 5755 1871 5806 ros,
1919 5738 1972 5795 id
2010 5746 2112 5803 cst,
2165 5736 2466 5800 Matthiam.
2521 5749 2572 5794 et
2628 5737 3015 5794 Tliolomzrum.
3063 5729 3332 5786 Huchium
