3820 5318
525 303 633 364 859

524 419 769 489 Casium,
801 424 1149 488 Dithronium
1171 434 1420 506 fratrem,
1451 442 1753 512 Simonem,
1782 456 1838 504 et
1862 459 2110 520 ceteros,

526 512 847 604 inquantum
894 526 983 576 tua
1029 525 1228 592 poterit
1259 531 1591 589 conscientia
1621 535 1688 591 de
1716 552 1845 601 an,
1879 512 2124 599 invenire

538 607 761 680 vesﬁg'ia
788 611 943 667 nobis
973 619 1332 678 transmittas.
1355 622 1488 681 Peto
1510 628 1676 685 etiam
1709 638 1856 687 tuam
1882 635 2121 692 Charita-

527 702 658 765 tem,
693 708 768 766 ut,
794 700 936 758 sicut
961 721 991 760 a
1025 718 1233 767 rectore
1260 723 1350 771 tuo
1372 716 1679 778 Alexandro
1702 728 2021 801 coepiscopo
2042 731 2121 787 di-

528 787 733 857 dicisti,
778 791 1089 854 Grmcorum
1107 802 1457 870 psallentiam
1491 811 1558 867 ad
1602 830 1702 870 nos
1747 787 1982 889 dirigere
2029 829 2121 876 tua

525 876 840 939 fraternitas
867 886 1188 957 delectetur,
1212 896 1340 964 quia
1371 890 1706 976 tantteapud
1741 876 2122 982 itossimphci-

526 972 652 1072 tat-is
679 973 873 1048 indago
901 990 1012 1049 est,
1045 992 1104 1039 ut
1135 993 1340 1043 tantum
1366 990 1421 1046 in
1443 993 1530 1050 die
1570 972 1853 1057 Dnminico
1893 972 2120 1072 apostoli

524 1062 750 1133 epistola
782 1084 887 1124 una
914 1072 1194 1143 recitetur,
1224 1087 1279 1134 et
1312 1079 1585 1156 Evangelii
1617 1062 2121 1161 capitulum-unum

525 1153 757 1256 dicatur,
787 1177 889 1218 nec
914 1167 1174 1235 psallendi
1204 1187 1323 1231 mos
1348 1153 1585 1247 tenetur,
1615 1153 1715 1239 nec
1740 1183 1925 1256 hymni
1955 1189 2122 1247 decus

526 1243 580 1300 ia
621 1258 815 1307 nostro
850 1269 946 1311 ore
988 1260 1351 1330 cognoscitur.
1401 1265 1532 1324 Peto
1568 1243 1705 1342 ergo
1750 1243 1848 1344 per
1891 1273 2119 1333 fratrem

526 1341 1029 1430 compresbyterum
1067 1359 1310 1409 nostrum
1346 1341 1705 1430 Bonifacium,
1730 1341 1790 1420 ut
1822 1365 1989 1424 libeat
2018 1369 2120 1424 fra-

530 1429 774 1531 ternitati
819 1442 925 1491 tua
968 1439 1124 1497 nobis
1167 1445 1383 1514 aperire
1428 1451 1673 1525 vestigia.
1714 1455 1879 1514 Missa
1930 1461 2122 1531 quinto

528 1515 755 1577 Kalend.
795 1522 1057 1587 Novemb.
1088 1548 1188 1605 per
1219 1515 1967 1620 Bonifacium'presbyterun;

527 1620 834 1686 ron'ymum.

526 1745 866 1848 Retfﬁpltttll:
902 1754 1218 1848 Hieronymi
1259 1767 1544 1848 presbyteri
1581 1772 1653 1848 ad
1691 1772 1986 1848 Damasum
2021 1795 2115 1848 pa-

593 1839 735 1911 puni,
777 1826 866 1911 ubi
901 1826 1130 1900 suggerit
1173 1826 1450 1911 de'GJori‘a
1481 1840 1651 1905 Patri,
1692 1826 1745 1899 et
1770 1826 2115 1911 Αιιέιῖέιξιῖὲὶι

591 1891 1062 1975 βηειρεαιηιονὶὖη
1099 1906 1240 1975 apud
1285 1891 1576 1968 [tertianam
1620 1891 1912 1972 Ecclesium
1948 1891 2118 1975 co’uci-

595 2074 912 2170 Beatissimo
960 2099 1111 2156 papa:
1154 2087 1375 2148 Dsuaso
1418 2095 1565 2152 sedis
1606 2099 1919 2170 apostolica:
1967 2103 2129 2161 urbis.

523 2163 709 2221 Romae
740 2167 1103 2232 "lBRO-NYHUS.

596 2253 832 2329 Supplex
872 2262 976 2335 legi
1015 2265 1225 2327 litteras
1256 2274 1589 2342 apostolatus
1613 2280 1779 2335 vestri
1811 2293 2116 2353 poscentes,

522 2351 821 2408 secundum
845 2355 1242 2429 simplicitatem
1258 2364 1421 2430 LXX,
1448 2351 1824 2440 interpretum,
1856 2351 2110 2444 czinoues,

521 2439 1000 2535 psalmographum
1042 2452 1386 2526 interpretari
1422 2439 1673 2517 festinem
1708 2474 1930 2535 propter
1966 2439 2118 2525 fasti:-

520 2530 668 2587 dium
703 2532 1075 2597 Romanorum
1110 2552 1168 2598 ιιι
1201 2547 1289 2601 ubi
1328 2547 1639 2607 obscuritas
1680 2530 1924 2624 impedit,
1964 2573 2119 2628 aper-
2170 2585 2180 2592 -

523 2624 630 2683 tius
657 2636 714 2685 et
740 2629 927 2690 Graece
952 2642 1004 2690 et
1031 2635 1222 2694 Latine
1250 2642 1497 2698 trahatur
1522 2659 1736 2702 sensus.
1779 2647 1962 2706 Cliens
1992 2624 2121 2722 pre«

522 2729 680 2774 catur
702 2736 832 2794 ergo
857 2732 983 2783 tuus
1011 2737 1065 2783 ut
1091 2743 1194 2786 vox
1242 2731 1343 2788 ista
1387 2734 1732 2804 psallentium
1776 2742 1830 2794 in
1871 2742 2007 2798 sede
2027 2751 2117 2799 tua

523 2808 768 2869 Romana
814 2816 902 2873 die
947 2829 1222 2893 noctuque
1262 2835 1510 2894 canatur,
1539 2836 1597 2884 et
1633 2830 1685 2885 in
1723 2831 1886 2888 ﬁnem
1926 2835 2118 2905 psalmi

524 2901 813 2971 cujuslibet
845 2909 963 2967 sive
990 2915 1270 2972 matutinis
1303 2917 1387 2973 vel
1432 2921 1758 2991 vespertinis
1802 2901 1952 2982 horis
1996 2944 2121 2985 cou-

516 2996 671 3075 jungi
699 3003 979 3075 praecipiat
1004 3009 1339 3079 apostolatus
1367 3014 1444 3070 tui
1472 3016 1637 3085 ordo;
1667 3017 1853 3076 Gloria
1883 3020 2037 3079 Patri
2071 3033 2119 3080 et

525 3085 671 3146 Filio
719 3102 768 3150 et
818 3094 1042 3167 Spiritui
1086 3112 1292 3170 sancto,
1321 3112 1377 3159 et
1419 3105 1646 3178 reliqua.
1704 3109 1849 3167 Istud
1898 3128 2117 3170 carmen

526 3178 700 3239 laudis
727 3185 874 3241 onmi
914 3189 1120 3258 psalmo
1147 3194 1396 3268 conjungi
1421 3200 1726 3271 praecipias,
1756 3211 1815 3258 ut
1844 3203 1979 3261 fides
2012 3205 2116 3264 5l8
2147 3191 2191 3253 C

526 3273 897 3347 episcoporum
934 3278 1133 3340 Νεοωηί
1161 3288 1376 3344 concilii
1419 3291 1472 3346 in
1502 3302 1685 3351 vestro
1709 3312 1803 3351 ore
1843 3299 1960 3368 pari
1987 3314 2116 3355 con-

526 3365 695 3422 sortio
723 3367 1051 3437 declaretur,
1087 3375 1184 3433 Ubi
1211 3388 1389 3435 autem
1417 3381 1561 3439 Deus
1599 3394 1654 3441 et
1681 3365 1856 3442 homo
1885 3389 2118 3447 honora-

522 3455 616 3512 bili
642 3474 775 3516 voce
792 3468 1308 3533 cantatur,Alleluia
1329 3487 1545 3545 semper
1565 3492 1688 3533 eum
1711 3481 1961 3537 omnibus
1980 3482 2118 3554 psalé-

525 3549 628 3607 mis
653 3552 925 3626 alligatur,
949 3566 1010 3614 ut
1026 3562 1173 3617 omni
1205 3561 1319 3619 loco
1342 3567 1703 3626 communiter
1729 3549 2118 3643 respondeatur

526 3646 806 3702 nocturnis
832 3651 1188 3721 temporibus.
1216 3655 1271 3710 In
1303 3656 1547 3715 Ecclesia
1577 3671 1757 3718 autem
1787 3674 1909 3734 post
1939 3682 2120 3723 resur-

523 3736 819 3795 rectionem
851 3757 1020 3813 usque
1041 3757 1284 3803 sanctam
1307 3749 1680 3809 Pentecostem
1713 3756 1951 3825 ﬁniatur,
1977 3759 2119 3817 inter

525 3823 734 3881 dierum
762 3844 893 3885 vero
920 3833 1115 3902 spatia,
1139 3836 1233 3890 tibi
1254 3838 1372 3905 soli,
1401 3841 1873 3914 Quinquagesimaa
1898 3823 2118 3919 propter

523 3918 817 3976 novitatem
847 3926 1020 3980 sancti
1053 3926 1290 3996 Paschae,
1324 3942 1382 3987 ut
1417 3949 1522 3989 vox
1555 3935 1657 3991 ista
1692 3937 1866 3995 laudis
1889 3918 2118 3997 canatur

522 4008 579 4104 l‘n
611 4009 809 4104 eleph,
849 4016 991 4086 quod
1031 4021 1287 4093 prologus
1310 4020 1519 4093 Graece,
1549 4026 1742 4085 Latine
1772 4039 1952 4087 autem
1980 4048 2119 4104 prte-

525 4096 657 4164 fatio
683 4100 901 4159 dicitur.

524 4228 764 4318 Epistula
803 4235 1053 4318 Step_l_tam
1091 4224 1468 4318 archiepiscopi
1499 4260 1547 4306 et
1577 4253 1736 4307 trium
1772 4257 2116 4314 conciliorum

595 4300 790 4397 {fricat
815 4308 884 4362 ad
896 4300 1200 4370 Damasum
1228 4300 1543 4388 pupa—nine

595 4373 755 4430 sedis.

590 4481 913 4546 Beatissimo
959 4491 1182 4551 Domino
1222 4506 1278 4553 et
1321 4502 1616 4571 apostolico
1660 4506 1898 4566 culmine
1942 4509 2114 4567 subli-

521 4583 688 4641 mato,
719 4589 908 4636 sancto
935 4582 1078 4639 Patri
1114 4586 1353 4655 Patrum,
1382 4589 1597 4649 Dsuaso
1620 4610 1790 4665 papa),
1818 4608 1873 4652 et
1901 4614 2115 4657 summo

520 4670 762 4727 omnium
795 4675 1081 4743 praemium
1111 4680 1370 4749 pontifici,
1409 4682 1726 4745 Srspumus
1754 4692 2114 4763 archiepisco-

521 4774 622 4831 pus
655 4764 868 4821 concilii
905 4765 1264 4838 Mauritaniae,
1290 4781 1346 4828 et
1384 4776 1619 4835 universi
1652 4781 1887 4853 episcopi
1916 4784 1982 4841 de
2016 4787 2116 4842 tri-

520 4851 623 4909 bus
646 4855 892 4913 conciliis
914 4858 1187 4918 Africana:
1213 4865 1520 4935 provinciae.

588 4944 786 5041 Notum
834 4959 1029 5008 vestra:
1072 4953 1303 5015 facimus
1341 4961 1658 5020 beatitudini
1701 4968 1845 5037 quod
1877 4968 2128 5041 quidam.

521 5034 717 5095 fratres
747 5039 799 5093 in
829 5041 1064 5101 confinio
1100 5049 1257 5104 nobis
1296 5052 1457 5120 positi
1482 5034 1744 5124 quosdam
1791 5034 1985 5117 fratres
2017 5076 2114 5117 no-

520 5138 688 5192 stros,
726 5134 1063 5192 venerabiles
1108 5139 1358 5192 videlicet
1385 5146 1688 5192 lenissumus.
1734 5150 1888 5192 νηιιῑα
1928 5152 2114 5192 inm..-

1414 327 1707 388 APPEND.
1747 333 1841 392 AD
1879 335 2055 397 ΒίΕΟ.
2099 341 2555 407 IX.—lSlDOi{l
2586 351 3028 416 MERCATORIS

3656 366 3733 423 ﬁl

2141 459 2188 519 Α
2218 459 2413 518 minari
2454 466 2656 524 vertice
2696 472 3011 542 apostolico,
3056 474 3208 545 cujus
3250 486 3456 533 vetusta
3496 477 3731 540 sollicitudo

2221 559 2324 616 est,
2371 560 2479 608 tam
2522 558 2661 613 mala
2706 562 2985 631 damnare,
3028 581 3191 637 quam
3238 565 3476 624 revelare
3512 568 3727 627 laudante.

2219 644 2474 713 Antiquis
2498 649 2642 703 enim
2674 652 2874 723 regulis
2897 655 3163 712 censiturn
3200 669 3307 723 est,
3338 667 3398 714 ιιι
3423 660 3647 730 quidquid
3667 663 3731 719 bo

2222 750 2340 790 rum
2389 743 2636 809 quamvis
2680 748 2733 799 in
2783 748 3007 804 remotis
3053 750 3139 804 vel
3180 751 3235 805 in
3282 750 3561 823 longinquo
3597 756 3732 824 posits

2220 838 2471 898 ageretur
2492 832 2806 901 provinciis,
2852 853 2957 895 non
2987 839 3140 911 prius
3186 844 3522 899 tractandum
3545 845 3617 899 vel
3637 848 3734 903 acci-

2220 920 2473 989 piendum
2500 923 2592 989 sit,
2623 925 2727 981 nisi
2749 926 2816 982 ad
2844 928 3089 985 notitiam
3115 931 3269 987 alma:
3292 934 3439 990 sedis
3462 947 3630 991 vestra
3647 936 3734 992 fu's-

2220 1020 2305 1067 set
2336 1012 2648 1084 deductum,
2678 1027 2737 1073 ut
2779 1018 2897 1088 ejus
2925 1024 3248 1081 auctoritate
3268 1024 3428 1096 juxta
3454 1027 3583 1099 quod
3604 1027 3734 1085 fuisset

2221 1105 2629 1172 pmuuutiatum
2669 1107 2998 1179 firmaretur,
3033 1122 3087 1169 et
3121 1115 3328 1186 reliqua
3374 1117 3624 1175 multoties
3650 1120 3737 1177 his

2219 1204 2276 1251 et
2304 1196 2388 1252 his
2421 1197 2639 1282 similia,
2670 1215 2790 1272 quae
2815 1218 2978 1274 super
3006 1206 3090 1263 his
3102 1209 3404 1265 constituta
3430 1218 3576 1278 sunt;
3602 1213 3736 1284 quiin

2220 1288 2267 1343 si
2300 1279 2484 1347 illicite
2510 1289 2711 1348 factum
2741 1303 2846 1361 est,
2882 1304 2942 1351 ut
2966 1310 3183 1369 semper
3213 1308 3416 1356 vestra:
3440 1302 3548 1357 sedi

2224 1379 2352 1436 tudo
2397 1379 2515 1447 fuit,
2555 1381 2875 1441 festinanter
2915 1389 3186 1446 occurrite
3231 1398 3288 1447 et
3338 1391 3427 1448 his
3466 1393 3674 1458 viriliter,
3703 1407 3739 1450 ut

2223 1484 2377 1543 pater
2414 1489 2513 1546 pro
2540 1474 2667 1532 filiis
2712 1487 3007 1547 certantes,
3055 1491 3195 1539 state
3241 1484 3391 1540 sicut
3429 1484 3559 1542 bene
3592 1502 3618 1541 a
3642 1485 3739 1551 less,

2223 1563 2333 1620 lilio
2363 1564 2576 1636 Sirach,
2607 1568 2809 1626 dictum
2849 1580 2968 1637 est,
2998 1590 3017 1623 ι
3048 1572 3230 1643 Usque
3277 1574 3349 1630 ad
3395 1575 3548 1647 162
3582 1585 3738 1631 meum

2224 1664 2371 1711 certa
2396 1671 2496 1727 pro
2520 1658 2750 1714 veritate
2783 1669 2841 1715 ct
2864 1658 3090 1732 semper
3109 1662 3377 1720 Dominus
3402 1666 3540 1721 Deus
3568 1676 3737 1736 tuuspo-

2223 1745 2410 1817 gnabit
2430 1762 2528 1818 pro
2564 1758 2617 1804 te
2647 1748 2834 1823 (Eccli.
2865 1768 2939 1818 ιν,
2971 1753 3082 1825 33).
3107 1775 3131 1808 ι
3164 1773 3183 1804 ι
3214 1756 3486 1828 Accipere
3509 1758 3634 1813 enim
3665 1772 3737 1827 per-

2150 1822 2191 1881 B
2220 1857 2406 1899 sonam
2442 1844 2588 1916 impii
2622 1822 2727 1901 neu
2758 1855 2841 1904 est
2885 1822 3109 1915 bonum,
3156 1856 3216 1904 ut
3250 1850 3499 1907 declines
3533 1866 3560 1905 a
3584 1850 3741 1906 veritate

2211 1932 2398 2003 judicii
2426 1932 2612 2006 (Prov.
2642 1953 2794 2002 svnt,
2820 1937 2897 2009 5).
2932 1959 2950 1993 ι
2984 1939 3080 1996 Sin
3104 1941 3282 1997 minus
3312 1942 3505 1999 illicita
3528 1956 3635 2000 sunt
3654 1945 3742 2010 hat,

2220 2035 2399 2098 pateat
2428 2029 2586 2085 nobis
2608 2030 2730 2085 talis
2751 2032 3002 2088 omnibus
3029 2032 3272 2100 licentia,
3289 2034 3600 2092 beatissime
3621 2036 3742 2100 Pater,

2221 2127 2314 2174 aut
2369 2120 2415 2176 si
2463 2119 2626 2177 liceat
2668 2123 2766 2179 hos
2812 2122 2895 2179 vel
2925 2123 3138 2195 aliquos
3174 2127 3345 2182 etiam
3392 2129 3638 2184 minorum
3667 2145 3744 2201 gra

2219 2210 2387 2269 duum
2416 2212 2649 2270 clericos
2678 2215 2781 2270 nisi
2816 2216 3079 2273 canonice
3110 2226 3357 2291 tempore
3398 2220 3625 2293 legitimo
3643 2236 3745 2275 voca-

2220 2311 2324 2369 tos,
2366 2312 2463 2359 aut
2489 2306 2607 2361 sine
2648 2306 2901 2379 legitimis
2928 2311 3346 2367 accusatoribus
3373 2321 3471 2368 aut
3503 2314 3675 2383 absque
3691 2327 3739 2366 re

2220 2396 2300 2453 ris
2324 2406 2381 2453 et
2410 2397 2790 2455 innocentibus
2818 2401 3069 2469 teStibus,
3100 2404 3184 2459 vel
3216 2404 3320 2461 nisi
3359 2405 3741 2485 manifestems

2221 2488 2342 2544 uice
2383 2491 2660 2547 convictos
2703 2500 2797 2547 aut
2841 2508 3059 2565 semper
3114 2494 3404 2552 confessos
3430 2538 3448 2562 ,
3505 2497 3585 2553 vel
3618 2514 3643 2550 a
3674 2498 3747 2551 sa's

2219 2579 2438 2636 sedibus
2466 2580 2668 2650 ejectos
2704 2592 2796 2640 aut
2827 2586 2941 2641 suis
2980 2585 3311 2657 esspoh'atos
3339 2589 3509 2645 rebus
3536 2586 3747 2645 vocarent

2219 2674 2502 2746 synodum,
2535 2678 2621 2733 vel
2650 2678 2931 2747 damnare,
2958 2679 3084 2751 quia
3127 2678 3359 2751 legimus
3386 2696 3486 2737 eos
3515 2696 3611 2738 non
3644 2694 3749 2752 posse

2223 2768 2485 2837 canonice
2527 2769 2593 2825 ad
2641 2771 2904 2843 synodum
2953 2779 3081 2827 ante
3116 2787 3270 2828 suam
3320 2774 3417 2829 diu
3457 2774 3701 2831 tenendam
3716 2778 3750 2825 ει

2222 2857 2654 2927 gubernandum,
2683 2861 2892 2917 viribus
2917 2862 3128 2919 sciiicet
3153 2863 3401 2934 pleniter
3420 2864 3679 2937 resumptis
3697 2877 3749 2918 re

2222 2947 2580 3016 stitutiouem,
2613 2951 2834 3022 suisque
2855 2953 3106 3010 omnibus
3126 2954 3227 3011 sibi
3260 2955 3516 3027 lcgaliter
3534 2952 3751 3015 reStitutiS.

2225 3040 2573 3114 integerrime
2602 3045 2805 3109 vocari,
2837 3055 2931 3101 ant
2963 3055 3023 3102 ut
3049 3047 3266 3104 veniant
3293 3048 3365 3104 ad
3396 3051 3661 3122 synodum,
3685 3044 3753 3101 nisi

2226 3142 2419 3202 sponte
2449 3133 2715 3192 voluerint
2763 3137 3040 3210 imperari.
3094 3139 3237 3196 Deus
3274 3154 3409 3212 ergo
3456 3150 3653 3197 creator
3678 3152 3746 3192 οων

2224 3222 2370 3278 nium
2400 3235 2684 3283 conservet
2714 3226 3012 3301 long.evum
3058 3231 3426 3302 apostolatum
3475 3240 3683 3289 vestrum
3708 3225 3753 3280 si

2219 3313 2566 3371 stabilitatem
2618 3316 2981 3374 Ecelesiarum
3021 3332 3357 3397 sanctarum,
3409 3329 3469 3377 et
3509 3320 3757 3378 orthodox:

2221 3403 2364 3469 lldci,
2399 3420 2603 3476 vosque
2644 3416 2915 3479 pastorem
2945 3411 3169 3478 bonum,
3197 3413 3293 3482 qui
3323 3412 3754 3486 spiritualibuspn

2217 3492 2407 3550 ovibus
2432 3503 2665 3551 vestram
2701 3499 2901 3570 ponitis
2928 3501 3188 3569 animam,
3220 3512 3389 3573 atque
3415 3502 3605 3559 baculo
3622 3510 3750 3572 puto-

2218 3582 2316 3637 rali
2361 3583 2515 3656 lupos
2562 3602 2783 3656 rapaces
2820 3589 3109 3660 expellitis,
3142 3591 3512 3664 omnibusque
3549 3587 3755 3664 oppressit

2218 3673 2477 3731 auxilium
2522 3676 2706 3746 fertis,
2751 3682 2895 3751 quod
2940 3691 2996 3738 et
3045 3683 3164 3739 istis
3210 3692 3378 3756 atque
3423 3684 3660 3740 omnibus
3691 3695 3753 3734 re

2217 3776 2432 3836 semper
2464 3763 2647 3821 facere
2683 3778 2952 3838 optamus,
2988 3772 3331 3829 sanctissime
3370 3790 3535 3847 papa.
3575 3770 3754 3830 Subscri

2216 3855 2331 3926 ptio
2359 3871 2427 3914 ex
2456 3857 2560 3913 alia
2592 3874 2775 3915 manu.
2810 3858 2916 3919 Ora
2947 3875 3046 3933 pro
3075 3862 3253 3929 nobis,
3280 3863 3599 3921 charissime
3623 3862 3751 3920 Pater.

2478 3950 2751 4025 Rescripta
2780 3953 3011 4009 Damasi
3025 3972 3176 4028 papae
3199 3958 3272 4010 ad
3302 3957 3540 4015 eosdem.

2288 4042 2542 4100 Daussus
2563 4084 2577 4111 ,
2599 4058 2788 4101 servus
2810 4060 3091 4103 servorum
3123 4046 3243 4112 Dei,
3272 4056 3440 4119 atque
3462 4064 3561 4120 per
3577 4045 3753 4119 gratiam

2217 4134 2334 4205 ejus
2384 4135 2673 4206 episcopus
2746 4146 2951 4192 sancta:
3022 4137 3306 4194 catholicae
3350 4139 3606 4195 Ecclesia:
3650 4134 3756 4190 urbis

2218 4227 2423 4292 Romae,
2457 4226 2743 4284 Srsrumo
2764 4227 3170 4300 archiepiscopo
3197 4231 3414 4287 concilii
3450 4226 3755 4287 Mauritania

2216 4326 2272 4375 et
2311 4317 2579 4374 universis
2625 4318 2893 4390 episcopis
2938 4318 3209 4376 Africanae
3262 4322 3572 4391 provinciae.
3623 4316 3753 4376 Leuis

2217 4408 2578 4466 fraternitatis
2604 4419 2798 4467 vcstrte
2842 4410 3057 4477 litteris,
3100 4410 3278 4480 primo
3301 4411 3514 4481 gratias
3540 4426 3632 4483 ago
3653 4403 3752 4477 quoi

2199 4509 2493 4557 tantorum
2530 4501 2759 4557 fratrum
2789 4501 2960 4557 merui
3003 4501 3383 4560 benedictione
3420 4501 3568 4568 frui,
3607 4496 3753 4595 deinde

2199 4546 2493 4557 .......ν......
2530 4546 2759 4557 ..,.......
2789 4546 2960 4557 ...νην
3003 4546 3383 4560 ..νηνωνηνην
3420 4546 3568 4568 ,,,,,,
3610 4546 3747 4556 --πη

2147 4546 2191 4604 D
2217 4594 2361 4664 quod
2410 4595 2555 4650 circa
2597 4593 2797 4657 fratres
2839 4593 3100 4653 sollicitos
3124 4608 3220 4649 vos
3255 4595 3457 4664 reperi,
3486 4602 3545 4649 et
3565 4607 3671 4651 eum
3697 4587 3754 4641 eis

2214 4700 2429 4742 crucem
2449 4685 2661 4742 Domini
2683 4684 2896 4741 deferre
2916 4685 3007 4756 qui
3030 4685 3109 4740 ait
3133 4704 3146 4739 :
3177 4705 3196 4738 ι
3216 4683 3322 4752 Qui
3342 4683 3456 4741 vult
3480 4683 3652 4740 venire
3667 4684 3753 4752 post

2214 4791 2302 4833 me
2349 4776 2578 4848 abneget
2620 4777 2994 4847 semetipsum,
3023 4788 3078 4833 et
3109 4776 3257 4832 tollat
3283 4790 3502 4832 crucem
3547 4788 3683 4830 suam
3713 4780 3749 4823 et

2211 4878 2468 4938 sequatur
2501 4884 2587 4925 me
2615 4866 2832 4940 (Matth.
2864 4882 2976 4931 XVI,
2995 4866 3088 4939 2i)
3111 4908 3125 4932 ,
3155 4885 3174 4921 ι
3209 4875 3264 4924 et
3308 4867 3519 4938 reliqua
3547 4864 3615 4921 ad
3647 4862 3749 4961 bunt

2217 4964 2434 5020 modum
2503 4963 2854 5034 pertinentia.
2930 4962 3095 5033 igitur
3158 4961 3377 5032 quando
3427 4959 3486 5015 in
3547 4959 3748 5031 prmﬁ

2216 5066 2515 5128 opportune
2542 5064 2818 5129 gestorum
2845 5054 3242 5111 consultatione
3269 5052 3585 5126 apostolicis
3610 5057 3749 5145 vestra

2218 5146 2490 5192 Imnlilmln
2511 5146 2809 5192 visceribus
2835 5151 3102 5192 cnmmnln
3147 5158 3247 5192 nos
3280 5145 3487 5192 hortata
3527 5150 3636 5192 est.
3667 5148 3743 5191 ιω·
