3888 6432
575 362 678 420 663

1375 364 1660 421 APPEND.
1701 364 1790 419 AD
1830 361 2000 418 δίει).
2033 359 2121 414 IX.
2155 389 2222 398 -
2260 358 2505 415 ISIDORI
2559 360 3000 420 MERCATORIS
3688 370 3761 425 δθι

579 479 940 551 proferentcm
969 479 1265 543 mendacia,
1291 489 1346 534 et
1373 481 1726 534 setuluantcm
1775 478 1916 532 luter
1955 474 2149 528 fratres
2181 478 2222 532 Α
2255 473 2588 541 provinciam
2623 473 2798 543 primo
2841 473 3192 528 discussionis
3236 473 3506 528 accusatio
3546 476 3648 532 slne
3671 495 3761 552 apo.

579 570 850 630 scandala,
877 578 1040 640 atque
1064 570 1229 640 litigia
1265 567 1445 641 (Prov.
1480 586 1552 634 γι,
1584 569 1667 640 t9)
1705 589 1724 621 ι
1760 568 1874 639 ipso
1905 573 2154 621 monente

577 671 743 731 atque
789 662 1002 716 dicente
1039 677 1054 714 :
1093 679 1112 712 ι
1155 662 1268 715 Non
1323 661 1487 716 facies
1537 661 1860 716 calumniam
1908 658 2154 728 proximo

578 761 693 818 tuo,
729 769 829 808 nec
851 754 904 807 vi
926 754 1198 822 opprimes
1223 770 1365 817 eum,
1400 769 1506 807 non
1538 753 1704 807 facies
1731 751 1874 821 quod
1911 751 2152 818 iniquum

579 854 686 909 est,
715 860 816 899 nec
854 845 1047 915 injuste
1090 845 1362 916 jutlicabis
1384 885 1400 911 ,
1431 860 1534 898 non
1573 841 1939 899 considerabis
1963 855 2153 911 perso-

581 953 707 991 nam
737 937 1006 1007 pauperis,
1023 951 1124 992 nec
1150 937 1384 991 honores
1406 935 1607 989 vultum
1633 933 2048 1005 potentis,juste
2069 933 2155 1001 ju-

581 1026 700 1080 dica
724 1026 970 1097 proximo
991 1034 1083 1080 tuo
1106 1023 1290 1098 (Leuit.
1334 1041 1450 1091 xtx,
1477 1026 1540 1080 18
1570 1036 1615 1078 et
1645 1025 1796 1095 seq.),
1829 1044 1846 1077 ι
1877 1033 1932 1080 et
1956 1043 1974 1075 ι
2011 1025 2154 1094 quod

581 1115 677 1169 tibi
730 1130 836 1172 non
880 1116 964 1170 vis
1011 1115 1122 1169 fieri
1182 1115 1336 1170 alteri
1389 1132 1454 1170 ne
1507 1115 1673 1170 facias
1699 1116 1850 1186 (Tob.
1899 1116 2148 1184 tx,16),t

579 1213 636 1260 et
681 1204 905 1274 reliqua.
933 1205 998 1260 Et
1028 1205 1259 1260 maxime
1296 1215 1620 1276 praeceptum
1649 1205 1910 1260 habentes
1934 1213 2154 1274 aposto-

582 1294 744 1350 licum
787 1297 1064 1350 attendere
1123 1310 1222 1351 nos
1265 1295 1408 1366 ipsos
1462 1305 1515 1350 et
1569 1296 1717 1366 gregi
1751 1315 1769 1348 ‹
1803 1297 1856 1351 in
1900 1311 2008 1365 quo
2057 1310 2156 1349 nos

582 1385 816 1454 Spiritus
840 1396 1056 1442 sanctus
1083 1388 1258 1457 posuit
1281 1388 1562 1458 episcopos
1606 1402 1792 1459 regere
1834 1387 1928 1442 Dei
1964 1387 2153 1444 Eccle-

584 1478 742 1543 siam,
760 1491 921 1546 quam
945 1478 1228 1547 acquisivit
1253 1494 1348 1548 per
1367 1479 1678 1548 sanguinem
1702 1494 1856 1533 suum
1882 1479 2154 1548 proprium

587 1567 726 1636 (Act.
749 1583 844 1630 xx,
869 1566 982 1637 28).
1021 1588 1039 1620 ι
1073 1567 1337 1623 Convenit
1371 1578 1426 1624 et
1458 1570 1650 1624 iterum
1674 1569 1952 1624 attendere
1981 1569 2152 1639 lupos,

585 1657 865 1712 attendere
891 1658 1061 1713 malos
1091 1659 1386 1728 operarios,
1413 1659 1503 1728 qui
1533 1673 1783 1729 perversa
1823 1658 2060 1724 faciunt,
2099 1670 2156 1714 et

583 1750 806 1806 adversa
836 1750 1144 1820 loquuntur,
1186 1761 1244 1806 ut
1288 1753 1574 1808 detrahere
1619 1769 1833 1822 semper
1875 1753 2156 1823 discipulis

585 1841 818 1908 Domini,
842 1851 898 1896 et
926 1843 1188 1899 infamare
1210 1854 1470 1914 qumrant,
1502 1861 1638 1917 quos
1671 1847 1944 1916 corrigere
1981 1861 2077 1900 vos
2106 1855 2159 1899 et
2187 1816 2236 1877 Β

583 1947 773 1988 omnes
821 1933 1033 1989 Domini
1085 1936 1394 1991 sacerdotes
1430 1951 1641 1992 suuuno
1691 1937 1868 1992 studio
1911 1944 2162 2006 oportet,

587 2025 712 2094 quia
772 2024 922 2095 pejus
974 2028 1172 2081 malum
1232 2044 1338 2083 non
1374 2037 1478 2094 est,
1511 2045 1670 2098 quam
1696 2039 1755 2084 ut
1785 2029 1932 2085 cives
1954 2029 2163 2084 civibus

588 2116 863 2171 invideant
887 2127 941 2173 et
978 2119 1285 2174 sacerdotes
1328 2119 1410 2174 vel
1454 2119 1638 2174 clerici
1680 2119 2050 2174 sacerdotibus
2079 2118 2163 2174 vel

589 2207 932 2276 pontificibus
989 2209 1350 2277 insidientur,
1407 2220 1638 2266 testante
1696 2213 1859 2268 etiam
1910 2213 2164 2269 Veritatis

592 2309 725 2350 voce
757 2314 770 2349 :
801 2316 819 2348 ‹
869 2297 968 2363 Qui
1007 2315 1100 2354 vos
1144 2301 1347 2370 tangit,
1383 2301 1550 2372 tangit
1586 2302 1841 2370 pupillam
1888 2303 2028 2358 oculi
2058 2303 2163 2358 mei

590 2381 776 2455 (Zach.
803 2403 862 2452 ιι,
895 2389 970 2457 8).
1009 2409 1027 2443 ι
1081 2391 1186 2445 Et:
1222 2390 1360 2458 «Qui
1402 2393 1844 2448 scandalizaverit
1888 2409 2052 2448 unum
2099 2397 2164 2450 de

589 2476 795 2545 pusillis
821 2477 958 2542 istis,
985 2480 1174 2534 melius
1198 2491 1281 2535 est
1303 2489 1360 2535 ut
1382 2481 1740 2552 suspendatur
1766 2484 1902 2538 mola
1928 2486 2162 2539 asinaria

588 2569 642 2622 in
670 2570 864 2624 collum
903 2571 1018 2641 ejus
1043 2613 1057 2634 ,
1100 2582 1155 2627 et
1179 2571 1522 2643 demergatur
1551 2575 1603 2630 in
1635 2575 1958 2644 profundum
1997 2579 2164 2633 maris

589 2659 804 2729 (Matth.
855 2679 984 2718 xvttt
1015 2705 1028 2728 ,
1059 2664 1132 2734 6).
1173 2685 1190 2716 ι
1243 2666 1310 2720 Ει
1349 2667 1475 2722 item
1525 2686 1539 2722 :
1595 2685 1614 2719 ι
1667 2666 1862 2724 Beatus
1911 2670 2002 2739 qui
2055 2685 2161 2725 non

591 2750 752 2806 fuerit
785 2755 1176 2822 scandalizatus
1203 2758 1254 2812 iu
1285 2773 1370 2812 me
1393 2757 1544 2827 (Luc.
1578 2775 1675 2823 vn,
1701 2760 1817 2829 ‘23).
1857 2779 1874 2810 ι
1913 2760 2008 2815 llle
2033 2776 2159 2831 pro-

589 2843 840 2900 culdubio
891 2847 1281 2904 scandalizatus
1311 2858 1393 2903 est
1431 2849 1485 2904 in
1515 2849 1704 2914 Deum,
1733 2851 1822 2920 qui
1853 2850 1970 2918 ejus
2000 2867 2160 2906 scan-

591 2934 790 2991 dalizat
813 2938 1119 3009 episcopum
1141 2939 1224 2996 vel
1249 2941 1606 3008 sacerdotem,
1624 2952 1678 2996 et
1708 2943 1874 2996 multa
1896 2943 2018 2998 talia
2043 2959 2164 3012 quae

591 3028 680 3084 hic
736 3045 842 3085 non
902 3031 1250 3099 inseruntur,
1293 3048 1361 3089 ne
1411 3035 1573 3090 nimis
1629 3035 1838 3106 prolixa
1901 3034 2165 3091 efﬁciatur

591 3118 836 3187 epistola.
887 3119 1163 3178 Monentes
1205 3139 1419 3194 quoque
1463 3125 1734 3182 instruere
1780 3126 1988 3182 debetis
2042 3143 2158 3183 me-

591 3219 829 3264 moratos
861 3211 1062 3268 vicinos
1088 3221 1316 3277 vestros,
1341 3222 1450 3268 uta
1483 3214 1678 3271 talibus
1714 3231 1772 3272 se
1819 3219 2159 3285 subtrahant,

588 3308 645 3354 et
677 3316 796 3370 quae
831 3302 1014 3359 illicite
1050 3313 1236 3360 contra
1269 3306 1517 3376 praefixos
1543 3306 1741 3364 fratres
1782 3319 2008 3379 egerunt
2057 3310 2165 3365 cito

590 3393 883 3477 corrigam,
917 3404 972 3451 et
997 3413 1134 3466 quos
1174 3397 1329 3454 nobis
1374 3399 1688 3456 inconsultis
1732 3400 1985 3478 laeserunt
2012 3401 2166 3459 nobis

592 3486 908 3543 inconsultis
934 3489 1091 3558 plena
1118 3491 1486 3548 satisfactione
1515 3500 1708 3548 sanent
1747 3502 1801 3548 et
1843 3493 1950 3549 cito
1977 3507 2167 3549 recon-

590 3577 797 3642 cilient,
827 3579 872 3634 si
903 3580 1173 3637 uoiuerint
1196 3583 1502 3651 apostolicae
1547 3585 1692 3640 sedis
1732 3584 2008 3653 suscipere
2033 3598 2165 3638 cen-

588 3682 794 3724 suram.
824 3669 956 3725 Nam
997 3672 1043 3725 si
1076 3671 1203 3742 quid
1234 3673 1462 3728 fortasse
1511 3675 1563 3728 in
1615 3675 1693 3730 eis
1725 3681 1818 3728 aut
1847 3681 2038 3729 contra
2068 3688 2164 3730 eos

590 3767 908 3824 emerserat,
932 3770 1173 3815 nostrum
1204 3761 1377 3816 fuerat
1395 3763 1817 3834 exspectandum
1835 3778 2088 3828 examen,
2107 3771 2168 3817 ut

590 3856 776 3903 nostra
800 3849 1117 3920 (utsentper
1141 3851 1266 3908 huic
1292 3852 1391 3908 fuit
1435 3855 1548 3909 sedi
1587 3869 1907 3909 concessum
1947 3853 2162 3921 privile-

591 3935 758 4005 gium)
787 3947 877 3992 aut
907 3939 1393 3995 condemnarentur
1421 3943 1763 4002 auctoritate,
1787 3952 1877 3997 aut
1905 3941 2164 3998 fulciren-

595 4037 682 4080 tur
711 4029 926 4082 auxilio.
975 4029 1158 4100 Neque
1199 4033 1342 4088 enim
1376 4049 1475 4089 suo
1520 4050 1618 4104 pro
1658 4035 1810 4090 libitu
1856 4047 2041 4090 nostra
2074 4037 2165 4091 de-

594 4118 822 4172 buerant
872 4118 994 4188 jura
1037 4124 1350 4192 .pervadere
1401 4125 1604 4194 absque
1662 4111 1968 4196 apestolicte
2017 4126 2162 4182 sedis

595 4209 943 4278 dispositione
964 4213 1266 4269 mandante.
1289 4215 1331 4269 A
1359 4215 1551 4271 talibus
1597 4217 1848 4286 deinceps
1892 4232 2080 4273 omnes
2104 4233 2163 4275 se
2197 4289 2204 4298 δ

593 4299 898 4357 abstineant
941 4306 1246 4362 sacerdotes
1291 4307 1382 4377 qui
1433 4309 1698 4364 noluerint
1745 4312 1813 4367 ab
1856 4311 2162 4381 apostolicm

592 4397 759 4458 petra:
786 4431 802 4457 ,
845 4407 1008 4462 super
1051 4410 1210 4465 quam
1252 4396 1498 4454 Christus
1540 4399 1640 4472 (ut
1681 4401 1993 4470 prmdictum
2043 4401 2159 4473 est)

594 4481 948 4539 uuiversalem
979 4489 1281 4543 construxit
1309 4489 1627 4557 Ecclesiam,
1665 4493 1749 4548 cui
1779 4493 2156 4564 episcoporum

590 4586 800 4627 summa
831 4573 1030 4642 judicia
1081 4588 1242 4648 atque
1273 4582 1532 4650 majorum
1573 4598 1767 4649 causze,
1809 4585 1950 4640 sicut
1997 4585 2156 4655 paulo

592 4665 838 4734 superius
878 4681 1229 4728 memoratum
1258 4683 1362 4740 est,
1388 4685 1671 4731 reservatae
1704 4685 1828 4733 sunt
1864 4687 2027 4748 atque
2056 4677 2155 4734 soli

597 4754 757 4822 datae,
791 4773 1016 4816 censura
1040 4778 1068 4816 a
1091 4765 1406 4820 sacerdotali
1440 4767 1642 4823 honore
1663 4769 1886 4824 secludi.
1926 4769 2156 4826 lnducize

589 4845 734 4900 enim
760 4851 1024 4907 accusatis
1062 4852 1114 4906 in
1161 4853 1529 4912 criminalibus
1573 4857 1839 4927 episcOpis
1883 4873 1976 4914 sex
2008 4873 2161 4914 men-

597 4937 756 5004 sium,
787 4939 866 4995 vel
904 4943 978 4997 eo'
1005 4943 1234 5012 amplius
1267 4945 1312 4999 si
1343 4961 1563 5002 necesse
1593 4946 1756 5004 fuerit
1789 4950 2154 5006 concedenda

597 5034 746 5092 sunt,
771 5030 1021 5097 quoniam
1057 5039 1107 5086 et
1133 5031 1283 5088 laicis
1314 5035 1415 5090 hoc
1440 5038 1760 5105 permissum
1786 5039 1961 5094 nullus
1985 5055 2160 5096 sarcu-

597 5115 800 5172 laribus
841 5120 1073 5179 imbutus
1113 5125 1408 5196 disciplinis
1454 5129 1702 5198 ignorat,
1745 5141 1949 5200 quanto
1993 5134 2164 5204 magis

599 5207 967 5265 sacerdotibus
993 5213 1080 5280 qui
1104 5216 1407 5284 superiores
1429 5232 1549 5273 esse
1574 5217 1652 5274 eis
1675 5235 1780 5274 non
1812 5221 2164 5277 dubitantur?

667 5298 906 5354 llabetur
952 5318 1162 5374 quoque
1206 5309 1258 5364 in
1307 5310 1536 5366 decretis
1581 5323 1890 5369 sanctorum
1940 5313 2160 5370 Patrum

595 5391 860 5448 sancitum
897 5410 1001 5449 non
1043 5396 1156 5454 fore
1191 5401 1508 5457 canonicum
1538 5419 1862 5473 quemquam
1911 5406 2162 5464 sacerdo-

595 5492 708 5537 tum
757 5483 1001 5553 judicare
1039 5487 1122 5542 vel
1171 5489 1427 5549 damnare
1476 5502 1764 5564 antequam
1818 5506 2162 5552 accusatores

595 5577 852 5631 canonice
901 5578 1234 5635 examinatos
1281 5585 1827 5652 praesenteshabeat,
1881 5585 2162 5657 locumque

594 5664 912 5722 defendendi
965 5671 1224 5740 accipiat,
1267 5673 1318 5726 id
1363 5684 1446 5729 est
1481 5675 1722 5732 inducias
1772 5679 2160 5734 ecclesiasticas

595 5758 658 5810 ad
690 5759 950 5814 abluenda
1003 5763 1250 5829 crimina,
1282 5775 1384 5820 etc.
1436 5765 1543 5822 Nec
1570 5777 1719 5824 extra
1764 5770 2034 5839 propriam
2071 5771 2160 5826 fiat

2191 4534 2238 4592 D

2257 562 2446 618 stolica
2488 563 2866 632 praeceptione,
2913 562 2998 616 cui
3037 562 3090 616 in
3127 563 3377 618 omnibus
3400 564 3568 620 causis
3593 565 3762 624 debetur

2259 654 2561 708 reverentia
2596 655 2878 718 custodiri,
2908 655 3162 724 quoniam
3195 664 3250 710 et
3274 656 3492 726 antiqua
3520 658 3654 716 docet
3690 665 3760 720 hoc

2259 744 2478 800 Patrum
2511 747 2721 817 regula,
2753 747 2804 800 in
2831 763 2936 817 qua
2970 757 3026 802 et
3055 748 3356 818 imperialia
3396 751 3587 819 pariter
3615 763 3762 812 statuta

2257 838 2567 893 conciuttnt.
2590 837 2678 893 Cri
2691 839 2916 904 minum,
2946 840 3220 909 inquiunt,
3248 841 3508 897 discussio
3531 843 3594 898 ibi
3612 849 3761 916 agenda

2257 936 2340 982 est
2369 927 2456 982 ubi
2495 928 2699 983 crimen
2737 929 3032 984 admissum
3069 938 3172 985 est.
3225 928 3362 984 Nam
3392 931 3511 986 alibi
3537 934 3761 991 criminum

2259 1031 2382 1072 reus
2410 1017 2724 1086 prohibetur
2749 1017 2943 1081 audiri,
2970 1026 3026 1072 et
3065 1018 3190 1073 alibi
3219 1019 3271 1072 in
3312 1019 3598 1077 canonibus
3623 1027 3764 1094 praci-

2258 1106 2421 1176 pitur.
2446 1106 2791 1178 Quaecunque
2829 1109 3042 1180 negotia
3073 1110 3124 1164 in
3157 1110 3270 1165 suis
3299 1110 3432 1166 locis
3457 1111 3539 1167 ubi
3561 1123 3660 1170 orta
3679 1128 3765 1172 sunt

2261 1198 2493 1253 finienda
2519 1207 2665 1264 sunt,
2695 1208 2750 1254 et
2774 1200 2977 1270 reliqua
3009 1200 3134 1255 talia
3163 1209 3216 1257 et
3241 1201 3324 1256 his
3349 1202 3559 1270 similia,
3585 1205 3700 1261 salva
3727 1209 3762 1262 in

2257 1289 2508 1344 erunibus
2539 1289 2836 1360 apostolica
2885 1291 3233 1359 auctoritate,
3265 1301 3324 1347 ut
3355 1293 3483 1346 nihil
3514 1295 3561 1348 in
3585 1295 3656 1351 bis
3677 1298 3763 1351 dell-

2260 1379 2479 1434 niantur
2555 1381 2869 1450 priusquam
2925 1381 2976 1436 ei
3023 1381 3236 1452 placere
3300 1394 3638 1453 cognoscatur
3672 1389 3758 1457 quia

2265 1485 2456 1526 omnes
2477 1469 2642 1526 fultos
2672 1487 2794 1526 esse
2821 1481 3054 1541 oportet,
3084 1482 3140 1528 et
3168 1473 3211 1528 si
3237 1475 3371 1544 quid
3401 1476 3479 1530 eis
3505 1492 3644 1547 grave
3668 1479 3762 1532 into-

2259 1559 2645 1627 lerandumque
2681 1560 2969 1627 accideret,
2994 1562 3110 1631 ejus
3131 1571 3215 1618 est
3246 1578 3461 1632 semper
3478 1569 3762 1634 exspectanda

2259 1663 2508 1704 censura.
2530 1648 2712 1720 Neque
2724 1650 2864 1705 enim
2887 1662 3136 1721 proterve
3159 1663 3252 1708 aut
3271 1655 3488 1710 stimulo
3508 1670 3604 1711 sua:
3621 1659 3760 1727 cogita-

2267 1743 2424 1800 tionis
2449 1745 2709 1816 impulsus
2731 1750 2812 1820 (ut
2827 1765 2968 1821 saepe
2995 1760 3171 1806 actum
3196 1752 3529 1824 agnovimus)
3551 1753 3764 1808 detrahere

2265 1843 2357 1890 aut
2382 1850 2637 1895 accusare
2661 1849 2950 1910 praesumat
2970 1857 3297 1912 quemquam
3324 1844 3659 1910 sacerdotum,
3680 1847 3762 1916 quia

2266 1925 2458 1996 injuria
2482 1945 2666 1986 eorum
2690 1932 2756 1987 ad
2785 1933 3060 1989 Christum
3087 1936 3358 2005 pertinet,
3385 1937 3533 2005 cujus
3557 1937 3653 1991 vice
3670 1937 3766 2006 lega-

2267 2021 2409 2076 tione
2429 2038 2526 2092 pro
2547 2025 2761 2094 pepulo,
2779 2025 2976 2082 Christi
2993 2028 3254 2099 sanguine
3269 2028 3762 2100 redempto,fungitur.

2264 2110 2468 2167 Causas
2493 2115 2638 2169 enim
2661 2130 2870 2182 eorum,
2895 2118 3018 2187 quia
3051 2118 3143 2172 Dei
3165 2134 3346 2174 causa:
3378 2129 3520 2185 sunt,
3549 2121 3648 2190 ejus
3670 2135 3765 2180 esse.

2269 2207 2424 2279 133
2447 2208 2650 2276 judicio
2675 2203 3049 2283 reservandus,
3073 2216 3162 2284 qui
3192 2215 3336 2271 valet
3357 2232 3544 2287 corpus
3568 2217 3765 2279 occidere.

2263 2305 2316 2351 et
2345 2298 2578 2352 animam
2605 2300 2818 2356 mittere
2847 2303 2898 2355 in
2941 2304 3237 2373 gehennam
3263 2305 3478 2374 (Matth.
3504 2325 3551 2370 ιι.
3572 2308 3672 2374 28);
3706 2308 3766 2376 qui

2239 2388 2395 2451 ,dicit
2420 2404 2434 2443 :
2457 2389 2583 2446 Mihi
2611 2392 2923 2459 vindictam,
2949 2407 2997 2449 et
3020 2410 3119 2466 ego
3149 2397 3444 2452 retribuam
3478 2397 3764 2468 (Eph.x,50).

2264 2479 2416 2549 Apud
2445 2497 2601 2551 quem
2643 2485 2972 2540 conscientia
3019 2489 3158 2542 uttda
3187 2499 3292 2552 est,
3337 2490 3424 2545 cui
3467 2507 3560 2545 non
3601 2491 3766 2545 abscon-

2264 2571 2464 2626 duntur
2491 2577 2722 2630 occulta.
2761 2575 3066 2634 instruendi
3095 2581 3257 2635 etiam
3303 2597 3490 2638 omnes
3531 2593 3650 2647 sunt,
3672 2600 3766 2654 quo-

2265 2663 2410 2717 niam
2477 2679 2574 2734 per
2639 2682 2737 2721 nos
2791 2667 2895 2722 illis
2959 2668 3206 2727 Christus
3266 2673 3497 2727 intonuit
3561 2688 3646 2727 non
3689 2687 3768 2727 esse

2263 2755 2441 2808 ovium
2467 2754 2570 2824 lupi
2603 2755 2826 2812 insidias
2852 2759 3164 2827 praevidere,
3183 2763 3279 2817 sed
3306 2763 3528 2831 pastoris
3547 2762 3766 2833 (100mm.

2266 2843 2366 2908 12,
2420 2844 2528 2915 15).
2563 2844 2742 2901 Monet
2775 2862 2903 2918 ergo
2953 2849 3142 2904 beatus
3189 2853 3465 2920 ap0stolus
3496 2852 3662 2906 Paulus
3686 2871 3699 2901 ‹
3723 2867 3765 2902 ne

2265 2933 2442 2992 dehis
2483 2945 2682 2992 temere
2725 2938 3020 3009 leviterque
3069 2952 3430 3011 praesumatur
3462 2942 3697 3011 judicium,
3725 2943 3769 2994 de

2264 3026 2459 3093 quibus
2490 3043 2647 3084 nemo
2682 3038 2861 3100 potest
2885 3032 3062 3087 verius
3089 3032 3169 3088 vel
3206 3035 3636 3105 meliusjudicare
3655 3048 3763 3101 quam

2267 3119 2407 3174 Deus
2448 3118 2500 3190 (I
2538 3119 2660 3177 Cor.
2698 3138 2771 3187 tv,
2814 3122 2889 3194 5).
2943 3122 3045 3192 Tu,
3078 3125 3269 3196 inquit,
3305 3137 3479 3182 autem
3501 3142 3641 3196 quare
3667 3124 3765 3192 judio

2265 3227 2358 3268 cas
2401 3211 2622 3270 fratrem
2673 3224 2856 3282 tuum,
2900 3225 2994 3272 aut
3039 3234 3136 3273 cur
3183 3221 3399 3288 spernis
3439 3221 3592 3276 cum?
3629 3218 3765 3274 Omnes

2264 3304 2406 3360 enim
2457 3307 2721 3363 stabimus
2766 3317 2889 3363 ante
2920 3310 3171 3365 tribunal.
3222 3311 3492 3384 Scriptum
3533 3319 3604 3366 est
3637 3310 3764 3364 enim:

2266 3393 2399 3450 Vivo
2442 3409 2560 3467 ego,
2614 3397 2746 3453 dicit
2805 3397 3081 3454 Dominus.
3111 3401 3381 3468 Quoniam
3425 3403 3545 3457 mihi
3589 3401 3765 3456 ﬂectetur

2264 3501 2424 3543 omne
2452 3502 2612 3560 genu,
2647 3497 2703 3544 et
2747 3490 2924 3546 omnis
2971 3491 3150 3563 lingua
3201 3493 3542 3549 conﬁtebitur
3583 3491 3762 3546 Domino.

2266 3579 2449 3650 itaque
2476 3583 2847 3652 unusquisque
2875 3591 3119 3638 nostrum
3155 3599 3251 3655 per
3281 3600 3342 3641 se
3373 3585 3613 3640 rationem
3637 3580 3765 3635 reddet

2268 3673 2375 3727 Deo
2407 3673 2580 3744 (Rom.
2608 3691 2720 3741 xtv,
2752 3675 2860 3747 10).
2888 3675 2944 3730 ln
2974 3676 3075 3733 hoc
3111 3693 3240 3749 ergo
3288 3694 3392 3734 non
3438 3676 3530 3732 sibi
3571 3673 3762 3744 quispiam

2266 3765 2585 3820 temerarios
2606 3781 2770 3822 ausus
2794 3775 3031 3836 usurpet,
3055 3777 3326 3837 utpraeter
3339 3767 3476 3837 quod
3501 3763 3762 3822 concertis"

2263 3856 2494 3925 pertinet
2533 3857 2672 3911 aliud
2700 3866 2823 3927 agat
2851 3858 2990 3913 unde
3013 3859 3193 3914 unitas
3219 3859 3473 3915 Ecclesia:
3504 3857 3572 3912 sic
3596 3853 3759 3920 dissipe-

2266 3956 2370 4002 tur.
2387 3945 2500 4002 Non
2512 3963 2639 4017 ergo
2654 3947 3138 4018 leviterquisquam
3151 3951 3412 4006 assentiat
3427 3951 3474 4003 iu
3491 3943 3760 4002 detractione.

2264 4037 2348 4092 vel
2373 4035 2728 4106 judicatione,
2757 4039 2840 4093 vel
2871 4039 3219 4096 damnatione
3249 4041 3474 4095 fratrum
3505 4037 3762 4100 maximeque

2265 4127 2606 4184 sacerdotum
2639 4129 2731 4199 qui
2779 4130 3138 4200 proximiores
3182 4138 3312 4186 sunt
3343 4129 3464 4193 Deo,
3495 4138 3543 4182 et
3576 4125 3648 4195 qui
3682 4135 3761 4217 prti-

2261 4217 2379 4286 prio
2409 4231 2502 4279 ore
2532 4232 2726 4286 corpus
2751 4216 2948 4272 Christi
2972 4218 3289 4285 conficiunt,
3313 4217 3433 4288 quia
3472 4218 3534 4270 ob
3557 4216 3640 4268 hoc
3661 4216 3760 4263 venit

2264 4305 2343 4361 ira
2369 4307 2461 4362 Dei
2491 4307 2542 4361 in
2567 4307 2702 4364 ﬁlios
2724 4307 3027 4365 difﬁdentia:
3050 4309 3210 4380 (Eph.
3242 4325 3297 4377 v,
3324 4310 3378 4382 6)
3412 4329 3430 4363 ι
3451 4308 3533 4378 qui
3557 4303 3759 4361 Christum

2265 4408 2664 4470 persequuntur
2719 4399 2772 4456 in
2817 4400 2929 4456 suis
2978 4401 3255 4457 membris.
3315 4420 3334 4455 ‹
3381 4401 3569 4465 Nolite,
3603 4396 3758 4450 fratres.

2264 4491 2429 4546 nolite
2455 4490 2595 4546 efﬁci
2616 4490 2904 4560 participes
2927 4505 3114 4546 eorum
3144 4490 3306 4563 (Ibid.
3333 4491 3404 4562 7),
3431 4510 3449 4544 ο
3483 4503 3572 4544 nec
3584 4494 3758 4542 commu-

2271 4582 2459 4640 nicetis
2488 4582 2724 4651 peccatis
2753 4581 2961 4647 talium,
2991 4589 3084 4636 aut
3112 4581 3455 4638 infructuosis
3495 4579 3645 4634 verbis
3675 4571 3756 4625 illo-

2270 4689 2409 4727 rum.
2457 4671 2622 4743 Magis
2678 4680 2858 4728 autem
2905 4671 3212 4742 redarguite
3261 4671 3442 4727 talium
3483 4677 3664 4728 emtas,
3695 4657 3756 4728 qui

2267 4764 2559 4819 extendere
2585 4761 2894 4825 moliuntur,
2919 4760 3074 4832 quasi
3097 4776 3281 4818 arcum
3301 4762 3355 4816 in
3379 4761 3559 4816 fratres
3581 4756 3749 4821 linguas;

2267 4853 2535 4909 defendite
2563 4867 2717 4924 ergo,
2751 4852 2970 4918 fratres,
3001 4861 3056 4908 et
3088 4867 3278 4908 omnes
3309 4859 3513 4908 monete
3535 4854 3754 4901 utarmetr

2264 4954 2353 5000 tur
2372 4952 2558 5000 contra
2585 4943 2810 4998 fratrum
2836 4951 3230 5014 persecutores.
3259 4961 3277 4994 ι
3307 4941 3610 4998 Confidimus
3627 4940 3753 4988 autem

2269 5037 2336 5092 de
2377 5036 2528 5092 vobis
2571 5035 2790 5090 meliora
2830 5042 2885 5090 et
2932 5034 3188 5090 viciniora
3213 5034 3370 5090 saluti
3407 5029 3547 5104 (Heb.
3582 5022 3747 5088 vt',9),t

2267 5129 2392 5199 quia
2421 5147 2440 5181 ι
2470 5142 2642 5198 neque
2683 5142 2850 5194 mors,
2884 5142 3055 5198 neque
3087 5127 3231 5193 vita;
3246 5140 3414 5197 neque
3435 5120 3604 5193 angeli,
3629 5123 3750 5179 nc‘l'"3

2267 5219 2631 5292 principatus,
2677 5233 2852 5288 neque
2894 5218 3174 5284 instantia,
3223 5232 3393 5288 neque
3419 5217 3593 5277 futura,
3629 5215 3750 5272 ηοιιηε

2267 5309 2544 5376 fortitudo,
2576 5324 2752 5380 neque
2798 5308 3041 5374 altitudo,
3077 5323 3248 5379 neque
3266 5305 3589 5378 profundum,
3627 5304 3748 5362 ηεαίιθ

2266 5413 2514 5457 creatura
2542 5401 2666 5468 alia,
2699 5401 2953 5472 Magistro
2979 5401 3218 5472 gentium
3244 5402 3478 5465 docente,
3504 5390 3662 5484 poterit

2263 5507 2513 5562 separare
2561 5509 2590 5548 a
2641 5491 2906 5549 cbaritate
2963 5492 3175 5550 Domini
3235 5491 3398 5547 nostri
3441 5487 3550 5543 Jesu
3603 5479 3746 5576 Cliti—ill

2263 5582 2442 5652 (Rom.
2469 5599 2584 5648 vnt,
2615 5583 2704 5651 58,
2727 5583 2840 5655 39),
2894 5602 2912 5637 ι
2960 5599 3081 5654 quae
3123 5584 3352 5639 maxime
3385 5582 3433 5636 in
3461 5566 3745 5632 sacerdotibus

2261 5686 2315 5731 et
2361 5675 2580 5746 reliquis
2627 5676 2907 5746 perficitur
2953 5675 3212 5730 membris
3253 5673 3382 5742 ejus.
3435 5667 3584 5723 Nolite
3618 5660 3744 5746 itali"?

2264 5743 2515 5823 amittere
2538 5743 2917 5825 conﬁdentiam
2947 5775 3204 5834 vestram,
3251 5780 3364 5834 quae
3400 5768 3609 5822 matt'la'"
3631 5743 3744 5802 "ab"
