3888 6450
56 421 147 481 6ιί5

1235 407 1551 468 DEGRE'I‘A
1561 406 1621 462 LI
1633 405 1726 463 ΗΜ
1764 401 2166 464 COLLECTIO.

3197 401 3300 462 666

57 525 546 595 remunerationem.
584 524 720 581 Ecce
750 522 893 580 enim
916 521 1077 594 judex
1107 530 1232 578 ante
1265 521 1490 592 januam
1533 535 1619 576 as-
1647 528 1694 584 Α
1724 533 1785 583 ιι,
1816 517 1850 573 5
1879 526 1926 572 et
1949 517 2025 588 6).
2057 536 2084 577 ›
2113 518 2182 572 Et
2225 517 2351 572 alibi
2401 515 2660 587 scriptum
2689 524 2772 573 est
2801 534 2812 569 :
2851 534 2869 567 ι
2904 517 3014 587 Ego
3043 531 3162 572 sum
3192 519 3301 572 Do-

56 629 202 692 sistit,
232 637 465 680 coronas
494 619 734 675 hilariter
769 617 1090 688 promittens
1140 615 1224 670 his
1269 614 1360 685 qui
1404 626 1503 682 pro
1553 625 1619 666 eo

57 715 293 774 fratribus
321 710 582 766 auxilium
629 705 812 773 ferunt
851 714 907 760 et
955 704 1229 774 oppressis
1274 708 1616 764 succurrunt,

55 806 275 879 atquein
321 801 589 859 charitatc
635 797 987 854 collaborant.
1024 794 1177 861 Quod
1206 794 1250 848 si
1292 789 1621 846 subtraxerit

55 917 106 958 se
126 899 258 969 quis,
286 910 394 951 non
421 891 656 965 placebit
685 893 814 955 Deo,
842 889 934 944 sed
961 889 1126 952 cadit,
1159 885 1286 956 quia
1311 898 1416 938 non
1436 881 1616 938 suble-

55 990 184 1044 vavit
227 987 536 1049 cadentem,
583 982 675 1038 sed
724 981 1009 1036 emarcuit.
1058 977 1174 1031 Non
1231 985 1406 1030 autem
1450 971 1620 1028 simus

57 1077 424 1137 subtractionis
461 1075 514 1129 in
543 1073 966 1144 oppressionem,
1002 1067 1093 1123 sed
1119 1063 1427 1121 adminiculi
1455 1063 1509 1116 in
1530 1077 1620 1116 ac-

58 1162 378 1241 quisitionem
407 1175 463 1221 et
491 1163 920 1234 supplementum
949 1159 1198 1212 fratrum.
1229 1157 1455 1225 Propter
1477 1151 1618 1223 quod

63 1282 77 1314 t
101 1259 342 1316 assumite
355 1266 692 1312 armaturam
717 1254 832 1318 Dei,
857 1261 913 1308 ut
932 1251 1149 1322 possitis
1176 1249 1428 1306 resistere
1447 1245 1621 1300 omni-

59 1352 144 1405 bus
178 1348 355 1404 taliter
389 1344 844 1418 praesumentibus
867 1384 882 1407 ,
921 1351 977 1396 et
1010 1343 1214 1397 induite
1257 1355 1353 1396 vos
1398 1339 1619 1394 loricam

59 1443 273 1515 iustitiae,
289 1449 344 1496 et
371 1439 599 1496 calceati
616 1437 778 1508 pedes
803 1437 853 1490 in
880 1434 1328 1506 prtepirationem
1347 1429 1622 1502 Evangelii

62 1534 206 1604 pacis,
238 1533 289 1586 in
339 1530 600 1587 omnibus
645 1537 921 1583 sumentes
967 1535 1175 1581 scutum
1220 1525 1365 1590 fidei,
1413 1525 1466 1578 in
1514 1538 1622 1594 quo

61 1623 254 1692 possitis
280 1621 465 1677 omnia
505 1620 608 1676 tela
648 1618 960 1688 nequissimi
992 1617 1143 1689 ignea
1176 1617 1539 1686 exstinguere,
1567 1623 1623 1670 et

63 1712 239 1783 galeam
273 1711 467 1766 salutis
493 1711 870 1774 assumitepet
913 1709 1148 1780 gladium
1192 1708 1432 1778 spiritus,
1477 1705 1618 1777 quod

64 1813 131 1857 est
157 1803 367 1856 verbum
397 1802 519 1866 Dei,
553 1816 648 1870 per
675 1816 889 1856 omnem
927 1800 1226 1855 orationem
1272 1808 1328 1855 et
1365 1797 1620 1854 obsecra-

1722 611 1899 665 minus
1914 609 2054 665 Deus
2068 619 2263 665 vester.
2281 609 2394 664 Non
2413 608 2622 665 facietis
2637 610 2996 680 iniquitatem,
3013 629 3029 662 ι
3055 628 3072 662 t
3096 609 3152 664 In
3160 609 3304 680 judi-

1721 699 1807 756 cio
1825 714 1931 755 non
1953 699 2185 769 accipies
2197 714 2482 769 personam
2507 700 2739 754 hominis
2755 700 2970 770 (Matth.
2989 717 3118 763 χχιι,
3138 700 3248 772 16),
3281 723 3302 755 ι

1729 815 1745 846 ι
1779 794 1966 865 Neque
1995 795 2210 849 mireris
2254 794 2460 848 vultum
2510 795 2740 864 potentis
2771 796 2954 865 (Leuit.
2980 811 3098 861 χιχ,
3133 795 3248 862 15),
3283 816 3302 849 ι

1721 888 1804 943 Ab
1845 887 1990 942 onmi
2039 888 2222 956 iniquo
2261 886 2428 940 verbo
2479 888 2717 952 recedes,
2770 905 2788 938 ι
2845 887 3191 944 lnnocentem
3253 899 3312 944 et

1715 978 1920 1048 justum
1946 993 2052 1032 non
2087 978 2441 1049 Oppugnabis,
2470 993 2644 1048 neque
2670 979 2963 1035 interlicies
2994 980 3156 1052 (Dan.
3188 998 3305 1046 χιιι,

1721 1069 1868 1140 55).»
1901 1068 1992 1122 Ille
2035 1069 2222 1139 procul
2261 1069 2424 1124 dubio
2453 1069 2581 1124 facit
2611 1070 2954 1140 iniquitatem
2997 1073 3051 1126 in
3097 1071 3307 1142 judicio

1720 1177 1840 1233 quae
1864 1177 1926 1216 ea
1956 1162 2056 1216 sibi
2086 1161 2323 1216 vindicat
2353 1177 2473 1232 qua:
2499 1163 2548 1216 ei
2575 1163 2846 1218 vindicare
2873 1179 2977 1218 non
3009 1163 3157 1219 licet.
3180 1165 3309 1220 Ideo

1722 1267 1842 1322 qua:
1873 1252 2000 1306 huic
2022 1259 2223 1307 sancta:
2243 1251 2358 1306 sedi
2380 1266 2640 1306 concessa
2664 1263 2810 1318 sunt,
2845 1253 3024 1308 nullus
3049 1269 3312 1324 usurpare

1723 1346 1839 1400 sine
1865 1343 1982 1414 ejus
2007 1345 2254 1400 consultu
2287 1353 2599 1414 praesumat,
2647 1347 2735 1416 qui
2787 1361 2893 1400 non
2943 1348 3060 1401 vult
3103 1349 3306 1404 honore

1723 1435 2092 1492 ecclesiastico
2137 1437 2387 1507 indignus
2410 1445 2467 1490 ut
2505 1436 3100 1506 contemptorjndicari.
3125 1438 3314 1508 Itaque

1723 1537 1937 1599 oportet
1964 1526 2299 1598 negligentes
2332 1527 2666 1597 propulsare,
2716 1530 2810 1584 sed
2840 1531 2914 1584 ita
2952 1538 3012 1584 ut
3058 1541 3315 1587 nocentes

1724 1634 1828 1674 non
1859 1620 2201 1682 roborentur,
2224 1627 2280 1673 et
2305 1619 2474 1674 bonos
2497 1619 2756 1689 improbis
2785 1629 2877 1674 aut
2907 1621 3314 1678 insidiatoribus

1725 1707 1955 1762 fratrum
1989 1708 2264 1771 resistere,
2290 1723 2358 1762 ne
2391 1717 2609 1778 torpore
2648 1709 2868 1765 desidiae
2895 1713 3135 1780 oppressi
3182 1714 3313 1769 taci-

1726 1798 2004 1854 turnitatis
2043 1807 2330 1854 teneantur
2357 1800 2598 1854 obnoxii.
2643 1801 2824 1870 Itaque
2858 1803 2949 1870 qui
2997 1813 3172 1873 potest
3216 1807 3316 1860 ob-

65 1896 236 1948 tioncm
283 1893 446 1964 (Eph.
488 1907 565 1956 vt,
598 1893 662 1946 15
688 1903 733 1946 et
763 1893 894 1963 seq.)
933 1911 952 1943 ι
995 1910 1014 1944 ι
1051 1891 1282 1946 radicati
1323 1898 1380 1946 et
1418 1885 1624 1945 fundati
1655 1883 1702 1944 B
1729 1891 1876 1946 viare
1923 1901 1979 1946 et
2020 1893 2340 1961 perturbare
2388 1907 2690 1962 perversos,
2735 1902 2789 1948 ct
2837 1911 2940 1952 non
2987 1896 3134 1966 facit,
3182 1900 3315 1956 nihil

67 1985 200 2055 (Eph.
227 2002 308 2050 ιιι,
343 1986 460 2056 17),
495 2004 513 2036 ι
551 1993 611 2039 ιιι
660 1985 894 2054 idipsum
948 1983 1140 2038 dicatis
1185 1997 1394 2046 omnes,
1436 1988 1623 2036 etnon

69 2080 155 2132 sint
189 2079 237 2132 in
257 2077 410 2133 vobis
439 2075 756 2133 schismata.
790 2075 1090 2131 dividentes
1117 2088 1316 2144 corpus
1347 2073 1623 2138 Ecclesiae,

66 2172 235 2226 bonum
271 2179 324 2227 et
373 2172 649 2241 integrum
696 2170 748 2224 in
799 2176 1065 2224 tortuosas
1110 2169 1398 2224 novitates.
1447 2167 1628 2224 Monet

71 2277 174 2333 ergo
196 2261 484 2332 Apostolus
517 2276 621 2316 non
662 2260 892 2331 amplius
915 2275 1013 2316 nos
1050 2259 1278 2315 invicem
1317 2268 1518 2316 temere
1541 2261 1627 2332 ju-

70 2353 219 2407 dicare
245 2351 421 2424 (Rom.
452 2367 572 2418 xiv,
594 2351 702 2419 15).
736 2368 755 2401 ι
785 2349 1012 2405 Temere
1032 2350 1174 2404 enim
1191 2350 1416 2421 judicat,
1440 2352 1483 2405 si
1507 2351 1630 2421 quis

71 2444 342 2514 episcopum
384 2444 596 2513 absque
637 2442 778 2497 sedis
820 2441 1127 2512 apostolica:
1154 2443 1476 2497 auctoritate
1499 2457 1618 2497 con-

72 2535 274 2600 demnat,
303 2550 426 2590 cum
453 2534 529 2598 ei,
579 2542 639 2588 ut
664 2533 826 2604 paqu
866 2534 1113 2602 superius
1149 2533 1484 2603 praelibatum
1521 2543 1626 2600 est,

74 2624 155 2679 hoc
176 2624 470 2696 specialiter
493 2622 833 2694 privilegium
865 2631 1200 2677 reservatum
1224 2624 1312 2676 sit.
1341 2639 1360 2673 ι
1393 2620 1498 2677 Sed
1525 2624 1628 2678 hoc

73 2717 270 2779 iudicate
323 2715 543 2786 magis,
593 2715 806 2785 inquit,
857 2728 926 2768 ne
985 2713 1200 2784 ponatis
1249 2711 1628 2770 offendiculum

77 2805 201 2862 fratri
224 2808 300 2863 vel
327 2807 648 2864 scandalum
685 2805 878 2877 (lbid.,
903 2805 1014 2874 14).
1050 2821 1070 2856 ι
1100 2802 1356 2860 Patcntcr
1379 2805 1522 2860 enim
1547 2806 1632 2860 his

77 2906 119 2952 et
142 2897 245 2954 aliis
271 2896 762 2954 innumerabilibus
782 2895 1123 2951 decretorum
1152 2895 1476 2951 testimoniis
1506 2910 1627 2952 om-

79 2987 203 3042 nibus
230 2989 574 3044 manifestum
616 2995 701 3042 est
743 2999 849 3041 non
894 2985 1088 3042 debere
1139 2986 1449 3056 episcopum
1481 2987 1631 3042 dam—

81 3080 190 3144 nari,
213 3079 331 3136 licet
367 3081 490 3150 ejus
520 3086 892 3151 perscrutetur
921 3077 1125 3148 opinio,
1157 3078 1327 3134 donec
1364 3078 1629 3149 judicium

79 3172 130 3224 de
157 3189 237 3228 ore
259 3185 457 3230 nostr-.2
490 3172 800 3244 apostolicae
841 3171 1202 3238 auctoritatis,
1233 3172 1336 3227 hoc
1363 3182 1444 3228 est
1471 3171 1628 3227 Prin-

1729 1981 1873 2036 aliud
1889 1990 2148 2052 estquam
2171 1980 2546 2039 favereeorum
2574 1984 2856 2054 impietati.
2883 1985 3144 2043 Necenim
3167 1997 3317 2044 caret

1729 2075 1980 2146 scrupulo
2023 2077 2295 2130 societatis
2339 2077 2563 2132 occulta:
2611 2078 2701 2147 qui
2758 2079 3043 2136 manifesto
3085 2081 3316 2138 facinori

1729 2167 1925 2222 desinit
1949 2167 2191 2223 obviare.
2225 2167 2356 2221 Sitis
2385 2175 2565 2222 autem
2593 2167 2813 2238 perfecti
2840 2180 2894 2224 et
2924 2171 3115 2242 integri
3152 2173 3204 2226 in
3229 2188 3320 2228 eo-

1730 2258 1850 2312 dem
1875 2272 2058 2324 sensu,
2088 2267 2144 2311 et
2173 2257 2224 2312 in
2249 2259 2434 2312 eadem
2466 2258 2688 2313 scientia
2718 2259 2939 2325 firmati,
2983 2270 3042 2316 ut
3069 2278 3166 2332 per
3193 2279 3313 2319 eam

1731 2347 1848 2404 vias
1878 2356 2090 2404 vestras
2111 2348 2408 2418 dirigentes
2454 2349 2506 2403 in
2536 2350 2786 2404 eumdem
2819 2351 3179 2408 inflexibiliter
3203 2370 3318 2409 om-

1732 2439 1892 2494 nibus
1916 2439 2215 2494 occurratis
2236 2440 2532 2510 oppressis,
2556 2441 2682 2510 quia
2709 2441 2860 2497 vobis
2885 2445 3123 2499 creditur
3139 2445 3320 2501 Domi-

1731 2544 1857 2596 nus,
1879 2530 1947 2584 ad
1973 2545 2132 2599 quem
2164 2531 2487 2586 accedentes
2518 2531 2747 2601 lapidem
2774 2533 2952 2588 vivum
2992 2537 3060 2590 ah
3090 2537 3320 2592 homini.

1732 2619 1833 2676 bus
1859 2622 2078 2691 quidem
2110 2623 2476 2692 reprobatum,
2512 2631 2568 2678 et
2597 2635 2819 2693 propter
2848 2624 3034 2678 talium
3071 2627 3318 2696 impieta-

1732 2720 1866 2778 tem,
1893 2729 1923 2766 a
1956 2713 2066 2768 Deo
2095 2723 2274 2768 autem
2301 2714 2555 2780 electum,
2600 2725 2655 2770 et
2682 2716 3116 2783 houorificatum,
3161 2735 3322 2789 super

1731 2815 1894 2872 quem
1947 2821 1965 2854 ι
2015 2817 2112 2858 vos
2158 2811 2416 2873 tanquam
2464 2803 2666 2874 lapides
2725 2807 2830 2861 vivi
2875 2808 3211 2864 acditicamini
3265 2810 3318 2864 in

1732 2892 1952 2948 domum
1975 2893 2328 2964 spiritualem,
2378 2897 2430 2949 in
2474 2898 2836 2953 sacerdotium
2882 2909 3147 2968 sant-tum,
3191 2900 3323 2957 offe-

1733 2995 1914 3041 rentes
1945 2987 2254 3057 spirituales
2297 2989 2506 3044 hostias
2561 2989 2662 3060 ipsi
2690 2990 2741 3044 in
2771 2991 2992 3046 odorem
3037 2993 3321 3049 suavitatis

1734 3075 1818 3147 (II
1846 3075 1995 3131 Petr.
2022 3093 2083 3142 ιι,
2111 3077 2191 3150 5).
2223 3097 2242 3131 ι
2270 3078 2498 3135 Gratum
2527 3081 2670 3135 enim
2698 3082 2984 3138 admodum
3008 3094 3091 3140 est
3113 3085 3316 3140 sacriﬁ-

1736 3167 1879 3223 cium
1924 3169 2152 3225 Domino
2180 3171 2454 3241 Oppressis
2476 3171 2784 3238 subvenire,
2813 3183 3016 3242 quanto
3055 3178 3323 3248 magis-de

80 3263 186 3331 cipis
211 3265 572 3334 apostolorum
599 3271 989 3334 cognoscatur,
1021 3271 1208 3331 utpote
1241 3263 1495 3332 quoniam
1535 3278 1624 3318 so-

1737 3257 1934 3328 quibus
1978 3259 2056 3313 ait
2084 3276 2096 3310 :
2123 3259 2225 3326 Qui
2271 3275 2367 3314 vos
2411 3260 2595 3326 audit,
2644 3275 2730 3316 me
2775 3263 2962 3318 audit:
2995 3273 3052 3319 et
3093 3245 3186 3335 qui
3226 3282 3322 3322 vos

81 3353 145 3408 Ius
181 3366 228 3410 et
254 3372 358 3426 pra:
389 3357 650 3412 omnibus
690 3355 929 3412 creditus
968 3364 1082 3422 est,
1134 3364 1298 3427 atque
1345 3357 1628 3426 percipere

81 3448 240 3502 meruit
263 3464 292 3502 a
333 3464 466 3519 rege
504 3463 689 3519 regum
728 3447 947 3502 Christo
994 3447 1106 3503 Deo
1131 3447 1310 3504 claves
1338 3450 1487 3520 regni
1517 3465 1630 3506 coc-

81 3536 218 3594 lorum
246 3542 308 3597 ad
332 3541 690 3612 aperiendum
728 3541 973 3597 fidelibus
995 3551 1052 3596 ct
1090 3543 1363 3598 benevolis
1395 3545 1628 3599 homini-

82 3631 158 3686 bus
181 3633 226 3688 in
261 3637 512 3692 eumdem
544 3635 830 3690 Dominum
856 3643 1126 3700 nostrum,
1175 3644 1228 3690 et
1274 3635 1629 3691 claudendum

83 3720 344 3781 infidelibus
381 3735 441 3783 et
481 3724 757 3780 malevolis
804 3734 964 3796 atque
991 3725 1104 3780 suis
1133 3726 1533 3792 sacerdotibus,
1576 3734 1632 3782 et

82 3822 245 3870 sancta:
271 3818 528 3874 Ecclesia!
547 3832 645 3873 suo
668 3818 906 3887 pretioso
931 3818 1194 3890 sanguine
1216 3819 1505 3889 redempta:
1533 3819 1633 3873 im-

83 3908 429 3972 pugnatoribus
478 3909 592 3965 sive
639 3908 977 3964 nocentibus.
1019 3909 1174 3975 Quod
1203 3908 1388 3979 utique
1433 3918 1488 3964 et
1531 3925 1632 3967 nos

82 3990 228 4052 facere
256 3999 550 4067 postulavit
578 4013 685 4054 non
711 3998 855 4068 quod
885 3998 1008 4053 novi
1045 3998 1250 4070 aliquid
1291 4014 1436 4055 nunc
1468 3999 1634 4072 impe-

83 4095 222 4156 ratur,
237 4094 323 4147 sed
339 4094 473 4150 illud
485 4094 624 4164 quod
640 4107 738 4164 per
749 4091 1006 4148 desidiam
1023 4093 1323 4164 aliquorum
1345 4105 1439 4150 aut
1461 4096 1635 4151 scien-

86 4187 149 4233 ter
172 4193 254 4238 aut
276 4187 611 4257 negligenter
630 4185 1024 4257 transgreditur
1043 4186 1296 4257 deinceps
1318 4187 1636 4242 observetur

85 4274 137 4326 ab
155 4279 409 4347 omnibus,
433 4288 492 4334 ut
519 4278 606 4334 illa
635 4294 850 4349 semper
875 4295 996 4351 quae
1021 4280 1315 4350 apostolica
1340 4290 1395 4336 et
1415 4281 1636 4338 Patrum

85 4367 337 4424 traditione
380 4369 676 4426 constituta
739 4377 866 4424 sunt
925 4369 1026 4425 sub
1081 4377 1228 4425 metu
1277 4370 1636 4442 irrefragabili

85 4460 367 4514 auctoritate
412 4469 722 4515 teneantur.
764 4458 1037 4529 Scriptum
1082 4475 1314 4532 namque
1343 4470 1429 4517 est
1456 4462 1508 4516 in
1545 4477 1634 4517 se-

85 4546 228 4601 cunda
241 4551 304 4604 ad
316 4551 830 4607 Thcssalonicenses
843 4549 1101 4620 Epistula,
1112 4561 1167 4606 et
1187 4553 1252 4608 ad
1266 4551 1631 4619 Timotheum,

85 4637 309 4705 Apostolo
343 4653 648 4699 monente:
688 4661 708 4694 ι
762 4641 948 4707 State,
991 4653 1048 4698 et
1094 4653 1270 4700 tenete
1313 4644 1634 4700 traditiones

87 4737 259 4785 vestras
301 4748 439 4802 quas
483 4732 770 4799 didicistis,
819 4749 912 4790 seu
961 4749 1058 4803 per
1102 4735 1345 4802 verbum,
1393 4751 1488 4792 seu
1539 4751 1637 4807 per

89 4819 332 4886 epistolam
362 4823 447 4895 (II
476 4823 652 4880 Thess.
681 4841 738 4890 ιι,
776 4825 880 4898 14).
918 4845 936 4879 ι
966 4826 1097 4881 Item
1128 4826 1253 4882 alibi
1283 4843 1378 4896 per
1403 4830 1638 4899 prophe-

90 4916 176 4961 tam
223 4929 236 4965 :
278 4933 294 4965 ‹
337 4916 657 4985 Esxpectavi
719 4931 966 4986 quoque,
1023 4917 1164 4972 sicut
1228 4919 1418 4975 beatus
1471 4920 1636 4976 Isaias

92 4996 329 5070 intonuit,
385 5017 446 5061 ut
507 5005 749 5062 facerent
796 5005 1101 5076 judicium,
1157 5010 1402 5065 fecerunt
1457 5023 1636 5066 autem

91 5083 392 5158 iniquitatem
420 5104 474 5149 et
503 5111 606 5150 non
643 5095 911 5164 justitiam
931 5136 946 5162 ,
993 5096 1088 5152 sed
1118 5097 1409 5154 clamorem
1445 5115 1634 5156 omnes

94 5177 188 5244 pios
211 5189 582 5243 conturbantes
606 5187 741 5260 (15a.
770 5203 822 5253 v,
856 5188 934 5260 7),
968 5209 986 5240 ι
1014 5197 1066 5244 et
1097 5191 1196 5246 hoc
1217 5192 1357 5246 scire
1381 5192 1631 5258 debeant,

95 5273 310 5335 quoniam
362 5297 380 5329 ι
403 5279 664 5350 judicium
698 5279 790 5334 Dei
833 5289 916 5336 est
943 5282 1240 5337 secundum
1270 5284 1551 5339 veritatem
1580 5287 1633 5340 in

95 5372 170 5415 eos
198 5365 279 5432 qui
309 5369 430 5422 talia
471 5377 658 5443 agunt,
693 5370 820 5428 licet
859 5373 1072 5428 divitias
1117 5375 1374 5431 bonitatis
1416 5377 1534 5443 Dei,
1580 5388 1636 5434 et

94 5458 495 5536 sustentationis,
542 5468 597 5514 et
651 5461 926 5530 patientia:
972 5464 1280 5533 ignorantes
1313 5506 1328 5531 ,
1377 5469 1633 5536 quoniam

97 5534 363 5612 benignitas
385 5549 472 5605 Dei
494 5551 559 5604 ad
576 5552 947 5621 pcenilentiam
970 5568 1064 5608 eos
1079 5555 1318 5622 adducit,
1341 5534 1637 5614 secundum

100 5626 316 5690 duritiam
351 5651 522 5695 autem
554 5659 761 5706 eorum,
787 5652 840 5697 et
867 5659 961 5699 cor
1000 5645 1343 5714 impmnitens
1371 5649 1638 5704 thesauri-

102 5733 203 5812 tant
231 5729 322 5784 sibi
355 5733 481 5789 iram
513 5736 564 5790 in
596 5735 683 5791 die
711 5736 823 5803 ira},
847 5746 900 5791 et
931 5737 1274 5794 revelationis
1297 5739 1427 5808 justi
1448 5741 1637 5812 judicii

107 5811 198 5880 “ei,
219 5822 298 5889 qui
324 5825 498 5884 reddet
518 5829 805 5899 unicuique
829 5830 1121 5886 secundum
1138 5847 1297 5902 opera
1317 5833 1431 5902 ejus
1454 5811 1634 5905 (Rom.

1663 4602 1714 4663 D

1733 3353 1942 3424 spernit
1978 3368 2065 3407 me
2095 3353 2323 3423 spernit,
2359 3361 2465 3408 etc.
2495 3352 2646 3422 (Luc.
2681 3371 2738 3419 x,
2771 3354 2881 3425 I6).
2915 3355 3073 3411 Libat
3100 3359 3316 3427 quidem

1735 3444 1964 3499 Domino
1989 3457 2270 3514 prospera,
2297 3443 2388 3514 qui
2414 3443 2482 3498 ab
2522 3442 2738 3500 afﬂictis
2767 3455 2821 3500 et
2849 3447 3123 3515 oppressis
3172 3450 3323 3518 pellit

1735 3539 1980 3595 adversa.
2006 3538 2113 3594 Sed
2139 3547 2192 3593 et
2231 3552 2398 3603 nunc,
2446 3538 2662 3601 fratres,
2692 3557 2709 3590 ι
2743 3540 3186 3597 commendamus
3226 3559 3323 3599 vos

1734 3631 1848 3688 Deo
1881 3640 1937 3686 et
1961 3631 2125 3686 verbo
2168 3631 2359 3702 gratia:
2394 3629 2529 3699 ejus,
2579 3631 2669 3700 qui
2718 3640 2896 3700 potest
2940 3633 3220 3703 perlicere,
3267 3646 3324 3692 et

1737 3725 1872 3779 dare
1903 3723 2276 3779 lizcreditatem
2305 3724 2360 3778 in
2398 3723 2649 3778 omnibus
2678 3725 3029 3781 sanctificatis
3057 3726 3197 3797 (Act.
3227 3744 3318 3794 χχ,

1733 3816 1846 3888 52).
1883 3834 1902 3868 ι
1939 3834 1957 3867 ι
1994 3816 2109 3885 Ipse
2136 3823 2316 3871 autem
2345 3815 2488 3871 Deus
2517 3815 2664 3882 pacis
2704 3823 2758 3870 at
2807 3817 3190 3875 consolationis
3231 3821 3324 3874 det

1737 3908 1888 3962 vobis
1913 3906 2145 3977 idipsum
2171 3920 2361 3974 sapere
2381 3907 2434 3960 in
2459 3905 2801 3971 alterutrum,
2823 3915 2878 3962 et
2901 3907 2954 3962 in
2972 3908 3089 3978 ipso
3109 3923 3323 3980 semper

1736 3999 1870 4052 etin
1899 3998 2172 4064 omnibus,
2207 4007 2266 4053 ut
2291 3998 2576 4053 unanimes
2615 4013 2724 4053 uno
2766 4012 2882 4064 ore,
2919 4009 2976 4054 et
3015 4016 3122 4056 uno
3162 4003 3325 4058 corde

1738 4087 2112 4143 honorificetis
2138 4102 2260 4143 eum
2288 4086 2467 4157 (Rom.
2511 4102 2640 4153 xtv,
2687 4085 2721 4141 5
2761 4097 2810 4142 et
2847 4087 2902 4159 6)
2933 4107 2953 4141 ι
3000 4089 3056 4144 in
3100 4104 3326 4146 concor-

1737 4178 1901 4244 diam,
1927 4186 1980 4233 et
2011 4177 2268 4232 auxilium
2293 4176 2547 4244 fratrum,
2579 4195 2598 4230 ι
2651 4177 2742 4248 qui
2786 4187 2976 4249 potens
3002 4187 3086 4236 est
3123 4181 3324 4237 conﬁr-

1739 4284 1890 4324 mare
1938 4283 2164 4334 omnes,
2217 4276 2274 4323 et
2315 4269 2584 4324 consolari
2637 4270 2934 4326 secundum
2975 4271 3326 4342 Evangelium

1738 4359 1856 4430 ejus
1919 4371 1975 4416 et
2026 4359 2181 4429 juxta
2243 4360 2628 4416 revelationem
2691 4363 2942 4434 mysterii
2996 4366 3327 4436 temporibus

1738 4453 1956 4508 aiternis
1986 4452 2134 4507 taciti
2165 4450 2337 4520 (Rom.
2370 4467 2484 4518 xvi,
2513 4451 2628 4524 25),
2664 4471 2683 4506 ι
2730 4454 2983 4524 patefacti
3021 4465 3202 4512 autem
3229 4472 3327 4527 per

1740 4541 2048 4613 Scripturas
2070 4551 2290 4598 sanctas
2325 4552 2382 4597 et
2418 4551 2631 4614 patrum
2673 4547 3095 4602 orthodoxorum
3126 4547 3328 4603 doctri-

1743 4650 1840 4690 nas
1889 4635 2186 4690 secundum
2227 4645 2554 4704 praeceptum
2595 4637 2781 4691 aeterni
2830 4638 2965 4703 Dei,
3020 4657 3039 4691 ι
3087 4639 3156 4694 ad
3198 4639 3324 4694 obe-

1743 4728 1995 4784 dicndum
2023 4727 2144 4782 fidei
2179 4727 2231 4781 in
2256 4728 2509 4782 omnibus
2527 4729 2756 4798 cognitis
2781 4730 2933 4784 nobis
2950 4729 3121 4800 (Rom.
3155 4747 3195 4797 ι,
3217 4731 3272 4804 5)
3299 4751 3318 4786 ι

1743 4819 1840 4875 soli
1871 4819 2099 4888 sapienti
2129 4817 2239 4874 Deo
2269 4818 2496 4875 Domino
2524 4828 2709 4876 nostro
2753 4819 2877 4875 Jesu
2923 4822 3156 4889 Christo,
3199 4839 3322 4878 cum

1742 4925 1852 4980 quo
1879 4909 2026 4963 Patri
2056 4919 2111 4964 et
2141 4909 2367 4979 Spiritui
2398 4921 2604 4975 sancto,
2629 4911 2821 4981 gloria,
2854 4911 3028 4966 honor
3051 4923 3107 4968 et
3154 4914 3324 4984 impe-

1747 5003 1886 5057 rium
1917 5010 1972 5055 et
1998 5011 2238 5071 potestas
2264 5003 2319 5056 in
2351 5001 2544 5058 sazcula
2573 5002 2914 5056 saeculorum.
2938 5005 3110 5059 Amen
3141 5005 3320 5076 (Rom.

1741 5109 1854 5159 xrv,
1890 5094 2002 5165 Ἦ).
2031 5095 2285 5150 Dominus
2315 5110 2412 5151 vos
2435 5096 2724 5160 custodiat,
2749 5095 3080 5154 dilectissimi
3111 5099 3322 5164 fratres,

1742 5191 2040 5246 incolumes
2095 5205 2326 5261 semper.
2359 5190 2492 5245 Data
2521 5192 2554 5246 8
2593 5189 2932 5259 Novembris,
2969 5192 3226 5250 Flaviano
3271 5207 3327 5249 et

1743 5279 2017 5334 Stilocone
2048 5280 2114 5335 IV
2143 5281 2474 5336 consulibus.
3003 5277 3013 5284 ’

1746 5396 1898 5463 Quod
1927 5413 2102 5468 omnes
2149 5397 2213 5450 de
2253 5395 2392 5451 Filio
2440 5372 2534 5451 Dei
2581 5408 2629 5452 et
2679 5396 2879 5468 Spiritu
2929 5413 3129 5462 sancto,
3163 5411 3211 5455 et
3261 5401 3326 5456 de

1814 5470 2014 5521 unitate
2043 5467 2314 5520 Trinitatis
2359 5469 2495 5522 male
2528 5467 2803 5523 sentientes
2846 5472 3041 5525 ainufes
3087 5473 3190 5526 sint
3228 5470 3324 5525 Ju-

1814 5539 1963 5603 dwis,
1997 5549 2041 5591 et
2070 5539 2134 5590 de
2168 5540 2366 5591 unitate
2397 5538 2687 5593 Trinitatis.

1815 5650 1968 5718 Quod
2018 5649 2065 5705 si
2113 5649 2235 5719 quis
2281 5651 2520 5719 patiatur
2565 5653 2734 5708 Demn
2777 5653 3012 5718 Patrem,
3059 5664 3115 5708 et
3154 5653 3324 5708 Deun

1742 5741 1956 5805 Filium,
1992 5751 2045 5796 et
2069 5741 2330 5810 Spiritum
2347 5753 2594 5798 sanctum
2620 5746 2751 5800 deos
2779 5746 2905 5811 dici,
2933 5755 2986 5800 et
3013 5761 3118 5800 non
3153 5746 3320 5800 Deum

1741 5847 1958 5907 prop'er
1995 5849 2153 5888 uuam
2184 5836 2540 5902 divinitatem,
2583 5849 2634 5893 et
2676 5839 2970 5909 potentiam
3015 5855 3175 5910 quam
3209 5853 3328 5898 cre-
