3888 6434
541 377 688 438 ‘667

1365 380 1657 438 APPEND.
1695 377 2003 436 AD‘SIEC.
2045 377 2138 433 IX.
2171 406 2241 418 -—
2277 374 2530 434 iSlDOﬂl
2569 373 3016 432 MERCATORIS
3705 392 3778 449 ωε

579 505 755 560 dimus
783 517 922 567 esse,
954 509 1007 558 et
1043 499 1244 557 scimus
1285 498 1483 560 Patris,
1529 505 1585 553 et
1631 496 1776 559 Filii.
1823 495 1882 551 'ct
1926 493 2162 564 Spiritus
2192 495 2241 550 Α
2269 487 2375 543 Sed
2401 504 2516 545 ηοιι·
2533 489 2750 554 mirum,
2801 490 2915 558 ipse
2960 490 3109 546 enim
3155 491 3388 552 Satanas
3422 500 3778 573 transflguratse

578 596 750 650 sancti
782 594 972 658 Deum,
1001 591 1328 648 subtrahens
1371 598 1466 644 aut
1498 587 1719 653 Filium,
1767 595 1862 640 aut
1903 584 2166 654 Spiritum

580 695 848 746 sanctum,
878 684 949 738 ita
979 683 1152 739 solum
1175 681 1406 735 mstimet
1425 693 1565 744 esse,
1594 678 1764 733 Deum
1790 674 2006 731 Patrem
2037 673 2166 738 dici,

579 786 674 832 aut
711 777 858 832 credi
905 788 1071 830 unum
1121 773 1288 828 Deum
1319 771 1870 835 anathematizamus,
1919 766 2169 822 omnibus

583 868 694 922 imo
720 865 939 930 Juda‘is,
969 865 1111 934 quod
1155 879 1354 919 nomen
1393 863 1619 917 deorum
1673 861 1726 915 in
1773 858 1980 930 angelis
2019 866 2074 913 et
2114 855 2168 910 in

579 959 782 1013 sanctis
809 958 1062 1012 omnibus
1083 969 1113 1009 a
1141 952 1250 1010 Deo
1290 963 1376 1008 est
1403 950 1634 1024 positum
1674 960 1733 1006 et
1770 952 2049 1006 donatum.
2094 949 2172 1004 De

579 1052 738 1106 Patre
765 1058 941 1106 autem
968 1058 1023 1105 et
1047 1048 1206 1113 Filio,
1243 1055 1298 1103 et
1326 1045 1530 1117 Spiritu
1553 1052 1742 1101 sancto
1769 1052 1991 1116 propter
2010 1058 2168 1096 unam

581 1154 634 1198 et
659 1143 919 1213 aequalem
949 1141 1284 1196 divinitatem
1307 1154 1411 1194 non
1448 1152 1641 1193 nomen
1671 1137 1914 1201 deorum,
1947 1137 2038 1191 scd
2075 1135 2169 1189 Dei

581 1237 737 1292 nobis
766 1235 1092 1298 ostenditur,
1121 1241 1281 1303 atque
1309 1231 1597 1296 iudicatur,
1633 1239 1694 1285 ut
1722 1230 2015 1295 credimus,
2043 1230 2168 1299 quia

581 1327 636 1381 in
663 1325 798 1380 Filio
817 1334 872 1379 et
900 1323 1105 1394 Spiritu
1127 1331 1316 1376 sancto
1346 1319 1682 1374 solummodo
1721 1318 2079 1389 baptizamus,
2119 1327 2174 1372 et

582 1433 688 1474 non
708 1418 762 1473 in
780 1415 1222 1486 archangelorum
1243 1412 1550 1470 nominibus
1563 1413 2004 1481 autangelorum,
2029 1411 2172 1482 quod

584 1509 847 1574 hmretiei,
887 1506 1193 1572 autJudtei,
1243 1514 1336 1561 aut
1369 1504 1596 1576 gentiles
1626 1505 1905 1560 dementes
1945 1503 2169 1560 faciunt.

585 1600 713 1656 llam
739 1615 869 1670 ergo
897 1608 980 1654 est
1007 1598 1153 1653 salus
1182 1595 1638 1660 Christianorum,
1663 1602 1724 1648 ut
1749 1595 2034 1650 credentes
2055 1592 2176 1649 Tri-

585 1690 843 1756 nitati,id
871 1699 954 1744 est
995 1688 1168 1753 Patri,
1213 1698 1268 1744 ct
1314 1686 1477 1754 Filio,
1519 1694 1574 1742 et
1615 1684 1838 1757 Spiritui
1883 1696 2073 1742 sancto
2119 1688 2172 1741 in

583 1797 766 1838 veram
811 1781 1093 1852 solamque
1138 1779 1501 1843 divinitatem,
1553 1792 1714 1832 unam
1761 1786 1815 1833 et
1855 1778 2172 1848 potentiam,

2268 578 2416 633 velut
2444 577 2693 648 angelum
2721 578 2876 634 lucis.
2907 579 2975 634 Et
3001 596 3106 636 non
3131 584 3324 640 mirum
3346 627 3364 651 ,
3394 588 3440 642 si
3467 589 3668 647 ministri
3698 596 3780 665 ejus

2268 667 2730 737 transfigurentur
2765 668 2910 723 velut
2941 670 3175 727 ministri
3199 674 3444 744 justitite,
3480 695 3679 750 quorum
3697 685 3779 740 linis

2269 754 2561 808 secundum
2591 768 2756 844 opera
2786 771 2972 812 eorum
3000 757 3084 828 (II
3116 758 3239 815 Cor.
3268 779 3327 829 ιι,
3357 765 3442 829 13,
3471 767 3571 834 ﬂ).
3603 769 3722 828 »θεά
3745 787 3779 827 et

2270 845 2532 901 Dominus
2574 846 2624 900 in
2659 849 2759 902 hoc
2788 851 3152 919 praemuniens
3195 867 3291 910 nos
3321 857 3432 911 ait:
3460 875 3480 909 ι
3510 861 3732 920 Alteudile
3759 886 3777 920 δ

2272 937 2426 992 falsis
2456 939 2755 1008 prophetis,
2791 942 2884 1009 qui
2922 944 3147 998 veniunt
3199 947 3266 1001 ad
3313 962 3410 1002 vos
3442 950 3490 1003 in
3517 955 3779 1011 vestimentis

2270 1031 2474 1093 ovium,
2507 1030 2833 1086 intrinsecus
2867 1041 3046 1087 autem
3080 1046 3206 1090 sunt
3240 1037 3348 1107 lupi
3404 1056 3622 1110 rapaces.
3648 1046 3680 1098 Α
3705 1046 3779 1101 fru-

2272 1119 2450 1174 ctibus
2492 1135 2678 1174 eorum
2724 1125 3062 1192 cognoscetis
3112 1141 3206 1182 eos
3258 1127 3472 1198 (Matth.
3524 1147 3622 1197 vn,
3659 1137 3776 1205 15).»

2273 1210 2415 1280 Ergo
2438 1212 2490 1266 in
2515 1213 2745 1283 idipsum
2771 1229 2838 1269 ex
2869 1223 2980 1272 toto
3003 1218 3166 1274 corde
3195 1219 3494 1278 referentes
3519 1234 3629 1280 ante
3649 1232 3778 1285 omnia

2272 1317 2434 1373 super
2466 1303 2555 1358 tali
2583 1306 2879 1373 quaestione
2915 1307 3371 1378 deprecationem,
3393 1322 3446 1367 ct
3469 1313 3680 1373 dicentes
3697 1335 3777 1374 cum

2273 1393 2442 1448 David
2475 1412 2489 1448 :
2521 1413 2538 1445 ι
2585 1393 2784 1451 Revela
2814 1398 3002 1453 oculos
3027 1413 3196 1467 meos,
3229 1414 3283 1456 et
3304 1403 3640 1460 considerabo
3667 1411 3778 1463 mira-

2272 1484 2400 1540 bilia
2432 1485 2498 1541 de
2526 1486 2642 1558 lege
2670 1497 2757 1541 tua
2782 1487 2953 1560 (Psal.
2979 1506 3145 1547 cxvm
3167 1533 3184 1558 ,
3223 1494 3334 1566 18).
3371 1514 3390 1548 ι
3429 1514 3448 1548 ι
3481 1497 3689 1555 Lucerna
3719 1517 3779 1571 pe

2274 1574 2432 1630 dibus
2459 1577 2594 1632 meis
2619 1577 2839 1632 verbum
2871 1589 3037 1645 tuum,
3074 1582 3322 1648 Domine,
3357 1594 3413 1641 et
3453 1587 3613 1644 lumen
3639 1593 3781 1646 semitis

2277 1663 2410 1719 meis
2439 1663 2777 1738 (Ibid.105),
2813 1687 2832 1720 ι
2870 1670 3146 1737 quoniam,
3171 1673 3314 1728 sicut
3339 1675 3418 1728 ait
3453 1674 3620 1732 beatus
3655 1680 3777 1734 Daniel

2280 1756 2544 1826 propheta
2574 1796 2589 1822 ,
2645 1763 2664 1808 ι
2714 1757 2990 1828 Sapientia
3037 1770 3092 1817 et
3114 1761 3375 1820 fortitudo
3415 1765 3528 1835 ejus
3560 1779 3686 1834 sunt,
3724 1773 3780 1824 dat

583 1877 949 1947 majestatem,
998 1848 1054 1930 et
1099 1875 1459 1931 substantiam
1506 1874 1748 1944 ejusdem
1799 1874 2016 1929 deitatis
2063 1871 2180 1927 sine
2209 1860 2256 1920 Β
2284 1848 2604 1947 δξξβίξπξξίίπη
2637 1850 2991 1947 εξιβίθιιιίὺυεν
3021 1863 3075 1909 ει
3117 1857 3402 1913 “ianuam
3451 1862 3779 1934 ίηῑεηίὲθηιίδυε

583 1967 746 2023 dubio
767 1967 1071 2022 credamus.
1106 1963 1245 2020 Dicit
1271 1979 1487 2035 quoque
1517 1965 1707 2020 beatus
1728 1964 1922 2019 Isaias:
1956 1963 2184 2033 Propter

592 2059 723 2116 Sion
781 2074 887 2114 non
937 2059 1172 2123 tacebo,
1225 2067 1281 2112 et
1331 2064 1554 2127 propter
1601 2055 2028 2126 Hierosolymam
2075 2068 2179 2108 non

587 2152 887 2222 quiescam,
917 2151 1088 2206 donec
1115 2148 1424 2219 egrediatur
1453 2159 1512 2202 ut
1544 2146 1799 2219 splendor
1816 2147 1995 2218 justus
2035 2143 2175 2215 ejus,

589 2240 829 2297 salvator
861 2241 978 2312 ejus
1021 2247 1083 2294 ut
1125 2239 1333 2309 lampas
1359 2238 1686 2294 accendatur
1738 2236 1872 2309 (lsa.
1917 2252 2052 2301 tht,
2102 2237 2178 2307 1).

586 2333 838 2390 Profecto
862 2333 1139 2389 catholica:
1155 2331 1428 2393 Ecclesiae,
1451 2345 1572 2401 qua:
1594 2345 1722 2386 vera
1749 2330 1998 2386 consistit
2026 2329 2177 2396 Sion,

594 2426 790 2482 civitas
817 2424 1014 2480 Christi
1039 2423 1298 2480 caelorum
1329 2421 1473 2493 regis
1500 2437 1596 2492 per
1616 2430 1692 2477 tot
1717 2436 1978 2476 annorum
2008 2420 2178 2490 spatia

587 2526 892 2589 expugnata
916 2515 985 2570 ab
1010 2513 1421 2572 adversantibus
1453 2514 1620 2569 verbo
1662 2506 1815 2580 fidei,
1837 2532 1856 2564 ι
1889 2513 1978 2582 qui
2005 2527 2180 2582 neque

588 2609 756 2665 Deum
781 2610 991 2673 timent,
1016 2621 1192 2677 neque
1212 2606 1484 2662 hominem
1507 2614 1825 2663 reverentur
1845 2605 1996 2678 (Luc.
2023 2620 2179 2669 vvm,

587 2703 668 2769 9.),
711 2720 729 2753 ι
765 2700 859 2756 sed
888 2700 1156 2755 incassum
1203 2699 1624 2768 producentibus
1661 2698 1780 2768 pias
1808 2704 1861 2752 et
1888 2695 2180 2750 canonieas

589 2795 657 2848 de
685 2795 788 2848 hoc
812 2793 980 2847 verbo
1007 2791 1283 2846 doctrinas
1306 2830 1322 2855 ,
1356 2791 1482 2844 dum
1528 2798 1584 2844 et
1628 2789 1871 2844 adversis
1906 2787 2177 2858 tantisque

589 2900 711 2955 qua:
743 2885 796 2939 in
823 2883 1025 2954 scripto
1051 2890 1106 2937 et
1134 2881 1252 2938 sine
1296 2871 1501 2950 sc'ripto
1529 2879 2012 2935 contestationihus
2037 2878 2180 2932 invi-

592 2976 690 3029 tati
719 2974 948 3029 fuissent
970 2973 1245 3043 corrigere
1273 2972 1544 3042 propriam
1565 2978 1621 3025 et
1647 2969 1876 3040 sepelire
1904 2970 2176 3034 hmresim,

593 3067 750 3122 sicuti
810 3073 864 3121 et
922 3081 1018 3136 per
1075 3064 1403 3120 anteriorem
1448 3062 1811 3134 cognitionem
1860 3061 2181 3118 luculentius

596 3161 1028 3214 demonstratum
1055 3165 1140 3212 est
1161 3165 1269 3211 tam
1297 3171 1395 3226 per
1420 3154 1626 3210 libellos
1669 3171 1830 3225 quam
1859 3170 1958 3225 per
1985 3170 2178 3227 sugge-

2287 1939 2644 2009 disciplinam,
2673 1943 2787 2012 ipse
2819 1946 3020 2000 revelat
3044 1947 3308 2017 profunda
3331 1960 3390 2006 et
3435 1956 3718 2021 abscondita,
3747 1971 3780 2011 cl

2284 2031 2434 2086 novit
2463 2033 2516 2087 in
2554 2036 2790 2090 tenebris
2818 2039 3130 2105 constituta,
3158 2049 3214 2095 et
3241 2041 3332 2097 lux
3362 2059 3479 2099 cum
3507 2060 3566 2102 eo
3588 2055 3670 2111 est,
3699 2050 3778 2118 quia

2282 2121 2604 2190 sapientiam
2631 2132 2688 2178 et
2708 2123 3076 2182 fortitudinem
3103 2130 3299 2186 dedisti
3327 2134 3479 2198 mihi,
3503 2145 3555 2190 et
3576 2139 3782 2191 ostendisti

2282 2212 2414 2266 mihi
2439 2229 2559 2282 qua:
2583 2216 2766 2286 rogavi
2799 2225 2848 2272 te
2873 2217 3034 2289 (Dan.
3068 2236 3128 2284 ιι,
3169 2222 3384 2295 20-24).
3430 2244 3448 2278 ι
3485 2225 3604 2282 Cum
3636 2229 3780 2296 opeili~
3852 2231 3853 2234 “

2281 2301 2403 2355 vina
2435 2304 2854 2376 uniuscujusque
2887 2323 3133 2376 personae
3167 2315 3471 2385 conscripta
3494 2332 3581 2387 per
3603 2318 3782 2372 novitatis

2281 2403 2646 2450 commentum
2695 2400 2937 2454 accusati
2992 2410 3153 2467 sunt,
3208 2404 3274 2458 de
3326 2407 3605 2462 venerabili
3642 2409 3780 2462 scrinio

2279 2485 2774 2545 obsecundantibus
2801 2492 2957 2547 nobis
2982 2493 3361 2551 ordinabiliter
3387 2497 3696 2554 offerentibus
3727 2516 3780 2554 se

2280 2575 2470 2634 lertius
2496 2580 2862 2638 intendamus.

2280 2694 2359 2752 De
2384 2698 2786 2772 choreniscopis,
2813 2711 2862 2756 et
2889 2704 2979 2773 qui
3002 2703 3145 2827 idem,
3168 2705 3293 2827 aliut,
3325 2716 3414 2759 aut
3446 2709 3487 2760 si
3516 2705 3679 2766 aliquid
3698 2707 3766 2760 sint

2942 2787 3030 2826 aut
3071 2791 3122 2827 m
3143 2792 3176 2827 ιι
3206 2814 3222 2827 .

2942 2787 3030 2826 aut
3071 2787 3222 2830 ηιΙιιι.

2351 2860 2594 2916 Dominis
2620 2863 3019 2920 venerabilibus
3043 2864 3331 2931 fratribus,
3382 2868 3634 2924 Pnosrsno
3657 2869 3779 2922 humi-

2279 2949 2381 3006 dia:
2402 2955 2590 3021 primae
2610 2955 2754 3010 sedis
2776 2955 3048 3026 episeopo,
3073 2956 3264 3024 LEONI,
3297 2959 3590 3026 Remane,
3607 2960 3780 3014 Ausus-

2281 3059 2406 3110 nno,
2432 3044 2760 3110 Bsaumcro,
2808 3047 2977 3115 Ruro,
3014 3057 3070 3104 et
3111 3053 3367 3109 omnibus
3393 3055 3604 3118 caneris,
3647 3053 3777 3120 ubique

2284 3137 2336 3190 in
2371 3146 2517 3192 recta
2541 3147 2729 3194 sancta
2755 3148 2811 3193 et
2846 3140 3142 3210 apostolica
3185 3141 3291 3198 fide
3338 3144 3704 3200 consistentibus
3727 3157 3778 3194 or-

595 3252 803 3308 stiones
854 3248 1424 3306 reverendissimorum
1479 3247 1816 3303 sacerdotum
1859 3255 1914 3302 et
1956 3263 2180 3302 venera-

2289 3228 2539 3283 thodoxis
2562 3229 2850 3300 episcopis,
2875 3229 3147 3287 Damasus.

593 3342 780 3396 bilium
809 3340 1064 3395 abbatum
1093 3337 1352 3408 Apostolo
1379 3345 1715 3408 protestante
1740 3338 1896 3416 nobis
1932 3357 1951 3389 ι
1989 3337 2178 3393 Homi-

594 3448 716 3487 nem
767 3431 1079 3487 hacretieum
1137 3439 1261 3499 post
1307 3429 1540 3498 primam
1572 3437 1628 3484 et
1660 3429 1950 3484 secundam
2001 3444 2183 3484 corre-

597 3525 834 3595 ptionem
886 3523 1095 3579 evitare
1139 3520 1433 3577 debeamus
1477 3519 1606 3591 (Tit.
1639 3537 1721 3585 ιιι,
1753 3521 1864 3593 10),
1904 3540 1920 3573 ι
1953 3521 2184 3577 scientes

597 3617 721 3685 quia
781 3614 1072 3671 subversas
1111 3621 1197 3669 est
1236 3611 1562 3681 hujnsmodi,
1592 3620 1647 3668 et
1677 3612 1937 3683 delinquit
1963 3613 2184 3683 proprio

589 3706 794 3778 judicio
817 3706 1204 3760 condemnatus
1229 3743 1244 3769 ,
1292 3703 1441 3757 nullo
1471 3703 1631 3758 modo
1655 3712 1867 3774 oportet
1910 3718 2008 3759 nos
2037 3704 2184 3760 dein-

593 3815 724 3870 ceps
750 3808 929 3853 tacere
957 3805 1051 3852 aut
1089 3795 1390 3866 quiescere,
1438 3810 1507 3850 ne
1552 3810 1769 3866 quoquo
1810 3795 1970 3851 modo
2016 3795 2183 3865 iniqui

588 3887 894 3960 iudicemur
920 3886 1175 3942 odibilem
1215 3885 1324 3940 Deo
1354 3899 1543 3956 pacem
1591 3885 1996 3955 amplectentes.
2043 3885 2186 3953 Quo-

598 3979 743 4033 niam
781 3978 1040 4048 scriptum
1069 3985 1194 4033 est:
1228 3995 1246 4027 ι
1285 3975 1467 4030 Zelavi
1515 3977 1567 4030 in
1595 3977 1970 4046 peccatoribus
1995 3992 2183 4047 pacem

597 4077 944 4140 peccatorum
966 4069 1156 4126 videns
1174 4069 1347 4142 (Paul.
1375 4086 1545 4136 Lxxn,
1563 4071 1639 4140 5),
1661 4089 1681 4124 ι
1713 4080 1767 4128 et
1792 4073 2003 4128 dicatur
2021 4073 2185 4128 etiam

600 4166 668 4219 de
731 4164 889 4219 nobis
926 4180 939 4216 :
982 4161 1305 4219 Sacerdotes
1373 4164 1476 4219 mei
1527 4173 1976 4236 contempserunt
2014 4165 2186 4237 legem

599 4269 796 4319 meam,
844 4263 897 4310 et
943 4254 1249 4325 polluerunt
1293 4257 1596 4312 sanctuaria
1628 4273 1745 4313 mea
1775 4257 1991 4329 (Ezeclt.
2027 4275 2183 4322 xxtn,

598 4345 713 4418 38),
745 4345 886 4400 inter
913 4353 1160 4400 sanctum
1183 4354 1235 4400 et
1274 4347 1557 4416 profanum
1589 4364 1693 4404 non
1721 4350 1956 4406 habuere
1985 4350 2188 4408 distan-

599 4438 752 4500 tiam,
785 4436 927 4491 inter
954 4435 1212 4505 pollutum
1238 4445 1291 4493 et
1324 4439 1580 4494 mundum
1632 4455 1737 4494 non
1769 4440 2182 4507 intellexerunt;

598 4529 693 4586 sed
715 4542 1043 4599 consurgere
1071 4543 1192 4584 eum
1226 4528 1358 4592 Deo,
1401 4538 1457 4585 et
1484 4529 1781 4586 consistere
1809 4539 2056 4602 prompte
2100 4533 2184 4586 in-

2355 3317 2522 3383 Licet,
2555 3318 2751 3375 fratres
2789 3321 3118 3390 eharissinti,
3151 3325 3309 3382 vobis
3343 3327 3452 3381 sint
3495 3335 3602 3382 nota
3623 3324 3775 3380 Patrum

2283 3411 2524 3477 decreta,
2555 3411 2738 3466 mirari
2773 3422 2950 3468 tamen
2977 3430 3078 3470 non
3107 3433 3397 3487 possumus
3426 3429 3630 3475 vestram
3662 3417 3776 3472 soler-

2289 3499 2414 3554 tiam
2437 3501 2582 3555 circa
2612 3503 2854 3558 instituta
2879 3505 3168 3574 majorum,
3202 3517 3262 3562 ut
3291 3521 3483 3567 cuncta
3499 3525 3603 3581 qua:
3622 3515 3776 3580 possunt

2290 3590 2452 3661 164
2463 3591 2696 3661 aliquam
2724 3593 2969 3664 recipere
2990 3597 3401 3667 dubitationem,
3425 3600 3486 3655 ad
3509 3615 3593 3654 nos
3606 3598 3719 3668 quasi
3734 3595 3776 3647 ad

2287 3692 2470 3753 caput,
2503 3693 2563 3740 ut
2587 3699 2802 3756 semper
2825 3689 2928 3744 fuit
2955 3693 3314 3758 consuetudo,
3359 3693 3557 3750 deferre
3580 3709 3663 3746 non
3685 3689 3777 3744 desi-

2285 3776 2448 3842 natis,
2470 3786 2534 3832 ut
2559 3777 2684 3834 inde
2711 3782 2938 3851 capiatis
2962 3797 3226 3853 responsa
3246 3787 3391 3842 unde
3414 3787 3658 3856 accepistis
3675 3782 3776 3837 insti-

2289 3867 2550 3923 tutionem
2580 3878 2635 3924 et
2663 3886 2911 3926 normam
2940 3884 3087 3928 recte
3111 3875 3346 3932 vivendi.
3377 3877 3520 3933 Unde
3547 3886 3591 3932 et
3616 3889 3689 3928 vos
3707 3886 3773 3925 non

2289 3957 2636 4016 immemores
2661 3976 2928 4017 canonum
2949 3977 3071 4019 esse
3102 3967 3464 4031 recordamur,
3490 3967 3569 4037 qui
3599 3975 3641 4021 et
3661 3967 3774 4034 ipsum

2289 4051 2405 4107 fieri
2432 4054 2753 4124 praecipiunt
2793 4071 2900 4110 non
2940 4064 2999 4110 ut
3046 4058 3200 4112 vobis
3224 4060 3463 4114 scientia
3487 4053 3774 4115 ecclesiastici:

2292 4144 2487 4215 regulae
2529 4144 2747 4216 aliquod
2787 4147 2947 4212 desit,
2995 4149 3088 4202 sed
3138 4159 3197 4203 ut
3224 4153 3534 4206 auctoritate
3557 4149 3672 4204 sedis
3690 4161 3774 4214 apv-

2289 4239 2493 4294 stolica:
2519 4238 2639 4294 fulti
2668 4241 2721 4294 in
2749 4240 2897 4296 nullo
2922 4241 2987 4296 ab
3011 4241 3128 4312 ejus
3161 4242 3390 4301 devictis
3411 4245 3604 4316 regulis.

2362 4331 2616 4403 lgiturde
2645 4333 3050 4403 cborepiseopis
3096 4336 3164 4390 de
3192 4337 3387 4406 quibus
3439 4353 3529 4392 nos
3573 4332 3773 4391 consulere

2291 4429 2448 4500 quale
2470 4428 2541 4483 sit
2569 4443 2758 4483 eorum
2789 4428 3173 4494 ministerium,
3206 4443 3301 4485 aut
3328 4432 3452 4503 quid
3492 4431 3562 4484 eis
3601 4422 3774 4495 agereli-

2295 4530 2438 4585 cent,
2472 4529 2564 4573 aut
2583 4534 2745 4589 quam
2769 4520 3146 4575 auctoritatem
3172 4521 3516 4587 habeant,vel
3538 4521 3576 4575 si
3599 4520 3693 4573 licet
3714 4524 3772 4567 eos

600 4621 827 4675 dnentes
865 4635 1012 4673 arma
1044 4619 1269 4690 spiritus
1314 4621 1574 4676 adversus
1607 4621 1964 4694 malignantes
1996 4633 2180 4680 contra

2293 4608 2408 4664 fieri
2445 4624 2513 4663 an
2545 4623 2675 4670 non,
2707 4609 2832 4679 quia
2864 4610 3172 4666 audivimus
3211 4626 3307 4668 eos
3331 4613 3438 4683 jam
3468 4625 3572 4668 esse
3611 4602 3772 4679 prohibi-

602 4711 761 4764 lidem
807 4708 943 4779 ejus,
995 4720 1054 4764 ut
1089 4711 1375 4780 probemus
1418 4711 1639 4781 spiritus
1679 4714 1976 4783 sapienter,
2019 4716 2071 4770 id
2101 4724 2185 4770 est

602 4804 762 4857 verba
793 4802 1029 4863 illorum,
1055 4803 1099 4856 si
1135 4818 1202 4857 ex
1233 4801 1344 4858 Deo
1372 4813 1516 4858 sunt.
1557 4804 1826 4876 Scriptum
1851 4815 1934 4863 est
1962 4807 2104 4862 enim
2133 4807 2184 4862 in

599 4891 869 4947 Jcrcmia:
905 4910 922 4942 ι
961 4890 1314 4948 Probatorem
1350 4894 1468 4948 dedi
1501 4904 1550 4948 te
1580 4896 1633 4950 in
1682 4897 1876 4966 pepulo
1923 4913 2043 4954 meo
2097 4915 2187 4954 ro-

603 4983 837 5047 bustum,
855 4985 1126 5040 etscieset
1143 4986 1398 5055 probabis
1415 4987 1553 5040 viam
1569 5002 1753 5043 eorum
1773 4989 1905 5061 (Jer.
1928 5007 2001 5057 vt,
2025 4992 2135 5064 27).
2166 5013 2182 5044 ι

602 5069 824 5126 Multum
847 5088 1079 5142 namque
1119 5075 1273 5130 nobis
1307 5077 1610 5132 necessaria
1664 5086 1747 5133 est
1793 5080 2084 5152 vigilantia,
2132 5093 2185 5139 ct

603 5171 808 5216 tantum
849 5164 1088 5219 divinum
1132 5167 1408 5237 sapientiae
1447 5169 1790 5226 discretionis
1820 5189 1940 5243 quae
1977 5177 2183 5230 occulta

605 5252 822 5307 tenehra
833 5255 946 5307 rum
963 5255 1238 5312 revelatad
1257 5259 1672 5327 requisitionem-
1685 5262 1988 5331 hujusmodi
2006 5266 2080 5320 rei
2099 5308 2112 5333 ,
2133 5277 2187 5321 et

602 5345 1012 5411 scrutationem,
1043 5349 1294 5416 quoniam
1321 5351 1452 5406 latet
1472 5353 1868 5422 quodammodo
1887 5369 1942 5413 et
1961 5361 2186 5416 abscon-

602 5439 748 5493 ditur
777 5439 971 5509 vixque
993 5443 1468 5511 comprehenditur
1491 5446 1670 5502 dolosa
1691 5450 1931 5506 existens
1961 5452 2185 5520 malitia,

603 5548 702 5602 pro
727 5546 792 5587 eo
815 5531 957 5601 quod
985 5531 1088 5587 sibi
1110 5533 1363 5602 pietatem
1387 5537 1578 5593 callide
1594 5539 1916 5607 blandiatur,
1937 5553 1997 5598 ut
2017 5545 2192 5601 valeat

603 5624 959 5680 scrutantium
987 5632 1222 5680 mentem
1252 5625 1441 5693 latere,
1483 5631 1623 5698 quod
1653 5633 1838 5702 utique
1865 5636 2042 5690 sciens
2069 5637 2194 5690 bea—

604 5724 690 5770 tus
721 5715 1008 5784 Apostolus
1044 5716 1157 5770 ait:
1191 5734 1208 5768 ι
1243 5713 1378 5771 Nam
1409 5720 1713 5789 hujusmozli
1762 5727 2196 5798 pseudoapostoli

605 5811 836 5879 operarii
858 5814 1066 5870 subdoli
1095 5814 1485 5886 transfigurant
1513 5833 1570 5872 se
1603 5819 1652 5872 in
1679 5824 1949 5889 apostolos
1974 5823 2199 5879 Christi.

2293 4714 2400 4771 tos,
2451 4714 2544 4759 aut
2571 4705 2699 4776 quid
2731 4706 2798 4761 de
2829 4707 2940 4774 eis,
2975 4707 3065 4777 qui
3094 4708 3208 4778 jam
3255 4710 3479 4765 ordinati
3525 4701 3773 4774 reperientur

2292 4799 2556 4866 agendum
2591 4799 2700 4862 sit,
2735 4799 2808 4852 nil
2859 4801 3008 4854 vobis
3037 4803 3239 4858 certius
3288 4800 3588 4872 respondere
3627 4795 3770 4847 videtur

2291 4907 2454 4961 quam
2482 4891 2607 4945 olim
2637 4907 2666 4944 a
2710 4891 3203 4961 prmdccessoribus
3234 4897 3430 4950 nostris
3475 4893 3697 4946 decretum
3717 4895 3768 4934 re

2293 4985 2550 5057 perimus,
2581 4993 2640 5038 ut
2680 4984 2761 5038 eis
2803 4984 2871 5038 ad
2902 4987 3113 5039 veniam
3163 4987 3296 5040 nihil
3343 5001 3549 5055 prorsus
3587 4981 3639 5036 ad
3675 4972 3767 5029 aliud

2294 5084 2604 5130 reservetur
2644 5089 2804 5144 quam
2836 5077 3071 5145 privatio
3109 5078 3248 5131 sacri
3297 5075 3561 5132 ministerii
3604 5066 3708 5141 quod
3730 5062 3767 5115 il-

2293 5169 2440 5225 licite
2473 5178 2905 5240 assumpserunt,
2937 5171 3065 5241 quia
3105 5171 3356 5242 prohibiti
3384 5181 3482 5224 tam
3530 5167 3586 5220 ab
3612 5165 3686 5217 hac
3713 5168 3765 5206 St-

2296 5279 2389 5318 cra
2444 5265 2573 5319 sede
2625 5277 2787 5332 quam
2831 5280 2858 5317 a
2907 5265 3070 5318 totius
3123 5265 3270 5318 orbis
3318 5263 3519 5318 fuerant
3562 5247 3764 5327 episcopis.

2284 5357 2467 5429 _Nimis
2499 5373 2628 5426 ergo
2679 5373 2867 5411 eorum
2923 5357 3190 5412 institutio
3243 5357 3510 5428 improba,
3559 5345 3682 5404 nimis
3713 5344 3762 5390 al

2302 5465 2496 5520 prava,
2528 5450 2652 5519 quia
2681 5459 2739 5502 ut
2785 5449 2839 5503 hi
2893 5451 2958 5504 de
2985 5466 3199 5504 summo
3236 5447 3504 5506 sacerdotii
3547 5429 3763 5520 ministerio

2297 5540 2498 5611 aliquid
2535 5549 2866 5609 praesumant
2887 5541 3032 5594 omni
3072 5543 3390 5597 auctoritate
3418 5539 3628 5594 caret.et
3649 5517 3761 5578 ςιοτῗδ

2300 5631 2596 5687 canonibus
2626 5632 2901 5687 invenitur
2944 5647 3061 5687 esse
3103 5634 3444 5695 contrarium,
3471 5637 3605 5694 atque
3641 5615 3761 5670 atllo-

2304 5727 2410 5781 tius
2458 5725 2714 5781 Ecclesia:
2768 5725 3230 5796 perturbationem
3259 5724 3471 5798 superba
3497 5728 3542 5773 et
3570 5702 3758 5800 SIIP‘TQ‘T“

2308 5818 2478 5872 tendit.
2511 5819 2695 5883 elatio,
2740 5828 2793 5872 et
2829 5835 3057 5874 vacuum
3105 5828 3190 5874 est
3233 5829 3283 5875 et
3326 5820 3470 5873 inane
3509 5797 3757 5880 quid‘lmdi"
