3888 6502
1233 410 1757 469 ’.τιυῐὶΕΤΑιιυΜ
1795 411 2094 469 ΕΟΙᾸᾸιω

3230 429 3334 484 670

99 489 320 601 priudicto
345 520 627 579 sacerdotii
653 520 849 577 summi
879 530 1108 593 egerunt
1134 521 1460 579 ministerio.
1485 523 1638 591 Quod
1669 530 1714 588 Α
1743 523 2050 594 exstirpare
2093 541 2317 582 necesse
2361 536 2466 584 est.
2519 529 2672 598 Quod
2719 532 2866 586 enim
2925 534 3163 608 episcopi
3220 553 3331 595 non

103 617 183 687 ipsi
206 613 332 669 idem
351 613 458 668 sint
489 612 579 682 qui
607 621 662 668 et
689 613 991 684 presbyteri
1015 610 1351 669 sulﬁcienter
1372 613 1644 669 invenitur

97 709 171 780 q'ti
197 707 256 763 ad
277 704 496 762 formam
525 715 580 761 et
627 707 930 778 exemplum
977 707 1320 780 septuaginta
1349 708 1641 764 inveniun-

98 809 170 853 tur
191 797 326 868 prius
353 794 596 850 instituti.
629 794 735 850 Sed
774 795 921 866 quia,
967 795 1078 852 Deo
1105 798 1332 868 gratias,
1363 797 1522 854 modo
1551 812 1644 854 ne-

97 886 310 954 cessarii,
339 885 477 940 sicut
501 885 554 940 in
580 885 856 960 primitiva
889 885 1131 942 Ecclesia
1163 895 1385 958 propter
1404 888 1640 942 studium

97 979 216 1052 quod
240 993 358 1050 erga
381 992 644 1050 pauperes
671 979 982 1049 exigebant,
1013 994 1118 1034 nou
1148 987 1367 1044 sunt,et
1390 979 1517 1049 quia
1540 979 1638 1035 illi-

95 1074 181 1127 cita
208 1071 616 1141 praesumebant,
645 1079 700 1128 et
721 1073 870 1144 quod
899 1072 1134 1144 agebant
1155 1082 1336 1129 actum
1373 1089 1479 1132 non
1502 1085 1640 1140 erat,

94 1175 135 1220 ct
157 1173 418 1234 propterea
448 1164 602 1218 multi
641 1163 694 1218 in
723 1165 1070 1220 securitatem
1101 1165 1236 1236 lapsi
1271 1165 1644 1222 ecclesiastico

96 1255 445 1310 lraudahantur
473 1262 529 1308 et
555 1253 965 1311 frustrabantur
1002 1255 1331 1321 ministerio,
1379 1254 1499 1311 ideo
1533 1264 1640 1309 tam

95 1349 148 1403 ab
195 1346 288 1401 hac
338 1354 526 1402 sancta
575 1345 702 1402 sede
757 1346 854 1418 (ut
898 1347 1145 1417 superius
1199 1345 1640 1416 memoravimus)

95 1453 226 1508 quam
246 1438 310 1493 ab
330 1437 580 1494 omnibus
621 1437 784 1493 totius
813 1437 962 1494 orbis
991 1437 1262 1509 episcopis
1289 1452 1317 1491 a
1348 1436 1642 1506 pontiﬁca-

95 1531 208 1586 libus
234 1539 356 1587 sunt
379 1530 576 1588 remoti
604 1531 818 1588 olIiciis.
845 1530 1002 1600 Nam,
1019 1541 1079 1586 ut
1097 1531 1254 1587 nobis
1279 1529 1508 1585 relatum
1539 1537 1640 1594 est,

94 1622 275 1690 quidam
311 1623 689 1694 episcoporum
723 1631 943 1694 propter
970 1623 1390 1692 suamquietem
1426 1621 1507 1677 eis
1531 1620 1644 1692 ple-

95 1712 171 1766 bes
201 1725 317 1766 suas
355 1711 703 1768 committere
753 1727 861 1768 non
896 1712 1211 1778 formidant,
1251 1719 1308 1768 et
1355 1720 1417 1766 ut
1455 1711 1640 1766 illicita

96 1810 226 1871 atque
241 1801 502 1871 prohibita
528 1810 710 1872 agant,
725 1801 779 1857 id
799 1810 901 1868 est,
916 1815 979 1856 ea
997 1817 1117 1872 qua:
1139 1803 1271 1857 solis
1291 1800 1640 1872 pontiﬁcibus

1743 614 1850 670 sint
1881 615 1973 684 qui
2004 614 2183 671 minus
2209 632 2375 686 quam
2405 634 2435 673 a
2463 621 2638 677 tribus
2676 631 2805 678 sunt
2843 623 3078 681 ordinati
3117 629 3331 697 episeo-

1741 706 1828 776 pis
1873 706 2128 762 omnibus
2159 715 2324 778 patet,
2367 711 2650 781 quoniam,
2694 723 2752 768 ut
2784 715 2923 772 bene
2973 717 3169 783 nostis,
3206 735 3331 788 pro-

1741 795 1970 852 hibitum
1994 813 2024 853 a
2051 800 2227 855 sacris
2255 812 2344 856 est
2386 800 2663 869 Patrihus,
2695 813 2755 860 ut
2795 806 2889 876 qui
2918 806 2988 860 ab
3023 824 3130 863 uno
3176 809 3261 865 vel
3298 826 3329 865 a

1743 889 1952 945 duobus
1978 899 2104 946 sunt
2123 891 2359 946 ordinati
2383 895 2672 966 episcopis,
2716 913 2818 954 nec
2846 899 3194 956 nominentur
3221 905 3334 974 epi-

1744 979 1916 1049 sc0pi.
1963 978 2019 1034 Si
2066 995 2260 1036 nomen
2303 998 2412 1038 non
2463 985 2665 1041 habent
2712 989 2946 1058 qualiter
2973 989 3208 1046 ofﬁcium
3240 994 3336 1049 ha-

1747 1066 1992 1122 bebunt?
2033 1066 2305 1139 Quidquid
2334 1072 2480 1126 enim
2517 1072 2660 1128 inter
2691 1077 2995 1148 episcopos,
3029 1090 3122 1135 aut
3155 1081 3222 1137 de
3251 1097 3338 1138 re-

1744 1156 1849 1211 bus
1891 1157 1958 1212 ad
2003 1173 2096 1214 eos
2143 1161 2484 1218 solummodo
2515 1165 2910 1233 pertinentibus
2937 1172 3186 1242 egerint,
3237 1189 3335 1230 ne-

1744 1261 1896 1304 cesse
1924 1259 2036 1318 est,
2059 1262 2118 1306 ut
2143 1255 2394 1324 superius
2409 1254 2522 1326 jam
2549 1258 2888 1327 prmlibatum
2914 1272 3016 1328 est,
3044 1273 3103 1320 ut
3125 1265 3337 1321 irritum

1745 1337 1862 1408 ﬁat,
1890 1342 2017 1410 quia
2041 1343 2182 1412 quod
2213 1360 2321 1398 non
2367 1345 2603 1414 habent,
2641 1348 2772 1405 dare
2819 1367 3160 1424 nequaquam
3205 1371 3336 1427 pos-

1744 1438 1890 1491 sunt,
1924 1433 2232 1501 praesertim
2261 1449 2387 1489 cum
2418 1437 2622 1492 nullum
2671 1454 2739 1494 ex
2784 1443 3128 1514 septuaginta
3175 1447 3338 1502 disci-

1744 1520 1909 1590 pulis,
1962 1537 2192 1593 quorum
2245 1526 2481 1595 speciem
2566 1529 2656 1585 isti
2731 1541 3020 1603 antequam
3074 1537 3336 1605 prohibe-

1745 1619 1955 1678 rentur,
2009 1620 2067 1665 ut
2120 1615 2373 1684 superius
2418 1629 2781 1674 memoratum
2817 1630 2923 1690 est,
2976 1623 3030 1677 in
3089 1625 3334 1682 Ecclesia

1743 1699 2033 1767 gerebant,
2067 1701 2141 1755 nil
2173 1703 2239 1757 de
2268 1703 2371 1758 hoc
2407 1708 2552 1775 quod
2593 1710 2860 1777 apostolis
2884 1726 3185 1785 eorumque
3223 1731 3347 1774 suo-

1743 1789 2054 1844 cessorihus
2080 1793 2387 1861 specialiter
2408 1795 2724 1864 debebatur,
2747 1798 2947 1872 legitur
2962 1806 3344 1876 assumpsisse,

95 1893 318 1949 debentur
345 1894 446 1949 sibi
472 1902 757 1965 usurpant,
784 1901 840 1950 et
865 1894 964 1964 ipsi
986 1895 1038 1949 in
1067 1909 1163 1950 sua
1187 1895 1371 1965 quiete
1400 1902 1641 1965 torpent,

1754 1894 1847 1935 nec
1872 1880 2058 1951 inlcge
2087 1883 2296 1938 Domini
2328 1901 2449 1956 quae
2477 1886 2647 1958 Moysi
2672 1891 2742 1946 ab
2762 1893 2880 1962 ipso
2899 1895 3126 1953 Domino
3144 1898 3344 1970 legitur

96 1995 137 2039 et
171 2001 342 2041 curam
379 1987 485 2042 sibi
547 2002 577 2041 a
628 1987 740 2042 Deo
795 1988 1140 2044 commissam
1183 1986 1476 2058 negligunt,
1517 2001 1643 2042 cum

96 2076 316 2132 Dominus
348 2077 494 2132 dicat
532 2094 545 2131 :
585 2096 604 2130 ‹
641 2077 821 2133 Bonus
841 2086 1027 2149 pastor
1049 2078 1288 2133 animam
1311 2093 1464 2134 suam
1496 2077 1648 2148 ponit

97 2181 170 2237 pro
192 2168 369 2224 ovibus
411 2169 549 2234 suis,
573 2179 630 2225 et
669 2179 832 2225 vocat
872 2185 966 2226 eas
997 2170 1338 2236 nominatim,
1367 2183 1422 2226 et
1449 2185 1647 2242 cogno-

99 2258 177 2312 scit
197 2274 346 2326 suas,
385 2269 441 2316 et
469 2275 585 2316 suae
613 2270 915 2333 agnoscunt
936 2275 1058 2317 eum
1091 2260 1283 2332 (Joan.
1336 2278 1390 2326 χ,
1413 2262 1589 2334 2-H).
1621 2281 1640 2314 ι

100 2350 148 2404 Et
171 2351 321 2407 item:
365 2371 382 2405 ι
423 2353 586 2410 Sicut
615 2355 768 2410 novit
811 2369 898 2410 me
941 2354 1128 2421 Pater,
1172 2365 1230 2412 et
1271 2371 1372 2428 ego
1411 2371 1646 2428 agnosco

99 2438 298 2507 Patrem,
339 2452 392 2498 et
434 2443 679 2497 animam
721 2458 897 2498 meam
945 2458 1088 2515 pono
1140 2458 1242 2515 pro
1289 2446 1480 2502 ovibus
1510 2448 1647 2503 meis

100 2529 401 2604 (lbid.,ll).
463 2550 483 2584 ›
544 2531 620 2587 De
675 2534 1013 2591 mercenario
1060 2544 1243 2592 autem
1311 2537 1440 2608 quid
1505 2539 1649 2594 dicat

100 2619 208 2676 bene
226 2623 404 2688 nostis,
426 2624 559 2694 quia
594 2643 612 2677 ι
648 2624 782 2680 vidit
813 2626 996 2696 lupum
1023 2627 1354 2696 venientem,
1383 2637 1438 2685 et
1466 2630 1648 2686 dimit-

102 2713 149 2766 tit
167 2729 298 2781 oves,
324 2724 376 2772 et
397 2716 559 2786 fugit,
589 2726 644 2772 et
683 2716 838 2789 lupus
884 2720 1049 2791 rapit,
1079 2727 1137 2777 et
1173 2720 1434 2793 dispergit
1465 2737 1595 2780 oves
1625 2743 1644 2776 ι

102 2805 450 2880 (lbid.,12),et
474 2810 682 2879 reliqua
703 2810 808 2867 Pro
831 2811 1026 2868 talibus
1050 2827 1179 2870 vero
1202 2814 1491 2886 negligitur
1517 2831 1650 2872 cura

104 2895 331 2966 Ecclesiae,
361 2909 416 2956 et
463 2899 584 2969 ejus
627 2911 799 2958 status
843 2905 1229 2973 perturbatur,
1280 2915 1335 2962 et
1378 2906 1500 2962 ideo
1523 2917 1650 2962 sunt

103 2988 335 3056 prohibiti,
359 2991 635 3047 intantum
666 3004 725 3047 ut
748 2992 794 3051 si
825 2993 1022 3064 aliquis
1064 3009 1132 3049 ex
1184 2995 1268 3051 his
1301 2997 1505 3066 reperti
1535 2996 1650 3054 fue-

103 3081 205 3147 rint,
225 3097 253 3137 a
276 3085 498 3155 proprio
526 3085 779 3141 decidant
803 3087 994 3158 gradu.
1023 3086 1104 3142 llli
1128 3103 1362 3159 namque
1383 3090 1648 3159 episcopi,

102 3172 173 3240 qui
194 3174 304 3229 talia
338 3177 440 3232 sibi
485 3187 844 3246 praesumunt,
885 3178 1138 3234 videntur
1167 3180 1298 3233 mihi
1325 3194 1448 3236 esse
1476 3196 1651 3236 mere-

1747 1970 1974 2041 dictata,
2003 1974 2069 2028 de
2115 1974 2199 2029 his
2248 1992 2369 2046 qua:
2413 1982 2641 2036 summis
2694 1985 3091 2054 sacerdotibus,
3147 1989 3201 2044 id
3250 1998 3338 2046 est

1747 2061 1953 2134 Moysi,
1989 2073 2044 2119 et
2091 2069 2272 2121 Aaron
2319 2078 2478 2125 erant
2533 2073 2843 2143 specialiter
2889 2092 3193 2146 concessa,
3242 2081 3342 2138 ﬁlii

1745 2153 1928 2210 Aaron
1957 2155 2254 2226 quidquam
2278 2172 2626 2230 praesumant.
2652 2164 2793 2221 Nulli
2823 2169 2967 2224 enim
2990 2171 3211 2243 dubium
3236 2184 3344 2242 est,

1747 2249 1890 2319 quod
1922 2248 2131 2322 Moyses
2157 2262 2213 2308 et
2236 2254 2422 2310 Aaron
2457 2257 2581 2324 soli,
2612 2261 2960 2330 praecipiente
3000 2264 3261 2335 Domino,
3289 2269 3348 2324 in

1749 2342 2103 2397 tabernaculo
2158 2343 2252 2398 Dei
2285 2346 2590 2418 erigebant
2635 2350 2840 2418 altare,
2890 2353 2991 2410 soli
3042 2358 3343 2429 ungebam,

1749 2431 1850 2486 soli
1878 2434 2193 2490 sacerdotes
2221 2449 2379 2492 sacra
2422 2439 2679 2496 unctione
2716 2441 3096 2513 instituebant,
3132 2461 3189 2504 ei
3234 2449 3342 2504 alia

1749 2539 1872 2594 quae
1899 2525 1966 2580 ad
2011 2541 2284 2582 summum
2318 2528 2688 2587 sacerdotium
2716 2534 3082 2604 pertinebant,
3113 2539 3182 2595 de
3218 2541 3346 2610 qui-

1748 2613 1849 2670 bus
1879 2614 2220 2674 sufﬁcienter
2253 2618 2308 2674 in
2355 2619 2555 2696 divinis
2592 2621 2793 2693 legitur
2836 2625 3054 2695 litteris,
3087 2630 3346 2700 agebant,

1749 2705 2004 2776 quoniam
2045 2708 2244 2762 summi
2274 2708 2489 2766 Domini
2521 2715 2838 2772 sacerdotes
2882 2725 3065 2785 erant,
3097 2721 3240 2776 sicut
3277 2721 3347 2777 de

1749 2799 1830 2854 eis
1867 2799 2130 2870 scriptum
2155 2809 2242 2856 est
2277 2819 2293 2857 :
2335 2821 2353 2854 ι
2388 2802 2600 2876 Moyses
2628 2815 2682 2862 et
2727 2808 2910 2866 Aaron
2939 2809 2995 2866 in
3041 2814 3346 2870 sacerdoti-

1750 2890 1853 2948 bus
1876 2891 1994 2960 ejus
2022 2889 2196 2964 (Pral.
2220 2910 2409 2961 xcvm,
2435 2895 2520 2967 6),
2558 2916 2576 2950 ι
2611 2898 2692 2955 sic
2715 2908 2771 2956 et
2797 2902 2981 2968 modo,
3005 2905 3130 2972 quia
3155 2905 3346 2962 umbra

1752 2985 1887 3057 legis
1909 2988 2148 3056 transiit,
2173 2997 2229 3043 et
2256 2989 2346 3044 lux
2371 2990 2646 3062 Evangelii
2676 2993 2729 3048 in
2758 3009 2857 3050 nos
2889 2994 2980 3052 Dei
3005 2997 3183 3068 gratia
3219 3014 3340 3054 ma-

1754 3076 1949 3133 nifeste
1986 3091 2274 3148 coruscat,
2315 3082 2382 3137 de
2434 3083 2518 3139 his
2560 3098 2682 3154 quae
2719 3085 2774 3140 in
2821 3089 3052 3144 summis
3094 3090 3350 3147 sacerdo-

1756 3167 1917 3231 tibus,
1952 3169 2005 3224 id
2052 3181 2137 3227 est
2167 3173 2436 3243 episcopis
2490 3189 2721 3245 quorum
2757 3176 2985 3248 ﬁguram
3023 3179 3236 3253 Moyses
3288 3192 3346 3239 et

106 3263 289 3323 tricibus
317 3269 545 3337 similes,
563 3269 904 3339 quae,statim
935 3279 994 3325 ut
1012 3269 1478 3340 pariuntinfantes
1497 3287 1643 3339 suos,

1754 3257 1936 3313 Aaron
1971 3269 2285 3326 tenuerunt,
2321 3263 2396 3317 illi
2430 3265 2522 3334 qui
2562 3266 2906 3337 septuaginta
2956 3269 3348 3340 discipulorum

105 3354 198 3410 aliis
221 3359 520 3416 nutricibus
548 3361 768 3416 tradunt
815 3362 1148 3427 educandos,
1181 3370 1240 3417 ut
1283 3378 1438 3418 suam
1485 3365 1649 3422 citius

104 3447 339 3508 libidinem
369 3452 597 3524 explere
621 3453 865 3520 valeant;
909 3455 992 3510 sic
1029 3462 1087 3510 et
1116 3455 1204 3511 isti
1234 3454 1470 3514 infantes
1497 3473 1648 3525 suos,

105 3539 147 3594 id
169 3553 240 3597 est
255 3545 510 3616 populos,
556 3546 656 3601 sibi
683 3545 1008 3604 commissos
1042 3548 1164 3604 aliis
1193 3546 1501 3606 educandos
1542 3559 1652 3606 tra-

105 3630 226 3700 dunt,
254 3645 309 3691 ut
354 3652 488 3693 suas
530 3636 781 3693 libidines
805 3639 1079 3708 expleant,
1111 3639 1166 3694 id
1194 3647 1296 3707 est,
1325 3649 1384 3696 ut
1427 3657 1526 3698 suo
1554 3658 1654 3714 pro

105 3723 226 3781 libita
247 3729 600 3786 smcularibus
652 3731 799 3786 curis
828 3731 1058 3798 inhient,
1081 3740 1136 3789 et
1173 3734 1316 3803 quod
1361 3735 1652 3806 unicuique

105 3815 246 3873 visum
275 3821 434 3877 fuerit
473 3821 698 3878 liberius
721 3831 916 3895 agant;
948 3839 1047 3894 pro
1075 3824 1272 3882 talibus
1292 3827 1440 3882 enim
1457 3826 1652 3883 animm

103 3913 432 3985 negliguntur,
457 3930 591 3971 oves
616 3925 868 3986 pereunt,
897 3917 1074 3974 morbi
1097 3929 1382 3984 crescunt,
1416 3917 1652 3975 haereses

103 4010 145 4056 et
164 4005 437 4062 schismata
470 4008 763 4076 prodeunt,
796 4006 1053 4064 Ecclesue
1081 4010 1453 4076 destruantur,
1480 4025 1656 4066 sacer-

103 4094 228 4153 dotes
266 4099 557 4166 vitiantur,
590 4108 645 4156 et
691 4099 897 4172 reliqua
943 4101 1084 4156 mala
1135 4104 1478 4172 proveniunt.
1536 4103 1654 4160 Non

103 4186 254 4242 taliter
294 4191 558 4247 Dominus
605 4190 808 4258 docuit,
842 4206 945 4246 nec
989 4193 1218 4262 apostoli
1275 4193 1652 4258 instituerunt,

102 4279 175 4333 sed
195 4280 286 4350 ipsi
315 4283 403 4352 qui
435 4297 630 4338 curam
668 4283 971 4352 suscipiunt
999 4283 1098 4353 ipsi
1142 4293 1426 4354 peragant,
1455 4294 1511 4340 et
1552 4287 1652 4354 ipsi

101 4372 313 4441 proprios
339 4373 646 4444 manipulos
677 4373 902 4428 Domino
930 4383 1336 4445 repraesentem.
1367 4375 1503 4432 Nam
1540 4379 1655 4448 ipse

100 4473 227 4516 orem
253 4465 522 4534 perditam
547 4449 830 4536 diligenter
850 4465 1121 4536 qttazsivit,
1155 4465 1269 4538 ipse
1291 4467 1518 4534 invenit,
1540 4469 1655 4538 ipse

99 4553 300 4619 propriis
331 4555 575 4610 humeris
602 4557 932 4625 reportavit,
980 4571 1186 4628 nosque
1215 4558 1450 4630 idipsum
1476 4559 1656 4616 facere

1753 3348 1982 3404 formam
2012 3360 2243 3420 gestant,
2273 3352 2325 3406 in
2351 3369 2582 3423 quorum
2611 3353 2864 3410 videlicet
2888 3366 3017 3428 typo
3044 3357 3137 3413 ﬁlii
3163 3359 3346 3417 AarOn

1752 3449 1910 3496 erant
1947 3441 2084 3496 nihil
2125 3457 2456 3512 praesumere
2501 3443 2722 3512 debent,
2763 3447 2902 3502 sicut
2947 3463 3048 3504 nec
3079 3449 3152 3504 illi
3185 3451 3346 3520 quid-

1751 3548 1915 3602 quam
1961 3535 2028 3590 de
2077 3536 2277 3590 summi
2326 3536 2618 3592 sacerdotii
2649 3538 2953 3598 ministerio
2980 3542 3344 3614 attingebant.

1753 3623 1889 3696 Nam
1913 3625 2055 3695 quod
2111 3627 2484 3699 chorepiscopi
2545 3640 2838 3700 antequam
2890 3636 3118 3705 praefato
3160 3637 3349 3706 prohi-

1753 3715 2014 3772 berentur
2069 3724 2258 3773 tenore
2301 3720 2367 3773 ad
2412 3721 2648 3775 formam
2705 3725 3046 3794 septuaginta
3107 3727 3346 3785 instituti

1758 3818 1937 3874 erant,
1975 3825 2147 3866 canon
2179 3811 2508 3868 sullicienter
2536 3814 2867 3884 manifestat,
2892 3820 2984 3875 ubi
3012 3820 3091 3875 ait
3129 3839 3142 3876 :
3171 3821 3350 3880 Chor-

1755 3903 1991 3973 cpiscopi
2027 3919 2244 3974 quoque
2297 3905 2365 3960 ad
2398 3907 2707 3978 exemplum
2739 3917 2795 3963 et
2839 3910 3073 3967 formam
3121 3923 3346 3986 septua-

1755 3994 1901 4065 ginta
1931 3995 2188 4051 videntur
2231 4011 2374 4061 esse,
2422 4006 2478 4053 et
2507 3999 2738 4070 reliqua.
2791 3999 2903 4059 Nec
2945 4003 3075 4060 illud
3128 4016 3348 4078 praeter-

1755 4087 1988 4142 eundum
2038 4089 2196 4144 nobis
2250 4089 2467 4146 videtur
2497 4130 2512 4158 ,
2559 4094 2701 4162 quod
2753 4093 2880 4150 alibi
2929 4097 2983 4151 in
3035 4099 3341 4156 canonibus

1755 4192 2070 4249 expressum
2097 4189 2182 4236 est
2212 4198 2226 4235 :
2259 4181 2359 4250 Qui
2391 4183 2446 4239 in
2471 4184 2604 4240 vicis
2633 4193 2687 4240 et
2716 4189 3151 4255 possessionibus
3172 4191 3340 4247 chor-

1756 4275 1994 4348 epise0pi
2028 4279 2399 4344 nominantur,
2429 4282 2680 4350 quamvis
2706 4296 2900 4340 manus
2941 4284 3342 4356 impositionem

1755 4366 2129 4436 episcoporum
2161 4370 2531 4438 perceperint,
2565 4381 2620 4426 et
2650 4381 2710 4426 ut
2739 4373 2983 4444 episcopi
3029 4377 3335 4433 consecrati

1757 4453 1978 4523 fuerint,
2011 4468 2066 4514 et
2095 4469 2314 4514 caetera.

1831 4547 1942 4603 Nec
1969 4549 2037 4603 ab
2075 4563 2134 4603 re
2169 4549 2373 4604 dictum
2417 4553 2732 4622 perpendo,
2785 4569 3098 4626 quanquam
3150 4571 3346 4615 manus

101 4643 370 4707 perdocuit.
415 4646 479 4702 Si
523 4645 639 4718 ipse
667 4661 768 4717 pro
795 4649 1047 4705 omnibus
1096 4659 1301 4706 tantam
1328 4664 1515 4706 curam
1560 4652 1649 4707 ha-

1763 4638 2158 4709 impositiouem
2183 4639 2559 4710 episcoporum
2585 4644 2948 4713 perceperint,
2981 4659 3105 4699 cum
3128 4647 3343 4716 episco-

99 4728 270 4802 buerit,
316 4737 431 4808 ipse
464 4737 666 4803 docuit,
698 4738 812 4808 ipse
839 4740 1074 4806 curavit,
1115 4740 1231 4811 ipse
1278 4742 1512 4808 sanavit,
1542 4743 1658 4812 ipse

102 4825 303 4894 propriis
327 4827 572 4884 humeris
602 4830 931 4900 reportavit,
957 4838 1120 4900 atque
1148 4831 1415 4888 intantum
1447 4833 1654 4897 dilexit,

102 4916 314 4971 utetiam
363 4919 601 4974 animam
646 4934 802 4974 suam
847 4919 1046 4976 multas
1088 4921 1363 4987 sustinens
1408 4925 1657 4996 injurias,

103 5003 242 5058 multa
271 5007 582 5078 opprobria,
610 5009 914 5080 multasque
938 5011 1217 5080 passiones
1238 5027 1338 5083 pro
1359 5015 1516 5071 nobis
1545 5023 1654 5070 tra-

103 5091 245 5149 deret.
277 5095 430 5164 Quod
465 5113 563 5153 nos
608 5099 791 5154 miseri
841 5109 898 5156 et
931 5099 1145 5157 desides
1195 5103 1395 5158 dicturi
1445 5120 1651 5172 sumus,

102 5184 174 5250 qui
199 5188 354 5240 etiam
385 5204 486 5258 pro
510 5189 701 5244 ovibus
722 5190 878 5246 nobis
906 5193 1211 5248 commissis
1233 5210 1420 5250 curam
1449 5195 1655 5267 impen-

103 5274 210 5330 dere
238 5281 574 5352 negligimus,
601 5292 656 5337 et
683 5282 804 5337 aliis
847 5297 943 5338 eas
988 5284 1332 5341 deducandas
1357 5288 1657 5343 tradimus?

102 5365 432 5444 corrigantur
460 5373 596 5440 haec,
626 5371 846 5438 fratres,
878 5389 1100 5430 necesse
1129 5385 1232 5444 est,
1265 5377 1391 5447 quia
1420 5379 1510 5449 qui
1537 5380 1658 5449 plus

106 5453 290 5515 laborat
334 5461 592 5531 majorem
616 5463 928 5523 mercedem
970 5466 1216 5537 accipiet.
1247 5467 1384 5522 Nam
1413 5485 1518 5523 non
1545 5487 1660 5525 am-

105 5547 225 5614 plius
271 5569 433 5623 quam
472 5555 606 5611 duos
647 5556 865 5611 ordines
906 5557 1050 5611 inter
1103 5557 1395 5629 discipulos
1445 5559 1657 5617 Domini

107 5651 209 5694 esse
228 5645 590 5714 cognovimus,
617 5646 670 5700 id
708 5655 793 5702 est
838 5645 1120 5702 duodecim
1169 5651 1569 5720 apostolorum,
1606 5662 1663 5709 et

109 5733 428 5802 septuaginta
453 5735 857 5806 discipulorum.
883 5735 1038 5793 Unde
1074 5738 1175 5794 iste
1219 5742 1413 5797 tertius
1440 5758 1660 5812 proces-

107 5824 221 5877 serit
268 5822 506 5884 funditus
564 5828 919 5900 ignoramus,
965 5840 1020 5886 et
1066 5833 1208 5901 quod
1260 5833 1471 5890 ratione
1510 5845 1662 5893 caret

1764 4744 1954 4799 porum
1988 4744 2182 4784 nomen
2204 4729 2463 4800 pluralem
2495 4731 2548 4785 in
2573 4747 2633 4788 se
2651 4735 2928 4788 contineat
2952 4749 3261 4802 numerum,
3288 4746 3345 4792 et

1764 4824 1904 4892 apud
1953 4823 2332 4894 grammaticos
2361 4822 2586 4893 pluralis
2636 4825 2708 4880 sit
2754 4825 3048 4894 genitivus,
3085 4836 3142 4881 ut
3187 4829 3347 4882 detur

1765 4916 1908 4970 enim
1946 4915 2078 4968 mihi
2117 4915 2258 4984 quod
2293 4925 2417 4969 tunc
2461 4931 2565 4970 non
2606 4917 2675 4971 ab
2710 4932 2847 4982 uno,
2889 4919 2983 4972 sed
3018 4933 3048 4972 a
3101 4919 3348 4988 pluribus

1760 5005 2173 5070 ordinabuntur,
2203 5003 2331 5073 quia
2373 5005 2678 5060 nullatenus
2711 4995 2914 5062 diceret
2945 5008 3344 5077 episcoporum,

1761 5095 1806 5149 si
1841 5096 1908 5148 ab
1939 5110 2044 5147 uno
2073 5093 2226 5148 ﬁeret
2251 5094 2435 5148 talium
2477 5095 2763 5157 ordinatio,
2796 5110 2921 5150 cum
2965 5096 3342 5166 episcoporum

1763 5186 2043 5256 pluraliter
2073 5187 2274 5242 dictant
2313 5191 2404 5242 sit.
2441 5187 2578 5243 Cum
2604 5198 2786 5242 autem
2835 5189 2972 5243 dixit
3003 5191 3350 5262 chorepisco-

1765 5293 1915 5348 pum,
1947 5279 2191 5348 profecto
2233 5278 2491 5333 villanum
2519 5278 2691 5334 voluit
2721 5279 2944 5351 intelligi
2988 5283 3300 5353 cpisc0pum
3327 5299 3344 5351 ;

1767 5382 1822 5428 et
1870 5372 1915 5427 si
1944 5371 2197 5436 villauus,
2229 5374 2358 5442 quid
2386 5374 2498 5442 agit
2527 5371 2580 5425 in
2610 5372 2853 5440 civitate,
2885 5389 3008 5430 eum
3039 5376 3091 5429 in
3125 5391 3232 5430 una
3262 5375 3342 5430 ci-

1766 5465 1932 5520 vitate
1969 5466 2077 5520 duo
2105 5465 2327 5520 omnino
2374 5464 2764 5534 prohibeantur
2809 5480 2932 5522 esse
2975 5467 3252 5539 episcopi?
3279 5469 3350 5525 Et

1764 5559 1809 5614 si
1845 5559 1898 5613 in
1923 5558 2044 5613 villa
2073 5559 2205 5614 etin
2251 5572 2317 5612 eo
2348 5556 2467 5613 loco
2493 5557 2583 5611 ubi
2632 5566 2788 5614 antea
2835 5559 3070 5628 episcopi
3096 5575 3202 5614 non
3234 5559 3344 5616 l‘ue-

1769 5656 1918 5712 runt,
1947 5662 2071 5702 cum
2119 5654 2176 5701 et
2212 5645 2267 5700 in
2319 5646 2530 5701 modica
2555 5646 2793 5712 civitate,
2829 5647 2912 5702 vel
2957 5649 3010 5701 in
3053 5648 3173 5702 villa
3200 5689 3213 5712 ,
3254 5659 3352 5706 aut

1765 5736 1990 5794 castello
2020 5737 2308 5806 episcopus
2336 5735 2454 5791 ﬁeri
2499 5738 2870 5807 prohibeatur,
2896 5748 2951 5793 et
2994 5739 3047 5792 iu
3093 5741 3347 5797 omnibus

1764 5829 1986 5886 omnino
2016 5829 2171 5897 locis,
2201 5829 2290 5886 ubi
2315 5837 2475 5887 antea
2519 5830 2758 5901 episcOpi
2810 5846 2916 5886 non
2966 5830 3214 5897 fuerunt,
3273 5845 3344 5888 ne
