3888 6440
569 391 668 449 6H

1433 386 1724 445 APPEND.
1757 389 1849 444 AD
1890 383 2060 445 SEC.
2107 382 2198 442 IX.
2234 383 2572 443 -IS|DORI
2622 381 3063 446 MERCATORIS
3709 391 3786 448 67!

569 505 795 566 vilescat
815 501 1112 559 auctoritas
1132 509 1185 556 et
1226 515 1419 556 nomen
1447 501 1683 572 episcopi
1715 499 1917 556 fuerint
1953 499 2156 556 consti-
2187 502 2236 564 Α
2264 498 2396 564 sint,
2425 501 2518 555 sed
2558 500 2705 556 omni
2733 501 3105 558 ecclesiastico
3147 500 3388 558 funditus
3430 497 3685 572 priventur
3715 511 3785 564 ho-

572 595 696 660 tuti,
733 595 1064 665 quid,.rogo,
1086 593 1277 648 erunt?
1301 592 1443 648 Ecce
1479 607 1580 647 nec
1605 593 1755 647 locus
1784 607 1908 646 cum
1939 592 2161 647 ordina-

544 686 724 765 'tione
747 685 1061 751 concordat,
1109 697 1213 739 nec
1247 683 1518 740 ordinatio
1564 697 1687 738 cum
1718 682 1858 738 loco.
1893 682 2161 750 Quoniam

574 783 622 836 si
655 781 1034 851 episcoporum
1084 793 1284 834 manus
1326 777 1727 850 impositionem
1781 784 2160 848 perceperunt,

574 882 630 928 et
656 881 715 926 ut
744 871 982 941 episcopi
1017 879 1148 926 sunt
1192 869 1536 935 consecrati,
1565 868 1656 924 ubi
1689 875 1816 923 sunt
1862 866 2164 922 consecrati

575 964 644 1018 ad
672 963 880 1029 villam,
928 962 1056 1032 quia
1109 963 1276 1018 chore
1322 961 1447 1016 villa
1476 970 1562 1016 est
1608 960 1750 1030 apud
1803 957 2063 1025 Graecos,
2110 964 2168 1012 et

576 1055 812 1126 qualiter
835 1055 902 1110 ad
929 1054 1131 1117 villam,
1164 1054 1211 1108 si
1248 1068 1350 1108 nec
1375 1053 1430 1108 in
1459 1051 1704 1116 castello,
1731 1061 1824 1106 aut
1857 1051 1913 1106 in
1954 1050 2165 1106 modica

577 1147 799 1202 civitate
831 1145 960 1201 licet
995 1145 1139 1210 fieri,
1167 1159 1297 1215 rogo
1327 1153 1386 1198 ut
1413 1143 1698 1214 promatis,
1743 1150 1799 1196 et
1848 1142 1892 1197 si
1919 1155 2168 1211 promere

579 1256 687 1296 non
730 1239 956 1312 potestis
979 1277 994 1306 ,
1038 1237 1164 1308 quia
1214 1237 1330 1294 scio
1359 1251 1457 1307 per
1510 1237 1800 1299 rationem,
1831 1243 1924 1289 aut
1956 1234 2169 1304 plenam

580 1332 962 1388 auctoritatem
996 1329 1218 1384 minime
1241 1329 1488 1399 potestis,
1518 1328 1747 1399 digitum
1775 1327 1856 1382 ori
1887 1325 2167 1397 imponite,

583 1432 640 1476 et
656 1437 751 1477 eos
779 1420 926 1476 omni
955 1418 1281 1475 auctoritate
1311 1433 1499 1474 carere
1526 1433 1634 1473 non
1673 1418 1936 1484 dubitate,
1967 1416 2174 1472 scilicet

583 1513 710 1582 quia
739 1513 841 1566 tria
889 1510 1107 1566 obstant
1140 1510 1339 1580 quibus
1386 1525 1573 1564 eorum
1623 1519 1873 1565 cassatur
1901 1509 2043 1564 actio
2087 1507 2176 1562 vel

584 1603 872 1658 institutio.
913 1601 1125 1669 Unum,
1183 1603 1326 1673 quod
1370 1601 1439 1657 ab
1492 1615 1601 1656 uno
1645 1601 1898 1672 episcopo
1935 1597 2173 1654 ordinari

585 1694 780 1759 solent,
810 1694 862 1748 in
901 1707 1008 1764 quo
1045 1708 1234 1748 eorum
1275 1692 1546 1748 ordinatio
1573 1707 1604 1745 a
1634 1690 1930 1746 canonibus
1973 1691 2178 1745 discor-

583 1786 700 1851 dat,
731 1786 820 1855 qui
845 1798 940 1855 per
966 1799 1160 1840 manus
1188 1785 1566 1855 episcoporum
1596 1796 1691 1838 eos
1721 1783 1928 1838 institui
1959 1780 2170 1851 jubent.

2264 604 2418 646 nore.
2457 591 2610 658 Quod
2660 606 2792 646 vero
2841 592 2922 647 eis
2968 607 3076 646 non
3125 592 3286 649 liceat
3316 595 3618 650 sacerdotes
3643 612 3788 654 conse-

2265 695 2439 746 crare,
2469 695 2568 736 nec
2615 681 2890 745 diaconos,
2927 693 3020 736 aut
3049 682 3430 749 subdiaconos,
3463 699 3560 740 nec
3585 686 3786 758 virgines,

2265 784 2366 825 nec
2417 769 2592 825 altare
2627 771 2859 841 erigere,
2892 788 2994 828 nec
3045 788 3279 845 ungere,
3309 785 3406 828 aut
3455 791 3681 842 sacrare,
3718 796 3787 835 nec

2267 860 2524 917 ecclesias
2545 863 2816 930 dedicare,
2850 881 2951 920 nec
2977 865 3215 921 chrisma
3246 865 3538 932 conficere,
3568 883 3654 924 nec
3685 871 3788 925 chri«

2269 960 2444 1009 smate
2493 954 2892 1024 baptizatorum
2949 957 3157 1013 frontes
3208 960 3447 1030 signare,
3496 975 3589 1016 nec
3629 963 3787 1031 publice

2269 1045 2486 1113 quidem
2519 1045 2572 1099 in
2623 1045 2790 1100 missa
2841 1061 3168 1117 quemquam
3202 1049 3556 1118 pcenitentem
3606 1054 3787 1107 reconci-

2271 1135 2424 1201 liare,
2457 1151 2555 1191 nec
2583 1136 2846 1192 formatas
2874 1139 3132 1208 epistolas
3180 1141 3436 1206 mittere,
3483 1156 3574 1196 nec
3594 1145 3787 1212 populum

2271 1228 2613 1294 benedicere,
2648 1245 2748 1284 nec
2793 1239 2920 1286 ante
2959 1232 3269 1302 episcopum
3311 1233 3370 1287 in
3419 1233 3706 1302 baptisteria
3727 1247 3788 1289 aut

2275 1318 2330 1374 in
2380 1323 2623 1377 sacrario
2672 1322 2921 1389 introire,
2947 1339 3046 1380 nec
3084 1334 3354 1395 praesente
3381 1325 3624 1396 episcopo
3663 1328 3787 1382 infau-

2277 1420 2385 1467 tem
2447 1414 2660 1484 tingere
2708 1425 2804 1470 aut
2856 1416 3117 1487 signare,
3176 1433 3278 1471 nec
3332 1417 3667 1488 poenitean
3711 1420 3791 1473 siue

2275 1509 2639 1578 praeceptione
2668 1510 2909 1580 episcOpi
2949 1511 3030 1564 sui
3064 1510 3454 1576 reconciliare,
3504 1526 3596 1565 nec
3621 1526 3788 1581 eoprze-

2279 1608 2456 1666 sente,
2483 1601 2586 1655 nisi
2617 1601 2706 1655 illo
2733 1601 2976 1671 jnbeute,
3031 1618 3244 1657 sacrum
3279 1603 3525 1673 corporis
3558 1612 3606 1657 et
3633 1604 3788 1672 sangui-

2279 1691 2365 1746 nis
2414 1690 2617 1746 Christi
2645 1694 2932 1757 conficere,
2965 1709 3063 1748 nec
3094 1709 3158 1748 eo
3191 1710 3377 1749 coram
3407 1695 3578 1763 posito
3602 1694 3784 1764 populum

2283 1783 2497 1849 docere,
2547 1794 2641 1839 aut
2678 1786 2940 1852 salutare,
2993 1802 3094 1841 nec
3144 1786 3356 1856 plebem
3403 1787 3676 1841 exhortari.
3704 1785 3787 1852 Qum

585 1874 778 1942 Aliud,
809 1876 855 1932 si
885 1891 914 1930 a
948 1875 1192 1947 pluribus
1235 1875 1504 1947 episc0pis
1537 1883 1665 1930 sunt
1707 1872 1965 1939 ordinati,
1994 1881 2049 1928 et
2084 1881 2177 1927 aut
2207 1873 2253 1932 B
2281 1873 2461 1928 omnia
2495 1874 2626 1928 solis
2667 1875 3012 1944 pontiﬁcibus
3049 1877 3232 1931 deberi
3266 1888 3377 1931 tam
3407 1892 3474 1932 ex
3503 1877 3788 1947 superioribus

591 1970 646 2024 in
677 1969 826 2036 villa,
876 1977 971 2024 aut
1018 1967 1279 2035 castello,
1328 1981 1422 2023 seu
1453 1967 1508 2021 in
1556 1965 1766 2020 modica
1811 1964 2052 2031 civitate,
2084 1972 2178 2019 aut

589 2066 815 2122 omnino
858 2081 965 2120 non
992 2065 1046 2119 in
1078 2079 1144 2120 eo
1172 2064 1290 2120 loco
1316 2061 1522 2135 praefixi
1547 2103 1562 2128 ,
1608 2075 1715 2132 quo
1755 2058 1902 2129 justc
1941 2058 2178 2131 episcopi

589 2157 708 2212 fieri
737 2155 952 2222 debent,
1003 2163 1099 2209 aut
1145 2155 1345 2210 dudum
1390 2168 1495 2209 non
1535 2153 1756 2207 fuerunt
1785 2150 1877 2205 ubi
1908 2164 2014 2204 non
2044 2149 2178 2204 vile-

589 2256 709 2302 seat
728 2245 1046 2312 auctoritas,
1070 2254 1126 2301 et
1154 2259 1352 2300 nomen
1385 2243 1648 2314 episcopi,
1679 2252 1773 2298 aut
1798 2243 1844 2298 si
1877 2242 1930 2296 in
1962 2240 2180 2296 civitate

594 2355 719 2396 cum
745 2339 917 2394 altero
946 2339 1224 2410 episcopo,
1254 2353 1398 2402 eum,
1429 2346 1490 2391 ut
1519 2336 1834 2408 przedictutn
1863 2344 1966 2401 est,
1997 2334 2049 2389 in
2071 2349 2180 2389 una

590 2431 812 2488 civitate
854 2430 960 2485 duo
998 2445 1106 2485 non
1151 2429 1386 2484 debeant
1430 2428 1730 2482 consistere
1767 2425 2025 2496 episcopi.
2051 2425 2183 2481 Ter-

591 2522 726 2575 tium
770 2520 817 2576 si
860 2519 1103 2575 absolute
1139 2517 1346 2574 fuerint
1390 2518 1646 2584 instituti,
1683 2518 1824 2572 sicut
1853 2517 1920 2571 de
1953 2516 2181 2586 quibus-

593 2618 717 2670 dam
747 2614 1075 2680 audivimus,
1101 2629 1222 2684 quas
1255 2613 1436 2668 omnia
1485 2611 1779 2683 episc0pali
1825 2611 2045 2667 omnino
2091 2625 2183 2666 ca-

592 2715 715 2762 rent
741 2706 1084 2762 auctoritate.
1116 2705 1184 2760 Et
1213 2705 1344 2760 illud
1367 2705 1544 2760 adhuc
1576 2713 1778 2768 restat,
1810 2703 1953 2773 quod
1993 2718 2182 2767 eorum

592 2800 728 2856 ordo
753 2812 861 2854 non
890 2799 1058 2853 habet
1086 2797 1140 2852 in
1163 2797 1358 2852 divinis
1384 2797 1578 2852 litteris
1605 2797 2011 2861 auctoritatem,
2035 2795 2182 2866 quia,

594 2898 654 2944 ut
683 2889 963 2960 praefixum
990 2898 1097 2955 est,
1129 2889 1349 2944 ordines
1376 2897 1505 2943 sunt
1542 2877 1647 2943 duo
1689 2895 1897 2941 tantum
1940 2886 2100 2957 primi
2128 2886 2182 2940 in

595 2978 856 3045 Ecclesia,
891 2979 944 3034 id
985 2987 1070 3033 est
1114 2978 1502 3048 apostolorum,
1551 2986 1605 3032 et
1651 2977 1992 3047 septuaginta
2022 2975 2184 3030 disci-

595 3075 865 3148 pulorum.
899 3074 1044 3130 Sane
1073 3074 1118 3130 si
1170 3088 1272 3130 nec
1301 3073 1540 3145 episcopi
1581 3081 1728 3139 sunt,
1762 3072 1886 3142 quia
1916 3086 2014 3142 pro
2043 3085 2185 3141 prae-

599 3167 724 3221 fatis
750 3179 916 3222 causa
948 3164 1190 3236 episcopi
1221 3179 1344 3220 esse
1393 3179 1498 3219 non
1546 3171 1792 3234 possunt,
1825 3176 1925 3218 nec
1959 3163 2186 3232 presby-

598 3268 742 3314 teros
768 3272 827 3314 se
883 3257 1154 3312 nominari
1203 3257 1410 3323 volunt,
1461 3256 1583 3326 quia
1640 3255 1869 3326 amplius
1906 3270 2025 3311 esse
2074 3237 2259 3308 am-C

598 3350 792 3415 biunt,
849 3358 1014 3421 atque
1061 3349 1352 3420 plusquam
1408 3349 1750 3419 septuaginta
1801 3347 2185 3418 discipulorum

598 3441 880 3506 fecissent,
930 3439 996 3494 ad
1034 3453 1263 3510 quorum
1309 3439 1584 3504 formam,
1636 3446 1696 3492 ut
1728 3437 1889 3508 paulo
1940 3437 2188 3507 superius

598 3529 1024 3602 praelibavimus,
1057 3529 1110 3585 hi
1136 3538 1426 3598 antequam
1456 3528 1880 3598 prohiberentur
1907 3542 1937 3582 a
1965 3528 2188 3598 quibus-

598 3621 722 3674 dam
756 3619 957 3687 stultis,
985 3626 1042 3674 et
1073 3637 1092 3670 ‹
1129 3635 1228 3674 sua
1255 3619 1656 3688 quaerentibus,
1695 3631 1804 3672 non
1831 3631 1950 3687 qua:
1988 3616 2188 3672 Christi

599 3709 727 3768 Jesu
759 3711 928 3784 (Phil.
959 3726 1020 3778 ll,
1050 3709 1142 3780 21)
1177 3727 1194 3760 ι
1237 3710 1683 3774 instituebantur,
1710 3721 2040 3778 pratsumere
2075 3715 2190 3761 ten-

602 3809 741 3868 tant,
777 3810 833 3857 et
881 3801 1067 3856 illicita
1110 3807 1274 3869 atque
1303 3798 1574 3868 prohibita
1618 3812 1782 3868 agere
1833 3805 2186 3867 praesumunt,

604 3908 704 3948 nec
727 3894 830 3948 hoc
857 3891 965 3947 dici
990 3905 1049 3946 se
1073 3890 1263 3945 volunt
1289 3889 1432 3960 quod
1472 3897 1619 3955 sunt,
1648 3902 1780 3959 rogo
1809 3897 1868 3943 ut
1905 3885 2189 3943 manifeste

602 3967 847 4054 prodatis
873 3982 1002 4052 quid
1045 3982 1176 4047 sint,
1207 3980 1464 4051 quoniam
1512 3985 1603 4034 aut
1634 3978 1839 4049 aliquid
1883 3986 2042 4042 sunt,
2096 3985 2191 4033 aut

605 4075 761 4131 nihil.
793 4074 929 4130 Nam
960 4073 1252 4130 manifeste
1298 4080 1468 4144 patet,
1510 4072 1765 4143 quoniam
1811 4071 2050 4142 episcopi
2082 4087 2190 4127 non

603 4175 748 4232 sunt,
793 4176 848 4222 et
895 4166 943 4221 si
987 4165 1228 4236 episcOpi
1273 4180 1381 4220 non
1431 4172 1576 4230 sunt,
1625 4173 1680 4220 et
1727 4165 2027 4236 presbyteri
2068 4178 2190 4219 esse

602 4256 930 4328 despiciunt,
970 4256 1102 4326 quid
1136 4255 1338 4311 erunt?
1364 4253 1474 4310 Aut
1503 4255 1706 4326 aliquid
1746 4268 1967 4327 prorsus
2004 4261 2187 4320 erunt,

602 4361 698 4407 aut
717 4351 874 4417 nihil,
900 4352 1026 4421 quia
1053 4351 1188 4406 nihil
1212 4359 1392 4422 potest
1415 4366 1540 4408 esse
1561 4353 1663 4408 nisi
1700 4352 1897 4408 habeat
1920 4350 2063 4406 unde
2093 4351 2186 4417 sit,

603 4453 660 4499 et
679 4444 724 4500 si
762 4459 870 4499 non
905 4444 1105 4499 habeat
1140 4445 1282 4500 unde
1310 4443 1403 4511 sit,
1428 4453 1523 4499 aut
1545 4446 1684 4500 unde
1707 4443 1972 4515 originem
2005 4442 2186 4510 ducat,

601 4551 706 4592 nec
731 4537 1110 4592 auctoritatem
1145 4535 1330 4602 habet,
1362 4550 1462 4591 nec
1491 4543 1636 4590 stare
1682 4535 1783 4589 rite
1812 4533 2032 4603 poterit,
2061 4534 2189 4603 quia

2284 1978 2446 2033 quam
2465 1979 2529 2018 ex
2548 1966 2668 2020 aliis
2683 1965 2902 2021 Patrum
2919 1968 3251 2034 constitutis,
3267 1979 3364 2024 aut
3382 1969 3548 2024 sacris
3569 1969 3789 2023 canonibus

2279 2054 2455 2109 edocti
2491 2056 2644 2121 estis,
2667 2065 2720 2109 et
2759 2057 2803 2111 si
2842 2071 3063 2113 necesse
3084 2067 3186 2124 est,
3216 2059 3787 2137 quibusdaminunusuq

2281 2146 2484 2218 minus]
2501 2147 2797 2204 scientibus
2812 2149 2990 2205 doceri
3005 2149 3256 2220 pleniter,
3273 2161 3331 2206 et
3349 2153 3536 2206 instrui
3553 2165 3792 2222 possunt,ut

2279 2251 2378 2306 per
2407 2226 2509 2292 hoc
2537 2246 2591 2293 et
2614 2239 2869 2294 discretio
2895 2241 3177 2311 graduum,
3212 2251 3268 2296 et
3296 2242 3569 2313 dignitatis
3589 2241 3787 2313 fastigium

2281 2344 2617 2385 summorum
2667 2331 2985 2401 pontiﬁcum
3035 2335 3464 2389 demonstretur.
3519 2334 3731 2388 Similiter
3755 2343 3787 2386 et

2281 2417 2348 2473 de
2376 2420 2707 2490 presbyteris
2759 2420 2874 2476 haec
2921 2422 3245 2486 habeantur,
3289 2431 3355 2478 ut
3399 2423 3514 2479 sine
3534 2423 3665 2491 jussu
3703 2439 3785 2493 pro-

2280 2511 2383 2581 prii
2421 2511 2660 2581 episcopi
2708 2512 2785 2566 nil
2832 2524 3031 2584 agant,
3064 2514 3190 2585 quia
3232 2515 3385 2584 quod
3419 2531 3588 2570 rarum
3627 2517 3788 2570 esthoc

2282 2610 2337 2655 et
2359 2601 2640 2669 pulchrius
2669 2617 2792 2658 esse
2821 2603 3055 2658 videtur.
3087 2604 3154 2658 Et
3183 2605 3228 2659 si
3273 2619 3472 2660 nomen
3505 2603 3680 2658 vilescit
3701 2618 3788 2673 pon-

2285 2690 2488 2745 tificum
2506 2731 2519 2755 ,
2563 2692 2742 2748 omnis
2764 2701 2938 2748 status
2965 2687 3325 2761 perturbatur
3353 2693 3612 2748 Ecclesiae.
3637 2691 3786 2759 Triplex

2287 2778 2472 2849 itaque
2509 2781 2562 2834 in
2619 2781 2721 2835 hac
2761 2791 2916 2852 parte
2965 2791 3149 2838 reatus
3177 2793 3262 2838 est
3297 2784 3479 2853 :quod
3507 2791 3558 2837 et
3593 2781 3786 2851 prohibita

2294 2886 2492 2949 agunt;
2529 2887 2583 2933 et
2611 2880 2753 2948 quod
2802 2895 3021 2935 sacrum
3052 2882 3423 2936 ministerium
3458 2880 3572 2936 talis
3605 2879 3786 2936 consortii

2286 2968 2493 3022 vilitate
2522 2969 2780 3038 polluitur
2835 2987 2847 3023 :
2894 2979 2949 3025 et
2999 2972 3378 3041 episcoporum
3407 2980 3644 3042 quantum
3671 2969 3719 3022 ad
3749 2967 3787 3020 il-

2287 3060 2449 3114 licita:
2492 3062 2862 3131 usurpationis
2901 3063 3260 3119 temeritatem
3313 3064 3544 3135 pertinet
3578 3062 3678 3132 jura
3713 3059 3783 3114 sol-

2290 3159 2511 3205 Vllllllll'.

2361 3241 2726 3316 Quodautem
2766 3243 2895 3300 solis
2931 3247 3192 3316 apostolis
3219 3262 3516 3318 eorumque
3540 3242 3782 3300 successori-

2291 3334 2392 3389 bus
2421 3336 2627 3405 proprii
2655 3337 2724 3390 sit
2745 3337 2910 3392 officii
2937 3341 3153 3394 tradere
3177 3340 3439 3408 Spiritum
3461 3335 3783 3400 sanetum,liber

2289 3425 2520 3480 Actuum
2543 3428 2907 3497 apostolorum
2934 3431 3111 3496 docet,
3131 3432 3435 3500 praesertim
3458 3446 3568 3486 cum
3591 3429 3725 3483 nullus
3741 3439 3783 3477 et

2289 3518 2640 3589 septuaginta
2669 3519 2972 3592 discipulis,
3008 3538 3238 3592 quorum
3264 3524 3358 3579 isti
3389 3525 3440 3579 in
3477 3523 3680 3578 Ecclesia
3708 3532 3784 3590 spe-

2291 3608 2430 3663 ciem
2455 3619 2668 3678 gerunt,
2709 3611 2922 3684 legatur
2953 3614 3151 3670 donum
3175 3617 3353 3672 sancti
3379 3615 3594 3686 Spiritus
3612 3629 3685 3685 per
3710 3625 3783 3665 ma-

2289 3715 2391 3756 nus
2419 3701 2815 3772 impositionem
2843 3705 2926 3776 (ut
2953 3707 3272 3775 praedictum
3296 3708 3403 3781 est)
3431 3701 3784 3763 tradidisse.ch

2290 3806 2462 3862 ergo,
2511 3794 2638 3863 quia
2681 3796 2830 3849 omni
2875 3806 3063 3852 carent
3116 3799 3364 3866 ratione,
3413 3795 3782 3866 nullusdeineeps

2291 3892 2534 3953 usurpet,
2568 3892 2662 3939 aut
2707 3890 3014 3944 consentiat
3042 3891 3390 3946 sacerdotum
3437 3891 3521 3949 aui
3569 3885 3781 3943 noluerit:

2296 3972 2452 4044 165
2479 3982 2662 4030 nostro
2684 3977 3004 4033 sacerdotali
3028 3980 3254 4052 collegio
3278 3981 3535 4053 separari.
3577 3977 3665 4033 Nec
3687 3971 3779 4044 quod

2291 4080 2322 4119 a
2348 4067 2506 4122 nobis
2555 4070 2937 4141 exstinguitur,
2981 4080 3038 4128 et
3077 4088 3107 4127 a
3149 4073 3617 4143 prmdecessoribtts
3647 4064 3780 4122 nostri:

2291 4172 2356 4213 ac
2375 4157 2618 4228 reliquis,
2651 4168 2711 4214 ut
2737 4161 2944 4216 dictum
2969 4171 3070 4229 est,
3121 4165 3286 4219 totius
3312 4165 3453 4220 orbis
3477 4159 3696 4230 episcopis
3707 4155 3779 4224 lim

2291 4251 2620 4308 exstinctum
2665 4263 2770 4320 est,
2796 4255 2938 4325 apud
2976 4255 3188 4325 aliquos
3237 4257 3530 4313 tenebrosis
3567 4251 3779 4310 semiuetur

2290 4344 2600 4412 radicibus;
2635 4346 2750 4412 sed,
2781 4361 2902 4416 quae
2928 4346 3070 4402 male
3109 4347 3400 4418 pullulasse
3432 4355 3698 4406 noscuntur.
3726 4352 3777 4391 η·

2291 4432 2488 4490 dicitus
2523 4435 2846 4502 evelluntur,
2869 4450 2938 4491 ne
2969 4452 3203 4493 messem
3234 4439 3556 4494 Dominicam
3585 4433 3668 4488 ulla
3698 4441 3775 4482 cor-

2293 4535 2546 4596 rumpant
2570 4527 2800 4582 zizania.
2850 4528 2930 4583 Ita
2957 4530 3100 4584 enim
3149 4529 3385 4597 fructum
3416 4532 3608 4587 uberem
3632 4516 3776 4578 Domini

604 4627 767 4683 inane
813 4636 916 4692 est,
947 4636 1002 4682 et
1049 4635 1109 4682 ut
1153 4628 1484 4690 destruatur,
1535 4635 1588 4681 et
1631 4626 1788 4681 cadat
1818 4640 2040 4682 necesse
2083 4633 2188 4690 est,
2215 4593 2267 4654 D
2293 4618 2605 4675 sacerdotes
2647 4619 2999 4689 Ρῐωειὶὠυιη,
3047 4623 3093 4677 εἰ
3134 4637 3198 4677 ea
3248 4639 3369 4693 quae
3409 4631 3571 4677 Italam
3612 4621 3774 4684 segetem

603 4717 862 4786 quoniam
911 4716 1046 4770 nihil
1093 4724 1220 4780 est,
1266 4725 1322 4770 et
1369 4715 1423 4769 in
1470 4715 1695 4769 nihilum
1737 4715 2100 4785 reputabitur.
2130 4713 2188 4769 Si

600 4820 732 4860 vero
759 4804 898 4860 nihil
925 4820 993 4859 ex
1025 4804 1110 4858 his
1139 4813 1286 4869 sunt,
1317 4819 1438 4872 quae
1473 4805 1718 4872 superius
1744 4804 2185 4871 memoravimus,

599 4905 729 4951 tunc
752 4909 972 4951 necesse
1005 4905 1090 4950 est
1131 4904 1190 4949 ut
1239 4895 1375 4948 nihil
1413 4895 1524 4950 sint
1557 4911 1621 4950 ex
1651 4896 1735 4950 his
1764 4911 1884 4966 quae
1929 4897 2186 4953 sacerdo-

603 4993 747 5046 tibus
781 4992 1067 5055 debentur,
1091 4998 1147 5045 et
1178 4989 1300 5044 ideo
1345 5003 1445 5043 nec
1483 4991 1538 5044 in
1587 4989 1907 5045 sacerdotali
1939 4991 2182 5061 catalogo

603 5079 926 5145 habeantur,
949 5081 1051 5135 nisi
1080 5089 1307 5143 tantum,
1335 5089 1392 5132 ut
1417 5079 1592 5148 primo
1620 5082 2182 5148 commemoravimus,

603 5179 663 5222 ut
706 5184 806 5238 pro
853 5171 1226 5226 misericordia
1271 5170 1378 5224 illis
1432 5171 1523 5239 qui
1572 5171 1849 5227 humiliter
1892 5173 1996 5228 hoc
2045 5172 2188 5229 ferre

603 5260 896 5325 voluerint,
927 5276 1027 5315 nec
1055 5261 1288 5330 amplius
1322 5261 1637 5328 ambiet-int,
1680 5271 1736 5316 et
1774 5277 1871 5332 per
1925 5265 2188 5334 scriptum

603 5353 822 5422 propria
869 5368 1029 5405 manu
1059 5353 1246 5408 subter
1272 5354 1684 5409 corroboratum
1727 5355 1956 5424 idipsum
1994 5358 2192 5411 conﬁr-

605 5444 892 5505 maverint,
934 5443 1038 5497 hoc
1083 5443 1418 5503 solummodo
1449 5449 1798 5515 concedatur,
1846 5457 1905 5502 ut
1930 5449 2071 5504 inter
2107 5465 2194 5505 sa-

603 5537 850 5592 cerdotes
886 5535 1066 5591 locum
1100 5537 1366 5606 habeant,
1398 5549 1454 5596 et
1503 5541 1805 5596 ministerio
1846 5542 2192 5612 presbytero-

605 5643 724 5681 runt
769 5627 1010 5683 contenti
1065 5627 1214 5696 sint,
1265 5639 1424 5699 atque
1463 5647 1662 5686 mensae
1696 5631 1912 5687 Domini
1958 5641 2192 5686 tanturn-

605 5718 766 5772 tnodo
795 5719 1086 5788 participes
1133 5720 1389 5774 existant.
1437 5721 1683 5790 Amplius
1710 5732 1889 5778 autem
1931 5724 2021 5793 qui
2071 5740 2188 5778 am-

606 5808 724 5864 bire
771 5810 1055 5876 voluerint,
1113 5827 1212 5867 nec
1262 5811 1714 5884 Itoc_;r'etiti(‘.ttnt,
1768 5823 1826 5868 ut
1877 5817 2185 5873 sacerdotes

2293 4728 2525 4770 enecare
2566 4724 2899 4770 consuerunt
2951 4715 3210 4772 radicitus
3268 4721 3607 4786 amputentur.
3651 4707 3774 4760 Cesset

2290 4819 2418 4875 ergo
2445 4814 2524 4860 tot
2535 4804 2804 4874 iudicibus
2832 4808 3107 4877 prohibita
3140 4818 3196 4864 et
3232 4810 3476 4864 damnata
3496 4795 3768 4876 presumptio,

2286 4912 2390 4952 nec
2411 4897 2690 4952 imitentur
2709 4901 2907 4954 summi
2929 4904 3239 4959 sacerdotes
3267 4903 3509 4958 mulieres
3527 4893 3771 4958 meretrices,

2289 5007 2410 5062 qua:
2443 4992 2679 5047 infantes
2701 5009 2826 5050 suos
2846 4994 3068 5066 prmfata
3094 4998 3364 5068 voluptate
3395 4997 3506 5051 aliis
3523 4993 3578 5047 ad
3601 4986 3768 5044 nutricu-

2288 5088 2415 5140 dum
2447 5086 2712 5151 tribuunt,
2746 5089 2839 5143 sed
2888 5089 2988 5158 ipsi
3033 5091 3259 5146 Domino
3307 5107 3405 5146 suo
3457 5085 3673 5144 nutriant,
3702 5071 3767 5144 ipsi

2291 5177 2528 5232 fructum
2557 5195 2680 5234 cum
2724 5196 2887 5235 usura
2942 5184 3208 5250 reddant,
3263 5168 3762 5248 frturtuososqueniani.

2296 5270 2451 5339 pulos
2479 5280 2535 5326 et
2554 5285 2677 5326 cum
2726 5271 2894 5342 gloria
2926 5286 3329 5343 repraesentem.
3360 5274 3484 5328 Nam
3526 5271 3562 5323 si
3590 5261 3766 5319 Donatius

2297 5361 2539 5431 leprosos
2588 5363 2731 5418 inter
2769 5375 2994 5419 caeteras
3027 5368 3209 5421 ovium
3253 5381 3460 5421 suarum
3506 5373 3633 5416 curas
3651 5349 3762 5416 leti!“

2295 5463 2350 5507 et
2400 5455 2699 5520 mundavit,
2753 5471 2851 5509 cur
2908 5472 3006 5511 nos
3054 5458 3243 5512 eadem
3285 5473 3435 5526 agere
3476 5435 3764 5517 dedignamur?

2299 5551 2393 5596 aut
2429 5559 2528 5597 cur
2557 5560 2656 5600 nos
2695 5546 2794 5616 ipsi
2832 5549 2921 5615 qui
2965 5548 3237 5616 pastorale
3264 5548 3480 5602 ollicium
3522 5534 3762 5602 suscepit"us

2296 5633 2419 5688 aliis
2447 5633 2668 5690 alendas
2716 5637 3011 5692 tradimus?
3052 5640 3285 5694 maxime
3317 5654 3428 5693 cum
3468 5629 3670 5687 Dominus
3697 5617 3762 5669 Pc'

2296 5737 2380 5780 tro
2421 5729 2743 5797 praeceptori
2807 5738 2990 5784 nostro
3053 5731 3255 5784 dixerit
3297 5748 3310 5783 :
3367 5747 3385 5779 ι
3417 5725 3465 5780 Si
3511 5715 3649 5786 diligis
3676 5719 3754 5762 me.

2293 5833 2452 5888 pasce
2478 5835 2605 5877 oves
2630 5835 2800 5888 meas,
2829 5843 2844 5873 ι
2865 5831 2914 5876 et
2933 5821 3095 5876 multa
3120 5822 3246 5879 talia
3275 5831 3325 5879 et
3356 5822 3432 5876 his
3457 5811 3610 5872 similia
3631 5802 3752 5871 (λεῖπ’
