3888 6512
128 450 219 510 673

1325 450 1816 511 DECRETALIUM
1851 455 2255 550 COLLECTIO.

3261 473 3364 532 674

125 594 220 645 xxi,
245 577 344 650 l7).
368 576 496 633 Nam
527 575 833 634 benedictio
868 592 1032 649 quam
1064 579 1308 652 praedicti
1333 582 1664 654 corepiscopl

1775 578 1870 621 eas
1901 567 2246 635 nominatim,
2298 579 2355 626 et
2384 576 2717 643 cognoscunt
2754 591 2840 631 me
2869 591 3024 645 mete,
3061 588 3117 636 et
3158 580 3367 656 reliqua

126 680 234 726 ante
260 684 398 726 suam
427 665 842 740 prohibitionem
888 685 988 741 per
1033 685 1226 729 manus
1272 673 1672 744 impositioncm

125 760 317 825 dabant,
346 758 513 831 magis
549 760 707 815 nobis
752 758 970 815 videtur
1012 760 1210 819 vulnus
1262 763 1467 821 inferre
1506 778 1672 834 quam

125 851 343 917 salutem,
368 860 420 906 et
462 849 535 906 illi
583 850 678 922 qui
721 850 1072 921 pontiﬁcatus
1118 855 1327 926 apicem
1378 855 1671 925 habebant,

121 943 357 1013 quomodo
407 957 470 998 ea
521 957 643 1014 qua:
694 958 802 999 non
862 944 1140 1000 habebant
1190 947 1322 1004 dare
1380 957 1670 1019 poterant,

122 1035 342 1106 quoniam
376 1034 505 1089 nihil
537 1035 688 1091 danti
717 1044 834 1091 erat
861 1037 1005 1108 quod
1038 1038 1154 1108 ipse
1182 1041 1357 1111 possit
1387 1041 1673 1112 accipere?

122 1127 324 1197 autquis
361 1126 658 1193 hominum,
709 1126 836 1183 licet
882 1143 1032 1184 more
1078 1131 1317 1185 humano
1363 1130 1670 1203 loquamur,

117 1218 229 1273 dare
256 1224 423 1289 potest
443 1217 597 1289 quod.~
617 1232 725 1273 non
759 1218 958 1275 habet?
988 1218 1300 1276 Praesertim
1323 1226 1465 1278 ‘cum
1496 1224 1673 1294 ponti-

115 1306 225 1363 ﬁces
245 1322 344 1364 non
373 1316 550 1375 erant,
580 1323 645 1365 ea
670 1323 790 1379 quae
840 1309 971 1367 solis
994 1311 1343 1383 pontiﬁcibus
1379 1314 1666 1381 debentur,

114 1398 226 1454 dare
245 1413 343 1454 non
370 1407 643 1470 poterant.
673 1400 740 1455 Et
762 1410 1051 1472 propterea
1072 1406 1075 1409 ’
1097 1403 1270 1474 magis
1305 1403 1671 1461 vulnerabant

114 1489 262 1561 capita
286 1504 400 1562 quae
421 1505 519 1561 per
546 1506 738 1547 manus
761 1492 1163 1562 impositionem
1197 1496 1514 1564 tangebant,
1543 1511 1666 1552 cum

113 1596 163 1635 ea
187 1596 292 1653 quae
314 1582 392 1639 eis
410 1582 606 1640 collata
632 1600 739 1639 non
763 1593 920 1639 crant
942 1600 1042 1655 per
1066 1585 1305 1657 aliquam
1331 1588 1668 1646 benedictio-

112 1687 216 1730 nem
236 1676 433 1732 darent.
464 1676 535 1735 Et
555 1678 677 1735 ideo
698 1678 959 1750 quidquid
981 1695 1048 1736 ex
1084 1680 1409 1751 supradictis
1430 1682 1668 1739 ministe-

111 1767 190 1823 riis
230 1769 623 1840 pontiticalibus
687 1772 1089 1842 praesumebant
1138 1774 1352 1829 irritum
1396 1785 1513 1832 erat
1544 1815 1560 1841 ,
1612 1787 1669 1833 et

111 1862 222 1917 nihil
248 1864 397 1921 tactis
422 1864 781 1936 perﬁciehant
798 1906 813 1932 ,
837 1867 936 1923 sed
962 1867 1135 1939 magis
1148 1867 1323 1940 juxta'
1338 1871 1661 1942 prophetam

1780 655 1962 727 (Joan.
1992 675 2047 725 χ,
2076 659 2189 732 Η).
2229 681 2248 716 ι
2274 662 2343 717 Ει
2368 663 2586 730 iterum,
2612 677 2867 725 monente
2895 670 3191 730 Dominicae
3216 655 3367 734 vocis

1776 746 2024 820 imperio,
2048 767 2157 823 quo
2181 754 2529 812 beatissimus
2553 760 2826 830 apostoius
2874 763 3068 821 Petrus
3107 767 3247 824 trina
3275 783 3362 826 re-

1774 839 2036 909 petitione
2086 843 2329 915 mystica:
2371 848 2671 905 sanctionis
2718 852 3002 922 imbuitur,
3066 866 3126 914 ut
3155 857 3366 917 Christi

1773 943 1927 999 oves,
1968 934 2059 1002 qui
2097 933 2377 992 Christum
2430 949 2580 995 amat
2607 941 2911 1015 diligenter,
2944 954 3142 1003 etcum
3171 965 3366 1024 magna

1771 1037 1906 1079 cura
1956 1035 2162 1095 pascat,
2196 1030 2459 1099 quoniam
2502 1031 2671 1102 ipsius
2720 1046 2926 1093 sancta:
2968 1040 3112 1096 sedis
3134 1042 3218 1097 cui
3247 1042 3370 1114 (per

1773 1114 2157 1173 abundantiam
2205 1119 2402 1177 divinae
2455 1124 2648 1194 gratia:
2690 1131 3018 1203 praesumus)
3076 1147 3267 1189 amore
3313 1148 3372 1191 et

1772 1211 2082 1266 reverentia
2110 1223 2478 1283 coarctamur,
2523 1227 2580 1275 ut
2604 1227 2769 1275 tantae
2797 1224 3224 1294 superstitionis,
3248 1242 3369 1298 qum

1771 1301 1916 1357 nulla
1943 1304 2028 1374 (ut
2056 1319 2220 1376 supra
2250 1306 2455 1363 dictum
2495 1312 2598 1380 est)
2630 1309 2853 1368 lulcitur
2882 1317 3228 1383 auctoritate,
3264 1335 3365 1390 pc-

1771 1395 2023 1463 riculum,
2054 1410 2317 1468 quantum
2367 1416 2656 1472 possumus
2680 1446 2696 1471 ,
2728 1405 3087 1476 declinemus,
3120 1426 3189 1465 ne
3212 1409 3361 1467 beati

1770 1486 2016 1559 magistri
2044 1492 2236 1558 nostri,
2268 1500 2325 1548 et
2356 1496 2557 1551 summi
2611 1499 2843 1568 apostoli
2875 1501 3118 1570 dilectio,
3151 1520 3260 1576 qua
3307 1521 3368 1563 se

1769 1591 2070 1657 amatorem
2100 1584 2194 1640 Dei
2221 1599 2345 1643 esse
2372 1594 2605 1646 testatus
2644 1600 2751 1657 est,
2794 1609 2934 1650 vana
2978 1596 3289 1655 inveniatur
3310 1598 3367 1655 in

1768 1675 1949 1742 nobis,
2000 1679 2258 1748 quoniam
2297 1682 2477 1739 omnis
2522 1683 2865 1757 negligenter
2911 1704 3148 1761 pascens
3207 1692 3370 1749 toties

1768 1766 1873 1821 sibi
1899 1769 2339 1825 commendatum
2387 1772 2729 1831 Dominicum
2759 1792 2975 1850 gregem
3023 1781 3368 1839 convincitur

1768 1874 2040 1917 summum
2087 1879 2194 1919 non
2243 1880 2429 1923 amare
2481 1878 2780 1939 pastorem,
2825 1888 2927 1930 nec
2982 1875 3099 1944 ejus
3141 1878 3366 1935 sevelle

113 1954 541 2015 «maledictionem
559 1973 658 2030 pro
672 1958 1071 2026 benedictione,
1087 1960 1133 2017 si
1156 1969 1333 2017 ratum
1354 1973 1437 2019 est
1462 1965 1664 2034 dicere,

1771 1950 2092 2021 discipulum
2118 1953 2259 2021 ﬁeri,
2282 1956 2433 2028 cujus
2457 1960 2708 2032 exempla
2732 1963 2956 2036 negligit
2986 1964 3208 2035 imitari,
3234 1984 3361 2025 nam

110 2048 421 2106 conferebant
466 2049 607 2125 (Jer.
640 2067 797 2118 xuv,
828 2052 914 2126 8).
940 2072 959 2105 ι
990 2053 1333 2126 Quapropter
1375 2071 1474 2127 per
1520 2056 1666 2115 illam

108 2136 312 2195 illicitam
375 2156 575 2198 manus
625 2142 1049 2213 impositionem,
1090 2152 1151 2199 ut
1207 2145 1368 2216 paulo
1420 2150 1670 2218 superius

106 2230 487 2301 pmlibavimus,
525 2233 870 2291 vulneratum
901 2246 1067 2307 caput
1099 2235 1178 2291 illi
1199 2238 1292 2309 qui
1338 2238 1668 2297 videbantur

107 2321 276 2394 aliquid
315 2327 597 2399 accepisse
628 2327 923 2384 habebant.
977 2328 1046 2385 Et
1084 2329 1179 2387 ubi
1210 2331 1408 2388 vulnus
1440 2332 1665 2389 inﬁxum

105 2426 187 2484 est,
209 2433 418 2477 necesse
442 2429 535 2477 est
564 2422 893 2478 medicinam
942 2422 1203 2480 adhibere
1231 2440 1335 2496 qua
1373 2425 1542 2482 inﬁxa
1570 2442 1665 2483 sa-

104 2521 235 2568 netur
259 2515 490 2583 macula,
518 2515 573 2572 id
604 2525 709 2585 cst,
741 2517 992 2573 rciterari
1040 2534 1264 2575 necesse
1286 2528 1391 2587 est,
1418 2520 1561 2591 quod
1588 2520 1667 2577 le-

103 2602 256 2673 gitime
274 2614 471 2674 actum,
531 2615 627 2663 aut
674 2607 934 2664 collatum
981 2610 1209 2666 minime
1237 2612 1587 2682 approbatur,
1618 2613 1666 2672 si

102 2695 360 2763 perfectum
402 2714 531 2757 esse
577 2699 813 2756 debebit.
870 2700 1008 2756 Nam
1064 2704 1339 2774 quomodo
1400 2705 1665 2762 honorem

104 2790 242 2854 possit
268 2793 505 2850 retinere
534 2792 626 2864 qui
646 2794 715 2849 ab
740 2792 832 2849 illo
873 2794 1165 2866 acceperit,
1201 2795 1293 2867 qui
1330 2804 1661 2867 potestatem

104 2881 209 2939 dare
249 2883 487 2958 legitime
541 2899 648 2942 non
706 2886 918 2954 habuit,
978 2888 1223 2945 invenire
1273 2905 1381 2946 non
1413 2906 1660 2963 possum,

101 2986 197 3028 cum
222 2975 306 3033 ille
326 2979 417 3050 qui
444 2978 719 3036 honorem
749 2980 1116 3050 pontiﬁcalem
1147 2997 1255 3038 non
1298 2983 1503 3050 habuit,
1531 3000 1668 3058 pon-

102 3066 287 3124 tiﬁcalia
307 3086 410 3126 non
432 3080 617 3143 potest
650 3070 777 3141 jura
803 3071 1061 3139 tribuere,
1109 3088 1213 3130 nec
1240 3074 1345 3130 hoc
1376 3076 1479 3131 sibi
1500 3085 1660 3148 pote-

100 3176 198 3221 rant
230 3169 542 3237 vindicare,
580 3168 737 3241 cujus
789 3185 1017 3243 capaces
1068 3186 1166 3241 per
1210 3173 1317 3227 hoc
1368 3173 1513 3244 quod
1551 3173 1660 3230 illis

98 3257 345 3317 obstiterat
375 3279 489 3319 non
520 3260 702 3318 fuerit.
726 3261 898 3335 Hujus
919 3279 1047 3335 ergo
1073 3262 1426 3320 discussionis
1477 3281 1663 3321 curam

1771 2042 1948 2111 gratia
1996 2059 2223 2114 prorsus
2261 2047 2437 2118 major
2474 2052 2811 2122 acquiretur,
2851 2057 2897 2112 si
2941 2058 3008 2113 de
3057 2060 3366 2118 commissis

1769 2132 1960 2189 ovibus
2007 2134 2219 2192 lucrum
2275 2136 2466 2195 oﬁ'erat
2505 2142 2735 2199 Domino
2762 2144 3071 2204 sollicitudo
3100 2151 3358 2222 pastoris.

1771 2223 1907 2281 Nam
1936 2235 1993 2283 et
2013 2227 2232 2285 beatum
2261 2228 2450 2297 Jacob,
2480 2234 2573 2304 qui
2621 2251 2721 2307 pro
2743 2238 3005 2296 uxoribus
3026 2239 3117 2297 diu
3153 2244 3359 2300 servie-

1771 2328 1879 2387 rat,
1909 2319 2113 2378 dixisse
2139 2325 2488 2383 meminimus
2514 2346 2528 2383 :
2566 2346 2587 2381 ‹
2630 2329 2833 2403 Viginti
2864 2334 3024 2390 annis
3053 2336 3130 2391 fui
3158 2344 3359 2395 tecum.

1770 2411 1915 2469 Oves
1937 2421 2045 2470 tuae
2069 2422 2125 2471 et
2149 2430 2329 2487 caprae
2352 2418 2568 2476 steriles
2602 2436 2711 2478 non
2748 2421 2994 2492 fuerunt,
3023 2427 3222 2484 arietes
3241 2444 3369 2502 gre—

1769 2506 1854 2579 gis
1884 2506 1960 2562 tui
1992 2523 2099 2563 non
2149 2510 2383 2578 comedi,
2437 2527 2539 2570 nec
2591 2523 2812 2587 captum
2854 2531 2885 2572 a
2934 2518 3106 2576 bestia
3152 2524 3365 2580 ostendi

1770 2597 1890 2655 tibi.
1945 2598 2058 2672 Ego
2101 2600 2360 2658 damnum
2406 2619 2568 2661 omne
2621 2607 2936 2674 reddebam,
2993 2620 3050 2666 et
3095 2612 3361 2685 quidquid

1768 2689 1916 2748 furto
1944 2692 2184 2763 perierat
2234 2709 2265 2750 a
2320 2711 2407 2753 me
2442 2698 2721 2770 exigebas,
2771 2700 2860 2757 die
2911 2711 3186 2775 nocteque
3219 2714 3362 2762 aestu

1769 2783 1970 2840 urebar
2012 2793 2070 2841 et
2112 2785 2273 2858 gelu,
2318 2786 2558 2860 fugiebat
2607 2805 2836 2849 somnus
2873 2792 2944 2850 ab
2997 2795 3172 2852 oculis
3222 2796 3364 2855 meis

1770 2874 1927 2948 (Gen.
1953 2893 2107 2947 xxxx,
2134 2879 2226 2946 38,
2255 2879 2369 2951 39).
2406 2900 2426 2934 ι
2477 2881 2536 2936 Si
2567 2896 2694 2955 ergo
2737 2884 2950 2943 laborat
2977 2895 3033 2943 et
3058 2886 3248 2960 vigilat
3270 2889 3365 2960 qui

1767 2971 1945 3043 pascit
1978 2986 2109 3029 oves
2135 2972 2345 3040 Laban,
2376 2982 2581 3045 quanto
2623 2976 2826 3042 labore,
2866 2980 3198 3052 quantisque
3219 2980 3363 3054 vigi-

1747 3063 1858 3133 ,liis
1882 3066 2043 3123 debet
2065 3066 2345 3123 intendere
2371 3070 2464 3139 qui
2494 3070 2668 3140 pascit
2709 3087 2845 3127 oves
2891 3072 3027 3128 Dei?
3052 3072 3162 3130 Sed
3184 3074 3239 3130 in
3272 3073 3363 3132 his

1768 3157 2022 3215 erunibus
2047 3158 2163 3230 ipse
2188 3175 2287 3216 nos
2310 3160 2567 3229 instruat,
2598 3164 2691 3232 qui
2724 3178 2822 3234 pro
2850 3165 2965 3221 suis
2993 3166 3141 3223 dedit
3164 3167 3359 3225 ovibus

1769 3248 2030 3315 animam,
2058 3259 2114 3306 et
2138 3249 2354 3320 adjuvet
2383 3268 2482 3308 nos
2496 3261 2557 3308 ut
2588 3254 2656 3310 de
2685 3255 2772 3310 liis
2798 3256 2892 3327 qui
2914 3258 3069 3314 nobis
3083 3260 3363 3317 commissn

96 3349 550 3424 nobisSpecialiter
592 3331 932 3413 vindicantes
970 3331 1045 3412 ita
1076 3357 1516 3415 misericordiam
1566 3375 1660 3416 ro-
1690 3331 1739 3397 δ
1769 3347 1918 3405 sua"
1973 3339 2209 3397 Ϊτυοῑυιιι
2270 3342 2626 3414 multiplicem
2676 3359 2741 3400 ac
2797 3361 3114 3405 mensuram
3162 3364 3363 3423 suDe!"

96 3452 251 3510 gamus
272 3448 393 3504 utsi
429 3464 543 3520 qua
594 3447 822 3506 forsitan
873 3450 960 3506 his
990 3451 1283 3507 commissa
1331 3461 1459 3508 sunt
1484 3453 1662 3510 corri-

94 3546 283 3604 gantur,
317 3557 382 3596 ne
415 3540 554 3597 talia
607 3540 771 3598 liceat
815 3542 954 3598 ultra
1002 3544 1292 3609 connnitti,
1344 3554 1399 3601 et
1455 3560 1524 3601 ne
1552 3561 1660 3616 qua

95 3631 336 3687 excusatio
393 3635 463 3690 de
508 3633 851 3705 ignoratione
893 3643 1169 3702 nascatur,
1217 3636 1347 3706 quia
1397 3645 1456 3692 ut
1505 3638 1664 3696 nobis

94 3720 477 3786 gratulationem
512 3723 641 3781 facit
684 3724 1049 3782 Ecclesiarum
1101 3735 1276 3782 status
1306 3727 1512 3785 salubri
1541 3729 1663 3785 dis-

92 3812 321 3877 positione
365 3815 687 3883 attributus,
736 3816 822 3874 vel
872 3819 1205 3885 adornatus,
1258 3819 1494 3876 ita-non
1554 3820 1662 3878 levi

90 3915 171 3957 nos
213 3920 445 3965 maerore
504 3910 795 3965 contristat
852 3910 1065 3981 quoties
1109 3910 1311 3982 aliquid
1352 3921 1540 3968 contra
1576 3913 1663 3969 in-

92 3994 246 4053 stituta
274 4016 554 4060 canonum
579 4003 662 4059 vel
700 4003 1126 4060 ecclesiasticam
1148 4005 1497 4077 disciplinam
1521 4024 1663 4078 prae-

89 4099 352 4161 sumptum,
382 4104 487 4149 aut
514 4095 866 4153 commissum
904 4097 1304 4167 cognoscimus.
1327 4096 1459 4167 Quae
1484 4099 1528 4155 si
1552 4116 1661 4155 non

88 4188 172 4245 qua
195 4182 449 4243 debemus
522 4187 802 4260 vigilantia
855 4203 1201 4257 resecemus,
1255 4190 1378 4247 illos
1427 4194 1518 4262 qui
1560 4208 1662 4250 nos

87 4274 429 4339 speculatores
459 4292 584 4333 esse
631 4280 821 4336 volunt
844 4295 1111 4337 excusare
1137 4297 1244 4338 non
1272 4298 1583 4354 possumus,
1612 4286 1660 4341 si

87 4361 183 4430 ejus
207 4365 510 4426 Ecclesium
540 4384 663 4440 quae
703 4370 859 4428 nobis
887 4373 1217 4445 generaliter
1254 4375 1547 4433 commissa
1577 4387 1663 4434 est

86 4453 128 4509 in
154 4471 407 4529 quantum
442 4465 805 4536 praevalemus
852 4483 1044 4539 puram
1084 4482 1114 4523 a
1164 4476 1273 4524 tam
1317 4469 1521 4528 iilicitis
1571 4488 1667 4528 su-

84 4555 485 4617 perstitionibus
499 4574 604 4613 non
630 4561 1021 4628 custodiamus,
1045 4561 1172 4632 quia
1200 4577 1310 4617 non
1337 4562 1498 4619 aliter
1519 4579 1661 4622 unus

88 4651 220 4709 grex,
266 4654 322 4702 et
377 4663 528 4703 unus
567 4658 756 4719 pastor
799 4665 1008 4716 sumus,
1048 4651 1156 4707 nisi
1197 4653 1654 4723 quemadmodum

82 4727 347 4798 Apostolus
402 4738 567 4793 docet
616 4739 851 4810 idipsum
906 4740 1154 4797 dicamus
1176 4756 1386 4808 omnes,
1430 4763 1448 4796 ι
1486 4744 1658 4802 simus

84 4831 239 4880 autem
266 4826 498 4893 perfecti
542 4830 596 4884 in
635 4831 823 4886 eodem
861 4846 1023 4886 sensu
1050 4838 1105 4887 et
1134 4832 1187 4886 iu
1218 4834 1408 4888 eadem
1440 4835 1657 4905 sapien-

83 4913 142 4968 tia
169 4918 215 4988 (l
246 4920 370 4977 Cor.
402 4939 447 4988 ι,
479 4920 589 4995 10).
624 4943 643 4977 ι
678 4923 789 4980 Nec
833 4923 990 4978 aliter
1019 4925 1132 4980 vcri
1161 4924 1411 4997 discipuli
1441 4926 1655 4986 Domini

86 5008 283 5079 erimus,
332 5015 442 5071 nisi
493 5016 730 5072 radicem
773 5017 1156 5072 amaritudinis
1206 5034 1423 5074 sursum
1458 5021 1657 5091 germi-

82 5112 303 5171 nantem,
330 5106 477 5162 sicut
527 5108 664 5173 haec,
704 5116 763 5162 ut
799 5109 1045 5164 asseritis
1078 5109 1257 5174 modo,
1309 5110 1439 5166 facit
1469 5126 1535 5166 ne
1560 5127 1658 5168 no-

82 5205 192 5251 cere
236 5199 463 5257 valeant
520 5212 580 5257 ut
624 5201 931 5273 episcopale
990 5202 1361 5260 ministerium
1389 5205 1655 5262 vilescere

80 5282 229 5345 faciat
257 5308 357 5362 per
379 5308 572 5348 eorum
620 5293 1007 5366 negligentiam
1035 5333 1053 5361 ,
1097 5294 1151 5351 id
1180 5303 1266 5351 est
1292 5296 1535 5352 omnium
1574 5313 1666 5354 sa-

81 5380 367 5448 cerdotum,
419 5387 510 5453 qui
547 5384 782 5440 evellere
825 5384 988 5453 mala,
1036 5393 1093 5441 et
1142 5386 1363 5441 meliora
1410 5388 1662 5458 plantare

79 5482 191 5526 sunt
223 5476 291 5528 ah
313 5490 383 5529 eo
412 5477 714 5547 prmpositi,
764 5477 1141 5549 unusquisque
1188 5493 1288 5548 pro
1329 5479 1539 5535 viribus
1568 5496 1663 5535 cx-

78 5558 295 5630 stirpare
336 5562 598 5632 festinet,
642 5578 698 5623 ct
748 5567 862 5638 ipse
910 5567 1000 5637 qui
1043 5583 1142 5639 pro
1186 5567 1300 5623 suis
1340 5570 1532 5625 ovibus
1582 5579 1666 5627 est

73 5660 268 5711 aeterno
285 5655 469 5727 judici
495 5660 761 5714 rationem
786 5660 1099 5715 redditurus
1122 5675 1216 5716 eas
1239 5659 1422 5717 fovere
1453 5671 1508 5715 et
1531 5662 1665 5718 edu-

75 5756 193 5800 care
213 5748 484 5806 decertet.
516 5751 572 5807 Si
605 5752 814 5807 Domini
841 5753 1213 5809 desideramus
1241 5768 1362 5810 esse
1391 5754 1664 5827 discipuli,

72 5830 234 5904 ipsius
260 5840 545 5901 imitemur
574 5846 818 5918 vestigia,
853 5854 913 5901 nt
938 5845 1006 5901 de
1035 5846 1191 5901 nobis
1213 5846 1425 5901 dicatur
1450 5865 1462 5901 :
1495 5864 1513 5897 ι
1552 5847 1666 5919 Ego

72 5940 186 5987 sum
211 5944 409 6006 pastor
436 5940 637 6004 bonus,
674 5949 731 5994 et
760 5954 1031 6009 cognosco
1064 5955 1195 5997 ovcs
1244 5954 1412 6009 meas,
1453 5950 1508 5997 et
1534 5956 1667 5998 voco

308 6051 590 6133 Panos.
627 6051 885 6118 CXXX.

1348 6119 1375 6142 αἱ

1767 3430 2081 3489 eﬁluentcm
2114 3433 2183 3488 ad
2229 3444 2434 3491 aeterna
2479 3438 2674 3507 gaudia
2730 3448 3012 3511 reportare
3064 3444 3356 3512 concedat,

1766 3533 2058 3597 tantusque
2078 3542 2174 3583 vos
2198 3527 2342 3584 beati
2363 3527 2506 3585 Petri
2528 3531 2894 3601 apostolorum
2921 3534 3183 3606 principis
3205 3550 3364 3593 amor

1765 3618 2047 3685 incendat,
2080 3620 2212 3674 utin
2240 3620 2370 3676 ovili
2395 3620 2584 3691 ipsius,
2611 3623 2697 3679 eui
2723 3639 2914 3681 omnes
2945 3636 3214 3683 creaturae
3232 3638 3363 3685 sunt

1765 3712 1998 3791 tradita,
2047 3712 2236 3770 Omnes
2294 3713 2475 3771 taliter
2523 3725 2792 3783 errantes,
2842 3726 2901 3773 et
2956 3717 3144 3777 illicita
3191 3726 3358 3791 atque

1764 3784 2038 3876 prohibita
2077 3814 2472 3875 praesumentes
2516 3808 2723 3865 sanctis
2747 3808 2945 3865 vestris
2978 3809 3174 3866 studiis
3208 3784 3359 3867 suin-

1763 3911 1854 3951 mo
1901 3897 2234 3968 reintegrarc
2285 3913 2407 3954 cum
2463 3899 2734 3956 desiderio
2785 3899 3075 3966 festinetis,
3121 3900 3359 3973 qualiter

1763 3989 1960 4045 animae
2008 3990 2248 4061 pretioso
2272 3990 2479 4048 Christi
2528 3992 2797 4065 sanguine
2839 3994 3135 4065 redempta:
3164 4010 3358 4053 eorum

1762 4094 1871 4135 non
1900 4089 2131 4150 pereant
2151 4081 2491 4154 deceptibne.

1836 4172 2027 4229 Restat
2053 4173 2197 4229 enim
2222 4176 2366 4246 quod
2402 4191 2501 4248 per
2528 4176 2728 4233 ostium
2760 4179 2813 4234 hi
2858 4194 3202 4252 nequaquam
3230 4185 3362 4241 sub-

1761 4265 2056 4335 intrarunt,
2097 4268 2222 4338 quia
2268 4285 2378 4326 non
2423 4270 2698 4328 habebant
2741 4273 2942 4328 ostium
2986 4289 3085 4345 per
3106 4276 3253 4348 quod
3279 4276 3362 4332 in-

1761 4360 2141 4433 grederentur,
2190 4361 2318 4431 quia
2369 4369 2428 4416 ut
2468 4362 2674 4419 dictum
2713 4373 2837 4421 est:
2878 4364 2936 4421 Si
2982 4382 3085 4423 nec
3115 4369 3357 4441 episcopi

1763 4463 1911 4519 sunt,
1936 4461 1993 4508 et
2012 4452 2297 4524 plusquam
2322 4454 2623 4526 presbyteri
2649 4471 2771 4512 esse
2799 4459 3067 4527 ambiunt,
3095 4476 3192 4532 per
3212 4464 3359 4531 quod

1762 4545 1962 4600 ostium
2005 4544 2330 4601 intrabunt?
2375 4560 2499 4602 cum
2538 4547 2595 4603 hi
2641 4555 2853 4604 tantum
2891 4551 2999 4606 duo
3030 4552 3252 4607 ordines
3299 4553 3358 4607 in

1767 4636 2010 4694 Ecclesia
2030 4638 2301 4708 leguntur,
2335 4654 2434 4697 nec
2453 4640 2686 4711 amplius
2718 4643 2786 4698 ad
2826 4644 3096 4714 pastorale
3124 4643 3361 4700 ofﬁcium

1768 4729 1984 4810 aliquod
2011 4740 2161 4801 patet
2187 4731 2386 4787 ostium
2411 4745 2509 4802 per
2532 4734 2675 4801 quod
2705 4743 2893 4804 pastor
2915 4734 3103 4790 intret.
3136 4734 3355 4803 Audite,

1766 4822 1987 4890 fratres,
2029 4837 2136 4878 non
2175 4837 2285 4891 me,
2333 4825 2429 4880 sed
2479 4825 2652 4895 ipsam
2702 4826 2973 4882 dicentem
3030 4826 3358 4887 Veritatem:

1773 4937 1792 4972 ι
1825 4915 1927 4985 Qui
1956 4930 2063 4972 non
2113 4915 2282 4972 intrat
2334 4932 2433 4988 per
2460 4917 2660 4972 ostium
2704 4919 2760 4973 in
2796 4917 2938 4974 ovile
2966 4921 3231 4988 omnium,
3263 4924 3360 4980 sed

1766 5011 2009 5068 ascendit
2038 5010 2276 5078 aliunde,
2306 5011 2396 5067 hic
2431 5009 2520 5065 fur
2545 5019 2630 5067 est
2667 5021 2723 5066 et
2760 5011 2902 5067 latro
2933 5012 3116 5085 (Joan.
3146 5031 3201 5082 χ,
3229 5017 3304 5086 l),
3330 5036 3353 5070 ι

1764 5113 1819 5160 et
1870 5102 2076 5174 reliqua
2120 5103 2256 5159 Cum
2307 5104 2473 5159 etiam
2508 5104 2759 5175 egregius
2793 5104 3119 5175 praedicator
3147 5107 3294 5162 dicat
3339 5125 3356 5163 :

1773 5214 1791 5248 ι
1826 5194 2260 5251 Fundamentum
2325 5195 2472 5250 enim
2530 5194 2676 5250 aliud
2725 5210 2883 5250 nemo
2934 5204 3114 5267 potest
3158 5214 3363 5269 ponere

1767 5297 1965 5358 praeter
2008 5288 2060 5344 id
2102 5288 2247 5359 quod
2290 5288 2523 5360 positum
2566 5296 2648 5345 cst
2672 5288 2726 5357 (Ι
2758 5287 2882 5345 Cor.
2913 5306 2995 5358 ιιι,
3025 5292 3136 5364 ll).
3166 5313 3185 5345 ι
3223 5293 3358 5349 Cum

1769 5382 2026 5451 praedicta
2054 5382 2161 5437 duo
2207 5379 2557 5436 fundamenta
2588 5382 2641 5436 in
2687 5381 2928 5438 Ecclesia
2972 5392 3182 5440 tantum
3212 5385 3364 5440 inve-

1767 5476 1989 5529 niantur
2008 5474 2203 5544 posita,
2236 5473 2500 5543 quidquid
2530 5474 2763 5544 amplius
2796 5477 3033 5545 positum
3079 5477 3132 5531 in
3164 5478 3249 5532 his
3275 5477 3364 5532 in-

1771 5567 2007 5632 venitur,
2033 5575 2179 5621 stare
2211 5564 2519 5621 nullatenus
2555 5567 2783 5636 poterit;
2807 5576 2863 5624 et
2893 5568 3012 5625 ideo
3033 5584 3156 5625 cum
3189 5570 3366 5624 omni-

1772 5659 1875 5714 bus
1897 5658 2013 5713 suis
2034 5656 2402 5712 fundamentis
2424 5668 2481 5713 et
2511 5658 2837 5727 actionibus,
2865 5671 3030 5731 atque
3061 5662 3360 5726 radicibus,

1773 5760 1834 5806 ut
1860 5748 2123 5806 evellatur
2161 5763 2384 5805 necesse
2433 5760 2553 5817 est,
2591 5751 2670 5806 ita
2717 5760 2778 5806 ut
2829 5754 3062 5824 amplius
3099 5752 3368 5824 pullulare

1775 5860 1877 5901 nec
1922 5843 2232 5917 germinare
2277 5840 2475 5898 valeat.
2532 5841 2649 5898 Non
2687 5859 2819 5916 ergo
2866 5851 3108 5915 generet,
3155 5854 3212 5899 et
3257 5859 3366 5899 nou

1775 5936 1941 5994 faciat
1990 5934 2163 6001 vobis,
2216 5932 2435 6004 fratres,
2471 5934 2643 5992 toties
2689 5934 2918 6006 repetita
2964 5932 3162 5992 locutio
3213 5933 3368 5990 fasti‘

2888 6044 2968 6110 ᾗ
2996 6076 3002 6085 .
