3888 6444
499 288 605 361 B75

1308 294 1335 313 ί
1401 289 1696 355 AFPEND.
1744 289 1838 352 λι)
1864 292 2041 352 δὼς.
2079 261 2172 351 Ix)
2201 325 2269 337 —
2302 294 2556 353 lSlDORl
2593 296 3040 354 MEBCA'lttltlb

3683 306 3782 358 ωδ

496 419 668 487 dium,
697 417 824 490 quia
872 400 1082 473 summa
1111 414 1412 472 necessitas
1436 425 1549 479 est,
1582 412 1778 484 sapius
1812 409 2087 483 prohiberi
2115 415 2163 476 Α
2193 411 2389 479 nostri,
2414 411 2643 467 trecenti
2675 412 2862 470 decem
2886 421 2944 469 et
2970 421 3095 469 octo
3117 411 3296 481 electi,
3324 412 3521 474 habito
3551 422 3781 478 tractatu

497 510 644 586 quod
690 511 853 569 toties
880 525 911 567 a
957 507 1114 567 vobis
1162 515 1220 565 ut
1252 508 1605 579 cognovimus
1636 505 1821 565 illicito
1847 519 2082 576 usurpas

499 615 605 669 tur,
660 611 715 661 et
764 602 1020 675 quoniam
1064 600 1279 659 Veritas
1336 599 1534 669 saepius
1584 598 1860 673 exagitata
1912 597 2087 669 magis

496 694 827 768 splendescit
853 702 915 748 ut
952 691 1157 758 lumen,
1188 700 1246 749 et
1289 690 1435 762 quod
1481 690 1641 757 toties
1668 688 1961 761 repetendo
1991 688 2085 751 ad-

495 795 769 853 monetur,
815 783 977 855 nimis
1024 792 1339 857 usurpatur.
1392 780 1570 853 Super
1605 782 1692 840 his
1718 782 1866 839 enim
1915 781 2085 855 multa

489 873 605 948 jam
650 877 720 933 ab
750 874 1186 935 antecessoribus
1229 872 1429 931 nostris
1470 872 1613 933 dicta
1645 878 1795 938 sunt,
1820 886 1852 927 a
1889 871 2087 943 quibus

492 969 598 1042 ipsi
638 970 779 1029 sicut
825 983 970 1026 nunc
1006 983 1040 1027 a
1086 968 1262 1033 nobis,
1289 968 1363 1025 ita
1389 966 1518 1027 olim
1544 964 1614 1023 ab
1638 967 1719 1031 eis
1745 965 2004 1027 damnata
2031 975 2089 1024 et

491 1063 766 1136 prohibita
785 1071 932 1119 sunt.
955 1060 1103 1127 ldeo,
1130 1061 1326 1132 srepius
1353 1068 1659 1131 repetentes
1678 1074 1870 1117 omnes
1892 1074 2086 1120 mone-

492 1170 615 1213 mus
636 1164 695 1211 ut
713 1154 950 1213 vitentur
970 1152 1301 1223 hujusmodi,
1316 1160 1371 1209 et
1396 1165 1426 1215 a
1449 1149 1646 1207 talibus
1671 1165 1730 1208 se
1752 1150 2083 1218 abstineant,

490 1246 585 1319 qui
614 1245 885 1303 noluerint
919 1260 1029 1307 una
1051 1259 1175 1303 cum
1197 1244 1279 1302 eis
1317 1258 1348 1299 a
1387 1241 1716 1301 sacerdotali
1742 1242 2076 1308 ministerio,

488 1348 552 1397 ut
577 1338 805 1401 rebelles
832 1337 949 1399 fieri
973 1337 1157 1403 alieni,
1189 1336 1332 1409 quod
1364 1335 1441 1392 ita
1474 1335 1695 1395 demum
1719 1336 1955 1407 probare
1981 1348 2083 1408 po.

489 1430 738 1498 terimus,
770 1431 815 1489 si
862 1429 997 1487 tales
1024 1428 1354 1499 exstirpare,
1394 1437 1451 1487 et
1494 1442 1603 1489 non
1650 1428 1731 1485 eis
1770 1427 1954 1486 favere
1979 1428 2083 1491 ’de-

489 1523 852 1593 certaveritis,
878 1531 935 1585 et
955 1524 1030 1578 ita
1054 1523 1107 1577 in
1135 1522 1483 1593 postmodum
1524 1521 1595 1579 de
1632 1521 1723 1581 tali
1755 1536 1817 1578 re
1859 1521 2083 1593 querela

488 1616 744 1685 cessabit,
773 1614 899 1688 quia
932 1613 1271 1674 contumeliae
1317 1614 1498 1671 studio
1521 1613 1604 1681 ﬁt,
1631 1613 1892 1686 quidquid
1916 1613 2083 1673 inter-

488 1706 693 1765 dictum
744 1708 905 1771 toties
952 1715 1265 1777 usurpatur.
1298 1704 1494 1763 Omnia
1544 1705 1661 1767 haec
1706 1704 2000 1769 decretalia
2023 1714 2081 1771 et

2190 504 2246 565 in
2282 505 2416 561 urbe
2442 502 2679 575 Nicazna,
2733 507 2878 564 hunc
2921 521 3138 569 murum
3185 505 3548 589 fortissimum
3594 521 3780 575 «intra

2190 610 2339 657 arma
2369 596 2633 665 diabolica
2669 596 3000 671 statuerunt,
3053 607 3109 657 et
3149 599 3253 661 hoc
3301 602 3549 659 remedio
3576 617 3778 663 venena

2187 685 2473 765 mortifera
2511 696 2639 757 sunt
2675 686 2922 767 depulsa,
2954 696 3015 757 ut
3052 688 3217 755 Pater
3240 702 3296 748 et
3320 690 3494 749 Filius
3517 693 3684 751 unius
3704 696 3779 753 di-

2187 777 2453 859 vinitatis,
2478 779 2637 837 unius
2684 780 2929 847 virtutis,
2960 782 3229 859 uniusque
3277 786 3676 859 magnitudinis
3697 787 3776 846 de-

2186 856 2317 957 beat
2344 870 2513 937 credi,
2541 871 2810 957 uniusque
2852 856 3102 953 essentia:
3126 856 3241 945 sive
3269 856 3598 949 substantia
3627 878 3778 937 simul

2189 970 2246 1019 et
2273 959 2507 1036 Spiritus
2556 972 2801 1045 sanctus.
2849 964 3022 1022 Aliter
3050 968 3196 1027 enim
3244 968 3526 1038 sapientes
3576 969 3778 1031 alienos

2188 1068 2312 1139 esse
2342 1070 2374 1110 ἰ
2401 1063 2590 1127 nostra
2618 1057 3000 1138 communione
3041 1057 3442 1137 iudicaverunt.
3475 1061 3654 1140 Quem
3677 1072 3777 1140 ter-

2186 1136 2396 1217 initium
2457 1136 2767 1205 salutarem
2824 1148 3270 1228 adorabilemquc
3334 1136 3777 1227 deliberationem

2188 1252 2540 1329 corrumpere
2586 1239 2807 1313 quidam
2849 1240 2972 1315 aliis
3002 1241 3443 1323 cogitationibus,
3500 1254 3667 1321 atque
3705 1257 3780 1305 to.-

2188 1345 2405 1395 merare
2432 1332 2745 1409 voluerunt,
2770 1333 2866 1397 sed
2902 1335 2961 1408 in
3005 1335 3123 1415 ipso
3142 1337 3412 1411 principio
3437 1340 3510 1403 ab
3541 1340 3630 1399 his

2186 1426 2281 1501 qui
2333 1425 2388 1501 in
2426 1426 2676 1497 Arimino
2724 1429 2990 1501 revocari,
3034 1438 3130 1503 aut
3159 1439 3462 1503 retractare
3492 1437 3778 1507 compelle,

2184 1515 2407 1591 bantur,
2429 1532 2603 1591 usque
2627 1519 2696 1595 ad
2731 1518 2836 1593 bac
2867 1535 3033 1593 causa
3074 1533 3327 1597 correpta
3354 1534 3437 1595 est
3470 1518 3781 1595 ut‘cunlite-

2186 1615 2378 1681 rentur
2407 1608 2513 1665 alia
2536 1609 2640 1666 sibi
2660 1611 3492 1693 circumventionegsnbreptum,
3514 1626 3612 1689 aut
3637 1629 3781 1689 certe

2182 1702 2313 1785 quia
2344 1717 2452 1777 non
2481 1702 2868 1777 intellexerunt
2901 1700 3127 1763 Patrum
3147 1709 3434 1781 sententiae
3468 1711 3523 1769 in
3561 1711 3776 1783 Nicaea

487 1806 806 1859 cunctorum
847 1797 1194 1861 decessorum
1235 1804 1551 1867 nostrorum
1602 1796 1921 1865 constituta,
1958 1812 2082 1868 quae
2114 1801 2163 1862 Β
2192 1797 2513 1869 constitutae
2552 1798 2658 1873 hoc
2685 1813 2808 1861 esse
2828 1800 3186 1871 contrarium,
3216 1805 3561 1877 nequeenim
3590 1807 3780 1880 prgu-

484 1886 555 1945 de
577 1886 963 1947 ecclesiasticis
1008 1887 1292 1961 ordinibus
1333 1895 1390 1945 et
1434 1901 1705 1955 canonum
1736 1887 2079 1965 promulgata

484 1986 614 2034 sunt
649 1977 970 2048 disciplinis,
1027 1976 1101 2033 ita
1142 1978 1296 2033 vobis
1334 1987 1391 2034 et
1424 1979 1681 2035 omnibus
1712 1979 1985 2050 episcOpis
2011 1994 2080 2057 ac

482 2071 696 2128 cunctis
748 2070 1076 2144 generaliter
1144 2071 1518 2131 sacerdotibus
1565 2070 1831 2129 custodiri
1879 2071 2080 2135 debere

484 2163 832 2228 mandamus,
856 2171 915 2217 ut
945 2163 990 2234 si
1012 2162 1137 2236 quis
1166 2164 1221 2219 in
1238 2162 1328 2220 illa
1352 2163 1710 2230 commiserit,
1736 2163 1950 2221 veniam
1973 2163 2077 2231 sibi

482 2255 739 2333 deinceps
769 2256 981 2317 noverit
1004 2255 1286 2328 denegari,
1309 2257 1567 2327 quoniam
1587 2265 1902 2323 occurreret
1928 2258 2075 2325 veri?

480 2363 585 2414 tas,
611 2352 657 2409 si
686 2349 898 2427 falsitas
927 2350 1260 2423 displiceret,
1300 2361 1356 2407 et
1382 2351 1580 2409 merito
1605 2365 1702 2407 nos
1727 2350 1823 2421 qui
1859 2365 2075 2417 summa

479 2444 736 2519 Ecclesiae
757 2455 942 2505 tenere
965 2446 1227 2507 debemus
1245 2444 1611 2517 gubernacula
1639 2459 1804 2501 causa
1829 2445 2073 2525 reSpicit,

475 2538 526 2597 si
567 2537 783 2595 silentio
832 2537 1114 2597 faveamus
1160 2537 1356 2593 errori.
1404 2536 1542 2593 Data
1593 2534 1867 2607 Kalendas
1902 2534 2072 2605 Junii,

472 2628 630 2705 Libio
656 2639 711 2686 et
732 2627 1036 2689 Theodosio
1057 2628 1122 2686 lV
1157 2644 1237 2693 cc.
1263 2627 1599 2689 consulibus.

472 2746 612 2806 Item
652 2749 716 2803 de
745 2747 1105 2804 sacerdotibus
1152 2747 1243 2819 qui
1274 2746 1349 2819 de
1394 2745 1626 2801 ecclesiis
1671 2747 1784 2807 suis
1823 2746 1893 2800 ad
1937 2745 2073 2801 alias

987 2816 1221 2888 migrant
1243 2816 1508 2877 ecclesias.

555 2912 665 2975 Eos
717 2921 899 2971 autem
949 2910 1265 2969 sacerdotes
1308 2910 1402 2981 qui
1454 2910 1522 2965 de
1569 2909 1818 2973 ecclesiis
1853 2911 1968 2977 suis
2004 2908 2075 2992 ad

478 3005 616 3069 alias
637 3005 1033 3078 migraverunt,
1062 3003 1247 3065 tandiu
1273 3018 1304 3058 a
1336 3003 1720 3061 communione
1760 3012 1945 3061 nostra
1978 3003 2071 3069 Ita:

2192 1888 2393 1945 dicium
2421 1887 2641 1961 aliquod
2678 1886 2795 1945 fieri
2821 1890 3018 1967 potuit,
3058 1907 3156 1966 per
3210 1909 3502 1971 numerum
3530 1897 3779 1969 Arimino

2184 1991 2598 2059 congregatum,
2623 1983 2841 2056 quando
2862 1994 3075 2067 constat
3110 2002 3288 2063 neque
3328 1988 3638 2063 Romanum
3662 1993 3779 2064 epi-

2178 2090 2406 2147 scopum
2458 2075 2611 2145 cujus
2660 2085 2787 2133 ante
2834 2078 3017 2137 omnia
3057 2079 3287 2149 decebat
3325 2095 3420 2153 eos
3462 2094 3785 2156 exspectare

2182 2166 2487 2236 decretum,
2512 2184 2687 2241 neque
2723 2167 3068 2239 Vincentium
3118 2173 3212 2246 qui
3252 2175 3419 2245 tantis
3459 2177 3619 2233 annis
3669 2179 3789 2251 epi-

2182 2269 2465 2357 sc0patum
2496 2262 2881 2357 inviolabiliter
2907 2266 3225 2333 custodivit,
3276 2282 3456 2357 neque
3496 2270 3638 2339 alios
3662 2272 3784 2327 tali-

2180 2351 2284 2423 bus
2332 2354 2630 2435 praebuisse
2694 2370 3024 2429 consensum
3051 2397 3069 2425 ,
3119 2351 3385 2431 maxime
3419 2362 3550 2419 dum
3593 2363 3785 2436 (sicuti

2178 2444 2556 2517 praediximus)
2615 2446 2704 2519 isti
2757 2447 2860 2525 ipsi
2888 2448 2986 2523 qui
3028 2464 3128 2521 per
3160 2452 3581 2525 conventionem
3615 2454 3786 2515 decli~

2182 2549 2343 2621 passo
2371 2535 2718 2604 videbantur,
2768 2538 2871 2615 ipsi
2919 2540 3099 2615 denuo
3153 2530 3371 2617 utentes
3402 2545 3617 2619 meliori
3648 2561 3783 2607 oon-

2180 2625 2304 2705 pilio
2332 2628 2449 2703 base
2473 2629 2575 2686 sibi
2601 2629 2891 2709 displicere
2913 2633 3093 2712 testati
3130 2645 3274 2713 sunt.
3303 2634 3570 2709 Perspicit
3591 2638 3781 2714 itaque

2178 2727 2362 2803 vestra
2424 2719 2720 2805 salubritas
2770 2723 2914 2781 banc
2974 2724 3145 2799 solam
3217 2725 3378 2805 fidem
3425 2744 3547 2801 quae

2178 2814 2546 2901 apostolorum
2605 2819 2935 2903 auctoritate
2974 2819 3201 2897 fundata
3245 2808 3330 2889 est
3368 2836 3779 2899 esseperpetua

2182 2907 2439 2965 firmitate
2468 2911 2817 2979 servandam,
2846 2923 2903 2970 et
2942 2913 3106 2987 simul
3148 2916 3437 2991 orientem
3461 2918 3566 2991 hoc
3587 2919 3780 2979 facere

2176 2999 2458 3075 nobiscum
2489 3002 2581 3080 qui
2619 3018 2680 3061 se
2730 3005 3031 3085 catholicos
3058 2990 3195 3082 esse
3220 2990 3573 3085 cognoscunt,
3624 3016 3778 3079 oeti-

471 3099 667 3159 bemus
697 3097 924 3162 alienos,
951 3095 1192 3167 quandiu
1218 3095 1402 3153 adeas
1425 3094 1686 3153 redierint
1709 3095 1981 3160 civitates,
2011 3095 2070 3153 in
2100 3175 2140 3186 Α
2174 3089 2421 3186 geniales
2451 3092 2616 3167 etiam
2644 3094 2889 3167 gloriari.
2924 3097 3213 3179 Credimus
3235 3110 3418 3177 autem
3446 3102 3776 3186 [sum

469 3192 668 3264 quibus
704 3190 937 3263 primum
995 3198 1123 3251 Sunt
1163 3189 1467 3254 constituti,
1522 3189 1778 3263 quoniam
1831 3190 1877 3253 si
1927 3189 2066 3251 alius

2175 3175 2229 3247 in
2282 3182 2385 3255 isto
2430 3186 2719 3259 conamine
2760 3203 2871 3245 non
2912 3190 3071 3273 tarde
3118 3207 3148 3247 a
3198 3175 3402 3273 nostra
3433 3175 3776 3275 separandos

470 3286 578 3343 alio
608 3284 1032 3355 transmigrante
1062 3282 1116 3337 in
1157 3281 1339 3338 locum
1373 3281 1606 3357 viventis
1634 3281 1921 3341 ordinatus
1956 3292 2064 3350 est,

2175 3288 2293 3367 esse
2319 3278 2717 3363 communione,
2767 3288 2825 3334 et
2848 3280 2917 3336 ab
2959 3282 3041 3353 eis
3067 3282 3412 3367 episcopatus
3437 3302 3651 3361 nomen
3683 3306 3774 3347 ao-

471 3380 659 3447 tandiu
685 3389 841 3441 vacet
889 3376 1178 3439 sacerdotii
1206 3375 1474 3447 dignitate
1495 3376 1590 3446 qui
1628 3390 1783 3435 suam
1826 3376 2068 3438 deseruit

469 3472 783 3549 civitatem,
820 3469 1061 3545 quandiu
1096 3482 1381 3529 successor
1416 3465 1535 3536 eius
1579 3467 1830 3540 quiescat
1877 3468 1931 3527 in
1961 3468 2066 3531 Do:

466 3580 635 3623 mino.

466 3672 605 3733 Item
654 3676 881 3748 epistola
927 3674 1147 3748 Damasi
1189 3684 1239 3728 et
1284 3674 1643 3748 episcoporum
1693 3674 1784 3748 qui
1828 3673 1898 3728 ad
1944 3688 2065 3728 eum

537 3749 595 3805 in
637 3742 932 3807 Romanam
972 3747 1153 3805 urbem
1202 3760 1269 3803 ea:
1313 3742 1488 3800 'ltatia
1514 3755 1562 3801 et
1601 3742 1779 3803 Gallia
1804 3760 2063 3807 contene-

536 3828 675 3875 rant.

538 3937 791 3995 Damasus
814 3942 870 3989 et
898 3930 1081 3989 caeteri
1106 3929 1346 4001 episcopi
1394 3927 1582 3987 Romae
1619 3928 1953 4000 congregati,
1980 3929 2062 3993 di-

463 4027 775 4086 lectissimis
800 4023 1061 4080 fratribus
1109 4022 1162 4076 in
1191 4019 1405 4091 Illyrico
1433 4018 1745 4077 constitutis
1765 4019 2054 4091 episcopis,

464 4123 522 4179 in
547 4121 776 4178 Domino
797 4117 1048 4175 salutem.

535 4211 821 4271 Credimus
862 4216 1103 4267 sanctam
1142 4204 1305 4265 ﬁdem
1325 4211 1566 4269 vestram
1603 4204 1657 4267 in
1688 4204 2061 4276 apostolorum

462 4305 770 4365 eruditione
816 4301 1095 4359 fundatam
1140 4302 1280 4359 hanc
1330 4307 1538 4364 tenere,
1574 4307 1629 4355 et
1670 4300 1813 4361 hanc
1841 4299 2055 4371 populis

461 4397 734 4471 universis
762 4408 1050 4465 exponere.
1084 4406 1208 4464 qua
1236 4390 1489 4448 videlicet
1537 4406 1568 4447 a
1604 4391 1922 4451 constitutis
1951 4390 2054 4447 Pa-

2170 3366 2325 3445 ferri,
2356 3380 2625 3445 quatenus
2672 3373 2856 3459 populi
2900 3388 3090 3459 eorum
3122 3366 3336 3443 liberati
3377 3395 3561 3441 errore
3594 3385 3774 3457 καρὶς
3882 3398 3883 3407 ‘

2170 3470 2314 3562 rent.
2365 3461 2708 3569 Nullo'enim
2741 3467 2903 3526 modo
2942 3484 2974 3525 a
3011 3468 3333 3551 deceptione
3363 3481 3630 3544 poterunt
3659 3492 3772 3533 cur-

2170 3550 2348 3641 rigere
2383 3554 2661 3627 populum,
2699 3557 2794 3635 qui
2817 3559 3153 3641 deceptionis
3191 3544 3387 3635 laqueo
3423 3565 3767 3641 detinentur.

2167 3643 2476 3705 Concordet
2531 3649 2697 3711 etiam
2742 3668 2868 3709 cum
2934 3656 3191 3735 omnibus
3242 3656 3339 3729 Dei
3384 3660 3770 3735 sacerdotibus

2165 3738 2330 3815 etiam
2354 3738 2637 3799 cbaritatis
2683 3751 2880 3819 veStrae
2928 3746 3199 3828 sententia
3230 3748 3287 3807 iu
3328 3764 3436 3827 qua
3475 3766 3578 3810 vos
3635 3753 3771 3817 ﬁxos

2166 3844 2231 3909 ac
2255 3828 2440 3888 firmos
2474 3833 2710 3890 existere
2742 3835 3125 3907 judicavimus.
3173 3839 3232 3911 Si
3274 3856 3407 3914 emo.
3450 3857 3551 3903 nos
3586 3848 3762 3905 voltis-

2163 3933 2288 3999 cum
2322 3931 2469 3978 recte
2504 3925 2726 3981 credere
2755 3927 3034 4001 debemus,
3284 3943 3478 4001 vestrm
3503 3952 3619 3995 nos
3641 3942 3760 3995 clis-

2163 4013 2344 4068 ritatis
2386 4014 2586 4071 litteris
2647 4015 2917 4076 lmtificate
2961 4012 3273 4094 reciprocis.
3301 4025 3503 4089 Valete,
3553 4027 3757 4087 fratres

2163 4106 2491 4191 charissimi.
2521 4098 2656 4167 Data
2708 4127 2820 4168 xvn
2869 4112 3236 4175 Kalendarum
3272 4118 3632 4191 Novembris.
3682 4122 3758 4181 Si-

2161 4198 2290 4254 ritio
2316 4209 2370 4256 et
2390 4193 2672 4260 Ardabure
2720 4203 2788 4273 ιγ
2812 4220 2896 4262 cc.
2933 4209 3266 4289 consulibus.

2336 4290 2471 4348 Item
2501 4295 2720 4373 epistola
2747 4295 2966 4355 Damasi
2995 4301 3064 4354 ad
3093 4304 3357 4381 episcopos
3386 4306 3588 4367 Italic.

2231 4381 2511 4441 Universis
2537 4386 2803 4469 episcopis
2834 4405 2930 4461 per
2963 4390 3129 4459 italia:
3156 4398 3463 4469 provincias
3488 4403 3751 4462 constitu-

462 4503 606 4550 trum
661 4468 806 4547 nulla
851 4489 1061 4547 ratione
1089 4487 1363 4551 dissentit,
1411 4501 1510 4556 per
1545 4502 1685 4557 quos
1726 4485 1939 4557 justum
1966 4496 2052 4547 est
2085 4543 2129 4565 ἢ
2160 4472 2308 4565 imis:
2344 4474 2592 4533 DAMASUS
2622 4468 2907 4552 episcopus
2942 4483 2995 4539 in
3022 4468 3251 4545 Domino
3279 4490 3530 4563 salutem.

458 4595 689 4644 caeteros
736 4580 960 4640 erudiri.
1017 4579 1122 4637 Sed
1173 4578 1434 4636 relatione
1488 4577 1941 4644 Gallicanorum,
1996 4589 2053 4636 et
2085 4563 2133 4603 υ
2173 4563 2176 4565 ⁷
2229 4563 2577 4637 optaveram.
2606 4564 3087 4651 dilectiSSimi..pro
3125 4581 3296 4636 nostri
3341 4583 3616 4643 cbaritate
3649 4586 3748 4644 coi-

458 4678 891 4739 venerandorum
940 4673 1171 4731 fratrum
1217 4672 1482 4744 quosdam
1526 4671 1826 4733 barresibus
1866 4671 2051 4735 favere
2156 4659 2281 4732 legii
2327 4676 2517 4720 omnes
2566 4663 2781 4723 Domini
2829 4670 3157 4740 sacerdotes,
3202 4674 3345 4731 sicut
3379 4675 3434 4731 in
3482 4680 3747 4751 prima"

458 4772 832 4846 cognovimus.
863 4766 1018 4835 Quod
1043 4765 1245 4825 malum
1273 4780 1381 4820 non
1412 4763 1587 4821 solum
1629 4778 1825 4823 cavere
1850 4764 2052 4829 debent
2156 4752 2257 4810 fuit
2310 4754 2571 4824 Ecclesi',
2631 4777 2650 4812 ‹
2711 4777 2878 4835 unum
2925 4778 3047 4821 esse
3090 4780 3185 4821 θοι.
3225 4774 3279 4822 ει
3322 4769 3565 4827 animam
3599 4786 3744 4829 Μ

456 4864 718 4936 episcopi,
761 4862 857 4918 sed
903 4859 1070 4915 etiam
1102 4855 1359 4915 reluctari
1412 4864 1603 4913 contra
1649 4870 1714 4915 ea
1748 4871 1869 4925 qua)
1898 4867 2052 4929 gesta
2158 4848 2297 4923 (Αείσ
2324 4865 2399 4916 ινν
2422 4851 2538 4926 ³2),
2569 4871 2588 4906 ²
2610 4856 2849 4928 atquein
2881 4873 2987 4913 υιιίι
3011 4860 3295 4921 devotione
3311 4865 3633 4935 Ρθτδίειθΐθν
3657 4878 3744 4929 ηοο

458 4965 587 5012 sunt
620 4952 912 5023 imperitia,
937 4960 1032 5007 aut
1072 4946 1420 5018 simplicitate
1466 4946 1825 5017 quorumdam
1865 4948 2055 5017 pravis
2157 4955 2480 5013 quemquam
2510 4947 2853 5005 sacerdotum
2884 4950 3075 5023 gratia,
3099 4961 3194 5008 aut
3220 4952 3512 5012 formidine
3537 4958 3741 5014 saeuis.

456 5044 993 5117 interpretationibus
1021 5042 1392 5115 deceptorum.
1418 5038 1600 5103 Variis
1625 5054 1755 5111 ergo
1777 5040 2043 5098 doctrinis

457 5152 565 5193 non
587 5137 744 5192 decet
766 5133 1101 5199 labefactari,
1134 5132 1233 5191 sed
1277 5132 1449 5202 magis
1475 5130 1696 5191 Patrum
1729 5140 2043 5189 nostrorum

455 5230 708 5285 laborare
749 5227 1051 5285 sententiis.
1114 5226 1447 5283 Auxentium
1496 5240 1628 5298 ergo
1678 5224 2041 5284 Mediolanum

455 5319 726 5393 praecipue
756 5318 810 5374 in
831 5318 934 5377 hac
957 5334 1119 5377 causa
1155 5318 1468 5379 damnatum
1494 5332 1618 5375 esse
1659 5317 1854 5389 liquet.
1887 5318 2041 5377 Unde

444 5411 656 5483 justum
683 5417 767 5467 est
794 5408 1047 5467 universo
1083 5408 1452 5467 Romanorum
1476 5409 1607 5465 orbe
1628 5410 1883 5466 doctores
1906 5409 2042 5482 legis

451 5519 520 5563 ea
545 5520 667 5576 quae
690 5504 826 5577 legis
847 5514 976 5561 sunt
997 5519 1208 5576 sapere,
1233 5513 1289 5563 et
1326 5520 1436 5564 non
1477 5503 1638 5563 fidem
1660 5505 1924 5565 doctrinis
1954 5521 2044 5561 va-

451 5598 552 5659 riis
595 5597 895 5656 maculare.
955 5597 1143 5668 Itaque
1191 5598 1318 5655 dum
1365 5597 1601 5669 primum
1656 5597 2041 5654 haereticorum

451 5693 710 5762 cmpisset
738 5692 975 5762 nequitia
1026 5690 1316 5761 pullulare,
1362 5691 1506 5747 sicut
1549 5690 1716 5748 etiam
1742 5704 1891 5747 nunc
1924 5689 2039 5747 bla-

2153 5033 2293 5103 rium
2341 5036 2641 5107 depravari,
2694 5050 2787 5096 aut
2833 5058 2864 5098 a
2912 5042 2996 5098 via
3045 5043 3289 5119 veritatis
3328 5060 3553 5119 quoquo
3597 5047 3739 5105 modo

2152 5127 2463 5187 abscedere.
2517 5130 2626 5189 Sed
2668 5134 2794 5206 quia
2844 5136 3049 5202 multa,
3080 5151 3199 5208 quae
3244 5140 3445 5212 corrigi
3490 5149 3737 5215 possunt,

2148 5224 2492 5293 proveniunt,
2523 5239 2813 5300 exsuperat
2858 5231 3044 5303 culpas
3085 5232 3515 5306 delinquentium
3548 5235 3736 5304 miseri.

2150 5313 2334 5370 cordia
2383 5316 2497 5382 Dei,
2531 5327 2691 5389 atque
2721 5319 2842 5376 ideo
2887 5323 3232 5394 suspenditur
3279 5325 3433 5395 ultio,
3481 5338 3543 5387 ut
3582 5327 3735 5401 possit

2147 5402 2326 5461 locum
2354 5406 2554 5464 habere
2580 5412 2865 5467 correctio.
2901 5412 3149 5469 Relatum
3183 5422 3268 5471 est
3298 5412 3448 5472 enim
3472 5421 3539 5485 ad
3565 5419 3729 5479 Sede.

2145 5500 2499 5571 apostolicam
2556 5518 2651 5560 vos
2701 5505 3076 5563 accusationes
3126 5506 3355 5565 fratrum
3405 5524 3506 5582 per
3545 5510 3727 5580 scripta

2144 5595 2422 5666 suscipere
2451 5598 2655 5668 absque
2682 5598 2923 5670 legitimo
2953 5612 3287 5658 accusatore.
3316 5601 3474 5672 Quod
3497 5602 3726 5672 dei-eq!

2143 5690 2197 5765 in
2247 5692 2394 5749 omni
2432 5692 2563 5755 orbe
2610 5699 2879 5749 terrarum
2919 5690 3037 5749 fieri
3086 5693 3380 5764 apostolica
3428 5694 3724 5751 auctoritate

453 5787 696 5851 salientia
742 5787 1007 5844 pullulare
1054 5794 1201 5847 natet
1248 5786 1601 5853 Arianorum,
1657 5795 1785 5845 tunc
1840 5786 2071 5849 Patres
2139 5782 2513 5871 prohibemus,
2544 5790 2598 5840 et
2625 5783 2769 5857 quod
2814 5799 2984 5859 nuper
3030 5782 3232 5847 factum
3277 5793 3365 5845 est
3408 5786 3601 5869 absque
3622 5780 3719 5847 ulla

3875 3604 3877 3649 Ι

3868 3670 3875 3813 t

3838 3898 3869 4053 ,1
