3888 6440
113 259 206 316 677

1272 240 1764 302 DECRETALIUM
1795 239 2177 298 COLLECTlO

3287 239 3385 302 G78

2545 317 2577 339 δ

110 368 457 429 retardatione
497 365 766 435 corrigere
795 377 1068 435 rogamus.
1111 375 1215 419 nec
1254 375 1494 431 unquam
1540 360 1690 430 prius
1713 367 1764 429 Α
1792 357 1994 422 facere,
2025 357 2172 428 leges
2200 357 2344 424 enim
2369 356 2552 424 saeculi
2576 365 2925 424 accusatores
2953 367 3247 430 praesentes
3273 364 3390 420 exi-

109 482 196 538 per
217 462 414 532 scripta
446 476 630 516 eorum
661 458 754 530 qui
792 465 1120 518 accusantur
1144 470 1363 510 causam
1393 453 1686 518 discutere,

109 555 201 612 nisi
229 567 322 623 per
353 550 695 622 querelarum
735 546 1105 606 institutiones
1132 544 1302 600 vocati
1328 542 1590 599 cationice
1621 540 1687 596 ad

109 647 354 720 synodum
383 643 621 714 venient,
647 649 954 710 etprmsens
980 655 1078 710 per
1097 645 1414 710 prementem
1433 639 1690 712 agnoscatl

109 739 375 801 veraciter,
429 744 488 798 et
530 733 798 804 intelligat
847 747 967 803 quae
1024 731 1073 786 ei
1117 730 1462 800 objiciuntur.
1536 725 1690 802 Quod

109 832 231 890 bene
248 837 302 882 et
318 842 413 898 per
432 825 750 896 sapientiam
774 822 1080 889 Salomonis
1097 821 1322 876 dicitur:
1348 839 1365 872 ι
1385 819 1688 890 Antequam

107 922 347 982 scruteris
403 936 472 976 ne
517 917 903 990 reprehendas,
957 915 1194 986 intellige
1240 914 1409 984 prius,
1455 925 1509 968 et
1561 921 1690 969 tunc

107 1017 330 1087 increpa,
373 1023 666 1086 antequam
713 1009 951 1091 audieris
999 1024 1067 1074 ne
1122 1007 1450 1086 resiiondeas
1495 1003 1686 1076 (Ec-cli.

105 1127 174 1176 ιι,
205 1108 342 1179 7-8).
377 1127 398 1160 ι
433 1106 505 1166 Ει
553 1105 678 1160 licet
723 1103 999 1176 aptissima
1047 1103 1118 1170 sit
1164 1100 1558 1162 contrariorum
1605 1114 1687 1153 re-

105 1185 391 1274 prebeIISio,
422 1207 798 1264 verumtamen
829 1203 1045 1276 oportet
1079 1195 1162 1254 his
1190 1195 1283 1267 qui
1312 1192 1436 1248 elati
1464 1200 1591 1247 sunt
1621 1193 1688 1247 ad

106 1307 274 1349 eorum
306 1289 767 1360 examinationem
808 1287 1053 1344 ordinem
1105 1285 1308 1342 servari
1359 1284 1428 1338 ab
1475 1283 1557 1338 his
1595 1282 1688 1354 qui

106 1383 377 1454 secundum
409 1381 578 1438 Detun
610 1379 944 1452 perscrutari
976 1377 1213 1449 deputati
1245 1385 1391 1442 sunt,
1423 1385 1689 1448 quatenus

107 1471 170 1530 ita
198 1488 314 1528 cum
357 1472 678 1544 operatione
722 1479 1046 1542 coeperanle
1078 1469 1435 1533 inveniamus,
1474 1477 1529 1522 et
1557 1483 1687 1522 con-

105 1562 346 1620 fessorem
400 1561 573 1618 Deum
625 1561 714 1631 qui
759 1560 928 1616 dicit:
966 1579 983 1612 ι
1026 1559 1127 1616 Ubi
1166 1557 1271 1614 duo
1303 1567 1428 1613 sunt
1459 1558 1542 1612 vel
1580 1568 1689 1614 tres

108 1642 478 1734 congregati'in
511 1639 728 1708 nomine
757 1666 898 1718 meo,
923 1639 1010 1706 ibi
1040 1665 1159 1704 sum
1202 1649 1252 1704 in
1299 1647 1474 1702 medio
1502 1663 1686 1702 eorum

1791 455 1942 518 gunt,
1976 455 2161 502 etnon
2210 460 2307 516 per
2353 446 2552 515 scripta
2603 445 2871 501 absentes.
2925 445 3076 501 Unde
3127 447 3389 506 canonica

1789 538 2012 610 Patrum
2037 527 2329 608 constituta
2353 553 2458 592 non
2487 537 2674 603 semel,
2699 539 2790 592 sed
2821 537 3118 610 saepissime
3151 540 3390 597 clamant

1790 648 1890 687 nec
1944 633 2338 697 accusationes,
2394 647 2492 687 nec
2533 631 2838 687 testimonia
2891 631 2995 686 ulla
3043 648 3141 706 per
3187 634 3390 710 scripta

1789 741 1948 798 posse
1975 723 2226 797 proferri,
2255 739 2353 782 nec
2387 725 2454 780 de
2484 725 2605 780 aliis
2640 725 2867 798 negotiis
2893 727 3199 798 quicunque
3238 723 3391 794 testi-

1790 820 2030 892 monium
2056 819 2256 885 dicant,
2284 821 2382 874 nisi
2417 821 2481 876 de
2511 820 2593 876 his
2615 835 2734 889 qua:
2755 819 2855 876 sub
2886 819 3172 892 prmsentia
3203 835 3388 878 eorum

1790 925 1912 974 esse
1944 920 2265 969 noscuntur.
2297 910 2561 966 Similiter
2591 922 2645 968 et
2672 911 2760 982 qui
2792 912 2954 967 alium
2987 927 3244 978 accusare
3283 912 3393 968 ele-

1791 1001 1949 1073 gerit,
1979 1016 2218 1072 prmsens
2243 1017 2339 1076 per
2364 1016 2422 1056 se
2451 1011 2502 1057 et
2533 1017 2638 1056 non
2676 1017 2771 1071 per
2799 1002 2961 1056 alium
2991 1011 3228 1069 accuset,
3255 997 3393 1057 seri-.-

1791 1095 1978 1164 ptione
2002 1093 2249 1170 videlicet
2277 1095 2576 1170 praemissa,
2606 1110 2780 1166 neque
2810 1095 2947 1150 ullus
2985 1110 3219 1167 unquam
3243 1094 3392 1167 jlldi?

1793 1194 1962 1249 cetur,
2028 1197 2316 1258 antequam
2374 1187 2642 1257 legitimos
2689 1197 3036 1248 accusatores
3096 1197 3394 1263 praesentes

1792 1278 2012 1345 habeat,
2060 1279 2344 1351 locumque
2388 1279 2706 1336 defendendi
2761 1279 2992 1350 accipiat
3022 1279 3087 1336 ad
3128 1281 3396 1350 abluenda

1793 1368 2041 1435 crimina.
2071 1367 2378 1424 Curandum
2402 1384 2616 1442 quoque
2645 1381 2730 1426 est
2762 1386 2826 1424 ne
2857 1370 2930 1424 ita
2959 1369 3242 1441 quisquam
3271 1355 3414 1454 sub-ﬁ

1793 1469 1964 1538 rt-pat,
2017 1459 2284 1533 faciatque
2319 1461 2480 1520 citius
2508 1463 2650 1532 quod
2702 1479 2806 1523 non
2850 1463 2992 1520 licet.
3043 1462 3403 1536 Omnipotens

1795 1552 1936 1609 Deus
1958 1553 2070 1607 haec
2098 1567 2191 1607 vos
2220 1561 2273 1606 et
2303 1561 2496 1610 cuncta
2529 1553 2713 1608 divina
2739 1553 2993 1620 mandata
3016 1561 3071 1609 et
3101 1551 3397 1626 apostolica

1793 1654 2062 1716 praecepta
2094 1644 2458 1714 custodientes
2490 1643 2544 1699 in
2572 1644 2785 1719 cunctis
2813 1645 3024 1700 actibus
3049 1644 3242 1702 vestris
3281 1660 3396 1702 cte-

108 1744 302 1818 (ῌιιιιΙι.
329 1759 484 1808 xvnt,
522 1743 638 1818 20).
666 1762 684 1798 ι
728 1740 862 1796 Nam
902 1749 957 1796 et
1003 1741 1262 1796 Dominus
1311 1749 1495 1794 noster
1534 1735 1691 1793 Jesus
1719 1744 1768 1806 Β
1794 1734 1946 1792 lestis
1973 1735 2180 1792 brachii
2220 1736 2534 1791 extensione
2572 1745 2840 1810 protegat,
2866 1745 3028 1806 atque
3063 1736 3130 1790 ad
3162 1735 3400 1791 caelestis

108 1821 331 1890 Christus
349 1832 548 1888 Judam
587 1830 761 1904 furem
779 1833 904 1886 esse
931 1831 1157 1893 sciebat,
1187 1828 1278 1884 sed
1312 1829 1562 1900 quoniam
1588 1843 1693 1883 non

109 1934 179 2001 est
221 1923 635 1996 praesentialiter
682 1933 987 1989 accusatus,
1032 1921 1153 1977 ideo
1200 1937 1306 1989 non
1343 1930 1426 1975 est
1467 1919 1691 1991 ejectus.

109 2016 204 2074 Nec
241 2031 333 2073 vos
381 2016 494 2084 ullo
538 2017 698 2090 modo
726 2031 884 2086 agere
931 2023 1165 2087 Oportet,
1216 2014 1358 2086 quod
1394 2014 1480 2069 ille
1523 2014 1700 2072 noluit

1803 1830 2296 1902 remunerationem
2341 1830 2529 1900 patriae
2580 1844 2702 1884 cum
2758 1828 3041 1899 multiplici
3098 1826 3398 1883 animarum

1804 1923 1979 1980 fructu
2011 1924 2288 1994 perducat.
2313 1923 2504 1977 Amen.
2536 1923 2669 1978 Data
2710 1939 2772 1984 ιιι
2802 1923 2924 1979 ldus
2949 1921 3172 1995 Aprilis,
3197 1921 3398 2006 Siricio,

1802 2021 1859 2074 et
1887 2015 2170 2076 Ardabure
2199 2015 2266 2072 IV
2295 2030 2377 2072 cc.
2411 2015 2742 2074 consulibus.

111 2205 3365 2240 *WW

652 2369 1294 2474 INCIPIUNT
1366 2369 1902 2473 DECRETA
1972 2371 2389 2463 SIRICII
2468 2370 2835 2464 PAPIE.

132 2636 136 2640 .
171 2588 217 2654 1.
253 2585 324 2652 De
349 2584 579 2648 Arianis
610 2580 895 2644 catholicis
920 2597 1026 2639 non
1049 2579 1409 2654 baptizandis.

167 2677 215 2747 2.
246 2678 313 2746 ιιι
330 2685 536 2750 praeter
562 2674 770 2738 Pascha
802 2681 856 2732 et
874 2673 1232 2732 Pentecosten
1258 2671 1556 2744 baptismus
1585 2687 1693 2732 non

112 2769 408 2836 celebretur.

171 2861 217 2917 ὅ.
246 2861 317 2916 De
344 2857 617 2932 apostatis
648 2855 716 2912 ab
741 2853 983 2920 Ecclesia
1015 2854 1350 2926 separandis.

171 2955 218 3010 4.
264 2919 395 3022 Non.
412 2921 582 3018 liceat
614 2919 1131 3020 'alteriussponsain
1182 2947 1238 3005 in
1285 2919 1767 3042 matrimoniumc

116 3063 306 3110 ειιωθη.

173 3139 220 3194 5.
247 3139 317 3196 De
344 3139 430 3196 his
478 3136 569 3208 qui
606 3143 885 3206 acceptam
923 3132 1294 3205 paenitentiam
1322 3131 1546 3189 minime
1578 3146 1694 3189 ser-

118 3248 328 3294 vavcrun
335 3242 373 3289 ι.

176 3324 222 3381 6.
254 3327 323 3384 De
345 3322 634 3386 monachis
652 3333 707 3379 et
731 3321 1033 3394 virginibus
1071 3318 1410 3393 prepositum
1439 3334 1545 3376 non
1573 3334 1693 3386 sere

119 3419 358 3478 vantibus.

178 3509 222 3564 7.
253 3511 322 3566 De
345 3508 618 3568 ministris
645 3505 1124 3564 incontinentibus.

176 3603 224 3658 8.
259 3603 463 3670 Quales
503 3600 736 3666 debeant
779 3600 848 3656 ad
889 3598 1180 3666 clericatus
1221 3597 1455 3655 olIicium
1503 3613 1699 3672 perve-r

121 3693 238 3750 nire.

179 3786 226 3841 9.
257 3786 329 3842 De
352 3787 445 3846 his
482 3785 573 3857 qui
604 3782 875 3857 grandaevi
916 3782 983 3839 ad
1017 3796 1232 3841 sacram
1271 3782 1520 3842 militiam
1565 3797 1697 3848 con-

123 3889 396 3936 vertuntur.

182 3971 258 4027 l0.
286 3973 358 4028 De
379 3971 601 4028 clericis
632 3970 722 4041 qui
769 3967 836 4024 ad
871 3966 1139 4024 secmdas
1175 3967 1392 4038 nuptias
1420 3973 1702 4022 transeunt

121 4073 172 4117 ut
202 4067 555 4135 deponantur.

184 4157 260 4211 11.
295 4157 370 4212 De
416 4154 636 4210 feminis
681 4168 802 4224 quae
847 4167 968 4207 cum
1024 4149 1240 4206 clericis
1271 4149 1499 4205 debeant
1542 4147 1699 4204 habi-

125 4257 243 4304 tare.

184 4343 262 4398 12.
292 4343 366 4399 De
387 4341 780 4398 monachorum
813 4336 1153 4409 promotione
1172 4337 1238 4391 ad
1267 4335 1493 4392 clerum.

183 4433 262 4490 i3.
291 4434 366 4490 De
409 4432 624 4488 clericis
655 4441 712 4485 ut
755 4429 1132 4498 paenitentiam
1172 4443 1269 4498 per
1301 4425 1703 4497 impositionem

123 4539 299 4582 manus
323 4526 667 4583 sacerdotum
698 4521 987 4591 accipiant.

187 4622 267 4677 14.
290 4623 364 4678 De
393 4619 783 4694 pmnitentibus
811 4626 866 4673 et
906 4616 1133 4686 bigamis
1162 4630 1257 4669 seu
1283 4613 1562 4670 viduarum
1595 4626 1705 4666 ma-

127 4711 261 4779 ritis,
306 4724 364 4770 ut
413 4729 520 4768 non
572 4710 960 4782 permittantur
1007 4709 1077 4764 ad
1123 4707 1410 4764 clericatus
1460 4706 1706 4760 ordinem

126 4807 339 4862 admitti.

128 4911 299 4984 Incipit
329 4913 546 4987 epistola
594 4912 772 4968 Siricii
828 4926 978 4982 papae
1033 4910 1102 4964 ad
1147 4907 1452 4964 Cauterium
1509 4903 1709 4960 Tarra-

188 5000 453 5041 conensem
481 4987 800 5055 episcopum.

190 5077 420 5134 Suuch
475 5077 723 5133 Ωιιιιιςιιιο
778 5071 1176 5129 Tarraconensi
1240 5071 1497 5141 episcopo
1562 5067 1710 5123 salu-

133 5172 247 5224 tem.

193 5258 397 5315 Directa
435 5259 503 5314 ad
541 5258 881 5314 decessorem
932 5263 1174 5310 nostrum
1216 5260 1418 5308 sancta:
1465 5249 1716 5307 recorda.

134 5346 281 5406 tionis
320 5350 607 5404 Damasum
647 5346 1007 5402 fraternitatis
1039 5354 1143 5400 tua:
1172 5343 1361 5398 relatio
1384 5341 1498 5412 jam
1538 5357 1621 5397 uze
1658 5342 1712 5398 in

134 5436 302 5492 sedem
327 5439 492 5509 ipsius
520 5437 899 5500 constitutum,
929 5435 1054 5506 quia
1094 5435 1174 5490 sic
1202 5435 1463 5490 Dominus
1497 5433 1705 5487 ordina-

135 5526 224 5591 vit,
253 5529 468 5598 invenit.
515 5530 686 5597 Quam
721 5543 844 5584 cum
878 5527 932 5582 in
960 5535 1229 5586 conventu
1258 5525 1484 5580 fratrum
1518 5524 1716 5580 sollici-

138 5615 236 5671 tius
249 5617 558 5689 legeremus,
582 5628 729 5676 tanta
753 5619 1058 5674 invenimus
1080 5635 1200 5689 quae
1218 5618 1636 5689 reprehensione
1660 5623 1716 5672 et

141 5713 452 5772 Gamelione
489 5723 610 5771 sunt
639 5715 820 5788 digna,
849 5721 1051 5780 quanta
1080 5722 1394 5784 optaremus
1439 5709 1703 5765 laudanda

1801 2597 2146 2655 oogtioscere.
2176 2583 2246 2641 Et
2273 2584 2401 2654 quia
2435 2599 2657 2642 necesse
2682 2601 2782 2642 nos
2813 2595 2932 2646 erat
2967 2588 3022 2646 in
3047 2587 3168 2660 ejus
3192 2590 3410 2652 labores

1799 2689 2066 2746 ettrasque
2094 2677 2386 2735 succedere
2413 2677 2501 2733 cui
2528 2691 2622 2750 per
2650 2677 2745 2733 Dei
2783 2680 3014 2750 gratiam
3042 2685 3412 2742 successimus

1799 2766 1854 2822 in
1887 2768 2170 2833 honorem,
2213 2767 2357 2829 facto
2404 2778 2461 2824 ut
2502 2770 2786 2840 oportebat
2833 2773 3085 2841 primitus
3117 2791 3250 2831 meae
3279 2793 3408 2849 pro-

1798 2859 2062 2913 vectionis
2090 2859 2312 2926 indicio,
2346 2860 2410 2914 ad
2443 2861 2660 2931 singula
2688 2871 2845 2932 prout
2880 2863 3139 2922 Dominus
3160 2869 3408 2938 aspirare

1797 2949 2052 3022 dignatus
2075 2959 2179 3018 est,
2204 2951 2582 3008 consultationi
2608 2962 2710 3008 tua:
2742 2969 3061 3012 resuonsum
3089 2970 3405 3030 competens

1797 3056 1907 3102 non
1936 3056 2219 3112 negamus,
2247 3043 2372 3114 quia
2400 3043 2558 3099 oﬁieii
2604 3047 2776 3102 nostri
2811 3048 3258 3114 consideratione
3297 3069 3410 3114 non

1795 3142 1881 3198 est
1907 3132 2063 3188 nobis
2087 3134 2450 3200 dissimulare,
2478 3153 2584 3192 non
2621 3146 2705 3193 est
2732 3147 2912 3194 tacere
2943 3139 3184 3208 libertas,
3209 3144 3410 3213 quibus
3429 3137 3453 3159 ⁸

1796 3224 1970 3295 major
1997 3226 2209 3283 cunctis
2253 3225 2576 3283 Christianm
2604 3229 2880 3300 religionis
2926 3232 3074 3298 zelus
3119 3234 3409 3301 incumbit.

1795 3313 2082 3384 Portamus
2103 3332 2269 3372 onera
2297 3319 2540 3374 omnium
2561 3319 2652 3388 qui
2683 3331 2999 3391 gravantur,
3027 3324 3270 3394 quinimo
3291 3328 3410 3388 haec

1796 3410 1976 3471 portat
2007 3402 2060 3456 in
2093 3404 2268 3470 nobis,
2306 3405 2500 3462 beatus
2544 3406 2822 3476 apostolus
2850 3408 3064 3476 Petrus,
3087 3411 3180 3480 qui
3213 3427 3313 3481 nos
3352 3413 3411 3478 in

1798 3495 2050 3562 omnibus
2086 3496 2167 3567 (ut
2195 3497 2540 3571 conﬁdimus)
2567 3499 3060 3566 administrationis
3088 3505 3328 3576 protegit
3349 3515 3410 3572 et

1799 3595 1987 3646 tuetur
2016 3590 2281 3650 haeredes.

1871 3678 1999 3735 Car.
2039 3679 2079 3734 l.
2126 3680 2310 3742 Prima
2347 3681 2531 3754 itaque
2572 3685 2782 3756 paginae
2814 3694 2920 3746 tuae
2963 3686 3140 3760 fronte
3181 3689 3410 3760 signasti

1800 3773 2107 3843 baptizatos
2138 3774 2205 3828 ab
2247 3773 2427 3844 impiis
2468 3776 2690 3840 Arianis
2734 3777 2998 3848 plurimos
3025 3757 3108 3850 ad,
3132 3757 3292 3842 [idem
3322 3798 3409 3842 cas

1802 3856 2059 3921 ‘holicam
2107 3865 2388 3933 festinare,
2424 3876 2478 3922 et
2511 3871 2772 3937 quosdam
2811 3871 2877 3926 de
2923 3871 3180 3948 fratribus
3208 3875 3410 3942 nostri:

1803 3977 1899 4018 eos
1928 3962 2108 4018 denuo
2150 3962 2434 4033 baptizare
2464 3964 2620 4029 velle,
2653 3967 2800 4034 quod
2834 3982 2940 4024 non
2981 3967 3126 4034 licet,
3155 3984 3277 4030 cum
3308 3970 3409 4026 hoc

1803 4055 1922 4112 ﬁeri
1960 4064 2015 4110 et
2047 4056 2322 4126 apostolus
2350 4067 2516 4124 vetet,
2554 4068 2609 4114 et
2635 4075 2874 4118 canones
2917 4063 3316 4134 contradicent,
3355 4071 3409 4126 ei

1803 4156 1924 4215 post
1950 4158 2220 4203 cassatum
2264 4149 2608 4208 Ariminense
2646 4152 2935 4208 concilium
2969 4155 3134 4212 missa
3173 4156 3240 4212 ad
3283 4171 3388 4228 pro,

1805 4239 2012 4294 vincias
2057 4257 2088 4295 a
2139 4243 2458 4298 venerandae
2509 4246 2787 4304 memoria:
2836 4246 3235 4316 praedecessore
3287 4263 3410 4316 meo

1728 4356 1782 4418 Β
1807 4327 2023 4386 Liberio
2051 4332 2328 4401 generalia
2355 4333 2569 4390 decreta
2599 4335 2958 4404 prohibeant:
2992 4339 3134 4408 quod
3157 4355 3258 4398 nos
3286 4355 3411 4406 cum

1808 4419 2121 4475 Novatiauis
2141 4423 2366 4492 aliisque
2392 4424 2681 4492 haereticis,
2708 4427 2843 4482 sicut
2866 4429 3025 4484 estin
3051 4430 3259 4500 synodo
3281 4446 3385 4500 con

1807 4513 2084 4579 Stitutum,
2121 4528 2218 4582 per
2246 4514 2644 4574 invocationem
2674 4518 2848 4575 solum
2876 4519 3206 4591 septiformis
3236 4520 3408 4593 Spiri-

1811 4612 1918 4668 tus,
1943 4613 1998 4658 et
2020 4603 2342 4676 episcopalis
2369 4623 2563 4678 manus
2590 4610 2988 4679 impositioncm
3017 4612 3408 4674 catholicorum

1808 4696 2094 4750 conventui
2127 4698 2417 4764 sociamus,
2447 4701 2591 4769 quod
2618 4700 2783 4756 etiam
2827 4709 2970 4756 totus
3021 4701 3217 4768 Oriens
3255 4704 3409 4762 Occi-

1810 4784 2048 4854 densque
2089 4788 2346 4853 custodit,
2385 4804 2418 4844 a
2465 4806 2572 4860 quo
2622 4793 2838 4848 tramite
2883 4807 2980 4849 vos
3023 4808 3239 4866 quoque
3285 4807 3410 4868 post

1811 4875 1926 4930 hare
1953 4875 2175 4932 minime
2201 4881 2456 4935 convenit
2487 4881 2722 4949 deviare,
2761 4883 2805 4936 si
2835 4898 2941 4938 non
2975 4883 3137 4942 vultis
3161 4901 3192 4942 a
3218 4898 3410 4950 nostro

1811 4969 2038 5041 collegio
2069 4972 2310 5042 synodali
2349 4975 2588 5044 separari
2618 4977 2904 5030 sententia.

1882 5061 1944 5116 ll.
1976 5061 2232 5132 Sequitur
2267 5065 2334 5119 de
2362 5065 2632 5122 universis
2667 5066 3116 5137 baptizandorum
3154 5075 3408 5146 tempori-

1812 5151 1935 5219 bus,
1966 5163 2125 5222 prout
2167 5155 2456 5224 unicuique
2499 5155 2707 5211 libitum
2733 5155 2916 5222 fuerit,
2948 5159 3321 5232 improbabilis
3354 5175 3410 5232 ct

1812 5246 2148 5301 emendanda
2175 5247 2441 5314 confusio,
2474 5264 2592 5319 quae
2617 5265 2650 5306 a
2673 5251 2874 5308 nostris
2897 5256 3402 5325 consacerdotibus,

1814 5340 1955 5409 quod
1982 5343 2239 5397 commoti
2263 5343 2515 5408 dicimus,
2554 5359 2658 5398 non
2694 5345 2903 5402 ratione
2926 5349 3266 5404 auctoritatis
3304 5348 3404 5405 ali-

1813 5432 1988 5502 cujus,
2019 5435 2112 5488 sed
2144 5433 2256 5488 sola
2289 5435 2591 5490 temeritate
2624 5437 2991 5506 prmsumitur,
3022 5448 3082 5494 ut
3115 5440 3317 5512 passim
3342 5455 3408 5498 ac

1815 5524 1981 5580 libere
2008 5524 2267 5580 natalitiis
2307 5525 2531 5592 Christi,
2570 5543 2666 5582 seu
2708 5529 3082 5598 apparitionis,
3112 5547 3322 5586 necnon
3351 5542 3406 5606 et

1814 5617 2200 5689 apostolorum,
2232 5631 2326 5672 seu
2360 5627 2659 5689 martyrum
2703 5620 3084 5675 festivitatibus
3110 5619 3404 5690 innumerae

1814 5710 1894 5781 (ut
1920 5705 2340 5779 asscris)plebcs
2361 5706 2610 5780 baptismi
2638 5711 2951 5782 mysterium
2976 5718 3404 5789 consequantur,
