3820 5318
362 247 473 308 θη

1122 194 1432 302 ‘AP’PEND.
1469 243 1563 302 AD
1589 243 1767 303 SJEC.
1804 243 1898 302 IX.
1926 273 2001 291 ι·-
2032 244 2287 304 ιεωοιιι
2326 245 2776 304 MERCA'IORIS

3558 250 3657 309 θῦεν

360 378 487 421 cum
532 361 638 419 hoc
684 360 785 418 sibi
827 359 1169 433 privilegium
1214 360 1355 431 apud
1386 372 1486 416 nos
1522 367 1578 415 et
1610 359 1751 430 apud
1779 372 1972 415 omnes
1998 364 2047 426 Α
2073 359 2331 432 quoniam
2361 358 2565 416 carnali
2602 357 2895 432 fragilitate
2943 360 3263 419 ceciderunt
3307 362 3515 421 viatico
3553 380 3656 422 m-

359 454 626 513 ccclesias
650 454 988 511 Dominicum
1016 452 1326 525 specialiter
1354 467 1478 507 cum
1523 449 1842 507 Pentecoste
1868 465 1964 507 sua

359 545 570 605 Pascha
594 545 878 613 defendat;
910 545 1106 618 quibus
1145 543 1276 602 solis
1304 559 1403 615 per
1431 558 1632 599 annum
1668 542 1858 599 diebus
1897 542 1967 598 ad

358 636 527 694 fidem
539 635 936 698 confluentibus
950 634 1225 707 generalia
1248 634 1591 705 baptismatis
1610 632 1747 690 tradi
1770 626 1989 689 eonve-i

358 727 444 785 nit
473 736 834 796 sacramenta,
862 727 950 782 his
974 728 1238 783 duntaxat
1264 725 1453 782 electis
1471 726 1564 797 qui
1589 734 1715 781 ante
1740 724 1967 796 quadra-

361 820 534 892 ginta,
562 818 649 876 vel
678 832 745 874 eo
769 818 999 890 amplius
1036 817 1154 874 dies
1201 831 1399 874 nomen
1427 815 1694 880 dederint,
1720 823 1775 871 et
1803 830 1964 871 exor-

359 911 548 969 cismis
573 910 1010 983 quotidianisque
1036 908 1375 966 orationibus
1411 916 1574 979 atque
1596 907 1815 980 jejuniis
1841 905 1985 962 fue-‘

358 1006 471 1063 rint
504 1005 729 1080 expiati,
753 1016 1021 1077 quatenus
1057 1003 1350 1075 apostolica
1385 1002 1672 1076 impleatur
1700 1001 1790 1058 illa
1820 1017 1959 1073 prte-

360 1099 563 1171 ceptio,
594 1106 654 1153 ut
679 1116 698 1150 t
734 1107 1031 1170 expurgato
1065 1095 1334 1152 fermento
1365 1095 1533 1151 veteri
1575 1110 1712 1151 nova
1740 1093 1964 1165 incipiat

357 1182 482 1247 esse
517 1188 831 1261 conspersio
873 1187 925 1260 (Ι
971 1186 1097 1243 Cor.
1146 1203 1199 1255 v,
1240 1188 1316 1261 7).
1349 1207 1369 1242 ι
1406 1187 1561 1244 Sicut
1591 1202 1801 1243 sacram
1830 1202 1960 1259 ergo

354 1279 673 1353 paschalem
722 1279 1083 1336 reverentiam
1135 1279 1189 1335 in
1233 1277 1379 1334 nullo
1421 1278 1648 1333 dicimus
1686 1292 1808 1334 esse
1856 1279 1960 1333 mi-

361 1372 663 1437 nuendam,
692 1370 766 1426 ita
795 1370 1091 1426 infantibus
1118 1369 1211 1441 qui
1242 1368 1480 1426 nondum
1516 1368 1660 1441 loqui
1686 1368 1963 1440 potuerint

353 1477 458 1535 per
499 1469 736 1527 atatem,
779 1459 863 1517 vel
914 1452 999 1516 his
1040 1460 1235 1531 quibus
1277 1459 1330 1515 in
1370 1458 1610 1532 qualibet
1635 1459 1962 1515 necessitate

354 1568 497 1625 opus
550 1552 732 1621 fuerit,
775 1552 913 1608 sacri
964 1553 1105 1608 unda
1149 1550 1487 1624 baptismatis
1516 1551 1664 1607 omni
1710 1549 1960 1606 volumus

355 1646 637 1704 celeritate
662 1645 929 1712 succurri,
946 1660 1014 1701 ne
1041 1648 1106 1701 ad
1129 1654 1435 1702 nostrarum
1461 1643 1755 1717 perniciem
1777 1644 1964 1700 tendat

2071 463 2201 506 nere
2228 465 2353 506 cum
2382 450 2450 507 ad
2480 450 2765 506 Dominum
2790 450 3056 522 coeperint
3075 452 3374 522 proficisci,
3405 470 3509 526 per
3529 469 3659 511 cotu-

2069 542 2341 600 munionis
2365 542 2595 615 gratiam
2633 541 2883 600 volumus
2903 543 3201 600 subveniri.
3225 543 3409 615 Quam
3447 546 3658 603 fortna-

2067 644 2123 689 et
2177 632 2322 689 circa
2375 632 2629 690 mulieres
2673 648 2796 706 quae
2843 647 2903 691 se
2952 641 3079 705 post
3118 635 3507 707 paenitentiam
3553 633 3659 692 ωδ-

2067 722 2170 780 bus
2196 721 2580 794 pollutionibus
2618 723 3001 792 devinxerunt,
3028 716 3357 782 servandam
3387 741 3517 785 esse
3550 741 3665 784 cca-

2068 831 2275 873 scmus.

2140 926 2231 984 Vl.
2254 926 2527 986 Praeterea
2564 929 2956 987 monachorum
2985 931 3253 1002 quosdam
3292 941 3470 1003 atque
3492 948 3666 989 mons.

2067 1020 2542 1095 charum,abjecto
2565 1025 2841 1094 proposito
2861 1025 3188 1092 sanctitatis,
3220 1025 3277 1082 in
3302 1035 3523 1082 tantam
3559 1044 3668 1098 pro-

2068 1114 2292 1169 testaris
2330 1114 2609 1171 demersos
2647 1129 2767 1171 esse
2810 1115 3108 1182 lasciviam,
3138 1127 3201 1173 ut
3232 1119 3395 1188 prius
3438 1119 3669 1174 clanculo

2066 1207 2212 1263 velut
2249 1208 2350 1265 sub
2394 1210 2846 1267 monasteriorum
2877 1220 3141 1283 prtetextu
3190 1214 3383 1270 illicita
3418 1230 3488 1271 ac
3515 1215 3669 1270 sacri-

2063 1299 2181 1371 lega
2210 1315 2269 1357 se
2293 1302 2612 1374 contagione
2639 1302 2975 1360 miscuerint.
3014 1303 3211 1361 Postea
3252 1320 3391 1361 vero
3423 1306 3480 1360 in
3522 1307 3671 1360 abro-

2062 1400 2215 1463 ptum
2248 1393 2594 1450 conscientia;
2623 1394 2998 1466 desperatione
3036 1397 3313 1467 producti,
3358 1395 3435 1452 de
3481 1396 3672 1453 illicitis

2062 1483 2432 1555 complexibus
2492 1483 2662 1541 libere
2718 1485 2858 1543 filios
2922 1488 3376 1558 procreaverint,
3428 1488 3576 1560 quod
3621 1498 3671 1542 et

2061 1574 2291 1647 publicae
2319 1573 2464 1647 leges
2492 1584 2548 1631 et
2573 1574 2946 1633 ecclesiastica
2973 1577 3097 1650 jura
3140 1579 3543 1645 condemnant,
3585 1577 3670 1633 Im

2063 1681 2194 1739 ergo
2232 1666 2534 1737 impudicas
2558 1666 3011 1740 detestabilesque
3051 1684 3324 1741 personas
3345 1687 3378 1725 a
3408 1680 3671 1727 monaste-

352 1738 680 1803 animarum,
725 1737 770 1793 si
820 1745 1014 1810 negato
1052 1736 1489 1793 desiderantibus
1531 1734 1681 1792 fonte
1710 1732 1957 1801 salutari,
1988 1727 2036 1789 B
2063 1727 2267 1814 τίξωω
2297 1727 2440 1815 (Equ
2486 1727 2949 1831 ecclesiarumqu;
2980 1727 3343 1818 οοξινεηιίδηε
3382 1762 3669 1817 emam

352 1828 558 1885 exiens.
593 1829 962 1898 unusquisque
1004 1827 1071 1882 de
1118 1826 1335 1892 saeculo,
1385 1840 1611 1898 regnum
1663 1825 1855 1897 perdat
1902 1835 1959 1882 ct

352 1921 543 1976 vitam.
576 1918 897 1991 Quicunque
926 1919 1088 1975 etiam
1133 1919 1425 1975 discrimen
1457 1917 1747 1991 naufragii,
1791 1917 1957 1973 hosti-

351 2011 525 2069 litatis
555 2011 854 2076 incursum,
877 2009 1175 2067 obsidionis
1196 2010 1534 2082 ambiguutn,
1562 2009 1647 2064 vel
1675 2008 1960 2080 cujuslibet

355 2101 656 2176 corporalis
702 2102 1072 2174 aegritudinem
1121 2100 1511 2173 desperationis
1553 2100 1861 2165 inciderint,
1903 2106 1960 2156 et

355 2197 463 2253 sibi
487 2196 647 2252 unico
673 2194 1009 2252 credulitatis
1042 2194 1243 2251 auxilio
1272 2194 1620 2266 poposcerint
1659 2192 1954 2260 subveniri,

354 2288 547 2344 eodem
587 2302 694 2358 quo
728 2296 957 2359 poscunt
1004 2298 1280 2343 momento
1306 2285 1564 2358 temporis
1592 2285 1843 2356 expetita:
1873 2298 1956 2341 re-

353 2382 722 2454 generationis
758 2380 976 2452 praemia
1015 2387 1440 2451 consequantur.
1484 2377 1755 2434 Hactenus
1805 2391 1958 2432 erra-

353 2481 471 2527 tum
506 2470 560 2528 in
592 2473 695 2529 hac
740 2479 895 2544 parte
936 2470 1182 2538 sufﬁciat,
1213 2486 1357 2527 nunc
1388 2469 1671 2541 praefatam
1712 2469 1956 2540 regulam

351 2578 546 2622 omnes
569 2574 788 2621 teneant
827 2564 1161 2630 sacerdotes,
1202 2563 1293 2635 qui
1334 2562 1524 2620 nolunt
1547 2563 1618 2618 ab
1646 2560 1957 2633 apostolica:

350 2669 521 2731 petra:
565 2675 728 2731 super
757 2675 918 2730 quam
962 2658 1212 2714 Christus
1247 2656 1611 2715 universalem
1655 2655 1959 2713 construxit

354 2751 676 2819 Ecclesiam,
700 2751 972 2807 soliditate
996 2750 1199 2807 divelli.

420 2842 507 2899 Ill.
545 2843 829 2914 Adjectum
864 2853 949 2898 est
977 2843 1142 2897 etiam
1189 2845 1451 2914 quosdam
1503 2842 1842 2900 Christianos
1886 2841 1955 2898 ad

313 2934 682 3029 .apostasiam
716 2933 879 3005 (quod
902 2934 1008 2990 dici
1032 2932 1184 2990 nefas
1208 2939 1313 3006 est)
1354 2944 1716 3001 transeuntes,
1759 2942 1814 2991 et
1840 2934 1955 2990 ido-

351 3024 529 3080 lorum
565 3024 711 3081 cultu
757 3041 820 3081 ac
866 3024 1256 3080 sacrificiorum
1288 3025 1745 3082 contaminatione
1770 3023 1954 3095 profa-

351 3128 531 3183 natos,
556 3134 692 3189 quos
729 3134 758 3172 a
790 3117 988 3174 Christi
1035 3133 1283 3189 corpore,
1327 3127 1381 3174 et
1426 3118 1688 3189 sanguine
1723 3090 1832 3189 quo
1860 3118 1952 3173 du-
1977 3090 2024 3156 ο

351 3210 478 3266 dum
529 3209 790 3280 redempti
834 3208 1046 3264 fuerant
1083 3208 1352 3264 nascendo
1391 3208 1643 3280 jubemus
1680 3207 1947 3274 abscindi,

350 3307 408 3357 et
428 3300 473 3356 si
501 3300 881 3372 resipiscentes
913 3298 1050 3353 forte
1077 3298 1145 3353 ad
1170 3298 1405 3355 lamenta
1437 3297 1635 3354 fuerint
1659 3299 1950 3369 aliquando

349 3393 619 3457 conversi,
649 3391 734 3447 his
770 3390 1006 3462 quandiu
1038 3389 1227 3445 vivunt
1265 3392 1467 3461 agenda
1495 3390 1813 3460 ptenitentia
1840 3404 1945 3456 est,

349 3490 408 3536 et
459 3481 515 3536 in
557 3480 747 3537 ultimo
803 3479 910 3536 fine
956 3494 1055 3536 suo
1108 3480 1568 3536 reconciliationis
1613 3480 1787 3553 gratia
1849 3480 1950 3535 tri-

348 3573 588 3640 buenda,
629 3572 755 3645 quia
796 3572 1011 3630 dicente
1059 3569 1325 3627 Domino:
1363 3591 1383 3625 ι
1415 3571 1676 3628 Nolumus
1714 3579 1946 3627 mortem

347 3675 720 3736 peccatorum,
763 3665 857 3722 sed
881 3673 941 3720 ut
987 3673 1375 3721 convertantur
1420 3673 1471 3721 et
1512 3667 1691 3721 vivant
1726 3665 1943 3738 (Ezech.

347 3770 510 3823 xvttt,
538 3757 652 3829 32).
692 3776 712 3811 ι

356 3906 361 3911 ,
422 3850 510 3905 ιν.
526 3848 603 3907 De
615 3847 881 3921 coniugali
897 3858 1077 3905 autem
1092 3847 1573 3920 vetatione'requisi
1581 3847 1639 3914 ti,
1656 3848 1701 3904 si
1721 3848 1950 3919 despon-

349 3951 525 3999 satam
578 3940 670 3997 alii
722 3940 975 4012 puellam,
1030 3940 1168 3997 alter
1216 3941 1272 3996 in
1323 3941 1729 3997 matrimonium
1778 3941 1948 4012 possit

350 4040 620 4107 accipere,
649 4035 753 4091 hoc
774 4050 842 4090 ne
869 4034 965 4090 flat
991 4033 1244 4090 omnibus
1272 4033 1444 4089 modis
1471 4034 1794 4099 inhibemus,
1819 4035 1944 4104 quia

349 4129 441 4185 illa
469 4128 773 4185 benedictio
797 4143 961 4199 quam
983 4136 1228 4198 nupturte
1252 4127 1507 4184 sacerdos
1534 4126 1780 4198 imponit,
1806 4126 1947 4197 apud

351 4220 538 4277 fideles
580 4220 860 4291 cujusdam
890 4219 1159 4295 sacrilegii
1201 4219 1375 4277 instar
1405 4228 1508 4287 est,
1551 4220 1598 4275 si
1634 4219 1740 4275 ulla
1772 4228 1947 4275 trans-

353 4314 634 4386 gressione
660 4313 916 4369 violetur.

352 4424 384 4442 ἰ
423 4404 491 4461 V.
529 4407 604 4462 De
630 4405 714 4462 his
749 4420 878 4462 vero
914 4421 1020 4461 non
1046 4406 1340 4479 incongrue
1368 4406 1583 4463 dilectio
1614 4412 1702 4462 tua
1729 4416 1945 4477 aposto-

346 4499 507 4560 licam
547 4485 728 4555 sedem
759 4499 931 4556 credit
949 4501 1355 4567 consulendam,
1377 4501 1466 4571 qui
1484 4509 1604 4556 acta
1626 4501 1943 4572 ptenitentia

346 4602 606 4661 tanquam
631 4606 797 4648 canes
825 4607 889 4647 ac
910 4607 1035 4648 sues
1073 4592 1140 4646 ad
1167 4591 1402 4659 vomitus
1428 4591 1686 4663 pristinos
1709 4599 1765 4646 et
1794 4589 1946 4646 volu‘

348 4685 503 4740 tabra
534 4686 840 4751 redeuntes,
866 4694 923 4741 et
951 4684 1157 4739 militia:
1182 4684 1477 4755 cingulum,
1506 4693 1561 4739 et
1588 4683 1825 4737 ludicras
1854 4698 1945 4737 vo-

348 4774 601 4845 luptates,
627 4784 683 4829 ct
710 4790 846 4830 nova
875 4774 1145 4846 conjugia,
1176 4783 1231 4828 et
1258 4774 1514 4828 inhibitos
1534 4774 1710 4828 denuo
1740 4773 1945 4842 appeti-

348 4886 476 4927 vere
514 4871 850 4927 concubitus.
890 4869 1127 4936 Quorum
1176 4870 1470 4939 professam
1498 4870 1940 4926 incontinentiam

358 4958 595 5035 generati
624 4972 746 5033 post
774 4962 1164 5017 absolutionem
1198 4962 1288 5015 filii
1322 4964 1688 5032 perdiderunt,
1726 4964 1791 5017 dc
1819 4966 1943 5033 qui-

351 5055 456 5108 bus
476 5051 613 5120 jam,
642 5054 767 5123 quia
815 5050 1102 5123 suffugium
1141 5070 1247 5109 non
1289 5054 1492 5109 habent
1537 5056 1854 5125 pmnitendi,
1890 5055 1941 5109 id

356 5142 603 5168 κλητέα-η
633 5142 1043 5198 decernendum.
1092 5152 1151 5197 ut
1188 5143 1300 5198 sola
1329 5143 1467 5198 intra
1499 5144 1779 5198 ecclesiam
1819 5145 1944 5198 fide-

2060 1848 2158 1906 das
2187 1865 2309 1908 esse
2335 1851 2675 1919 mandamus,
2712 1860 2978 1923 quatenus
3018 1860 3247 1909 retrusa:
3277 1853 3333 1908 in
3374 1854 3497 1910 suis
3522 1869 3672 1925 erga-

2060 1943 2220 2000 stulis
2235 1948 2448 2000 tantum
2474 1943 2687 2002 facinus
2705 1945 2958 2001 continua
2978 1946 3366 2003 lamentatione
3387 1945 3668 2013 dedentes,

2018 2097 2025 2103 ,
2058 2038 2432 2108 purificatorio
2456 2039 2667 2109 possint
2688 2038 3039 2110 ptenitudinis
3061 2038 3187 2111 igne
3212 2040 3475 2113 decoqui,
3509 2050 3572 2096 ut
3596 2043 3673 2097 eis

2059 2128 2145 2185 vel
2176 2128 2244 2184 ad
2280 2138 2510 2185 mortem
2550 2128 2721 2184 solius
2756 2128 3140 2185 misericordia
3164 2128 3364 2184 intuitu
3393 2144 3500 2200 per
3523 2145 3672 2186 etm-

2065 2219 2340 2278 munionis
2362 2220 2590 2291 gratiam
2619 2219 2950 2292 indulgentia
2978 2218 3269 2276 subvenire
3291 2222 3497 2291 possit.

2140 2309 2251 2370 Ἧι.
2308 2310 2600 2367 Veniamus
2659 2325 2802 2366 nunc
2850 2310 2920 2365 ad
2966 2311 3365 2367 saeratissimos
3433 2312 3669 2370 ordines

2056 2402 2376 2458 clericorum
2416 2417 2554 2473 quos
2593 2401 2646 2456 in
2687 2400 3007 2458 veneranda:
3050 2400 3325 2472 religionis
3375 2402 3669 2472 iniuriam,

2058 2493 2135 2549 ita
2175 2510 2274 2565 per
2326 2503 2538 2549 vestras
2590 2494 2896 2565 provincias
2955 2493 3195 2549 calcatos
3250 2502 3421 2565 atque
3463 2496 3668 2553 confo-

2058 2601 2172 2655 sos,
2221 2587 2485 2643 cbaritate
2529 2596 2619 2643 tua
2664 2587 2967 2643 insinuante
3010 2586 3349 2657 reperimus,
3401 2596 3465 2642 ut
3510 2587 3665 2644 lem

2056 2679 2179 2735 mia:
2224 2678 2378 2734 nobis
2425 2677 2713 2733 dicendum
2753 2677 2824 2733 sit
2870 2691 3038 2733 voce:
3076 2695 3095 2728 ι
3131 2677 3265 2745 Quis
3288 2677 3445 2734 dabit
3490 2678 3681 2750 capiti

2056 2785 2178 2826 meo
2200 2785 2421 2840 aquam,
2454 2778 2547 2823 aut
2580 2768 2752 2824 oculis
2778 2768 2914 2823 meis
2951 2766 3155 2824 fontem
3194 2768 3669 2841 lacrymarnm,ct

2053 2860 2191 2918 flebo
2214 2861 2464 2933 populqu
2504 2862 2647 2917 bttuc
2686 2861 2774 2916 die
2803 2875 2867 2915 ac
2895 2859 3091 2916 nocte?
3119 2879 3140 2914 ι
3173 2858 3308 2928 (Jer.
3339 2875 3462 2927 tux,
3496 2861 3584 2933 1.)
3607 2861 3665 2918 Si

2053 2969 2185 3025 ergo
2212 2955 2403 3010 beatus
2441 2954 2704 3026 propheta
2730 2954 2797 3009 ad
2839 2954 3068 3024 lugenda
3093 2954 3274 3025 populi
3298 2964 3535 3026 peccata
3557 2970 3667 3011 non

2053 3045 2157 3100 sibi
2189 3046 2265 3100 ait
2320 3046 2582 3117 lacrymas
2624 3060 2781 3115 posse
2832 3045 3099 3112 sufficere,
3149 3054 3354 3117 quanto
3398 3062 3504 3102 nos
3546 3062 3666 3118 pes-

2053 3149 2241 3190 sumus
2264 3134 2449 3190 dolore
2476 3135 2717 3205 percelli,
2746 3150 2868 3190 cum
2898 3150 3086 3192 eorum
3112 3135 3205 3206 qui
3234 3136 3287 3190 in
3321 3146 3519 3192 nostro
3537 3145 3665 3192 sunt

2051 3237 2278 3295 corpore
2291 3223 2917 3295 compellimurfacinora
2938 3224 3239 3295 deplorare,
3258 3226 3663 3299 quibnspraci-

2049 3330 2176 3387 pne,
2193 3314 2484 3372 secundum
2511 3316 2726 3371 beatum
2745 3315 2992 3382 Paulum,
3014 3337 3033 3368 ι
3058 3317 3319 3376 instantia
3337 3318 3664 3387 quotiﬁm

2047 3408 2419 3464 etsollicitudo
2431 3408 2670 3463 omnium
2690 3407 3050 3465 Ecclesiarum
3065 3408 3446 3464 indesinenter
3458 3409 3664 3464 inam-

2047 3499 2144 3563 bit,
2181 3500 2337 3572 167
2369 3499 2491 3569 quis
2517 3499 2663 3555 enim
2686 3499 3014 3566 infirmatur,
3038 3508 3095 3556 et
3113 3514 3217 3572 ego
3237 3499 3662 3555 noninfirmor!

2046 3590 2603 3663 quisseandalizatur,
2623 3600 2679 3644 et
2704 3605 2805 3661 ego
2836 3606 2940 3646 non
2973 3590 3137 3645 uror?
3160 3609 3181 3641 ‹
3204 3589 3294 3661 (II
3315 3590 3445 3647 Cor.
3476 3607 3545 3658 ιι,
3568 3592 3663 3656 28.

2046 3682 2162 3756 29.)
2206 3683 2473 3739 Plurimos
2522 3683 2666 3739 enim
2728 3685 3034 3739 sacerdotes
3079 3682 3287 3738 Christi
3344 3692 3515 3755 atque
3586 3683 3667 3739 leo

2048 3782 2189 3836 vitas
2213 3790 2335 3850 post
2374 3779 2530 3849 longa
2566 3779 2992 3836 consecrationis
3022 3792 3133 3835 sua:
3168 3787 3421 3849 tempora
3453 3790 3573 3835 tam
3598 3780 3668 3837 de

2048 3871 2366 3943 coniugibus
2397 3870 2631 3941 propriis
2661 3885 2822 3942 quam
2872 3870 3036 3925 etiam
3072 3871 3141 3927 de
3180 3872 3332 3942 turpi
3372 3873 3526 3929 coitu
3570 3887 3664 3926 so-

2046 3961 2223 4019 bolem
2254 3961 2541 4017 didicimus
2590 3974 2937 4030 procreasse,
2985 3968 3041 4015 et
3071 3960 3284 4017 crimen
3344 3978 3511 4018 suum
3558 3962 3668 4033 hac

2005 4072 2015 4083 '
2047 4054 2464 4127 praesumptione
2491 4052 2800 4118 defendere,
2839 4053 2964 4122 quia
2995 4052 3049 4107 in
3080 4053 3269 4108 Veteri
3300 4053 3665 4108 Testamento

2047 4145 2420 4202 sacerdotibus
2453 4159 2517 4199 ac
2554 4142 2817 4198 ministris
2839 4142 3134 4214 generandi
3178 4142 3422 4199 facultas
3456 4143 3661 4212 legitur

2047 4235 2329 4291 attributa.
2364 4236 2520 4291 Dicat
2547 4235 2678 4290 mihi
2709 4249 2853 4289 nunc
2888 4232 3137 4304 quisquis
3166 4233 3259 4288 ille
3295 4244 3387 4289 est
3416 4241 3670 4289 sectator

2047 4327 2352 4389 libidinum,
2400 4335 2811 4397 praeceptorque
2855 4324 3138 4389 vitiorum,
3166 4325 3213 4379 si
3248 4328 3499 4380 aestimat
3521 4321 3668 4395 quod

2048 4419 2101 4475 in
2125 4419 2240 4491 lege
2276 4418 2440 4489 Moysi
2485 4418 2684 4489 passim
2732 4416 2903 4473 sacris
2926 4416 3217 4472 ordinibus
3251 4433 3285 4472 a
3319 4418 3439 4474 Deo
3470 4425 3669 4474 nostro

2052 4511 2229 4566 laxata
2259 4510 2368 4565 sint
2407 4507 2557 4565 frena
2584 4508 2831 4575 luxuriae,
2855 4524 2952 4565 cur
2973 4522 3069 4564 eos
3103 4509 3313 4578 quibus
3346 4511 3670 4567 committe-

2051 4601 2249 4656 bantur
2278 4599 2477 4654 Saucta
2507 4608 2819 4655 sanctorum
2842 4611 3144 4669 praemonet
3164 4600 3395 4657 dicens:
3421 4621 3445 4653 ι
3469 4600 3671 4657 Sancti

2049 4700 2246 4755 estote,
2290 4691 2416 4761 quia
2446 4698 2500 4746 et
2533 4705 2634 4761 ego
2662 4697 2883 4744 sanctus
2908 4703 3052 4754 sum,
3085 4689 3361 4747 Dominus
3393 4693 3547 4748 Deus
3576 4705 3671 4744 ve-

2045 4792 2159 4838 ster
2186 4781 2374 4854 (Leuit.
2405 4798 2464 4845 ll,
2500 4781 2612 4849 M),
2652 4800 2671 4832 ι
2701 4795 2800 4835 cur
2821 4780 2987 4835 etiam
3017 4779 3209 4849 procul
3246 4797 3279 4836 a
3323 4784 3448 4839 suis
3480 4782 3667 4839 domi-

2048 4873 2148 4928 bus
2168 4888 2308 4925 anno
2350 4872 2481 4926 vicis
2504 4885 2615 4926 sum
2645 4869 2699 4924 in
2730 4868 2927 4940 templo
2950 4868 3198 4925 habitare
3221 4870 3371 4940 jussi
3401 4882 3542 4929 sunt
3569 4887 3665 4927 sa—

2043 4965 2308 5025 cerdotes,
2346 4965 2445 5019 hac
2471 4962 2724 5017 videlicet
2746 4961 2974 5025 ratione,
3006 4977 3075 5016 ne
3109 4963 3193 5016 vel
3224 4978 3355 5018 cum
3386 4964 3666 5022 uxoribus

2043 5057 2249 5126 pOSsittl
2292 5051 2506 5108 carnale
2543 5066 2800 5107 exercere
2829 5051 3242 5117 commercium,
3275 5065 3338 5109 ut
3357 5057 3661 5114 conscien-

2043 5146 2130 5198 tia;
2175 5146 2483 5198 integritate
2540 5142 2836 5198 fulgentes.
2884 5144 3222 5198 accentabile
3272 5147 3393 5198 Deo
3447 5165 3661 5198 mm
