3888 6452
120 413 218 472 ess
1254 404 1742 469 assumamus
1810 356 2211 465 eoeneum.
2808 372 2811 375 ’
2868 375 2874 379 ⁴
3285 397 3390 456 ses

121 549 308 605 fratres
325 553 383 603 et
409 545 876 620 compresbyteros
902 560 1083 621 meos,
1103 545 1451 603 Crescentem
1477 551 1533 600 et
1556 540 1691 598 Leo-
1718 543 1772 605 Α
1796 540 1929 597 nihil
1960 540 2064 597 tale
2093 541 2264 613 potuit
2294 528 2441 614 eligi,
2465 555 2583 611 quae
2608 539 2745 595 ratio
2775 553 2880 594 non
2907 534 3197 607 compellit,
3223 532 3389 590 etiam

122 637 333 710 pardum
362 644 418 692 et
444 633 827 703 Alexandrum,
855 636 946 709 qui
976 632 1287 710 religiosum
1313 632 1545 694 cilicium
1570 630 1696 690 ildei
1800 632 1867 688 de
1910 631 2198 705 longinquo
2229 632 2446 688 veniant
2477 626 2794 697 ordinandi,
2827 634 2887 686 u‘t
2929 626 3075 701 digni
3105 627 3311 699 possint
3336 628 3391 682 et

123 730 315 801 possint
341 727 531 799 spiritu
563 727 860 799 adimplere
887 727 1151 785 fervente.
1797 719 1970 792 plebis
1998 729 2054 777 et
2083 728 2271 779 nostro
2293 719 2499 791 judicio
2528 720 2892 792 comprobari.

123 798 265 885 item,
296 810 521 887 epistola
562 798 743 873 Siricii
769 822 919 890 papa:
953 818 1023 873 ad
1059 818 1327 874 universos
1357 817 1694 873 orthodoxos.
1867 810 1932 870 Il.
1967 813 2240 884 Quantum
2266 815 2511 872 illicitum
2535 815 2604 872 sit
2623 810 2751 871 illud
2778 814 3035 871 aestimari
3061 829 3165 869 non
3189 798 3389 887 potest,

186 911 234 966 i.
276 908 345 966 Ut
371 909 625 981 indignus
653 909 831 965 nullus
852 908 1117 966 efficiatur
1144 911 1449 981 episcopus.
1797 915 1861 963 ut
1883 915 2248 975 transeuntes,
2276 908 2390 964 sive
2414 907 2685 974 simulent,
2712 908 2824 963 sive
2844 907 2952 963 sint
2978 904 3226 962 monachi
3250 896 3393 977 qttod

182 1000 233 1055 2.
274 999 342 1056 Ut
372 1000 569 1072 ignotis
599 1001 960 1057 sacerdotium
990 1016 1094 1057 non
1130 1001 1307 1056 detur.
1799 1014 1859 1056 se
1906 998 2207 1071 appellant,
2251 1012 2481 1072 quorum
2529 1017 2628 1058 nec
2668 1001 2834 1056 vitam
2883 998 3168 1072 possumus
3213 998 3391 1065 scire,

184 1092 233 1147 5.
274 1090 343 1149 Ut
368 1086 626 1164 neophyti
650 1093 733 1148 vel
759 1092 882 1149 laici
911 1092 1220 1150 sacerdotes
1248 1106 1355 1149 non
1384 1090 1537 1147 tiant.
1801 1104 1903 1150 nec
1929 1092 2254 1166 baptismum
2277 1118 2292 1162 ς
2315 1111 2545 1167 quorum
2571 1097 2730 1153 tidem
2760 1097 3086 1169 incbgnitam
3112 1093 3397 1165 habemus,

184 1183 306 1240 Car.
353 1184 396 1239 l.
452 1183 690 1242 Sintcms
731 1190 894 1257 papa,
944 1184 1261 1242 erthodoxis
1311 1199 1411 1258 per
1456 1174 1700 1240 diversati
1801 1203 1903 1244 nec
1930 1189 2213 1256 probatam
2244 1189 2415 1245 nolint
2452 1190 2756 1262 sumptibus
2780 1189 3056 1261 adjuvare,
3087 1189 3180 1245 sed
3207 1185 3393 1242 statim

121 1276 436 1350 provincias.
1804 1276 1897 1333 aut
1944 1279 2203 1335 diaconos
2239 1277 2419 1335 facere
2467 1287 2562 1333 aut
2590 1279 2936 1352 presbyteros
2962 1274 3215 1334 ordinare
3246 1273 3397 1331 testi-

183 1368 553 1441 Cogitantibus
603 1370 759 1427 nobis
804 1379 1006 1426 metum
1053 1369 1219 1425 divini
1263 1366 1474 1441 iudicii,
1507 1366 1703 1425 fratres
1803 1378 1954 1436 nent,
1988 1370 2245 1443 autquod
2272 1376 2355 1428 est
2380 1372 2597 1443 gravius
2629 1373 2912 1443 episcopos
2936 1371 3265 1427 constituere
3290 1383 3398 1423 non

122 1462 446 1529 ebarissimi,
478 1472 538 1518 et
562 1471 685 1534 post
714 1465 854 1519 hanc
878 1463 1045 1518 vitam
1073 1468 1512 1534 unquuemqne
1543 1456 1705 1533 prout
1806 1460 2366 1520 fttrmidant.(3harius
2382 1450 2521 1536 apud
2538 1461 2658 1519 illos
2681 1462 2798 1518 dari
2820 1473 3092 1534 sumptum
3115 1470 3201 1516 est
3223 1469 3400 1514 trans-

122 1555 369 1630 gesserit,
399 1563 744 1625 recepturum
770 1596 786 1622 ,
818 1555 945 1627 quid
977 1555 1031 1611 in
1060 1554 1335 1625 querelam
1375 1554 1591 1620 veniat,
1626 1561 1703 1608 ta—
1807 1555 1992 1620 eunti,
2046 1571 2207 1625 quam
2259 1555 2623 1611 sacerdotium
2685 1555 2970 1612 nescienti.
3026 1552 3153 1609 inde
3206 1553 3262 1608 in
3307 1567 3398 1607 su-

124 1661 235 1706 eere
257 1662 362 1703 non
394 1644 574 1713 licuit,
603 1646 697 1704 sed
736 1662 835 1704 nos
871 1648 1017 1719 loqui
1049 1646 1345 1703 necessitas
1385 1646 1700 1717 imperavit,
1806 1644 2048 1716 pe'rbiam
2091 1646 2419 1714 exaltantnr,
2458 1646 2583 1704 inde
2616 1650 2840 1719 insuper
2869 1648 2937 1704 ad
2980 1644 3261 1718 perﬁdiam
3291 1643 3403 1699 cito

124 1740 319 1796 dicente
361 1740 631 1811 propheta
679 1758 694 1795 :
747 1760 767 1793 ι
801 1739 991 1796 Exalta
1037 1753 1098 1796 ut
1145 1742 1270 1796 tuha
1320 1754 1509 1795 vocem
1557 1742 1703 1793 tuam
1809 1744 2101 1798 corruunt.
2142 1734 2269 1809 quia
2312 1738 2471 1796 fidem
2516 1754 2699 1795 veram
2751 1739 2805 1794 in
2857 1737 3240 1795 ecclesiasticis
3290 1744 3403 1792 toto

128 1831 251 1903 (Ise.
279 1838 435 1899 mm
466 1832 543 1905 1).
580 1840 599 1886 t
646 1832 716 1889 Et
754 1833 839 1888 cui
877 1833 1117 1889 omnium
1166 1832 1528 1889 Ecclesiarnm
1575 1832 1703 1886 cura
1810 1830 1942 1886 urbe
1971 1833 2237 1905 peregrini
2274 1832 2483 1889 discere
2515 1849 2620 1888 non
2650 1840 2987 1889 asseruntur.

126 1933 214 1992 est,
235 1925 279 1981 si
299 1925 663 1993 dissimulem,
686 1926 901 1981 audiam
923 1924 1153 1981 Domino
1175 1926 1386 1981 dicente
1412 1943 1425 1979 :
1457 1943 1473 1975 ε
1503 1920 1701 1993 chici-
1733 1908 1776 1968 Β
1875 1904 1958 2003 lli.
1999 1904 2161 1978 Certe
2202 1921 2332 1979 illud
2379 1924 2541 1978 etiam
2580 1939 2685 1979 non
2728 1922 2830 1978 fuit
2858 1919 3403 1992 praetermittendum,

126 2016 187 2071 tis
227 2019 541 2073 mandatum
593 2018 686 2074 Dei
734 2025 794 2073 ut
838 2018 1155 2075 traditiones
1200 2027 1407 2074 vestras
1449 2017 1704 2074 statuatis
1805 2019 1866 2066 ut
1903 2011 2046 2082 quod
2077 2013 2244 2069 semel
2283 2022 2375 2068 ant
2419 2014 2657 2071 secundo
2699 2016 2995 2069 necessitas
3025 2006 3406 2069 haereticorum

128 2102 322 2178 (litauit.
352 2122 444 2175 xv,
474 2107 556 2181 6).
592 2122 612 2161 ι
647 2095 786 2176 Quid
823 2106 970 2164 enim
1002 2106 1147 2163 aliud
1177 2119 1262 2165 est
1296 2106 1521 2177 rejieere
1552 2112 1703 2162 man-
1806 2100 2006 2171 intulit,
2037 2112 2224 2161 contra
2253 2106 2547 2178 apostolica
2572 2117 2846 2178 praecepta
2874 2106 3017 2161 velut
3046 2104 3165 2179 lege
3194 2106 3405 2162 licitum

127 2200 291 2256 datum
318 2200 417 2257 Dei
445 2214 616 2272 quam
644 2200 858 2271 privato
892 2199 1096 2272 judicio
1125 2209 1179 2255 et
1213 2200 1449 2255 humano
1477 2198 1704 2256 consilio

129 2292 264 2348 novis
304 2295 468 2350 rebus
504 2292 895 2349 constituendis
928 2291 1149 2348 liberius
1181 2289 1483 2348 delectari?
1518 2288 1705 2348 Perla-

128 2390 226 2438 tum
248 2384 426 2456 itaque
454 2394 545 2440 est
572 2384 639 2440 ad
661 2385 1047 2441 conscientiam
1077 2383 1384 2456 apostolica:
1407 2384 1552 2441 sedis
1578 2401 1706 2440 con-

130 2484 200 2530 tra
218 2476 644 2533 ecclesiasticum
668 2480 933 2533 canbnem
958 2476 1230 2548 praesumi,
1260 2476 1317 2532 et
1343 2490 1464 2547 quae
1486 2476 1557 2532 ita
1581 2470 1709 2532 sunt
1763 2510 1773 2514 -

129 2584 157 2624 a
179 2570 460 2642 majoribus
489 2570 760 2635 ordinata,
795 2580 852 2626 ut
886 2584 953 2625 ne
978 2570 1060 2625 vel
1088 2568 1193 2625 levi
1227 2580 1452 2625 snsurro
1476 2566 1708 2625 debeant
1736 2566 1740 2571 ’

52 2688 57 2693 -
129 2661 330 2731 violari,
368 2661 624 2737 proprias
662 2662 925 2734 quosdam
965 2661 1374 2717 observationes
1422 2664 1589 2715 novas
1627 2659 1710 2714 in-

130 2753 326 2823 ducere,
368 2766 427 2813 et
477 2754 850 2827 praetermisso
880 2752 1230 2810 fundamento
1280 2756 1443 2824 supra
1486 2758 1706 2807 arenam

132 2847 252 2905 velle
287 2856 644 2916 constmere,
676 2846 893 2904 dicente
936 2846 1164 2903 Domino
1198 2864 1212 2902 :
1254 2858 1274 2899 ς
1303 2843 1422 2901 Non
1456 2838 1713 2900 transibis

133 2944 372 3002 terminos
412 2959 560 3018 quos
600 2930 998 3001 constituerunt
1036 2948 1223 3014 patres
1251 2942 1325 2997 tui
1370 2937 1560 3011 (Num.
1596 2928 1709 3007 xit,

133 3037 230 3109 17).
262 3052 280 3094 t
305 3039 462 3109 Quod
496 3047 551 3095 et
576 3045 797 3094 sanctus
825 3038 1041 3109 quodue
1070 3034 1341 3108 apostolus
1367 3024 1499 3090 Novi
1528 3036 1583 3089 et
1608 3026 1711 3089 Ve-

1805 2198 2094 2269 prassunti,
2135 2200 2466 2272 neophytum
2497 2196 2581 2255 vel
2633 2200 2830 2256 laicnm
2879 2199 2971 2270 qui
3030 2197 3175 2255 nullo
3226 2196 3404 2253 eccle-

1807 2292 2029 2348 siastico
2058 2293 2275 2350 functus
2306 2292 2469 2351 fuerit
2497 2290 2690 2359 ofﬁcio,
2730 2294 3129 2351 inconsiderate
3158 2290 3242 2350 vel
3286 2308 3407 2364 pre-

1809 2384 2087 2455 sbyterum
2147 2386 2231 2442 vel
2278 2382 2564 2443 diaconum
2608 2388 2903 2454 crdinare,
2956 2388 3109 2458 quasi
3156 2384 3409 2442 meliores

1810 2476 2069 2551 apostolis
2114 2479 2245 2543 aint,
2273 2488 2500 2548 quorum
2542 2480 2776 2535 audeant
2803 2487 3016 2534 mutare
3046 2487 3405 2550 praeceptum,

1811 2576 1866 2623 et
1894 2568 1983 2649 qui
2014 2576 2120 2625 non
2152 2568 2360 2635 didicit,
2396 2567 2509 2639 jam
2541 2569 2737 2626 docere
2775 2568 3139 2641 compellitur,
3172 2568 3244 2623 ita
3288 2567 3407 2649 nul-

1810 2661 1896 2717 lus
1927 2645 2196 2732 reperitur
2222 2661 2448 2718 idoneus
2469 2660 2810 2726 clericorum,
2837 2674 2939 2718 nec
2961 2663 3103 2718 inter
3126 2645 3407 2726 diaconos,

1813 2766 1913 2808 nec
1943 2753 2086 2809 inter
2129 2746 2261 2809 alios
2301 2752 2526 2809 clericos
2557 2754 2827 2809 invenitur
2868 2753 2960 2823 qni
2992 2750 3295 2808 sacerdotio
3326 2750 3408 2806 di-

1813 2861 1952 2918 gnus
1964 2844 2245 2913 habeatur,
2261 2845 2354 2902 sed
2370 2846 2436 2902 ad
2449 2846 2971 2903 commendationem
2987 2844 3227 2902 ecclesia:
3241 2843 3411 2899 laicus

1812 2938 2142 3010 postulatur,
2176 2939 2320 3010 quod
2348 2954 2417 2994 ne
2442 2936 2538 2995 tiat
2565 2939 2705 2995 ultra
2736 2938 3021 3006 admoneo,
3063 2938 3319 3008 praedico,
3353 2945 3413 2990 nt

1814 3048 1979 3090 unam
2036 3030 2194 3091 tidem
2244 3033 2544 3100 habentes,
2591 3036 2756 3088 unum“
2805 3034 2969 3090 etiarn
3019 3026 3071 3087 in
3128 3030 3414 3086 traditione

135 3133 246 3188 teris
270 3128 607 3190 Testamenti
654 3129 977 3202 praedicator
1007 3138 1229 3194 monet,
1263 3127 1317 3182 in
1347 3138 1456 3198 quo
1500 3122 1712 3180 locutus
1817 3127 2023 3182 sentire
2069 3126 2361 3182 debeamus
2390 3166 2407 3191 ,
2445 3120 2739 3196 probantes
2790 3140 2889 3181 nos
2931 3125 3212 3180 unanimes
3251 3131 3415 3192 atque

134 3232 205 3280 est
243 3224 533 3282 Christus:
577 3236 597 3276 ἀ
632 3218 804 3290 State,
835 3216 1028 3294 inquit,
1077 3226 1132 3277 et
1160 3224 1343 3277 tenete
1395 3210 1713 3274 traditiones”
1816 3216 2115 3272 concordes
2141 3214 2351 3287 paciilci
2382 3214 2435 3270 in
2470 3215 2708 3283 Christo,
2755 3225 2810 3271 et
2844 3217 2897 3270 in
2939 3214 3411 3272 observationibus

134 3322 320 3373 vestras
346 3331 489 3389 quas
529 3314 825 3383 didicistis,
876 3316 992 3372 Sive
1027 3320 1124 3385 per
1161 3314 1420 3379 verbum,
1470 3312 1584 3367 sive
1617 3315 1716 3382 per
1742 3297 1788 3360 C
1821 3304 2133 3375 apostolicis
2179 3304 2377 3361 habere
2423 3300 2764 3361 charitatem.
2812 3303 2987 3361 Medio
3032 3305 3213 3374 itaque
3252 3296 3414 3370 Patre'

137 3406 391 3478 epistolam
417 3404 511 3478 (11
541 3405 720 3462 Thess.
758 3414 819 3474 π,
848 3402 969 3479 id).
1002 3412 1020 3459 t
1049 3398 1164 3474 Qua
1189 3405 1254 3459 de
1279 3416 1338 3460 re
1359 3398 1505 3458 videt
1528 3408 1712 3457 vestra
1816 3406 1874 3454 et
1907 3397 2183 3469 unigenito
2230 3395 2370 3453 Filio
2401 3397 2540 3469 eius,
2571 3404 2626 3453 et
2656 3394 2861 3467 Spiritu
2892 3404 3104 3461 sancto,
3154 3402 3233 3479 et
3256 3395 3417 3450 unius

136 3476 396 3555 sinceritas
423 3476 487 3554 in
521 3497 693 3554 sacris
724 3476 1029 3569 iit'ysieriis,
1061 3500 1154 3551 aut
1185 3492 1241 3550 in
1281 3490 1713 3549 ordinationibus
1817 3490 2117 3546 divinitatis
2155 3490 2209 3545 in
2241 3489 2507 3546 Trinitate
2539 3489 2804 3547 convenio
2825 3531 2838 3556 ,
2873 3497 2933 3544 ut
2964 3486 3017 3542 in
3048 3484 3132 3542 his
3166 3476 3297 3541 fides
3327 3498 3416 3541 ca-

135 3578 330 3655 vettris,
352 3593 622 3659 «Mantum
667 3587 1008 3643 sacerdotum
1037 3586 1230 3658 magna
1255 3582 1383 3640 cura
1409 3588 1463 3639 et
1488 3581 1716 3654 diligens
1819 3579 2017 3636 tholica
2044 3588 2101 3635 et
2118 3580 2400 3651 disciplina
2425 3589 2607 3637 nostra
2631 3585 2967 3653 permaneat.
2997 3572 3107 3633 Nec
3128 3568 3414 3647 quisljuam

137 3676 420 3736 sollicitudo
452 3677 647 3735 debeat
669 3677 980 3734 observare.
1013 3676 1254 3747 Denique
1280 3676 1347 3731 ad
1369 3671 1713 3730 Timotheum
1815 3678 1971 3745 putet
1993 3670 2636 3730 ordinationes-terrenas
2675 3668 2811 3737 ileri,
2839 3686 2961 3729 eum
2986 3666 3205 3727 caeleste
3232 3669 3302 3725 sit
3330 3684 3417 3724 sa-

70 3778 75 3783 ‘
136 3766 406 3840 loquitur:
460 3787 479 3822 ι
514 3764 704 3827 Manus
755 3769 866 3826 cito
917 3768 1121 3825 nemini
1174 3754 1494 3839 imposueris
1540 3778 1715 3835 neque
1820 3766 2143 3833 cerdotinm,
2171 3768 2233 3823 tit
2257 3765 2506 3824 ﬁdelibus
2531 3766 2700 3840 gloria
2728 3773 2946 3822 maneat
2971 3763 3247 3837 dignitatis
3275 3760 3417 3833 eius-

138 3864 611 3923 eommunicaveris
637 3863 879 3937 peccatis
916 3858 1109 3919 alienis
1136 3861 1188 3934 (1
1236 3860 1370 3916 Tim.
1412 3874 1497 3925 ill,‘
1532 3858 1659 3931 22),
1690 3870 1711 3910 t
1819 3858 1964 3925 dem,
1986 3864 2044 3916 et
2068 3864 2193 3917 ante
2218 3858 2450 3915 tribunal
2476 3858 2679 3917 Christi
2701 3858 2899 3916 exhinc
2923 3873 3029 3914 non
3059 3856 3252 3913 habeat
3271 3850 3418 3927 quod

139 3956 265 4025 Quod
301 3964 596 4031 propterea
636 3966 992 4024 memoratur,
1035 3962 1095 4011 ut
1138 3957 1390 4011 examine
1435 3948 1621 4010 habito
1662 3956 1721 4008 et
1822 3956 2065 4005 accuset.

139 4048 385 4118 probitate
426 4056 641 4108 morum
667 4092 684 4119 ,
726 4055 782 4108 et
821 4048 1195 4108 ecelesiaStico
1236 4047 1419 4104 labore
1456 4046 1527 4102 sit
1570 4061 1717 4101 coma

140 4143 424 4201 mendatidr
443 4145 535 4216 qui
559 4148 787 4200 vocatur
807 4144 862 4199 in
886 4141 1146 4209 medium,
1162 4149 1224 4197 ut
1244 4155 1513 4197 summum
1538 4150 1719 4194 sacer—
2404 4212 2407 4215 Α
2530 4140 2701 4205 papae.

142 4229 326 4288 dotium
374 4228 551 4305 possit
587 4230 876 4304 accipere,
921 4232 1180 4303 probatus
1213 4228 1417 4303 judicio
1441 4270 1456 4295 ,
1493 4243 1599 4284 non
1636 4224 1719 4282 fa-
1884 4225 2023 4283 Post
2044 4226 2381 4283 consulatum
2413 4224 2784 4298 gloriosissimi
2825 4220 3048 4281 Honorii
3079 4218 3173 4290 XI,
3198 4228 3251 4277 et
3274 4221 3415 4278 Cort-

142 4332 290 4389 vore,
337 4320 625 4396 susceptus
670 4323 900 4380 veritate
929 4363 945 4390 ,
998 4328 1102 4377 non
1153 4322 1324 4395 gratia
1351 4342 1367 4389 ς
1424 4314 1720 4391 apostolico
1825 4320 2011 4377 stantii
2041 4319 2107 4386 li,
2136 4329 2291 4376 sexto
2316 4317 2585 4374 Kalendas
2610 4316 2851 4383 Martias,
2883 4312 3209 4387 congregato
3235 4313 3419 4370 conci-

142 4412 312 4470 ordine
345 4416 598 4481 functus,
650 4422 756 4471 non
806 4414 1069 4487 praecipiti
1109 4413 1405 4470 voluntate.
1457 4411 1535 4467 De
1588 4425 1717 4482 quo,
1825 4414 1900 4470 lio
1926 4414 1978 4469 in
2004 4412 2233 4469 ecclesia
2276 4410 2658 4484 Apostolorum
2686 4409 2857 4482 plebis
2885 4406 3203 4472 Thelensis,
3229 4404 3422 4460 beatus

143 4501 432 4562 charissimi
462 4506 630 4573 mihi,
660 4506 728 4562 ad
756 4494 993 4563 vestram
1019 4506 1384 4562 sinceritatem
1414 4501 1721 4575 hujusmodi
1827 4504 1990 4561 Pater
2034 4505 2224 4577 prima:
2274 4492 2418 4560 sedis
2468 4501 2755 4572 episcopus
2807 4498 3141 4555 Donatianus
3185 4492 3425 4550 civitatis

142 4591 320 4654 littera:
343 4604 708 4655 cucurrerunt
735 4588 904 4655 multo
935 4597 1164 4653 fratrum
1190 4598 1248 4654 et
1275 4597 1721 4653 consacerdotum
1828 4597 2236 4668 Theleptensis,
2260 4606 2399 4650 cum
2441 4593 2745 4655 resedisset,
2793 4587 3196 4644 considentibus
3233 4588 3417 4640 secum

145 4699 423 4758 mnsensu,
452 4699 511 4747 ut
539 4692 641 4748 hac
670 4698 849 4747 vestra
880 4678 1278 4761 subscriptione
1306 4689 1518 4745 ﬁrmata
1548 4687 1723 4744 eccle-
1747 4681 1803 4742 D
1828 4691 2105 4754 Januario,
2150 4687 2332 4745 Felice
2375 4686 2635 4751 secundo,
2665 4683 2887 4755 Cyrino,
2928 4678 3180 4745 Victore,
3214 4676 3423 4732 Secun-

145 4777 331 4836 siastici
351 4788 580 4838 canonis
601 4772 1051 4855 dispositie,'qu:e
1072 4784 1211 4853 apud
1232 4779 1464 4838 Nicaeam
1488 4780 1721 4836 tractata
1830 4784 2014 4846 diano,
2046 4772 2203 4847 Geta,
2233 4777 2515 4843 Eunomio,
2552 4771 2895 4836 Maximiano,
2926 4768 3153 4833 Donato,
3195 4766 3422 4823 Cresco-

148 4877 242 4934 εει,
265 4872 580 4928 conﬁrmata
608 4886 707 4930 suo
731 4873 926 4930 merito
956 4872 1331 4928 l‘tindatissiina
1352 4880 1721 4943 permaneret,
1830 4875 1945 4941 nio,
1973 4871 2244 4934 Jocnndo,
2275 4871 2507 4942 Sopato,
2547 4866 2791 4929 Restuto,
2819 4861 3054 4928 Juliano,
3092 4858 3419 4923 Maximino,

149 4968 200 5015 ut
230 4967 358 5021 tates
386 4965 641 5022 videlicet
668 4966 734 5022 ad
758 4962 1185 5024 ecclesiasticum
1219 4967 1465 5023 ordinem
1495 4966 1725 5038 permit-
1830 4966 2078 5023 Romano
2101 5004 2116 5032 ,
2162 4962 2407 5019 Terciolo
2426 5002 2440 5028 ,
2490 4953 2669 5015 Micilo
2694 4997 2710 5023 ,
2753 4955 2987 5010 Maximo
3014 4996 3029 5021 ,
3076 4953 3379 5009 Donatiano
3405 4980 3431 5017 ,η

152 5062 378 5113 terentur
398 5061 675 5126 accedere,
705 5060 893 5131 quales
919 5060 1211 5132 apostolica
1240 5060 1534 5116 auctoritas
1544 5059 1721 5131 jubet,
1767 5042 1774 5057 ’
1828 5056 2050 5122 Basilio,
2096 5053 2413 5125 Papiniano,
2454 5048 2739 5112 Januario,
2771 5044 3094 5117 Porphyrio,
3125 5044 3251 5100 item
3291 5041 3425 5098 Por-

153 5158 245 5201 non
275 5152 462 5221 quales
506 5152 660 5219 dico,
691 5152 774 5208 vel
807 5166 901 5208 eos
929 5152 1019 5223 qui
1068 5153 1282 5224 cingulo
1309 5152 1512 5208 militiae
1553 5168 1725 5208 sazcn-
1832 5148 2048 5222 phyrio,
2079 5147 2312 5212 Donato,
2339 5144 2572 5209 Iuliano,
2607 5140 2768 5209 Tuto,
2799 5139 3081 5205 Fortunio,
3109 5137 3422 5207 Quintiano,

155 5232 272 5294 laris
311 5243 555 5309 astricti,
604 5242 733 5298 olim
774 5242 987 5315 gloriati
1033 5251 1175 5299 sunt.
1229 5243 1331 5312 Qui
1373 5252 1724 5315 posteaquam
1833 5240 2036 5311 Capion
2063 5279 2077 5306 ,
2108 5245 2162 5295 et
2190 5236 2401 5294 caeteris
2431 5233 2730 5306 episebpis,
2762 5240 2972 5288 necnon
3002 5231 3166 5287 etiam
3194 5230 3427 5287 Vincen-

154 5338 334 5400 Ροηιῐκι
373 5332 614 5389 saeculari
668 5333 1105 5402 exsultaverunt,
1144 5338 1237 5389 aut
1282 5334 1509 5406 negetiis
1548 5334 1733 5406 reipu-i'
1834 5333 1933 5400 tio,
1963 5330 2369 5393 Fortunatiano,
2396 5326 2588 5398 legatis
2612 5323 2903 5396 provinciae
2922 5319 3328 5395 procdnsularis
3355 5318 3424 5373 ad

159 5415 296 5475 tilica:
315 5432 635 5494 optaverunt
660 5426 908 5489 militare,
936 5432 1030 5481 aut
1050 5424 1231 5482 mundi
1256 5440 1441 5481 curam
1467 5430 1725 5495 tractare,
1833 5426 2197 5484 Bizaneenum
2226 5420 2512 5478 concilium
2542 5418 2786 5484 directis,
2816 5422 2871 5473 et
2905 5416 3131 5487 reliqua.

160 5507 381 5568 adhibita
413 5515 512 5572 sibi
550 5516 908 5588 quorumdam
945 5528 1106 5571 manu
1147 5523 1202 5572 et
1230 5515 1600 5588 proximorum
1643 5516 1726 5571 i'a-
1914 5517 2226 5574 Vincentius
2264 5525 2317 5569 et
2354 5512 2686 5569 Fortunatus
2728 5510 2980 5565 dixerunt
3017 5523 3035 5562 :
3077 5504 3254 5560 Etiam
3296 5510 3423 5588 cum

1893 4054 2086 4137 Incipit
2119 4050 2398 4119 concilium
2429 4050 2679 4119 Thalense
2711 4076 2868 4135 super
2897 4068 3129 4116 tractatu
3164 4054 3345 4115 Siricii

162 5605 280 5655 vare
314 5605 508 5675 stipati,
550 5606 604 5661 hi
642 5606 957 5678 frequenter
994 5607 1311 5677 ingeruntur
1341 5605 1563 5662 auribus
1593 5606 1731 5663 meis

166 5701 219 5746 ut
259 5698 486 5771 episcopi
536 5714 656 5757 esse
704 5702 951 5773 possint,
992 5701 1089 5772 qui
1139 5717 1236 5773 per
1280 5701 1628 5757 traditionem
1673 5706 1733 5758 et

165 5780 523 5861 Evangelicam
551 5792 890 5865 disciplinam
927 5808 1048 5851 esse
1084 5808 1190 5850 non
1229 5802 1473 5865 possunt.
1502 5793 1733 5862 Quantis

169 5875 262 5966 hoc
290 5882 564 5956 aliquoties
598 5887 885 5946 recitatum
907 5895 991 5947 est
1013 5886 1229 5961 juribus
1263 5895 1320 5946 et
1342 5887 1588 5946 viribus!
1623 5887 1731 5947 Sed

1760 5998 1813 6058 ἐπ

1837 5622 2081 5669 essemus
2105 5606 2435 5669 Thusdrum,
2465 5604 2606 5659 sicut
2635 5606 2848 5656 mecum
2883 5592 3074 5655 recolit
3096 5586 3427 5650 memorialis

1838 5700 2044 5759 auditio
2072 5709 2250 5755 vestra
2274 5739 2288 5764 ,
2325 5703 2381 5753 et
2415 5692 2657 5767 epistola
2697 5699 2898 5748 sanctae
2929 5687 3204 5745 memoria
3244 5682 3429 5741 Siricii

1840 5796 1985 5853 sedis
2014 5791 2325 5864 apostolica:
2352 5787 2589 5861 episcopi
2621 5785 2964 5849 dederamus,
2998 5780 3292 5837 recitantes
3314 5816 3330 5842 ,
3359 5789 3428 5830 ex

1838 5889 2036 5961 quibus
2092 5900 2216 5941 cum
2282 5883 2485 5954 legeret
2541 5891 2708 5935 unum
2763 5871 3182 5933 sanctimonium
3241 5866 3428 5925 fratris
