3888 6452
476 284 579 344 687

1194 276 1485 340 APPEND.
1507 284 1600 340 an
1625 282 1797 343 sasc.
1838 243 1930 340 ni.
1960 312 2029 324 -
2065 279 2316 340 ismom
2352 278 2799 343 MERCATORIS

3651 292 3737 351 638

475 400 651 458 nostri
687 396 928 471 episc0pi
958 397 1146 457 Latoni
1169 440 1185 461 ,
1231 409 1490 472 utrasque
1534 416 1677 458 nunc
1718 416 1816 458 nos
1860 399 2068 457 referre
2096 401 2140 460 A
2243 395 2314 453 Ut
2356 398 2636 456 mulierem
2658 441 2673 468 ,
2708 401 2775 472 id
2805 407 2889 457 est
2921 399 3163 470 viduam,
3201 399 3439 461 clericus
3466 416 3578 464 non
3598 407 3740 466 ducat

477 490 754 564 suggestio
779 490 1002 557 indicat,
1031 490 1130 549 bas
1157 491 1376 548 recitari
1400 491 1616 548 donate.
1644 490 1895 564 Episcopi
1920 490 2073 548 dixe-

477 592 645 640 runt:
676 584 994 641 Recitentur
1030 585 1273 657 epistolae
1309 586 1630 643 venerabilis
1666 585 1946 644 memoris:
1986 585 2073 672 Si-‘

475 674 600 732 ricii
626 717 643 744 ,
683 684 745 731 ut
784 677 1095 733 noverimus
1133 677 1263 749 quid
1300 693 1488 735 earum
1542 687 1723 736 textus
1773 679 2071 737 contineat.

476 766 723 840 Cumque
750 768 1113 837 traderentur,
1139 768 1392 827 Privatus
1420 771 1666 828 notarius
1688 771 1852 828 dixit:
1879 770 2074 827 Exem-

475 856 625 928 plum
654 858 925 915 tractorize
953 860 1190 931 episcopi
1220 861 1371 918 urbis
1398 862 1601 918 Romaa.

871 950 1031 1018 Item,
1058 952 1275 1024 epistola
1308 954 1487 1011 Siricii
1511 971 1683 1027 papre.

548 1042 925 1102 Dilectissimis
965 1046 1225 1104 fratribus
1250 1056 1306 1104 et
1349 1050 1682 1120 coepiscopis
1709 1065 1805 1121 per
1832 1050 2074 1109 Africam

480 1137 742 1196 SIRlClUS.

551 1230 776 1287 Diversa
839 1233 1088 1303 quamvis
1146 1250 1269 1291 cum
1326 1236 1380 1291 in
1450 1252 1615 1292 unum
1676 1237 1893 1309 plurimi
1964 1237 2077 1294 fra-

476 1331 590 1379 tres
629 1327 1071 1393 eonveuissemus
1120 1328 1186 1382 ad
1234 1329 1412 1385 sancti
1460 1328 1689 1401 apostoli
1744 1330 1893 1387 Petri
1943 1331 2073 1388 reli-

476 1415 655 1486 quias,
681 1432 778 1488 per
798 1434 959 1488 quem
984 1418 1319 1490 apostolatus
1343 1428 1397 1476 et
1419 1421 1758 1493 episcopatus
1780 1422 1836 1478 in
1855 1423 2075 1481 Christo

475 1507 621 1575 cepit
666 1509 992 1578 exordium,
1044 1510 1418 1583 placueritque
1468 1523 1689 1584 propter
1734 1526 2075 1587 emergentes

474 1598 742 1668 plurimas
771 1616 968 1659 causas
996 1618 1116 1675 quae
1145 1603 1200 1659 in
1230 1603 1523 1674 aliquantis
1548 1621 1655 1663 non
1685 1615 1843 1663 erant
1861 1622 2071 1675 causa),

476 1689 574 1745 sed
602 1690 853 1760 crimina,
883 1704 942 1748 ut
968 1693 1036 1749 de
1056 1702 1255 1750 caetero
1282 1694 1589 1751 sollicitudo
1612 1704 1756 1753 esset
1783 1697 2075 1769 unicuique

2174 506 2419 549 uxorem.
3171 534 3175 543 .

2247 583 2318 640 Ut
2344 585 2390 641 is
2431 586 2522 657 qui
2557 585 2726 644 laicus
2766 586 2981 643 viduam
3024 588 3269 657 duxerit,
3310 604 3427 647 non
3454 591 3742 654 admittatur

2174 677 2242 733 ad
2270 679 2497 736 clerum.

2206 842 2209 845 _
2246 770 2319 827 Ut
2365 773 2432 828 de
2480 772 2657 831 aliena
2706 774 2934 832 ecclesia
2981 777 3235 834 ordinare
3284 778 3548 835 clericum
3589 782 3745 840 nullus

2174 873 2427 936 usurpet,
2460 876 2521 923 ut
2548 866 2816 937 abjectum
2846 868 3105 925 clericum
3138 870 3243 926 alia
3270 872 3507 929 ecclesia
3542 889 3640 930 non
3665 878 3743 930 ad-

2176 956 2375 1012 mittat.

2248 1046 2320 1102 Ut
2367 1048 2647 1106 venientes
2692 1065 2723 1106 a
2773 1050 3085 1109 Novatianis
3130 1053 3215 1110 vel
3260 1054 3627 1112 Montensibus
3664 1075 3743 1128 per

2174 1152 2368 1194 manus
2414 1139 2810 1210 impositionem
2846 1143 3226 1213 suscipiantur,
3258 1153 3466 1214 praeter
3501 1161 3592 1201 eos
3630 1165 3743 1218 quos

2176 1231 2534 1302 rebaptizant.

2200 1388 2205 1395 τ
2245 1324 2513 1380 Praeterea
2560 1327 2704 1397 quod
2743 1326 2964 1398 dignum
3002 1338 3060 1385 et
3104 1330 3365 1400 pudicum
3406 1341 3464 1387 et
3492 1332 3742 1389 honestum

2176 1427 2261 1475 est
2287 1420 2598 1485 suademus,
2630 1430 2692 1476 ut
2716 1424 3031 1481 sacerdotes
3057 1434 3113 1483 et
3148 1425 3328 1483 levita:
3358 1442 3486 1484 cum
3521 1430 3747 1487 uxoribus

2175 1510 2290 1566 suis
2335 1526 2443 1567 non
2473 1522 2699 1578 coeant,
2731 1514 2856 1584 quia
2891 1515 2943 1570 in
2989 1517 3294 1574 ministerio
3331 1519 3569 1576 ministri
3594 1522 3743 1593 quoti-

2176 1600 2351 1658 dianis
2374 1603 2791 1661 necessitatibus
2815 1617 3166 1676 occupantur.
3192 1608 3273 1663 Ad
3295 1609 3606 1669 Corinthios
3624 1628 3745 1668 nano

2177 1709 2283 1765 que
2327 1694 2526 1752 Paulus
2571 1698 2760 1753 scribit
2803 1698 2988 1755 dicens
3035 1716 3050 1755 :
3098 1718 3118 1751 ι
3148 1701 3440 1758 Ahstinete
3476 1711 3537 1759 ut
3573 1706 3742 1763 vacetis

474 1785 530 1840 in
563 1786 807 1844 Ecclesia
834 1804 1020 1844 curam
1054 1789 1362 1861 hujusmodi
1407 1791 1631 1854 habere,
1661 1791 1821 1848 sicuti
1855 1801 2073 1863 aposto-

2185 1786 2407 1841 orationi
2440 1786 2490 1859 (Ι
2526 1786 2648 1842 Car.
2682 1803 2779 1855 vti,
2822 1788 2900 1861 5).
2936 1808 2954 1842 ι
2991 1788 3049 1845 Si
3080 1805 3212 1861 ergo
3251 1790 3415 1848 laicis
3456 1792 3743 1852 abstinentia

472 1876 559 1932 lus
595 1879 853 1949 praedicat
878 1878 1077 1935 Paulus
1107 1898 1119 1932 :
1159 1899 1178 1935 ‹
1208 1880 1394 1936 Talem
1436 1881 1546 1936 Deo
1592 1881 1888 1939 Ecclesiam
1920 1883 2075 1940 exhi-

470 1970 706 2027 bendam
746 1988 851 2028 non
902 1975 1190 2030 habentem
1240 1975 1508 2032 maculam
1545 1986 1639 2031 aut
1681 1993 1872 2049 rugam
1907 1978 2070 2050 (Eph.

474 2079 540 2132 vv,
590 2065 708 2137 27).
740 2084 759 2120 ι
812 2066 892 2123 Ne
946 2083 1044 2138 per
1087 2068 1623 2141 alicujusmorhida:
1670 2070 1907 2127 alllatum
1955 2073 2074 2130 ovis

476 2155 815 2211 conscientia
842 2166 1029 2213 nostra
1051 2160 1420 2214 contaminata
1450 2160 1750 2225 videretur,
1778 2177 1885 2232 qua
1915 2164 1984 2220 de
2012 2180 2075 2220 re

475 2248 701 2304 meliore
731 2250 958 2305 consilio
977 2252 1041 2305 .id
1067 2253 1227 2316 sedit,
1258 2262 1479 2325 propter
1507 2269 1601 2311 eos
1632 2257 1868 2313 maxime
1892 2258 1987 2329 qui
2017 2259 2073 2314 in

472 2341 733 2412 praesenti
765 2342 1069 2401 valetudine
1109 2347 1357 2416 corporis
1385 2355 1478 2403 aut
1513 2347 1670 2405 fessa:
1698 2351 1876 2407 aetatis
1905 2367 2075 2411 causa

475 2434 667 2492 adesse
701 2435 923 2494 minime
964 2449 1275 2510 potuerunt.
1307 2441 1424 2510 Quo
1465 2452 1724 2514 perpetua
1767 2445 2074 2503 istiusmodi

472 2523 649 2583 forma
679 2537 947 2594 servetur,
981 2529 1193 2588 litteras
1222 2531 1358 2589 tales
1392 2534 1524 2591 dare
1556 2535 1780 2606 placuit,
1813 2551 1920 2593 non
1951 2553 2074 2609 qua:

472 2632 616 2674 nova
660 2630 930 2691 praecepta
979 2621 1158 2694 aliqua
1202 2623 1516 2696 imperent,
1561 2627 1657 2683 sed
1701 2642 1765 2683 ea
1807 2643 1930 2699 quae
1975 2644 2075 2699 per

473 2710 745 2783 ignaviam
794 2712 1165 2785 desidiamque
1210 2714 1515 2788 aliquorum
1547 2717 1788 2789 neglecta
1821 2728 1948 2774 sunt
1976 2720 2075 2776 oh-

473 2803 682 2858 servari
707 2805 1024 2873 cupiamus,
1051 2821 1172 2875 qum
1205 2814 1385 2865 tamen
1419 2809 1714 2879 apostolica
1748 2819 1804 2864 et
1847 2810 2072 2866 Patrum

472 2893 863 2951 constitutione
888 2905 1015 2951 sunt
1036 2898 1348 2954 constituta.
1381 2898 1655 2971 Scriptum
1687 2912 1810 2958 est:
1844 2922 1862 2954 ι
1897 2904 2069 2969 State,

475 2995 532 3040 et
558 2995 735 3043 tenete
776 2989 1094 3046 traditiones
1122 3000 1372 3058 nostras,
1404 2994 1517 3051 sive
1549 3010 1647 3065 per
1674 2996 1895 3053 verbum
1915 3038 1931 3065 ,
1958 2998 2074 3054 sive

473 3093 575 3149 per
607 3081 891 3152 epistolam
922 3081 975 3155 (l
1010 3083 1192 3140 Thess.
1221 3101 1284 3153 ll,
1316 3088 1426 3159 14).
1456 3108 1475 3142 ι

548 3172 682 3229 Illud
729 3184 878 3233 certe
921 3188 1160 3234 vestram
1207 3178 1367 3237 debet
1416 3189 1651 3238 mentem
1677 3222 1693 3249 ,
1737 3184 2076 3242 dilectissimi

476 3264 698 3334 fratres,
719 3268 1093 3326 vehementius
1116 3280 1391 3341 excutere,
1408 3282 1470 3329 ut
1489 3274 1559 3331 ab
1583 3275 1731 3331 omni
1752 3275 1873 3334 labe
1891 3277 2077 3334 saeculi

475 3358 634 3417 istius
663 3360 933 3419 immunes
959 3363 1028 3419 ad
1059 3362 1156 3419 Dei
1181 3357 1530 3436 conspectum
1561 3368 1741 3424 securi
1769 3369 2075 3438 veniamus,

478 3465 584 3509 nec
607 3452 753 3510 enim
779 3453 982 3512 erimus
1012 3455 1301 3524 immunes,
1329 3458 1457 3529 quia
1482 3474 1782 3530 praesumus
1805 3460 2074 3532 plebibus,

473 3556 601 3600 cum
636 3545 899 3616 scriptum
929 3545 1000 3602 sit
1031 3563 1045 3600 :
1095 3565 1113 3598 ι
1142 3546 1241 3604 Cui
1288 3547 1517 3604 multum
1565 3551 1831 3607 creditum
1872 3549 2072 3618 fuerit,

476 3634 598 3705 plus
624 3637 692 3693 ab
715 3638 908 3695 eodem
934 3639 1241 3713 requiretur
1264 3638 1417 3713 (Luc.
1450 3657 1551 3708 xu,
1576 3642 1691 3716 48).
1726 3663 1745 3697 ι
1776 3643 1919 3714 Ergo
1945 3659 2079 3716 quo-

474 3729 623 3785 niam
661 3746 769 3788 non
799 3746 898 3803 pro
932 3731 1090 3790 nobis
1118 3740 1328 3789 tantum
1347 3776 1363 3801 ,
1397 3736 1492 3791 sed
1518 3750 1615 3807 pro
1640 3736 1837 3808 populo
1867 3738 2077 3795 credito
2142 3794 2145 3797 ,

475 3822 722 3896 cogimur
768 3833 1029 3896 priestare
1081 3826 1405 3893 rationem,’
1433 3828 1686 3898 pepulum
1734 3829 2076 3899 disciplinam

476 3913 768 3983 deiﬁcam,
830 3917 1086 3973 humilem
1144 3921 1361 3975 erudire
1418 3921 1694 3977 debemus.
1736 3921 2077 3979 Exstiterunt

477 4004 624 4061 enim
654 4006 921 4074 nonnulli,
960 4009 1049 4077 qui
1095 4018 1295 4065 statuta
1341 4008 1606 4080 majorum
1641 4018 2072 4080 contemnentes,

476 4097 786 4153 castitatem
815 4098 1069 4155 Ecclesiae
1105 4104 1524 4172 praesumptione
1552 4104 1847 4172 violarunt,
1879 4106 2073 4164 volun-

477 4194 645 4244 tatem
672 4190 852 4259 populi
888 4202 1215 4261 seqnentes,
1244 4193 1339 4249 Dei
1362 4191 1624 4263 judicium
1661 4210 1769 4251 non
1800 4196 2074 4254 timentes.

548 4281 694 4352 Ergo
721 4298 789 4340 ne
814 4285 933 4354 pari
963 4301 1116 4342 more
1148 4287 1364 4343 silentio
1390 4289 1702 4353 connivere,
1730 4297 1893 4361 atque
1920 4290 2081 4346 adhi-

477 4375 611 4432 bere
657 4392 978 4434 consensum
1030 4379 1226 4437 talibus
1271 4381 1574 4449 videamur,
1624 4384 1766 4439 unde
1814 4385 2076 4456 gehennae

475 4481 669 4540 pinnas
686 4470 958 4540 possimus
983 4471 1282 4540 incurrere,
1304 4474 1517 4530 dicente
1536 4474 1764 4532 Domino
1789 4494 1803 4530 :
1829 4495 1847 4528 ι
1875 4476 2071 4532 Furem

479 4561 727 4631 videbas,
757 4573 815 4620 et
841 4567 1103 4622 eurrebas
1132 4582 1254 4622 cum
1290 4583 1376 4634 eo,
1413 4576 1469 4622 et
1495 4584 1617 4625 cum
1662 4568 1925 4626 adulteris
1954 4585 2081 4641 por-

480 4653 686 4712 tionem
728 4664 877 4713 tuam
910 4658 1148 4729 ponebas
1175 4658 1350 4731 (Ρεαι.
1392 4677 1551 4728 xux,
1581 4663 1694 4733 l8).
1731 4681 1752 4714 ι
1787 4660 1914 4718 llaec
1954 4673 2086 4722 sunt

478 4762 600 4819 quae
630 4750 886 4822 deinceps
920 4750 1119 4807 intuitu
1150 4751 1315 4807 divini
1338 4752 1529 4823 judicii
1557 4769 1749 4811 omnes
1780 4754 2081 4812 catholicos

480 4840 764 4914 episcopos
802 4843 1021 4915 expedit
1056 4845 1355 4900 custodire.

554 4934 828 5003 Primum,
870 4946 929 4992 ut
953 4946 1109 4993 extra
1138 4936 1525 4994 conscientiam
1563 4938 1707 4994 sedis
1732 4938 2077 5009 apostolicae,

482 5026 589 5083 hoc
631 5036 716 5083 est
744 5029 994 5098 primatis
1017 5069 1033 5095 ,
1069 5044 1229 5086 nemo
1264 5030 1462 5086 audeat
1497 5031 1769 5087 ordinare.
1805 5030 2083 5103 [ntegrum

484 5120 629 5176 enim
650 5121 915 5192 judicium
945 5131 1063 5189 est,
1095 5123 1239 5193 quod
1268 5122 1625 5195 plurimorum
1655 5125 1927 5181 sententia
1951 5139 2090 5182 con-

483 5210 754 5282 sequitur,
778 5226 846 5268 ne
872 5228 1013 5269 unus
1032 5214 1317 5286 episcopus
1336 5214 1647 5285 episcopum
1672 5213 1927 5271 ordinare
1949 5229 2084 5284 prai-

485 5310 691 5369 sumat,
717 5310 938 5373 prOpter
961 5305 1352 5374 arrogantiam,
1378 5321 1446 5361 ne
1469 5304 1730 5361 furtivum
1758 5304 2086 5362 beneficium

485 5395 789 5466 praestitum
838 5394 1106 5452 videatur.
1153 5396 1269 5453 Hoc
1307 5398 1453 5454 enim
1502 5399 1558 5453 in
1610 5397 1819 5470 synodo
1871 5397 2086 5456 Nicaeua

486 5496 706 5545 constat
729 5503 852 5545 esse
878 5488 1183 5545 definitum.

555 5580 722 5649 Item,
762 5582 809 5639 si
839 5582 963 5654 quis
1002 5589 1128 5653 post
1172 5582 1546 5640 remissionem
1589 5590 1937 5654 peccatorum
1970 5581 2089 5638 cin-

486 5672 669 5742 gulum
698 5674 902 5732 militiae
933 5673 1211 5732 szeenlaris
1240 5673 1514 5731 habuerit.
1549 5676 1617 5731 ad
1645 5673 1849 5732 clerum
1875 5672 2087 5729 admitti

493 5783 601 5824 non
629 5769 803 5824 debet.

2177 1878 2476 1949 imperatur
2525 1890 2583 1935 ut
2631 1881 2839 1951 possint
2906 1881 3261 1953 deprecantes
3312 1884 3533 1950 audiri,
3574 1897 3741 1958 quanto

2177 1971 2353 2040 magis
2389 1970 2646 2029 sacerdos
2675 1973 2861 2043 utique
2902 1974 3051 2031 omni
3091 1985 3373 2032 momento
3417 1985 3742 2048 paratusesse

2177 2060 2339 2116 debet
2360 2061 2639 2117 munditiae
2662 2062 2902 2133 puritate
2932 2064 3094 2136 169
3120 2080 3370 2133 securus,
3405 2082 3475 2123 ne
3495 2078 3582 2125 aut
3603 2071 3740 2126 sacri-

2178 2152 2362 2209 ficium
2391 2152 2606 2221 otl‘erat,
2636 2164 2730 2211 aut
2755 2156 3035 2227 baptizare
3053 2214 3057 2219 _
3076 2159 3351 2231 cogatur?
3380 2162 3473 2231 qui
3508 2162 3551 2219 si
3591 2173 3740 2219 conta-

2181 2245 2421 2301 minatus
2483 2255 2568 2302 est
2614 2247 2821 2303 carnali
2865 2250 3347 2322 concupiscentia,
3399 2254 3526 2325 quid
3570 2256 3738 2312 faciet!

2176 2337 2498 2394 excusabit?
2538 2354 2646 2411 quo
2679 2340 2907 2411 pudore,
2935 2356 3041 2412 qua
3085 2352 3269 2400 mente
3315 2346 3633 2416 usurpabit?
3655 2362 3737 2417 qua

2176 2430 2536 2497 conscientia,
2564 2446 2673 2503 quo
2701 2433 2898 2490 merito
2928 2433 3020 2490 hic
3045 2436 3295 2492 exaudiri
3334 2452 3397 2495 se
3420 2439 3618 2495 credit?
3638 2454 3736 2495 cuin

2177 2524 2382 2581 dictum
2428 2525 2500 2581 sit
2533 2540 2547 2580 :
2585 2545 2604 2578 ι
2637 2524 2831 2582 Omnia
2868 2527 3070 2584 munda
3123 2531 3377 2597 mundis,
3424 2532 3739 2603 coinquinatis

2176 2627 2358 2673 autem
2397 2626 2453 2672 et
2496 2616 2805 2675 infidelibus
2842 2618 2978 2674 nihil
3026 2622 3288 2678 mundum
3328 2621 3460 2695 (Tit.
3506 2640 3553 2688 ι,
3596 2623 3685 2696 15).
3712 2641 3731 2677 ι

2179 2710 2299 2778 Qua
2329 2709 2397 2765 de
2428 2723 2491 2765 re
2516 2709 2731 2777 hortor,
2768 2725 2988 2778 moneo,
3019 2726 3173 2783 rogo,
3212 2713 3437 2770 tollatur
3461 2715 3558 2771 hoc
3580 2729 3734 2786 oppro-

2174 2798 2352 2855 brium
2404 2800 2547 2870 quod
2582 2807 2761 2871 potest
2787 2800 2912 2873 jure
2956 2801 3121 2859 etiam
3158 2804 3447 2876 gentilitas
3481 2820 3729 2871 accusare,

2175 2889 2316 2947 forte
2344 2892 2588 2947 creditur
2611 2893 2738 2963 quia
2777 2893 3041 2965 scriptum
3082 2879 3206 2950 eSt:
3244 2914 3264 2948 ι
3289 2895 3462 2953 Unius
3489 2898 3651 2951 uxoris
3670 2896 3728 2950 vi-

2174 2998 2295 3037 rum
2335 2984 2390 3055 (ι
2434 2982 2569 3039 Tim.
2621 2999 2707 3052 tu,
2734 2984 2792 3058 2)
2823 3005 2842 3039 ι
2896 3001 3004 3042 non
3033 2997 3446 3058 permanentem
3477 2988 3528 3043 iu
3574 3002 3733 3044 coacu-

2172 3075 2438 3146 piscentia
2479 3075 2772 3147 generandi
2802 3076 2960 3144 dixit,
3008 3078 3104 3134 sed
3133 3089 3364 3150 propter
3397 3080 3731 3137 continentiam

2103 3150 2149 3216 (ἶ
2182 3168 2421 3225 futuram
2451 3169 2541 3240 qui
2575 3170 2685 3237 ait,
2718 3184 2893 3241 neque
2920 3172 3066 3234 enim
3115 3172 3362 3244 integros
3390 3189 3493 3230 non
3522 3172 3726 3235 admisit,

2178 3259 2374 3316 vellem
2429 3276 2621 3317 omnes
2688 3261 2937 3318 homines
3014 3264 3095 3320 sic
3172 3277 3298 3320 esse
3356 3266 3513 3321 sicuti
3561 3273 3608 3320 et
3654 3277 3729 3335 ego

2179 3352 2234 3424 (1
2283 3351 2406 3409 Cor.
2445 3370 2520 3410 vit
2545 3396 2560 3421 ,
2606 3353 2682 3426 7).
2715 3353 2784 3409 Et
2827 3356 3069 3427 apertius
3095 3356 3343 3414 declarat
3365 3358 3579 3415 dicens:
3612 3376 3628 3409 ι
3652 3353 3727 3423 Qui

2178 3457 2361 3504 autem
2401 3448 2455 3504 in
2486 3463 2649 3505 carne
2674 3456 2823 3515 sunt,
2874 3449 2988 3506 Deo
3013 3448 3232 3522 placere
3262 3467 3371 3510 non
3401 3458 3627 3522 possunt.-
3647 3448 3729 3504 Vos

2179 3550 2361 3599 autem
2385 3541 2501 3612 jam
2531 3558 2639 3600 non
2678 3543 2812 3600 estis
2841 3542 2897 3598 in
2938 3557 3123 3613 carne,
3153 3544 3251 3602 sed
3300 3546 3358 3603 in
3380 3544 3561 3618 spiritu
3588 3539 3726 3615 (lion.

2178 3649 2300 3700 vui,
2335 3634 2392 3700 8,
2425 3633 2501 3705 9).
2533 3652 2553 3686 ι

2252 3727 2380 3783 llaec
2400 3728 2606 3798 itaque,
2638 3726 2859 3797 fratres,
2891 3728 2936 3785 si
2966 3730 3128 3802 plena
3154 3731 3435 3804 vigilantia
3479 3730 3651 3789 fuerint
3676 3728 3729 3783 ab

2177 3821 2432 3877 omnibus
2458 3822 2768 3890 observata,
2801 3823 3040 3881 cessabit
3065 3825 3294 3883 ambitio
3314 3867 3329 3893 ,
3368 3825 3612 3884 dissensio
3630 3836 3729 3877 con-

2178 3914 2471 3982 quiescet,
2528 3912 2768 3969 haereses
2832 3921 2890 3969 et
2944 3914 3242 3973 schismata
3294 3933 3404 3974 non
3454 3919 3726 3985 emergenl,

2178 4002 2357 4061 locum
2384 4018 2490 4059 non
2520 4003 2752 4074 accipiet
2781 4003 3031 4063 diabolus
3067 4008 3349 4075 saeviendi,
3381 4007 3600 4065 manebit
3622 4016 3726 4058 una-

2179 4095 2441 4160 nimitas,
2504 4094 2764 4167 iniquitas
2818 4106 3073 4168 separata
3133 4099 3454 4157 ealcabitur.
3526 4094 3727 4154 Charilas

2179 4187 2408 4258 spiritali
2447 4185 2661 4244 fervore
2691 4186 2977 4260 ﬂagrabit,
3009 4205 3116 4262 pax
3144 4192 3433 4262 pmdicata
3468 4190 3606 4247 labiis
3631 4198 3722 4242 cum

2177 4280 2458 4336 voluntate
2485 4278 2861 4337 concordabit.
2907 4279 3021 4337 Pax
3058 4282 3247 4355 utique
3274 4283 3371 4341 Dei
3397 4280 3556 4339 nostri
3576 4275 3723 4332 Salva-

2181 4373 2316 4429 toris
2341 4386 2504 4443 quam
2534 4372 2814 4443 proximus
2849 4373 3086 4444 passioni
3124 4375 3447 4431 servandam
3495 4384 3598 4427 esse
3621 4377 3723 4437 pra-

2181 4465 2348 4534 cepit,
2375 4472 2431 4520 et
2460 4464 2864 4520 hereditariam
2891 4465 3049 4523 nobis
3069 4464 3195 4536 jure
3220 4465 3523 4537 dereliquit,
3552 4461 3720 4516 dicens:

2104 4541 2160 4602 D
2190 4574 2209 4608 ι
2240 4553 2437 4612 Pacem
2471 4556 2542 4612 do
2577 4557 2751 4623 vobis,
2786 4570 2977 4627 pacem
3009 4557 3257 4629 relinquo
3282 4558 3434 4616 vobis
3457 4555 3614 4628 (Joan.
3636 4559 3718 4608 xm

2184 4647 2331 4719 27),:
2358 4656 2412 4704 et
2449 4647 2656 4705 dictum
2681 4647 2925 4720 Apostoli
2950 4664 2964 4704 :
2994 4647 3326 4707 «Unanimes
3354 4664 3508 4706 unum
3528 4640 3717 4701 sentien-

2185 4747 2267 4794 tes
2300 4753 2720 4809 permaneamus
2750 4738 2806 4794 in
2833 4738 3074 4807 Christo,
3099 4740 3235 4797 nihil
3261 4757 3359 4813 per
3385 4734 3715 4796 contentionem

2186 4829 2346 4885 nobis
2367 4870 2382 4896 ,
2431 4844 2608 4900 neque
2634 4844 2733 4902 per
2776 4831 2994 4887 inanem
3018 4831 3249 4901 gloriam
3286 4831 3609 4888 vindicantes,
3642 4830 3718 4873 nec

2188 4921 2500 4979 hominibus
2531 4963 2546 4989 ,
2610 4922 2706 4979 sed
2741 4922 2853 4979 Deo
2913 4930 3099 4982 nostro
3154 4923 3417 4980 Salvatori
3466 4919 3713 4991 placeamus

2191 5013 2358 5086 (ΡῙιῖιι
2392 5032 2455 5082 ιι.
2484 5017 2542 5083 2,
2573 5016 2650 5087 5).
2690 5036 2709 5069 ι
2744 5017 2840 5074 llis
2871 5018 3155 5090 praeceptis
3176 5006 3428 5075 omnibus
3467 5015 3507 5071 si
3535 5006 3713 5067 ﬁdeliter

2189 5108 2523 5165 voluerimus
2587 5108 2848 5176 obedire,
2901 5111 3173 5167 custodiet
3232 5110 3479 5168 Dominus
3534 5108 3707 5168 εοφοη

2192 5208 2377 5257 nostra
2415 5208 2474 5256 et
2517 5200 2728 5256 animas
2760 5207 2974 5256 nostras
3015 5201 3069 5255 in
3106 5201 3193 5257 die
3229 5216 3332 5272 qna
3369 5195 3631 5255 redditurus
3647 5191 3708 5240 est

2200 5293 2487 5366 unicuique
2533 5291 2691 5363 juxta
2739 5307 2907 5364 opera
2956 5308 3075 5348 sua.
3125 5293 3184 5349 Si
3230 5294 3350 5365 quis
3394 5303 3510 5347 sane
3545 5281 3705 5376 inflatus

2195 5395 2377 5443 mente
2402 5385 2589 5443 carnis
2629 5400 2742 5442 sua:
2791 5386 2861 5441 ab
2898 5385 3000 5441 hac
3050 5386 3260 5442 ratione
3288 5380 3700 5441 volueritcvagﬁﬂo

2191 5480 2334 5536 sciat
2381 5495 2443 5536 se
2490 5488 2547 5535 et
2593 5495 2624 5534 a
2657 5487 2843 5536 nostra
2873 5479 3256 5536 communione
3283 5472 3608 5535 seclusunhet

2192 5573 2386 5629 hennae
2449 5587 2641 5644 pinnas
2691 5570 3023 5628 habiturum.
3077 5570 3341 5628 Praeterea
3405 5548 3695 5644 misericordiJ

2193 5681 2319 5722 eum
2356 5642 2563 5736 judicio
2589 5677 2712 5720 esse
2755 5663 2936 5732 debet,
2968 5663 3169 5720 talibus
3193 5663 3336 5719 enim
3361 5659 3545 5729 Oportet
3563 5642 3695 5736 labens

2195 5732 2608 5818 libus'manum
2656 5757 2937 5829 porrigere
2968 5798 2983 5824 ,
3040 5757 3133 5829 qui
3189 5756 3268 5813 sic
3317 5751 3577 5810 currentem
3613 5732 3692 5787 πω
