3888 6472
98 414 186 474 689
1220 404 1714 468 DECRETALIUM
1739 396 2138 463 COLLECTIO.

3226 392 3328 457 69D

96 523 379 600 pertrahant
405 521 457 580 in
492 521 725 579 ruinam.
768 524 904 581 Data
931 520 1142 592 Romae,
1184 526 1237 582 in
1262 525 1492 584 concilio
1518 525 1635 596 epi-
1668 528 1713 588 Α
1744 534 1849 574 non
1882 516 2046 589 Virgo
2073 511 2392 589 generavit,
2433 512 2612 586 potuit
2642 498 2787 585 ergo
2830 511 2992 585 Virgo
3019 513 3327 586 concipere,
3360 514 3363 519 λ

95 632 345 690 scoparum
371 616 669 688 octoginta,
722 619 825 675 sub
870 619 961 676 die
999 628 1197 677 octavo
1215 620 1342 677 ldus
1373 618 1639 685 Januarii,

93 711 196 782 post
235 708 559 767 consulatum
602 707 823 767 Arcadii
852 751 869 779 ,
896 710 1123 786 Augusti
1149 753 1166 782 ,
1202 721 1256 771 et
1283 712 1543 770 Bautonis
1570 710 1640 768 lY

94 801 313 857 consulis.

241 893 387 960 Item,
411 895 1096 1026 rescriptnmsepiscoporum
1122 900 1194 955 ad
1223 898 1464 955 eumdem
1514 896 1517 899 ’
1542 887 1579 897 “’

748 985 979 1025 tractum.

748 985 979 1025 metum.

146 1055 480 1116 Dilectissimo
524 1058 754 1117 Domino
799 1059 958 1116 fratri
1001 1060 1245 1129 SlRlCIO,
1286 1061 1637 1131 Annnostus,

91 1149 304 1217 Samus,
341 1149 662 1219 BASSIANUS.
711 1162 769 1210 et
799 1155 1004 1212 caeteri.

144 1243 547 1317 Recognovimus
570 1247 782 1305 litteras
805 1250 1080 1306 sanctitati
1114 1258 1220 1307 tua:
1248 1251 1378 1309 boni
1404 1250 1640 1323 pastoris

88 1334 324 1401 excubias,
339 1336 427 1406 qui
454 1336 740 1409 diligenter
765 1341 1115 1397 commissam
1146 1342 1243 1397 tibi
1265 1357 1491 1411 januam
1513 1357 1636 1399 ser-

87 1434 238 1491 ves,et
254 1427 332 1498 pia
354 1427 715 1487 sollicitudine
726 1428 945 1489 Christo
965 1433 1107 1489 ovile
1120 1434 1397 1491 custodias
1419 1435 1636 1507 dignus,

88 1532 217 1586 quem
238 1534 360 1575 oves
388 1521 603 1577 Domini
626 1523 851 1578 audiant
882 1533 937 1581 et
960 1534 1277 1595 sequantur,
1292 1534 1349 1583 et
1367 1526 1488 1583 ideo
1509 1526 1639 1597 quia

88 1612 251 1669 novisti
278 1613 514 1671 oviculas
542 1613 776 1683 Christi,
805 1616 958 1689 lupos
985 1618 1145 1674 facile
1177 1619 1552 1691 deprehendis,
1580 1628 1640 1675 et

87 1706 291 1761 occurris
313 1708 463 1777 quasi
491 1710 752 1780 providus
770 1720 1044 1781 pastorne
1073 1712 1193 1767 istis
1220 1712 1493 1768 morsibus
1512 1727 1641 1783 per—

88 1795 199 1852 fidize
221 1813 325 1853 sua:
349 1799 500 1855 ferali
530 1800 739 1857 ululatu
772 1803 1108 1859 Dominicum
1129 1805 1270 1860 ovile
1299 1805 1632 1876 dispergant,

1586 878 1628 898 ...θ

1743 628 1852 669 non
1899 612 2077 683 potuit
2106 609 2269 683 Virgo
2316 624 2600 682 generare,
2644 625 2768 665 cum
2796 622 3012 682 semper
3036 620 3331 681 conceptus
3387 663 3427 687 ._

1740 705 2053 777 praecedat,
2104 711 2292 775 partus
2330 711 2628 774 sequatur;
2680 702 2775 758 sed
2833 700 2880 757 si
2926 702 3188 758 doctrinis
3222 718 3330 757 non
3409 702 3415 707 ’

1740 795 1983 853 creditur
2046 795 2393 852 sacerdotum
2419 834 2434 861 ,
2484 797 2739 850 credatur
2791 793 3029 850 oraculis
3080 792 3331 861 Christi,

1739 888 1995 947 credatur
2033 887 2254 945 monitis
2288 887 2604 959 angelorum
2640 888 2934 944 dicentium
2964 905 2977 943 :
3010 907 3029 940 ι
3057 887 3192 956 Quia
3222 902 3333 943 non

1740 991 1826 1039 est
1861 981 2200 1054 impossibile
2247 980 2389 1053 apud
2417 981 2584 1037 Deum
2633 996 2797 1037 omne
2829 980 3053 1037 verbum
3104 979 3256 1053 (Luc.
3285 994 3325 1046 ι,

1740 1074 1857 1149 57),
1882 1094 1901 1129 ι
1935 1078 2191 1132 credatur
2215 1075 2463 1148 symbolo
2495 1074 2885 1147 apostolorum,
2911 1075 3054 1146 quod
3092 1074 3335 1131 Ecclesia

1742 1169 1987 1227 Romana
2014 1170 2335 1225 intemerata
2366 1184 2582 1241 semper
2607 1170 2843 1226 custodit
2864 1179 2923 1225 et
2946 1178 3149 1225 servat.
3166 1169 3335 1225 Andi-

1741 1266 1821 1321 vit
1839 1264 2008 1320 Maria
2035 1278 2220 1321 vocem
2247 1262 2451 1335 angeli,
2481 1272 2537 1319 et
2564 1278 2687 1335 qua:
2711 1263 2923 1318 dixerat
2953 1272 3115 1318 ante:
3155 1282 3173 1314 ι
3197 1264 3337 1329 Quo-

1740 1358 1902 1415 modo
1931 1357 2023 1414 liet
2054 1357 2238 1414 istud?
2282 1356 2474 1428 (lbid.,
2504 1354 2594 1427 '54)
2620 1377 2637 1407 ι
2669 1370 2775 1410 non
2824 1354 2929 1410 fide
2971 1353 3338 1426 generationis

1741 1449 2088 1521 interrogans
2109 1488 2126 1515 ,
2173 1446 2453 1517 respondit
2496 1454 2682 1515 postea
2720 1463 2733 1499 :
2789 1465 2809 1497 ι
2840 1443 2980 1500 Ecce
3007 1444 3198 1500 ancilla
3232 1444 3339 1499 Do-

1740 1539 1897 1605 mini,
1919 1538 2199 1611 contingat
2226 1538 2359 1593 mihi
2380 1537 2677 1593 secundum
2707 1536 2932 1593 verbum
2960 1546 3112 1592 tuum
3143 1535 3333 1609 (Ibid.,

1741 1627 1855 1703 38).
1895 1648 1916 1683 ι
1958 1629 2085 1684 Haec
2123 1637 2209 1684 est
2236 1627 2400 1699 Virgo
2423 1641 2545 1698 qum
2574 1627 2629 1681 in
2658 1635 2814 1683 utero
2849 1628 3101 1699 concepit
3128 1669 3143 1693 ,
3175 1627 3342 1699 Virgo

1743 1738 1865 1796 quae
1898 1722 2110 1794 peperit
2151 1722 2323 1777 lilium
2344 1761 2359 1788 ,
2409 1721 2490 1777 sic
2518 1721 2664 1776 enim
2696 1720 2960 1792 scriptum
2993 1729 3077 1777 est
3107 1739 3121 1776 :
3152 1741 3172 1773 ι
3201 1721 3344 1777 Ecce

1744 1813 1916 1887 Virgo
1957 1814 2013 1869 in
2047 1822 2204 1869 utero
2244 1812 2553 1883 concipiet,
2582 1820 2640 1867 et
2667 1813 2845 1882 pariet
2870 1811 3041 1868 filium
3073 1811 3210 1883 (Ira.
3243 1827 3340 1879 vn,

87 1887 325 1945 laudamus
355 1890 482 1959 hoc,
519 1892 739 1951 domine
768 1893 941 1951 frater
975 1895 1133 1952 nobis
1160 1896 1530 1964 dilectissime,
1575 1906 1631 1954 et
1658 1913 1709 1974 Β
1738 1905 1853 1977 η),
1886 1924 1906 1959 ι
1964 1919 2072 1960 non
2123 1905 2267 1960 enim
2318 1911 2705 1973 conceptumm
2747 1904 3124 1959 tantummodo
3168 1902 3346 1976 vifgi-

89 1988 177 2038 toto
193 1982 515 2041 celebramus
536 1984 755 2044 affectu.
771 1988 882 2044 Nec
903 1989 1167 2045 miramur
1192 1990 1238 2045 si
1261 1989 1510 2062 luporum
1540 2008 1599 2047 ra
1613 2020 1633 2033 -

86 2073 199 2131 hiem
238 2092 359 2149 grex
415 2079 632 2136 Domini
672 2082 1012 2152 perhorruit,
1072 2086 1125 2140 in
1183 2085 1380 2155 quibus
1429 2084 1637 2142 Christi

86 2185 238 2226 vocem
280 2186 381 2226 non
431 2175 771 2244 recognovit.
803 2175 1046 2247 Agrestis
1091 2176 1238 2232 enim
1286 2177 1524 2233 ululatus
1548 2184 1638 2233 est

86 2261 253 2319 nullam
294 2265 624 2336 virginitatis
669 2268 919 2339 gratiam,
949 2269 1158 2325 nullum
1185 2270 1457 2326 castitatis
1483 2269 1634 2325 ordi-

87 2366 182 2407 nem
203 2369 468 2414 reservare
494 2400 509 2425 ,
549 2360 858 2428 promiscue
902 2361 1086 2416 omnia
1114 2361 1252 2418 velle
1279 2360 1634 2428 confundere,

86 2443 373 2503 diversorum
401 2450 605 2521 gradus
649 2450 934 2523 abrogare,
968 2452 1286 2509 meritorqu
1317 2460 1372 2507 et
1404 2467 1642 2523 pauper-

86 2544 221 2593 tatem
243 2542 526 2609 quamdam
577 2542 882 2599 ctelestium
934 2543 1438 2601 remunerationnm
1472 2544 1637 2601 indu-

87 2643 201 2696 cere,
225 2635 367 2703 quasi
394 2634 622 2692 Christo
659 2652 766 2692 una
814 2637 886 2693 sit
912 2637 1091 2708 palma
1121 2653 1283 2708 quam
1312 2638 1541 2704 tribuit,
1572 2653 1639 2694 ac

87 2741 169 2781 non
195 2724 396 2793 plurimi
441 2729 723 2807 abundent
773 2730 912 2785 tituli
964 2731 1337 2801 praemiorum,
1377 2730 1638 2787 simulant

87 2830 132 2870 se
168 2816 244 2873 isti
295 2836 396 2876 non
440 2823 652 2880 donare
709 2823 980 2897 conjugio,
1016 2825 1114 2880 sed
1162 2839 1282 2894 qum
1314 2833 1493 2894 potest
1522 2823 1643 2879 laus

86 2921 180 2964 esse
202 2911 443 2984 conjugii,
490 2912 538 2970 si
575 2912 721 2968 nulla
748 2914 1081 2985 virginitatis
1111 2924 1196 2970 est
1220 2914 1432 2986 gloria?
1460 2927 1641 2984 neque

86 3014 187 3058 vero
230 3020 323 3062 nos
388 3021 656 3080 negamus
707 3007 1106 3063 sanctificatum
1163 3024 1195 3062 a
1243 3008 1460 3064 Christo
1515 3022 1639 3064 esse

86 3091 374 3165 coniugium,
405 3098 594 3152 divina
645 3112 778 3153 voce
825 3099 1085 3155 dicente:
1129 3117 1148 3150 ι
1187 3099 1361 3154 Erunt
1385 3099 1546 3155 ambo
1581 3099 1638 3154 in

86 3196 166 3239 una
190 3200 339 3243 carne
384 3187 545 3259 (Cen.
578 3205 616 3244 ll
641 3230 655 3254 ,
693 3189 784 3261 24)
811 3231 826 3256 ,
864 3207 883 3240 ι
916 3199 972 3245 et
1025 3190 1078 3245 in
1128 3206 1236 3245 uno
1276 3191 1503 3262 spiritu,
1541 3188 1637 3247 sed

1742 2013 1892 2064 nem,
1939 1997 2036 2053 sed
2076 2004 2133 2052 et
2162 1995 2458 2066 parituram
2489 1993 2767 2064 Virginem
2814 1994 2971 2049 dixit.
3002 1995 3132 2063 Quae
3158 2002 3341 2049 autem

1738 2097 1824 2145 est
1877 2088 1970 2145 illa
2018 2099 2178 2159 porta
2234 2086 2477 2142 exterior
2524 2087 2593 2141 ad
2654 2085 2933 2142 Orientem
2985 2102 3107 2158 quae
3158 2092 3346 2141 manet

1739 2180 1946 2246 clausa,
1977 2188 2035 2236 et
2082 2194 2265 2243 nemo,
2295 2177 2493 2248 inquit,
2521 2177 2874 2248 pertransivit
2921 2193 3021 2249 per
3047 2192 3167 2233 eam
3199 2217 3215 2243 ,
3247 2176 3346 2232 sed

1739 2270 1889 2328 solus
1908 2269 2052 2326 Deus
2076 2268 2244 2324 lsrael
2266 2268 2517 2324 transivit
2535 2282 2634 2338 per
2662 2282 2781 2323 eam
2799 2266 3017 2338 (Each.
3036 2282 3183 2333 xuv,
3208 2266 3344 2337 1,2),

1741 2378 1921 2420 nonne
1952 2363 2068 2419 haec
2095 2368 2251 2433 porta
2281 2359 2451 2415 Maria
2475 2368 2582 2423 est,
2606 2374 2705 2428 per
2728 2374 2891 2430 quam
2922 2358 2978 2413 in
3010 2359 3155 2414 hunc
3183 2374 3347 2414 mun-

1740 2458 1868 2513 dum
1912 2454 2246 2525 Redemptor
2293 2452 2565 2510 intravit?
2606 2451 2731 2508 Haec
2763 2460 2848 2509 est
2880 2460 3038 2523 porta
3077 2451 3345 2521 justitim,

1740 2551 1883 2607 sicut
1908 2552 2026 2621 ipse
2047 2549 2187 2605 dixit
2213 2568 2227 2605 :
2258 2569 2276 2603 ‹
2304 2547 2437 2604 Sine
2463 2562 2564 2604 nos
2591 2546 2815 2617 implere
2835 2561 3052 2603 omnem
3073 2544 3347 2614 justitiam

1741 2644 1962 2717 (Matth.
1989 2659 2051 2699 tu
2075 2684 2091 2710 ,
2125 2643 2273 2715 15).»
2309 2641 2438 2699 llzec
2465 2650 2620 2713 porta
2650 2649 2735 2696 est
2763 2639 2932 2695 Maria
2969 2642 3037 2697 de
3064 2655 3169 2710 qna
3209 2638 3349 2694 scri-

1740 2746 1893 2811 ptum
1924 2746 2011 2796 est
2051 2756 2066 2794 :
2105 2736 2243 2807 Quia
2275 2735 2540 2793 Dominus
2568 2734 2924 2806 pertransivit
2963 2749 3106 2801 eam,
3134 2742 3190 2789 et
3239 2731 3348 2789 erit

1741 2832 1928 2886 clausa
1954 2838 2077 2902 post
2103 2839 2321 2902 partum
2342 2869 2358 2894 ,
2395 2827 2521 2899 quia
2551 2827 2718 2901 Virgo
2746 2837 2802 2884 et
2827 2828 3079 2899 concepit
3104 2835 3161 2882 et
3185 2839 3349 2896 pepe-

1741 2921 1834 2976 rit.
1861 2920 2002 2988 Quid
2033 2928 2217 2976 autem
2249 2918 2600 2985 incredibile,
2629 2919 2676 2974 si
2707 2928 2896 2976 contra
2921 2934 3079 2974 usum
3118 2915 3351 2988 originis

1743 3012 2009 3068 naturalis
2032 3012 2244 3083 peperit
2268 3010 2459 3078 Maria,
2506 3018 2561 3066 et
2606 3010 2773 3082 Virgo
2798 3018 3099 3082 permanet,
3126 3005 3347 3080 quando

1744 3113 1939 3159 contra
1970 3119 2130 3159 usum
2162 3111 2373 3158 natura:
2424 3120 2443 3154 ι
2482 3116 2634 3157 mare
2660 3102 2797 3157 vidit
2820 3109 2875 3158 et
2909 3100 3064 3172 fugit,
3098 3107 3261 3171 atque
3290 3099 3347 3156 in

1741 3192 1948 3250 fontem
1971 3209 2129 3250 suum
2152 3192 2403 3250 Iordanis
2429 3191 2627 3249 fluenta
2652 3202 2959 3248 remearunt
2988 3190 3161 3264 (Paul.
3187 3205 3344 3258 cxm,

84 3277 202 3344 prius
217 3290 314 3347 est,
328 3282 470 3353 quod
496 3282 615 3337 nati
642 3298 849 3350 sumus,
872 3297 1035 3355 quam
1055 3283 1197 3354 quod
1220 3282 1418 3348 effecti,
1435 3280 1631 3337 multo-
1661 3281 1708 3346 C
1739 3285 1816 3356 '5).
1831 3305 1849 3337 ι
1869 3283 1986 3341 Non
2002 3284 2354 3356 ergoexcedit
2370 3283 2527 3340 (idem
2544 3282 2687 3353 quod
2704 3280 2868 3355 Virgo
2883 3281 3112 3352 peperit,
3127 3280 3347 3352 quando

84 3383 165 3438 ψιθ
220 3378 560 3445 praestantius
610 3376 777 3433 divini
847 3377 1031 3447 operis
1095 3379 1410 3449 mysterium
1473 3389 1638 3446 quam

83 3458 292 3520 humana:
318 3465 635 3540 fragilitatis
673 3468 995 3523 remedium.
1028 3466 1158 3523 Jure
1203 3467 1455 3529 laudatur
1496 3466 1639 3521 bona

82 3566 224 3623 uxor,
253 3558 342 3615 sed
369 3560 572 3616 melius
600 3560 690 3631 pia
731 3561 886 3632 virgo
916 3560 1202 3632 praefertur
1225 3600 1240 3624 ,
1284 3560 1498 3615 dicente
1528 3559 1639 3615 Do-

83 3644 238 3704 mino:
270 3667 288 3702 ι
327 3650 428 3719 Qui
460 3651 649 3721 jungit
678 3651 946 3723 virginem
990 3667 1144 3707 suam
1197 3652 1337 3706 bene
1380 3650 1529 3714 facit,
1583 3657 1641 3706 et

83 3737 153 3804 qui
185 3756 279 3797 non
311 3742 503 3817 jungit
526 3744 720 3800 melius
761 3744 894 3801 facit
922 3744 976 3817 (Ι
1024 3743 1149 3800 Cor.
1190 3759 1286 3810 vn,
1316 3744 1431 3817 58).
1455 3763 1477 3795 ι
1510 3742 1642 3799 Haec

82 3828 196 3884 enim
236 3835 433 3904 cogitat
476 3850 604 3905 quae
640 3836 737 3891 Dei
769 3845 929 3902 sunt,
977 3836 1072 3891 illa
1116 3851 1239 3907 qua:
1287 3836 1504 3904 mundi;
1547 3834 1639 3892 illa

82 3920 410 3994 conjugalibus
449 3926 687 3983 vinculis
732 3928 985 3998 colligata
1015 3935 1132 3994 est,
1166 3929 1280 3985 haec
1325 3926 1495 3984 libera
1520 3928 1642 3984 vin-

81 4012 315 4086 culorum;
342 4020 430 4076 illa
455 4020 564 4078 sub
597 4020 730 4092 lege,
768 4021 871 4076 ista
895 4019 1000 4075 sub
1030 4021 1226 4092 gratia.
1267 4020 1475 4077 Bonum
1501 4035 1640 4077 con-

76 4100 247 4176 iugium
312 4128 420 4184 quo
497 4121 588 4169 est
658 4114 877 4169 inventa
941 4114 1233 4185 posteritas
1279 4112 1640 4170 successionis

80 4195 291 4259 humana:
318 4245 334 4271 ,
375 4208 471 4261 sed
527 4202 718 4260 melior
748 4204 1033 4275 virginitas
1061 4245 1078 4272 ,
1126 4220 1226 4276 per
1275 4221 1438 4275 quam
1486 4203 1641 4277 regni

80 4293 279 4351 celestis
322 4298 616 4355 haereditas
656 4298 922 4368 acquisita
963 4306 1018 4353 et
1064 4297 1366 4354 caelestium
1419 4297 1641 4353 merito-

79 4396 173 4440 rum
206 4399 410 4461 reperta
449 4391 749 4458 successio,
791 4406 888 4463 per
916 4392 1202 4447 mulierem
1249 4405 1381 4447 cura
1425 4403 1641 4446 succes-

78 4477 166 4545 sit,
212 4497 304 4553 per
353 4484 633 4557 Virginem
665 4485 814 4540 salus
858 4486 1057 4541 evenit.
1115 4484 1359 4555 Denique
1406 4480 1642 4554 speciale

78 4568 157 4626 sibi
182 4574 367 4633 donum
395 4578 695 4650 virginitati
725 4577 975 4636 Christus
1008 4578 1190 4651 elegit,
1217 4587 1273 4633 et
1310 4577 1640 4649 integritatis

1740 3377 1987 3448 legimus,
2022 3377 2166 3447 quod
2190 3385 2343 3448 petra
2366 3375 2574 3433 vomuit
2621 3389 2820 3446 aquas,
2869 3384 2924 3430 et
2952 3374 3006 3430 in
3039 3374 3177 3429 muri
3223 3387 3348 3444 spe-

1741 3468 1879 3524 ciem
1906 3468 2073 3523 maris
2096 3468 2239 3523 unda
2257 3467 2484 3523 solidata
2501 3474 2614 3534 est;
2647 3482 2752 3522 non
2768 3465 2984 3522 excedit
3005 3465 3164 3521 fidem
3192 3461 3341 3535 quod

1740 3559 1905 3615 homo
1952 3559 2123 3615 exivit
2160 3559 2231 3615 de
2272 3559 2514 3632 Virgine,
2558 3558 2776 3629 quando
2803 3566 2956 3628 petra
2984 3555 3187 3613 fontem
3217 3570 3347 3628 pro-

1739 3650 2243 3717 ﬂunmscaturivit,
2263 3649 2471 3708 ferrum
2511 3664 2674 3722 super
2701 3664 2871 3721 aquas
2892 3649 3122 3714 natavit,
3145 3648 3341 3704 ambu-

1741 3744 1872 3799 lavit
1915 3744 2080 3801 homo
2126 3758 2292 3816 super
2341 3758 2532 3814 aquas.
2583 3744 2730 3813 Ergo
2777 3743 2824 3799 si
2880 3742 3156 3800 hominem
3194 3740 3343 3797 unde

1739 3839 2024 3911 portavit,
2082 3854 2191 3896 non
2253 3839 2430 3910 potuit
2486 3838 2762 3895 hominem
2824 3834 2991 3909 Virgo
3044 3834 3343 3908 generare?

1739 3935 1811 3989 At
1832 3947 1995 4005 quem
2019 3931 2331 3990 hominem?
2361 3933 2428 3991 de
2469 3946 2579 4003 quo
2607 3930 2873 4004 legimus:
2905 3947 2927 3983 ‹
2950 3928 3016 3984 Ει
3039 3928 3210 3985 mittit
3233 3926 3344 3984 illis

1741 4025 2003 4082 Dominus
2046 4025 2324 4082 hominem
2369 4024 2460 4095 qni
2509 4023 2689 4080 salvos
2714 4021 2876 4080 faciet
2903 4038 2999 4079 eos
3025 4063 3042 4088 ,
3088 4029 3146 4077 et
3179 4027 3343 4078 notus

1740 4120 1845 4175 erit
1874 4119 2135 4176 Dominus
2149 4117 2419 4192 Egyptiis
2446 4116 2584 4191 (ιω.
2612 4132 2731 4185 xrx,
2758 4117 2850 4185 20,
2870 4116 2986 4187 2i).
3012 4136 3032 4168 ι
3066 4115 3124 4172 ln
3155 4112 3342 4172 Veteri

1741 4210 1927 4283 itaque
2009 4211 2359 4267 Testamento
2407 4209 2559 4281 virga
2617 4209 2970 4266 Hebrzeorum
3032 4222 3132 4280 per
3185 4219 3343 4263 mare

1741 4304 1898 4360 duxit
1943 4305 2269 4362 exercitum.
2319 4302 2379 4359 lu
2435 4301 2588 4359 Novo
2619 4302 2972 4358 Testamento
2999 4298 3164 4373 Virgo
3197 4298 3342 4372 regis

1741 4394 1865 4449 aula
1916 4393 2160 4450 ctelestis
2204 4392 2378 4450 electa
2429 4400 2515 4449 est
2565 4391 2634 4448 ad
2680 4392 2932 4448 salutem.
2979 4390 3119 4460 Quid
3156 4399 3341 4446 autem

1741 4483 1908 4540 etiam
1975 4483 2257 4540 viduitatis
2323 4491 2632 4540 attexamus
2696 4483 2967 4555 praeconia
2995 4524 3011 4549 ,
3075 4497 3201 4539 cum
3276 4480 3335 4537 in

1741 4576 2035 4649 Evangelia
2065 4618 2082 4644 ,
2129 4584 2253 4649 post
2313 4575 2551 4648 Virginis
2609 4575 3023 4633 celeberrimum
3077 4582 3337 4646 partum,

78 4673 242 4723 munus
287 4649 557 4737 exhibuit,
612 4679 777 4742 atque
832 4672 889 4726 in
940 4685 999 4727 se
1043 4649 1450 4742 repraesentavit
1492 4669 1638 4741 quod
1662 4649 1898 4724 DAnna
1924 4668 2087 4725 vidua
2118 4669 2484 4741 subrogetnr,
2534 4683 2656 4740 quae
2688 4668 2900 4725 vixerat
2925 4682 3051 4725 cum
3093 4667 3213 4725 viro
3239 4681 3342 4724 suo

78 4752 209 4826 elegit
238 4759 289 4814 in
320 4772 517 4818 matre.
558 4761 769 4830 Quanta
797 4763 1037 4818 amentia
1066 4765 1406 4818 funestorum
1433 4761 1638 4817 latran-

77 4843 202 4910 tium,
246 4860 305 4905 ut
335 4852 499 4909 iidem
540 4853 785 4910 dicerent
817 4853 1094 4910 Christum
1142 4870 1209 4911 ex
1264 4854 1474 4926 virgine
1525 4868 1635 4911 non

77 4940 283 5001 Potuisse
328 4945 613 5015 generari,
658 4947 754 5017 qni
786 4956 1039 5003 asserunt
1083 4963 1151 5003 ex
1193 4945 1421 5003 muliere
1470 4945 1635 5003 editis

78 5026 292 5093 humanis
314 5040 563 5110 partibus
593 5040 832 5112 virgines
871 5055 1215 5111 permanere.
1246 5040 1382 5096 Aliis
1407 5047 1635 5110 praestat

75 5132 181 5194 ergo
204 5127 445 5188 Christus
472 5133 615 5205 quod
641 5134 741 5189 sibi
782 5133 971 5189 dicunt
1004 5144 1263 5204 praestare
1293 5148 1399 5189 non
1431 5130 1629 5204 potuit,

76 5210 149 5270 ille
176 5233 295 5279 vero
321 5239 543 5281 carnem
587 5225 666 5280 sic
713 5226 986 5295 suscepit,
1022 5232 1077 5280 ct
1123 5225 1203 5281 sic
1248 5225 1409 5279 homo
1458 5221 1634 5279 factus

75 5314 161 5371 est,
190 5328 207 5362 ι
237 5321 295 5367 ut
336 5316 611 5372 hominem
653 5317 973 5381 redimeret,
1024 5323 1187 5387 atque
1216 5331 1245 5370 a
1278 5320 1453 5380 morte
1478 5327 1632 5368 revo-

76 5407 217 5465 caret,
245 5403 466 5462 invitato
498 5415 677 5462 tamen
708 5408 859 5477 quasi
904 5407 1047 5463 Deus
1069 5421 1293 5462 munere
1316 5405 1464 5460 venit
1490 5404 1630 5460 inte-

77 5483 203 5555 lim,
260 5502 320 5549 ut
366 5498 820 5566 quemadmodum
876 5498 1131 5555 dixerat:
1183 5517 1201 5550 ι
1239 5497 1378 5554 Ecce
1431 5495 1631 5553 faciam

77 5580 233 5637 omnia
280 5600 418 5642 nova
469 5589 651 5661 (Apoc.
704 5604 822 5657 xxi,
855 5589 934 5661 5),
988 5610 1008 5644 ι
1065 5599 1221 5662 partu
1269 5587 1633 5645 immaculata:

80 5662 286 5740 Virginis
319 5691 651 5749 nasceretur,
690 5689 745 5737 et
770 5682 911 5737 sicut
955 5681 1216 5752 scriptum
1243 5689 1348 5747 est,
1385 5680 1636 5736 credere-

78 5763 153 5813 tur
176 5768 433 5825 nobiscum
469 5773 609 5830 Deus
658 5772 793 5847 (ἶσα.
825 5789 941 5842 vit,
968 5773 1079 5841 Μ).
1138 5773 1247 5830 Sed
1278 5775 1343 5829 de
1379 5775 1465 5829 via
1503 5789 1631 5844 per-

69 5854 316 5914 versitatis
351 5865 662 5931 produntur
713 5865 898 5923 dicere
942 5883 956 5920 :
991 5863 1159 5939 Virgo
1192 5865 1487 5937 concepit.
1538 5864 1633 5922 50d

1739 4760 1902 4816 annis
1949 4768 2157 4832 septem
2213 4776 2245 4816 a
2311 4759 2626 4830 virginitate
2675 4774 2816 4827 sua,
2874 4766 2930 4815 et
2994 4758 3112 4814 haec
3175 4755 3343 4814 vidua

1739 4851 1899 4907 annis
1918 4850 2009 4908 84.
2041 4869 2060 4903 ‹
2088 4852 2219 4919 Quae
2256 4867 2365 4908 non
2404 4850 2720 4908 discedebat
2744 4865 2776 4905 a
2806 4847 3008 4921 templo
3032 4845 3254 4918 jejuniis
3279 4853 3341 4905 et

1737 4941 2208 4999 obsecrationibus
2236 4943 2481 4999 serviens
2501 4942 2590 4999 die
2613 4940 2884 4998 aonocte?
2910 4938 3064 5013 (Luc.
3085 4955 3148 5007 tt,
3166 4938 3285 5012 56.)
3306 4956 3334 4996 ι

1735 5035 1926 5092 Merito
1955 5035 2025 5091 ab
2055 5034 2162 5091 illis
2190 5035 2426 5091 viduitas
2465 5034 2782 5105 despicitur,
2818 5048 2940 5103 qum
2966 5031 3103 5089 solet
3147 5031 3340 5089 obser-

1736 5143 1867 5183 vare
1905 5127 2111 5198 jcjunia
2135 5168 2151 5195 ,
2199 5128 2396 5199 quibus
2424 5142 2484 5183 se
2526 5126 2712 5183 dolent
2758 5125 2848 5181 isti
2883 5124 3065 5196 aliquo
3091 5132 3341 5197 tempore

1736 5236 1857 5278 esse
1908 5230 2233 5287 maceratos,
2261 5230 2317 5276 et
2367 5221 2641 5292 prepriam
2666 5218 3004 5276 ulciscuntur
3046 5218 3336 5291 injuriam,

1737 5314 2174 5385 quotidianisque
2203 5312 2486 5380 conviviis,
2541 5325 2752 5383 usuque
2801 5309 3030 5366 luxurim
3089 5309 3335 5367 laborem

1737 5405 2079 5462 abstinentiae
2107 5403 2423 5478 propulsare
2466 5403 2812 5470 desiderant,
2849 5402 2941 5474 qui
2973 5401 3107 5458 nihil
3133 5400 3337 5459 rectius

1736 5495 1942 5553 faciunt
1966 5512 2130 5567 quam
2170 5496 2315 5568 quod
2343 5496 2446 5567 ipsi
2495 5510 2556 5552 se
2580 5510 2680 5552 suo
2707 5510 2804 5552 ore
2828 5495 3208 5560 condemnent,
3236 5490 3336 5550 sed

1735 5587 1907 5643 Deum
1946 5596 2196 5643 metuunt
2223 5603 2292 5644 ne
2321 5587 2376 5643 in
2406 5586 2526 5644 istis
2564 5586 2694 5644 illud
2728 5586 2994 5658 jejunium
3029 5593 3333 5658 reputetur.

1735 5678 1952 5751 Eligant
1989 5679 2133 5750 quod
2161 5678 2371 5745 volunt,
2409 5680 2452 5737 si
2487 5679 2781 5751 aliquando
2817 5678 3216 5754 jejunaverint,
3239 5691 3335 5751 ge-

1735 5781 1860 5828 rant
1891 5788 2022 5844 ergo
2053 5773 2177 5829 boni
2209 5771 2339 5829 facti
2388 5774 2472 5830 sui
2500 5773 2900 5846 paenitentiam.
2936 5772 2995 5829 Si
3021 5785 3325 5844 nunquam,

1681 5937 1694 5951 ,
1736 5879 1891 5924 suam
1918 5879 2050 5938 ergo
2081 5865 2187 5939 ipsi
2230 5866 2708 5940 intemperantiam
2754 5875 2814 5925 et
2852 5866 3123 5928 luxuriam
3153 5862 3341 5949 contis
