3888 6456
529 467 622 528 (Μ

1321 473 1613 529 APPEND.
1654 474 1745 530 AD
1778 474 1948 531 S/EC.
2004 475 2093 530 IX.
2134 506 2191 515 -
2222 474 2470 531 ISIDORI
2522 473 2964 532 MERCATORIS
3661 478 3739 536 699

527 591 765 651 teantur,
811 593 866 643 et
894 585 1014 644 ideo
1055 587 1238 643 dicunt
1265 587 1489 643 Paulum
1539 590 1765 645 luxuriae
1798 591 2112 661 magistrum
2143 595 2190 654 Α
2219 593 2454 648 amentia
2485 593 2527 648 si
2561 593 2771 650 venisse
2799 609 2905 650 non
2936 593 3208 658 creditur,
3241 607 3340 650 nec
3373 607 3581 650 carnem
3603 598 3740 654 credi-

530 676 719 753 fuisse.
765 677 836 731 At
876 679 998 748 quis
1048 679 1120 734 sit
1163 679 1473 735 sobrietatis
1520 683 1794 753 magister,
1829 682 1872 737 si
1901 682 2002 736 I‘ttit
2032 682 2118 737 ille

529 751 779 834 luxuria,
829 770 918 840 qui
965 771 1249 843 castigavit
1281 787 1477 841 corpus
1515 789 1693 838 suum,
1724 781 1778 828 et
1807 773 1858 828 in
1889 775 2122 829 servitu-

535 869 644 916 tem
675 863 882 934 redegit
919 863 969 934 (I
1003 863 1123 918 Cor.
1156 880 1236 929 ιιι,
1271 865 1363 936 27)
1392 907 1405 931 ,
1459 875 1621 936 atque
1673 864 1895 936 jejuniis
1939 866 2123 922 multis

534 968 595 1010 se
620 953 853 1010 debitam
883 954 1102 1011 Christo
1129 955 1529 1012 observantiam
1561 957 1816 1014 detulisse
1861 973 2125 1012 memora-

537 1049 652 1104 vit?
689 1063 794 1105 non
862 1058 921 1104 ut
961 1065 1020 1106 se
1063 1066 1268 1120 suaque
1304 1051 1570 1118 laudaret,
1623 1052 1717 1108 sed
1757 1061 1818 1107 ut
1865 1068 1962 1108 nos
1998 1051 2124 1122 quid

537 1155 890 1213 sequeremur
931 1144 1168 1200 doceret.
1204 1144 1294 1200 Ille
1321 1161 1451 1216 ergo
1479 1145 1746 1200 luxuriam
1798 1145 2003 1210 docuit,
2034 1145 2126 1214 qui

540 1233 655 1288 ait:
684 1232 784 1301 Qui
818 1236 994 1291 adhuc
1029 1237 1175 1291 velut
1203 1237 1449 1293 viventes
1481 1237 1548 1292 de
1582 1237 1683 1293 hoc
1718 1236 1918 1292 mundo
1943 1237 2129 1292 decer-

540 1323 688 1388 nitis,
724 1339 791 1380 ne
819 1325 1122 1397 tetigeritis,
1152 1343 1222 1384 ne
1244 1329 1699 1385 attaminaveritis
1726 1369 1741 1394 ,
1778 1343 1845 1384 ne
1875 1338 2127 1400 gustave-

541 1419 661 1475 ritis
709 1436 828 1490 quae
873 1430 1000 1477 sunt
1028 1424 1207 1477 omnia
1235 1423 1287 1478 in
1317 1422 1710 1492 corruptelam;
1739 1425 1828 1495 qui
1862 1425 1938 1480 ait
1970 1442 1983 1477 :
2012 1423 2127 1479 Non

542 1511 871 1582 indulgentia
916 1515 1179 1583 corporis,
1227 1530 1332 1569 non
1362 1516 1416 1570 in
1447 1515 1652 1572 honore
1682 1515 1862 1586 aliquo
1889 1516 1954 1570 ad
1983 1523 2136 1570 satu-

543 1602 758 1658 ritatem
791 1613 846 1660 et
869 1605 1200 1676 diligentiam
1227 1607 1431 1673 carnis,
1456 1624 1562 1662 non
1594 1609 1646 1662 in
1674 1608 1952 1664 desideriis
1981 1624 2132 1665 erro-

543 1693 638 1757 ris,
674 1694 765 1750 sed
809 1695 861 1750 in
905 1697 1097 1768 Spiritu
1134 1715 1242 1769 quo
1269 1709 1595 1756 renovamur
1636 1716 1756 1757 esse
1807 1702 2133 1757 vivendum?

545 1785 601 1844 Si
642 1802 830 1856 parum
870 1799 954 1845 est
989 1792 1132 1861 quod
1175 1792 1465 1863 Apostolus
1507 1794 1664 1858 dixit,
1723 1795 1947 1849 audiant
2001 1811 2130 1865 pro-

541 1877 760 1947 phetam
792 1880 1098 1938 dicentem:
1133 1901 1149 1935 t
1185 1883 1247 1938 Et
1294 1885 1549 1956 cooperui
1583 1885 1634 1940 in
1660 1885 1865 1956 jejunio
1895 1888 2128 1941 animam

2223 691 2310 738 tur
2333 685 2669 755 suscepisse?
2721 686 2864 757 Ergo
2914 686 2966 740 in
3015 685 3394 755 phantasmate
3433 686 3570 744 visus
3593 699 3679 754 est,

2222 778 2596 848 phantasmate
2630 778 2922 835 cruciﬁxus
2967 788 3067 843 est,
3120 778 3172 834 in
3211 780 3434 833 veritate
3475 778 3744 853 Redemptor

2223 880 2306 926 est
2339 881 2539 927 noster.
2595 871 2922 926 Manichacus
2971 880 3054 926 est
3085 871 3178 941 qui
3209 871 3438 940 abnegat
3480 871 3742 938 veritatem,

2224 963 2314 1032 qui
2343 977 2562 1017 carnem
2608 961 2809 1017 Christi
2862 970 3052 1032 negat,
3085 971 3142 1016 et
3169 960 3290 1015 ideo
3316 979 3421 1017 non
3451 971 3531 1018 est
3571 962 3657 1016 illis
3683 979 3745 1018 re-

2224 1055 2413 1111 missio
2465 1063 2814 1125 peccatorum
2844 1093 2858 1120 ,
2917 1053 3010 1108 sed
3077 1053 3330 1124 impietas
3394 1048 3748 1111 Manichmorum

2226 1164 2385 1218 quam
2430 1159 2485 1203 et
2532 1146 2986 1202 clementissimus
3012 1154 3327 1202 exsecratus
3371 1153 3452 1200 est
3497 1146 3748 1215 imperator,

2227 1251 2281 1296 et
2314 1256 2501 1296 omnes
2542 1241 2632 1311 qui
2666 1239 2786 1295 illos
2814 1240 3068 1296 viderunt
3110 1240 3263 1309 quasi
3292 1239 3534 1309 quaedam
3558 1238 3750 1307 contagia

2229 1333 2564 1406 refugerunt,
2600 1334 2740 1389 sicut
2772 1342 2937 1389 testes
2981 1343 3108 1388 sunt
3135 1332 3354 1396 fratres,
3386 1341 3442 1387 et
3471 1333 3753 1402 eompresliy-

2231 1425 2334 1480 teri
2371 1425 2540 1479 nostri
2585 1423 2882 1489 Crescens,
2915 1423 3248 1494 Leopardus,
3280 1431 3336 1477 et
3364 1421 3648 1475 Alexander
3666 1432 3754 1474 san‘

2232 1525 2320 1572 cto
2346 1515 2646 1571 servientes
2681 1517 2900 1586 spiritu,
2929 1516 3020 1586 qui
3049 1530 3142 1571 eos
3176 1515 3418 1570 omnium
3449 1514 3755 1569 ettsceratione

2233 1610 2518 1666 damnatos
2565 1609 2951 1664 Mediolanensi
2999 1623 3064 1663 ex
3105 1609 3250 1683 urbe.
3289 1607 3542 1679 profugos
3585 1605 3754 1677 relique-

2233 1711 2381 1756 runt.
2406 1701 2592 1772 Itaque
2608 1700 2979 1765 Iovinianum,
3007 1699 3348 1764 Auseutinm,
3368 1697 3752 1760 Germinatorem,

2232 1791 2490 1857 Felicem,
2537 1791 2842 1858 Plotinum,
2892 1790 3205 1853 Genialem,
3235 1788 3756 1852 Martianum,lanua-

2236 1887 2400 1951 rium,
2442 1893 2498 1940 et
2540 1883 2849 1956 Ingenium,
2890 1897 3027 1954 quos
3079 1881 3340 1938 sanctitas
3389 1889 3475 1935 tua
3529 1879 3756 1941 damnavit,

542 1985 718 2024 meam
747 1971 918 2042 (Psal.
948 1975 1157 2044 vaui).
1191 1993 1209 2025 ι
1236 1974 1376 2044 Ergo
1399 1975 1490 2045 qui
1517 1992 1621 2030 non
1641 1973 1874 2046 jejunat,
1903 1976 2137 2033 intectus
2164 1968 2210 2028 Β
2240 1979 2381 2034 scias
2425 1979 2564 2048 apud
2621 1993 2719 2032 nos
2768 1991 2984 2048 quoque
3028 1977 3326 2032 secundum
3369 1973 3615 2044 judicium
3655 1979 3758 2023 tuum
3828 2007 3829 2011 η

543 2070 598 2117 et
627 2062 801 2118 nudus
846 2074 969 2127 est,
1001 2073 1148 2133 patet
1175 2065 1420 2121 'vulneri.
1473 2068 1716 2137 Denique
1766 2067 1813 2122 si
1853 2067 2026 2122 Adam
2077 2082 2138 2124 se

546 2154 773 2209 texisset
793 2155 846 2208 in
871 2155 1097 2226 jejunio,
1115 2174 1222 2213 non
1253 2157 1445 2216 fuisset
1471 2161 1644 2215 nudus
1668 2158 1912 2226 effectus,
1947 2159 2139 2215 Ninive

546 2257 606 2299 se
657 2258 686 2297 a
733 2255 912 2300 morte
948 2232 1153 2316 jejunio
1203 2247 1451 2303 liberavit
1487 2249 1634 2319 (Ion.
1661 2266 1742 2316 ιιι,
1775 2250 1916 2323 5-9),
1947 2261 2000 2305 et
2028 2251 2142 2322 ipse

547 2334 808 2392 Dominus
854 2338 971 2392 ait:
1009 2358 1027 2391 ι
1064 2339 1178 2394 Νοιι
1222 2341 1469 2411 ejicietur
1507 2344 1607 2398 hoc
1651 2359 1845 2415 genus,
1889 2345 1994 2400 nisi
2044 2360 2141 2415 per

546 2429 847 2488 orationem
879 2439 936 2486 et
957 2430 1223 2500 jejunium
1253 2433 1468 2506 (Matth.
1523 2452 1658 2503 xvtt,
1687 2437 1799 2510 20).
1838 2457 1854 2490 ι
1889 2438 1982 2494 sed
2009 2439 2138 2508 quid

545 2519 701 2591 plura
749 2522 889 2593 apud
931 2525 1247 2594 magistrum
1292 2535 1455 2596 atque
1494 2528 1818 2594 doctorem,
1864 2545 1985 2584 cum
2024 2529 2137 2600 jam

547 2612 768 2684 digmtm
844 2616 1074 2684 pretium
1120 2618 1404 2674 retuleriut
1449 2620 1522 2676 illi
1569 2622 1807 2692 perfidiae
1857 2637 1998 2687 sum,
2047 2623 2139 2692 qui

549 2705 672 2762 ideo
729 2707 833 2764 huc
884 2719 1153 2766 venerunt
1191 2727 1259 2768 ne
1287 2725 1594 2784 superesset
1638 2715 1784 2772 Io'cus
1811 2716 1864 2771 in
1895 2731 2002 2786 quo
2032 2733 2140 2772 non

550 2798 936 2856 damnarentur
963 2840 976 2867 ,
1007 2804 1098 2872 qui
1127 2819 1256 2860 vere
1301 2819 1358 2861 se
1403 2805 1730 2862 Maniclneos
1778 2806 2143 2877 probaverunt

552 2906 658 2947 non
705 2893 987 2950 credentes
1011 2937 1027 2960 ,
1055 2896 1183 2966 quia
1227 2913 1293 2953 ex
1323 2897 1546 2969 Virgine
1574 2900 1762 2970 utique
1791 2900 2003 2955 venisse
2030 2915 2144 2956 cre-

551 2981 698 3039 ditur
722 2984 744 3039 ?
765 2984 1022 3052 Quaenam
1055 2987 1171 3044 haec
1202 2997 1285 3045 est
1324 2991 1528 3062 subpar
1549 3006 1810 3048 novorum
1833 2991 2140 3050 Iudaeorum

2241 2087 2364 2128 esse
2421 2073 2726 2128 damnatos.
2781 2071 3111 2126 Incolumem
3180 2079 3230 2130 te
3282 2078 3338 2124 et
3389 2065 3760 2122 ﬂorentissimum

2241 2161 2386 2218 Deus
2426 2170 2612 2218 uoster
2653 2171 2870 2218 tueatur
2911 2159 3264 2230 Omnipotens
3288 2197 3303 2222 ,
3337 2157 3549 2212 domine
3589 2153 3762 2209 dilectis-

2243 2253 2378 2308 sime
2416 2251 2602 2307 frater.
2651 2252 2783 2307 ltem
2807 2291 2823 2316 ,
2879 2250 3210 2320 subscriptio
3245 2263 3394 2319 :ego
3443 2246 3668 2301 Eventius
3685 2243 3764 2312 epi-

2243 2360 2438 2414 scopus
2465 2343 2642 2399 saluto
2680 2342 3024 2398 sanctitatem
3059 2350 3203 2395 tuam
3235 2339 3288 2393 in
3328 2338 3580 2400 Domino,
3605 2343 3650 2389 et
3679 2333 3764 2388 huic

2245 2437 2504 2494 Ecclesia:
2533 2435 2853 2505 subscripsi,
2896 2434 3163 2489 Maximus
3189 2432 3499 2502 episcopus,
3525 2428 3653 2484 Felix
3687 2426 3764 2496 epi-

2242 2545 2457 2601 sc0pus,
2494 2530 2759 2584 Bazianus
2779 2529 3062 2599 episcopus
3083 2565 3098 2592 ,
3127 2524 3440 2603 Theo-dolus
3462 2523 3704 2594 episcopus
3720 2531 3765 2571 et

2238 2622 2392 2694 jussu
2441 2621 2652 2676 Domini
2679 2619 2919 2691 episcopi
2964 2616 3338 2681 Germiniani,
3394 2615 3506 2684 ipso
3545 2615 3764 2683 prasente

2241 2715 2420 2786 Aprus
2458 2715 2762 2786 presbyter,
2813 2711 3070 2768 Eutasius
3123 2711 3438 2781 episcopus,
3491 2701 3768 2763 Constantina

2245 2809 2560 2878 episcopus,
2612 2806 2896 2864 Eustasius
2957 2805 3269 2877 episcopus,
3323 2819 3392 2861 eo
3419 2815 3596 2861 omnes
3633 2795 3769 2854 ordine

2248 2901 2708 2972 subscripserunt.
3107 2901 3112 2904 ’

601 3177 3752 3209 W

991 3303 1631 3426 INCIPIUNT
1705 3321 2245 3424 DECRETA
2313 3323 2928 3420 ANASTASII
3008 3323 3396 3415 ΡΑΡλΕ.

559 3569 564 3572 ·
625 3547 960 3603 Αιιιιςτλειυε
977 3545 1264 3617 episcopus
1281 3585 1296 3613 ,
1324 3545 1536 3602 cunctis
1561 3543 1902 3601 Germanicis
1927 3553 1980 3600 et
2009 3542 2146 3597 Bur-
2175 3523 2222 3588 C
2256 3543 2554 3607 municare,
2573 3551 2670 3597 aut
2692 3541 2852 3596 ullam
2883 3556 3006 3597 cum
3026 3539 3106 3595 eis
3129 3538 3592 3609 participationem
3614 3533 3770 3591 liam

555 3640 770 3712 gundim
797 3639 1033 3710 regionis
1059 3638 1346 3710 episcopis,
1381 3641 1433 3694 in
1462 3637 1692 3694 Domino
1730 3638 1979 3694 salutem.

634 3729 812 3799 Exigit
847 3729 1064 3784 dilectio
1110 3738 1310 3794 vestra,
1361 3729 1700 3797 charissimi,
1728 3738 1787 3784 ut
1814 3743 1882 3785 ex
1907 3729 2149 3786 auctori-

558 3818 670 3877 tate
704 3821 849 3877 sedis
878 3820 1188 3891 apostolica:
1231 3821 1428 3878 vestris
1454 3822 1775 3878 deberemus
1825 3821 2153 3891 respondere

555 3913 839 3973 consultis.
863 3922 918 3968 et
941 3915 1189 3984 quamvis
1217 3929 1324 3970 non
1351 3914 1582 3984 prolixe,
1607 3917 1701 3970 sed
1726 3917 2024 3981 succincte,
2049 3915 2152 3970 hoc

557 4017 720 4076 agere
745 4016 964 4078 propter
987 4007 1246 4076 quasdam
1276 4007 1411 4063 alias
1437 4009 1825 4078 occupationes
1869 4008 2156 4068 festinare.

559 4099 697 4153 inus.
729 4096 914 4152 Denuo
939 4107 1120 4152 tamen
1161 4099 1205 4153 si
1235 4113 1460 4154 necesse
1496 4100 1657 4156 fuerit
1678 4101 1750 4156 ub
1789 4102 1884 4156 has
1906 4101 1990 4155 vel
2022 4100 2156 4156 alias

558 4189 942 4258 occupationes
963 4190 1117 4260 quasi
1141 4191 1208 4245 ad
1236 4200 1398 4261 caput
1436 4193 1654 4249 mittere
1697 4194 2020 4249 charitative
2046 4207 2153 4249 non

558 4279 820 4337 dubitetis
853 4323 869 4348 ,
892 4282 1018 4353 quia
1053 4291 1264 4338 vestras
1288 4298 1478 4354 preces
1507 4295 1562 4340 et
1609 4302 1754 4342 nunc
1792 4295 1846 4341 et
1897 4295 2025 4342 tunc
2064 4301 2153 4341 ac-

561 4378 748 4444 ceptas
776 4375 1054 4430 habemus.
1081 4376 1410 4448 Signiﬁcatis
1449 4379 1592 4433 enim
1619 4381 1880 4450 quosdam
1907 4380 2158 4435 sacerdo-

563 4474 644 4522 tes
675 4468 726 4522 in
767 4467 997 4523 ecclesia
1024 4469 1238 4538 quando
1266 4468 1517 4541 leguntur
1547 4472 1834 4543 Evangelia
1863 4473 2072 4535 sedere,-
2101 4481 2157 4526 et

561 4559 774 4617 Domini
817 4559 1118 4617 Salvaturis
1156 4563 1319 4616 verba
1350 4579 1455 4618 non
1501 4572 1730 4629 stantes,
1778 4564 1870 4619 sed
1909 4564 2156 4619 sedentes

557 4655 771 4720 audire,
814 4662 869 4708 et
920 4655 1026 4709 hoc
1063 4669 1131 4709 ex
1160 4653 1423 4722 majorum
1461 4658 1751 4712 traditione
1781 4671 1838 4711 se
1885 4659 2157 4727 accepisse

559 4756 804 4803 narrant.
881 4745 1034 4814 Quod
1115 4746 1422 4802 nullatenus
1484 4748 1738 4818 deinceps
1793 4747 1909 4802 ﬁeri
1963 4748 2156 4803 sinatis

557 4837 856 4908 apostolica
900 4836 1228 4893 auctoritate
1266 4837 1608 4902 mandamus,
1675 4837 1768 4891 sed
1815 4837 1938 4891 dum
1968 4846 2153 4891 sancta

2255 3636 2569 3706 priusquam
2598 3635 2664 3689 ad
2687 3646 2890 3690 rectam
2920 3642 3312 3690 convertantur
3335 3632 3513 3694 ﬁdem,
3538 3645 3624 3686 nec
3643 3638 3774 3684 eorum

2255 3727 2394 3784 male
2411 3728 2724 3798 pullulantia
2740 3728 2946 3782 semina
2964 3743 3082 3797 quas
3099 3743 3128 3781 a
3146 3726 3372 3782 nobisin
3395 3727 3521 3782 urbe
3534 3724 3774 3792 exstingua-

2256 3829 2363 3883 tur,
2392 3822 2642 3889 pessimis
2664 3820 2942 3875 vobiscum
2966 3819 3236 3875 radicibus
3258 3818 3588 3874 seminentur
3608 3812 3676 3870 vel
3693 3824 3774 3882 ger-

2256 3913 2552 3968 minentur.
2577 3913 2618 3982 ι
2629 3914 2736 3984 70
2757 3912 3025 3967 Plurimos
3041 3927 3169 3966 vero
3184 3926 3378 3966 eorum
3395 3919 3448 3966 et
3459 3925 3561 3966 suae
3586 3915 3774 3976 sequaces

2256 4008 2570 4078 impietatis,
2594 4017 2752 4076 atque
2780 4007 2994 4061 illorum
3016 4006 3269 4060 doctores
3301 4001 3630 4074 investigatio
3650 4001 3774 4051 nostra

2255 4103 2478 4173 reperit,
2523 4099 2799 4171 vigilantia
2843 4098 3157 4169 divulgavit,
3197 4098 3504 4153 auctoritas
3535 4105 3582 4150 et
3612 4088 3775 4146 censm

2257 4193 2518 4258 coercuit,
2563 4207 2698 4261 quos
2740 4191 3014 4261 potuimus
3058 4189 3357 4245 emendare
3399 4184 3711 4245 correximus.
3735 4175 3775 4230 Et

2255 4296 2317 4340 ut
2345 4287 2666 4340 damnarent
2704 4282 3060 4338 Manichmum
3103 4297 3227 4338 cum
3274 4278 3640 4351 prmdicatione
3666 4267 3777 4327 etdi-

2257 4378 2501 4448 sciplinis
2537 4378 2650 4432 suis
2677 4375 2889 4446 publica
2920 4375 2974 4430 in
3007 4374 3244 4430 Ecclesia
3280 4371 3621 4442 proiessione,
3643 4371 3686 4420 et
3703 4372 3775 4414 m2-

2257 4485 2360 4526 nus
2405 4485 2515 4524 suae
2555 4467 2950 4537 subscriptione
2987 4465 3372 4534 compulimus,
3404 4473 3458 4518 et
3487 4462 3553 4515 ita
3583 4458 3637 4511 de
3671 4463 3775 4506 vora-

2258 4564 2380 4632 gine
2434 4561 2725 4631 impietatis
2781 4575 2891 4614 suae
2948 4556 3230 4613 confessos
3286 4550 3595 4626 pmnitentia
3639 4553 3774 4601 conte.

2259 4654 2431 4710 dendo
2467 4652 2788 4707 lcvavimus.
2832 4648 3111 4720 Aliquanti
3153 4663 3282 4702 vero
3311 4648 3403 4716 qui
3447 4646 3515 4699 ita
3551 4657 3602 4696 se
3628 4638 3776 4692 demer-

2258 4755 2465 4808 serunt,
2509 4753 2568 4797 ut
2613 4741 2819 4797 nullum
2863 4742 2948 4797 his
2980 4739 3289 4794 auxiliantis
3335 4735 3616 4792 remedium

2261 4839 2570 4900 subvenire,
2613 4835 2809 4890 subditi
2847 4833 3055 4902 legibus
3088 4831 3388 4886 secundum
3424 4824 3773 4884 Christianorum

564 4926 853 4998 Evangelia
877 4926 931 4981 in
957 4926 1184 4983 ecclesia
1212 4927 1526 4989 recitantur,
1554 4927 1868 4982 sacerdotes
1893 4936 1945 4981 et
1971 4927 2152 4981 creteri
2182 4897 2235 4957 Β
2260 4931 2562 5001 principum
2594 4927 2912 4991 constituta,
2947 4941 3013 4979 ne
3053 4932 3300 4979 sanctum
3348 4934 3553 4992 gregem
3585 4927 3662 4969 sua
3684 4919 3772 4961 00'"

559 5031 758 5075 otnnes
811 5035 919 5075 non
979 5021 1270 5083 sedentes,
1327 5020 1420 5073 sed
1479 5019 1862 5073 venerabiliter
1905 5019 2052 5073 curvi
2099 5019 2152 5073 in

561 5121 858 5182 conspectu
887 5111 1165 5182 Evangelii
1195 5120 1405 5168 stantes
1456 5111 1732 5167 Dominica
1763 5113 1926 5166 verba
1951 5111 2155 5165 intente

561 5203 808 5269 audiant,
835 5211 891 5259 et
921 5203 1149 5259 ﬁdeliter
1175 5204 1425 5260 adorent.

637 5294 901 5351 Similiter
928 5306 983 5350 et
1011 5298 1404 5352 transmarinos
1446 5297 1710 5360 homines,
1740 5295 1805 5350 de
1839 5297 2033 5365 quibus
2061 5313 2158 5354 nos

562 5389 935 5452 consuluistis,
972 5391 1024 5446 in
1060 5390 1346 5446 clericatus
1396 5390 1602 5447 honore
1649 5389 1813 5444 nolite
1862 5390 2159 5458 suscipere,

565 5487 674 5542 nisi
710 5485 949 5555 quinque
992 5492 1087 5538 aut
1117 5497 1184 5539 eo
1215 5483 1443 5553 amplius
1473 5483 1847 5552 episcoporum
1887 5482 2167 5551 chirogra-

559 5581 694 5654 phis
723 5581 834 5636 sint
878 5577 1166 5648 designati,
1220 5575 1341 5645 quia
1403 5577 1568 5631 multa
1618 5590 1716 5646 per
1756 5575 2160 5643 subreptionem

564 5671 746 5728 solent
783 5669 1023 5726 evenire.
1070 5665 1138 5722 Et
1178 5665 1297 5722 ideo
1343 5665 1457 5722 haec
1500 5679 1844 5735 summopere
1891 5673 2016 5718 sunt
2065 5679 2158 5718 ca-

569 5765 766 5820 nuda.

645 5855 970 5914 Mattichaeos
1006 5867 1136 5913 vero
1164 5867 1298 5926 quos
1343 5853 1397 5907 in
1448 5853 1582 5908 urbe
1615 5853 1785 5908 Roma
1831 5853 2156 5917 invenimus,

571 5955 630 6008 et
673 5961 936 6019 sequaces
977 5963 1167 6006 eorum
1190 5945 1357 6005 nolite
1383 5943 1641 6015 recipere,
1671 5958 1844 6016 neque
1889 5945 1968 5999 eis
2015 5960 2160 6000 com-

2263 5024 2478 5091 tagioue
2520 5021 2846 5091 polluerent,
2905 5032 3002 5088 per
3046 5016 3291 5086 publicos
3337 5012 3542 5081 iudices
3586 5005 3773 5093 Ρετβῗίίξθ

2262 5090 2388 5171 sunt
2413 5090 2604 5169 exsilio
2653 5111 2872 5182 relegati
2921 5117 2977 5164 et
3014 5107 3196 5162 omnia
3237 5121 3359 5176 qua:
3389 5112 3492 5158 tam
3537 5100 3584 5154 in
3618 5090 3774 5182 serit)“s

2263 5221 2427 5276 quam
2457 5204 2509 5258 in
2553 5177 2792 5259 occultis.
2813 5198 3191 5256 traditionibus
3221 5195 3335 5251 suis
3383 5193 3574 5248 habent
3611 5177 3770 5276 profana

2264 5271 2346 5351 vel
2394 5295 2594 5365 turpia,
2640 5303 2697 5347 ut
2744 5301 2927 5346 nosset
2973 5287 3199 5358 populus
3248 5285 3378 5355 quid
3429 5279 3677 5365 refugeret.
3711 5271 3772 5320 ειη

2265 5361 2499 5454 vitaret,
2541 5385 2712 5441 oculis
2759 5382 3080 5439 Christiania
3123 5379 3296 5449 plebis
3344 5384 3486 5430 certa
3528 5361 3769 5456 manifesta.-

2266 5481 2410 5534 tione
2455 5478 2822 5548 probavimus,
2871 5473 3008 5528 adeo
3052 5480 3110 5526 ut
3157 5471 3271 5541 ipse
3301 5468 3391 5537 qui
3423 5463 3666 5520 dicebatur
3689 5461 3768 5517 epl°

2263 5586 2459 5641 sc0pns
2484 5587 2513 5625 a
2541 5568 2696 5624 nobis
2735 5576 2914 5622 tentus
2939 5563 3193 5634 proderet
3227 5559 3483 5632 ﬂagitiosa
3509 5548 3671 5610 insitis
3689 5552 3770 5641 uti:

2263 5631 2445 5718 steriis
2467 5675 2584 5730 quae
2613 5665 2842 5722 teneret,
2871 5631 3011 5711 sicut
3040 5662 3314 5724 gestorum
3344 5664 3438 5702 vos
3465 5643 3610 5700 series
3627 5631 3768 5735 ροξεηί

2264 5753 2512 5812 edocere.
2545 5752 2626 5807 Ad
2675 5751 3087 5807 instructionem
3115 5747 3255 5803 enim
3285 5754 3508 5800 vestram
3535 5735 3668 5832 etiarn
3688 5734 3765 5832 IIIS-3

2267 5848 2585 5910 direximus,
2621 5843 2816 5914 quibus
2859 5840 3080 5904 relictis.
3110 5838 3292 5898 omnia
3331 5850 3448 5906 qua:
3485 5847 3514 5886 a
3549 5821 3675 5882 nobis

2269 5939 2536 6014 prehensa
2574 5907 2721 6002 sunt,
2769 5947 2926 5991 nosse
2959 5930 3227 6004 poteritis.
3278 5927 3344 5983 Et
3386 5923 3502 5997 quia
3535 5907 3765 5984 aliquanti!5
