3888 6440
62 389 157 448 093

1205 375 1699 446 DECRETALIUM
1734 372 2139 446 costume.

3222 382 3334 448 σοι

60 508 120 562 de
157 505 239 561 his
263 512 400 575 quos
436 507 505 559 ne
543 498 974 572 absolverentur,
1009 503 1215 560 arctior
1255 511 1439 558 reatus
1467 489 1640 557 invol-
1667 506 1712 565 Α
1741 503 1987 573 partibus
2013 503 2271 575 adjuvare
2315 502 2517 560 studes.
2566 496 2721 559 Unde
2766 502 2820 557 et
2867 499 3095 557 Domino
3135 500 3337 573 gratias

61 606 197 654 verat
243 598 592 669 cognovimus
632 597 913 669 aufugisse
936 638 951 665 ,
1002 598 1131 653 hinc
1180 597 1247 653 ad
1292 596 1639 653 dilectionem

46 699 278 752 .restram
311 690 597 759 epistolam
638 690 904 753 misimus,
946 698 1005 745 ut
1045 688 1237 746 eﬁ'ecta
1276 689 1478 746 certior
1511 701 1638 744 san-

60 780 203 835 ctitas
224 788 401 834 vestra
419 779 703 836 sollicitius
724 794 889 851 agere
911 779 1161 849 dignetur
1181 787 1238 836 et
1259 779 1493 843 cautius,
1512 790 1639 834 nec-

59 874 137 929 ubi
165 872 474 930 llauicliaza
497 874 871 944 perversitatis
910 873 1159 930 homines
1196 866 1382 942 plebes
1431 878 1643 927 vestras

59 964 353 1019 facultatem
396 964 655 1031 liedendi,
681 974 735 1019 et
760 962 923 1034 hujus
948 963 1216 1033 sacrilegii
1246 962 1457 1033 possint
1483 961 1638 1015 inve-

57 1060 162 1116 nire
189 1056 461 1114 doctores.
506 1058 679 1115 Aliter
705 1061 851 1114 enim
900 1059 1058 1115 nobis
1101 1058 1420 1114 commissos
1452 1064 1641 1127 regere

58 1166 149 1206 non
190 1164 501 1219 possumus,
535 1150 639 1206 nisi
685 1149 902 1221 hosqui
930 1150 1080 1204 situt
1117 1147 1360 1220 perversi
1391 1147 1641 1202 doctores

57 1250 104 1297 et
135 1242 342 1311 perditi,
394 1242 519 1299 zelo
568 1242 691 1299 ﬁdei
723 1243 1476 1313 Dominictepersequamur,
1523 1250 1577 1296 et
1604 1256 1641 1297 'a

58 1334 154 1393 suis
190 1334 464 1391 mentibus
493 1334 587 1407 (ne
633 1336 800 1405 pestis
844 1335 963 1392 lucc
1004 1335 1169 1391 latius
1188 1334 1518 1408 divulgetur)
1554 1340 1642 1392 se-

59 1426 260 1482 veritate
299 1443 409 1498 qua
467 1432 758 1500 possumus
803 1424 1403 1493 aliscindamus.,Unde
1452 1430 1642 1485 hortor

59 1519 374 1577 dilectionem
401 1533 667 1588 vestram,
693 1523 937 1581 obtestor
962 1532 1017 1579 et
1048 1538 1264 1587 moneo,
1297 1531 1357 1578 ut
1394 1536 1517 1595 quae
1547 1523 1643 1579 ue-

59 1609 178 1666 lictis
194 1618 250 1667 et
288 1612 524 1683 potestis
553 1596 919 1671 soUicitutline
944 1615 1183 1687 vigiletis
1211 1614 1277 1669 ad
1308 1615 1641 1687 investigan-

62 1701 143 1756 dos
171 1717 281 1768 eos,
312 1704 511 1762 necubi
539 1705 846 1761 occultandi
887 1721 948 1762 se
987 1706 1264 1777 reperiant
1301 1707 1638 1763 facultatem.

61 1790 115 1851 ili
140 1792 327 1852 fratres
356 1795 521 1854 valde
561 1797 785 1853 cavendi
832 1806 979 1863 sunt,
1037 1813 1104 1853 ne
1148 1798 1490 1855 Dominicum
1519 1806 1641 1871 gre-

1742 608 1844 664 ago
1870 596 1962 667 qui
1996 603 2051 651 te
2083 596 2151 651 ad
2196 596 2299 654 hoc
2343 597 2584 670 instigat,
2615 603 2671 651 et
2713 605 2772 650 ut
2798 592 3246 667 perseverabilcm
3280 591 3335 648 in

1739 693 1900 750 bonis
1925 696 2180 766 operibus
2214 704 2265 753 te
2297 694 2458 752 faciat
2485 711 2672 751 exoro.
2705 693 2816 750 Nos
2846 704 3024 749 tamen
3053 700 3106 747 et
3133 691 3185 745 in
3215 692 3339 762 pro-

1740 786 1935 856 aperis,
1967 794 2020 841 et
2048 785 2103 841 in
2129 786 2372 842 adversis
2414 786 2582 843 Deum
2615 785 2843 840 laudare
2869 781 3154 855 magniﬁce
3180 784 3344 851 opor-

1742 884 1838 944 tet,
1869 882 1887 930 ἀ
1915 877 2139 950 ejusque
2159 880 2259 936 sub
2290 879 2492 951 potenti
2519 878 2795 934 humiliari
2828 888 3012 943 manu,
3037 882 3097 933 ut.
3124 873 3178 930 in
3207 868 3345 928 tetri-

1736 958 1873 1042 ἰ)ωό
1912 986 2008 1027 vos
2038 970 2402 1027 tribulationis
2435 970 2588 1041 juxta
2623 972 2842 1027 beatum
2874 967 3095 1024 Petrum
3129 974 3345 1038 aposw-

1739 1059 1851 1116 lum
1879 1061 2147 1118 conforte‘t
2175 1072 2229 1119 et
2255 1062 2456 1119 exaltet
2490 1061 2542 1134 (Ι
2576 1059 2720 1117 Patr.
2752 1076 2804 1125 v,
2839 1059 2916 1132 6).
2954 1079 2972 1113 ι
3007 1056 3346 1113 Fraternit'a-

1741 1155 1812 1211 tis
1838 1158 1968 1227 ergo
1989 1158 2182 1212 vestrm
2208 1153 2429 1212 albictio
2455 1170 2616 1227 quam
2647 1154 2714 1209 d'e
2744 1152 3034 1209 amissione
3059 1156 3342 1223 parentum

1739 1254 2046 1301 vestrorum
2095 1260 2193 1302 vos
2240 1244 2493 1301 habuisse
2540 1244 2888 1311 audivimus,
2944 1248 3145 1298 tantam
3188 1237 3346 1295 nobis

1738 1340 1963 1393 causam
2018 1337 2270 1394 maeroris
2315 1336 2535 1407 injecit,
2587 1345 2646 1391 ut
2696 1336 2824 1407 quia
2876 1344 2976 1391 nos
3025 1326 3090 1390 de
3138 1332 3345 1388 duobus

1738 1430 1981 1487 Charitas
2011 1444 2181 1486 unum
2209 1430 2361 1497 fecit,
2389 1446 2485 1486 cor
2513 1439 2759 1486 nostrum
2791 1430 2843 1485 iu
2874 1427 3069 1485 vestris
3093 1420 3343 1499 speciali-

1741 1520 1825 1579 ter
1874 1523 2306 1593 tribulationibus
2347 1525 2698 1581 sentiremus.
2751 1512 2859 1580 Sed
2908 1522 2963 1578 iii
3010 1522 3115 1577 hoc
3165 1520 3347 1576 dolore

1742 1614 1971 1671 iitultnm
2002 1630 2089 1671 me
2120 1614 2394 1671 consolata
2421 1625 2505 1671 cst
2534 1612 2839 1671 sanctitatis
2874 1623 2978 1670 tum
3007 1615 3073 1669 ad
3108 1614 3348 1667 animum

1744 1720 1833 1761 res
1859 1706 2111 1773 deducta,
2142 1708 2269 1777 quia
2293 1714 2347 1762 ct
2383 1706 2656 1777 patienter
2682 1705 2826 1761 ferre
2857 1705 3132 1760 tristitiam
3172 1700 3346 1767 decet,

1742 1805 1799 1851 et
1824 1796 1892 1851 de
1927 1805 2104 1851 morte
2137 1795 2310 1867 plebis
2336 1804 2440 1851 tua:
2470 1795 2697 1851 ulterius
2735 1794 2951 1867 longam
2996 1809 3100 1849 non
3146 1788 3351 1848 habere

60 1898 160 1954 gem
186 1888 633 1956 perversitatibus
659 1889 856 1959 quibus
889 1897 1117 1959 possunt
1148 1890 1523 1946 cantaminum
1547 1902 1636 1946 va-
1666 1880 1718 1943 Β
1742 1890 2079 1947 mmstitiam.
2130 1889 2209 1945 Ne
2278 1898 2458 1945 tamen
2510 1886 2690 1959 aliqua
2738 1886 2918 1943 adhuc
2964 1885 3241 1943 tribulatio
3292 1884 3348 1939 in

62 1973 200 2031 leant.
227 1976 364 2033 Sunt
384 1993 523 2049 ergo
548 1980 772 2049 quidam
794 1995 983 2036 eorum
1008 1988 1162 2035 veste
1185 1992 1282 2035 sua
1310 1993 1442 2036 oves
1468 1979 1638 2052 signi-

66 2071 274 2137 ﬁcantes,
320 2072 558 2130 interius
599 2090 728 2130 vero
765 2073 877 2145 lupi
921 2088 1149 2144 rapaces
1183 2073 1453 2144 existunt,
1499 2086 1639 2145 quos

58 2164 188 2233 juxta
216 2163 474 2246 Veritatis
509 2182 695 2229 vocem
740 2183 806 2223 ex
833 2165 1097 2222 fructibus
1139 2181 1328 2222 eorum
1376 2166 1639 2223 debemus

68 2268 324 2324 agnoscere
350 2255 574 2328 (Matth.
607 2273 707 2322 νυ.
730 2257 848 2328 30).
888 2255 1117 2325 Quando
1145 2265 1327 2312 autem
1371 2257 1639 2327 ereperint

67 2362 309 2403 assumere
331 2348 697 2419 impietatem,
727 2349 856 2405 illud
882 2350 1026 2421 quod
1050 2350 1416 2407 occultabitur
1439 2350 1492 2404 in
1535 2349 1640 2405 illis

69 2438 294 2506 aperitur,
326 2447 382 2494 et
408 2438 570 2495 dolus
599 2441 779 2496 omnis
810 2440 871 2497 lit
893 2440 1146 2497 omnibus
1182 2441 1521 2498 manifestus.
1549 2440 1638 2495 ln-

68 2527 318 2582 veuiuutur
341 2543 565 2598 quoque
601 2529 831 2585 inﬁrma:
863 2530 985 2586 ﬁdei
1022 2532 1291 2597 homines,
1334 2539 1390 2586 et
1431 2531 1522 2601 qui
1552 2530 1637 2587 di—

69 2616 192 2671 vinas
236 2616 499 2674 lectiones
541 2619 766 2683 sitiunt,
809 2635 994 2675 secum
1036 2636 1131 2677 eos
1175 2621 1226 2676 in
1274 2622 1638 2692 perditionem

70 2708 403 2778 pt'tecipitant,
456 2709 727 2780 dissipant
768 2709 913 2766 enim
962 2719 1019 2767 et
1060 2711 1370 2781 vituperant
1415 2711 1639 2768 Patrum

54 2796 376 2868 disciplinas,
447 2808 510 2854 et
570 2799 886 2870 relinquunt
937 2812 1154 2859 sanctas
1207 2802 1519 2873 Scripturas
1570 2802 1640 2858 ad

73 2903 195 2944 suam
217 2894 600 2962 perditionem,
632 2908 769 2963 quos
792 2896 878 2965 (ut
901 2895 1220 2964 praedictum
1247 2896 1352 2967 est)
1378 2895 1641 2952 debemus

72 2980 330 3047 providere,
370 2992 425 3039 et
459 2984 531 3039 ab
560 2983 645 3039 bis
674 2983 900 3040 nmltum
949 2999 1165 3051 cavere,
1214 3002 1283 3041 ne
1333 2986 1385 3041 in
1433 2986 1640 3043 malitia

76 3070 138 3123 sui
166 3070 316 3143 aliqui
340 3073 600 3145 occupati
632 3074 922 3130 concidant
950 3074 1019 3130 de
1061 3090 1157 3130 sua
1212 3076 1489 3132 ﬁrmitate.
1542 3076 1641 3132 Sa-

75 3158 164 3216 luto
199 3161 370 3233 itaque
413 3178 540 3229 vos,
589 3148 813 3229 fratres,
857 3173 912 3219 et
959 3179 1149 3219 omnes
1191 3180 1312 3235 quae
1360 3165 1638 3221 vobiscum

77 3249 183 3308 bene
202 3257 431 3311 sentiunt
462 3255 752 3312 Ecclesias.
776 3255 886 3312 Nos
909 3272 1148 3327 quoque,
1173 3267 1232 3312 ut
1259 3258 1418 3313 modo
1442 3256 1638 3325 facitis,
1666 3243 1715 3307 C

74 3356 116 3398 et
156 3347 495 3419 alloquamiui
532 3359 658 3422 peto
720 3352 969 3409 crebrius
1005 3352 1239 3417 litteris,
1288 3362 1346 3408 et
1390 3352 1645 3424 frequen-

77 3436 160 3493 tius
188 3440 245 3494 de
279 3441 381 3497 ﬁde
426 3450 490 3496 et
529 3442 595 3497 de
624 3443 765 3498 bona
812 3444 1111 3501 intentione
1140 3455 1316 3503 vestra
1357 3456 1519 3517 atque
1556 3460 1644 3502 so-

75 3528 234 3599 spitate
260 3531 552 3596 laztilicate,
601 3542 661 3588 ut
700 3535 959 3605 gaudium
1006 3551 1299 3592 commune
1342 3536 1644 3593 habeamus

77 3628 116 3672 ct
133 3620 334 3681 Domino
358 3626 485 3698 pari
516 3634 642 3682 voto
665 3627 897 3685 ﬁdeliter
922 3629 1243 3685 serviamus.
1280 3630 1414 3685 Data
1463 3630 1645 3689 Nonas

79 3708 308 3782 Octobris,
327 3718 607 3774 Archadio
633 3728 687 3774 et
707 3718 952 3785 Bautoue
979 3720 1046 3777 lV
1074 3720 1343 3777 cousulib.

142 3829 387 3889 Anauasii
411 3850 569 3906 papa:
601 3832 1189 3962 Neriuttolzlebilissimo
1217 3838 1330 3891 viro
1356 3837 1557 3892 directa

728 3922 839 3962 ent:
917 3925 969 3962 a.

728 3917 969 3976 epulata.

134 3990 478 4053 Dilectissimo
503 3996 660 4053 fratri
691 3996 956 4065 Nsamtvo,
982 3999 1343 4058 ANAS'I‘ASIUS.

108 4079 277 4161 .Multa
309 4088 444 4143 milii
483 4089 536 4144 in
562 4087 812 4144 omnibus
845 4089 967 4146 ﬁdei
999 4100 1055 4147 et
1082 4090 1339 4147 bonitatis
1374 4099 1478 4147 tua:
1508 4089 1650 4148 litte-

81 4168 139 4236 lit
162 4172 308 4234 causa
333 4178 524 4251 gaudii
552 4188 656 4246 est,
686 4181 832 4252 quod
859 4192 1071 4239 tantum
1094 4183 1330 4239 studium
1351 4184 1500 4240 circa
1530 4184 1652 4241 reli-

69 4261 225 4341 gionis
257 4274 464 4329 cultum
491 4273 741 4342 exb‘mes,
784 4285 838 4331 et
869 4278 1082 4335 Domini
1112 4279 1425 4336 sacerdotes
1452 4280 1563 4358 tuis
1594 4281 1649 4337 iit

780 4426 787 4433 δ

1742 1988 1921 2040 vestra
1971 1991 2153 2040 mente
2202 1983 2459 2048 resideat,
2509 1981 2700 2037 hortor
2748 1980 3029 2051 qtricsccre
3064 1986 3093 2033 a
3139 1978 3347 2043 dolore,

1740 2078 1867 2149 quia
1918 2077 2177 2134 indecens
2202 2085 2286 2133 est
2334 2076 2401 2131 de
2449 2072 2556 2131 illis
2601 2074 2761 2131 taedio
2802 2073 3111 2129 amictionis
3146 2060 3349 2137 addici,

1736 2183 1881 2241 quos
1911 2169 2242 2225 credendum
2274 2176 2360 2224 est
2400 2164 2467 2223 ad
2500 2178 2686 2223 veram
2717 2167 2997 2223 moriendo
3027 2164 3192 2220 vitam
3221 2170 3349 2236 per-

1742 2261 1954 2315 venire.
1987 2259 2203 2315 Habent
2231 2257 2461 2315 forsitan
2488 2257 2565 2313 illi
2606 2255 2812 2328 justam
2851 2256 2996 2330 longi
3026 2252 3226 2312 doloris
3258 2264 3352 2310 ex-

1740 2355 2078 2410 cusationem
2104 2354 2197 2425 qui
2244 2352 2416 2409 vitam
2461 2352 2686 2408 alteram
2717 2349 2986 2415 nesciunt,
3018 2348 3109 2423 qui
3154 2348 3221 2404 de
3250 2347 3354 2431 boc

1740 2448 1943 2505 saeculo
1974 2448 2041 2503 ad
2076 2447 2270 2504 melius
2294 2460 2414 2504 esse
2442 2445 2732 2501 transitum
2770 2450 2877 2501 non
2915 2442 3212 2500 conﬁdunt.
3242 2434 3354 2497 Nos

1743 2550 1925 2597 autem
1958 2542 2050 2610 qui
2084 2540 2349 2604 novimus,
2385 2537 2477 2610 qui
2520 2536 2627 2594 hoc
2672 2537 2948 2594 credimus
2988 2542 3044 2593 et
3070 2532 3348 2591 docemus.

1738 2633 2057 2689 contristari
2101 2633 2327 2687 nimium
2361 2632 2428 2688 de
2461 2630 2787 2688 abeuntibus
2821 2644 2927 2686 non
2967 2629 3250 2694 debemus,
3282 2641 3351 2683 ne

1742 2726 1885 2797 quod
1934 2724 2075 2797 apud
2124 2725 2258 2781 alios
2292 2723 2515 2795 pietatis
2561 2730 2710 2779 tenet
2753 2721 3011 2793 speciem,
3046 2720 3150 2776 hoc
3194 2714 3353 2775 nobis

1742 2814 1917 2891 magis
1968 2818 2020 2873 iu
2071 2818 2227 2889 culpa
2278 2810 2391 2872 ﬁa‘t.
2427 2816 2565 2872 Nam
2615 2813 2926 2873 diﬂidehtite
2952 2808 3352 2883 quodammodo

1743 2905 1913 2984 genus
1950 2920 2035 2967 est
2064 2919 2253 2966 contra
2283 2906 2386 2967 hoc
2418 2909 2563 2982 quod
2592 2909 2822 2980 quisque
2851 2904 3178 2977 pr'mdicator
3205 2904 3353 2972 quae-

1742 3005 1815 3059 rit
1851 3002 2121 3072 justitiam
2168 3016 2392 3067 amans,
2442 3000 2657 3056 dicente
2700 2994 2958 3070 Apostolo
2988 3012 3001 3051 :
3037 3008 3055 3047 α
3092 2990 3353 3048 Nolumus

1744 3105 1923 3150 autem
1957 3108 2056 3148 vos
2102 3092 2355 3165 ignarare
2400 3091 2465 3149 de
2496 3090 2909 3156 dormientibus,
2960 3090 3020 3142 ut
3069 3094 3176 3141 non
3220 3088 3352 3139 c’on-

1747 3186 2039 3243 tristeutiui
2092 3187 2233 3243 sicut
2284 3194 2339 3242 et
2393 3187 2577 3243 eteterl
2627 3187 2718 3257 qui
2782 3198 2930 3255 spem
2981 3196 3087 3237 non
3150 3178 3353 3236 habent

1747 3278 1800 3350 (I
1843 3278 1993 3334 Thes.
2037 3290 2126 3344 tv,
2171 3276 2281 3351 l2).
2328 3294 2349 3332 ι
2401 3276 2515 3333 liae
2545 3276 2750 3348 itaque,
2796 3276 2968 3330 frater
3010 3272 3348 3336 charisslme,

1745 3372 1958 3427 ratione
2007 3378 2308 3442 perspecta,
2358 3366 2684 3426 Studendum
2734 3367 2891 3423 nobh
2936 3374 3019 3421 est
3072 3376 3143 3420 ne
3188 3362 3353 3436 (sicut

1742 3463 2006 3534 diximus)
2050 3462 2117 3518 de
2147 3463 2375 3517 mortuis
2400 3459 2720 3531 alliigamur,
2752 3459 2796 3515 si
2837 3457 3087 3513 allectum
3116 3453 3349 3510 viventi-

1744 3552 1848 3608 bus
1883 3553 2277 3622 impendamus,
2310 3551 2506 3623 quibus
2532 3559 2586 3606 et
2630 3551 2803 3621 pietas
2847 3549 2913 3603 ad
2954 3542 3263 3610 utilitatem,
3296 3548 3354 3600 et

1746 3646 1824 3701 sit
1866 3639 1934 3699 ad
1982 3642 2221 3700 fructum
2268 3644 2505 3700 dilectio.
2557 3642 2774 3713 Depone
2815 3648 2963 3710 ergo,
3008 3637 3349 3705 cbarisSime,

1752 3750 2065 3801 mmrorem,
2090 3745 2145 3791 et
2170 3751 2387 3791 assume
2414 3735 2749 3806 spiritualem
2779 3732 3012 3789 fructum
3048 3730 3243 3786 iretititb
3282 3718 3351 3784 ad

1746 3824 2043 3879 utilitatem
2086 3833 2289 3879 sanctae
2335 3823 2430 3879 Dei
2481 3824 2757 3891 Ecclesiae,
2799 3830 3190 3891 servorumque
3234 3818 3353 3888 eius

1748 3916 2083 3985 protectum,
2108 3924 2166 3971 et
2189 3916 2313 3971 vita:
2345 3914 2461 3985 ejus
2488 3930 2821 3987 quaecunque
2847 3914 2957 3970 sint
2986 3913 3159 3983 spatia
3185 3918 3350 3967 teter-

1748 4012 1839 4066 nis
1865 4011 2173 4081 divinisque
2199 4010 2389 4067 oiﬁciis
2419 4011 2693 4066 illustrare
2731 4008 3020 4072 contende,
3045 4013 3107 4062 ttt
3142 4004 3235 4077 qui
3265 4006 3350 4059 iri-'-

1748 4101 1959 4172 signem
1990 4108 2043 4157 te
2067 4103 2318 4171 praestitit
2345 4102 2535 4157 reddat
2558 4096 2659 4156 sibi
2685 4108 2785 4171 per
2809 4094 3005 4155 saacula
3030 4096 3352 4153 steculoruru

1752 4192 2064 4247 clariorem.
2108 4190 2240 4245 Data
2267 4207 2341 4247 vn
2370 4190 2497 4247 idus
2522 4188 2689 4258 Junii,
2719 4188 3047 4255 Theodosio,
3084 4186 3350 4259 Augusm;

1763 4283 1850 4339 Vll
1880 4292 1936 4338 et
1966 4280 2207 4339 Palladio
2236 4282 2301 4339 IV
2324 4284 2659 4340 consulibus.

94 4433 3340 4467 _______________________________________________________

317 4692 584 4784 Incipiunt
610 4698 842 4773 capitula
871 4701 1167 4757 Innocentii
1195 4696 1365 4775 papce.

140 4778 184 4836 i.
219 4780 290 4843 De
322 4791 470 4860 pacis
507 4778 692 4849 osculo
723 4794 900 4850 dando
931 4802 1053 4865 post
1082 4794 1329 4850 confecta
1363 4786 1641 4869 mysteria.

88 4964 105 5011 ι
138 4871 289 5019 ἓᾶἱῦθ
312 4882 621 4940 nominibus
650 4894 772 4940 ante
811 4900 1025 4957 precem
1055 4885 1322 4942 sacerdoti
1369 4903 1474 4943 non
1502 4887 1644 4945 reci-

106 4974 159 5014 an
210 4980 251 5019 s.

106 4974 251 5022 anuis.

144 5060 188 5116 5.
222 5064 367 5133 Quod
410 5086 515 5127 non
549 5058 783 5130 debeant
823 5068 1100 5146 baptizati,
1141 5072 1248 5131 nisi
1286 5075 1356 5132 ab
1390 5074 1643 5147 episcopo

89 5155 377 5228 consignari,

145 5240 189 5297 ι.
225 5244 369 5314 Quod
396 5252 500 5309 rite
530 5254 675 5310 omni
709 5252 948 5312 Sabbato
972 5252 1265 5325 jejunetur.

224 5334 294 5393 De
322 5339 584 5400 fermento
618 5342 761 5415 quod
789 5342 1026 5401 civitatis
1064 5354 1274 5402 tantum
1313 5345 1648 5420 presbyteris

123 5435 340 5495 iugatur.

146 5512 193 5569 ϐ.
229 5517 300 5577 De
322 5529 699 5600 energumenis
728 5529 1035 5601 baptizatis.

149 5602 196 5662 Ἰ·
232 5609 303 5667 De
328 5619 727 5686 molientibus.

149 5695 196 5789 ‘8.
231 5701 301 5760 De
326 5709 543 5779 epistola
586 5712 757 5768 sancti
798 5712 985 5770 Jacobi
1016 5713 1278 5787 apostoli,
1316 5714 1370 5770 in
1398 5728 1503 5787 qua
1546 5724 1647 5789 pro

96 5779 295 5849 inlimis
321 5809 473 5857 orare
499 5801 826 5873 praccipitur.

152 5878 490 5964 lammina,
515 5894 791 5955 Dscsurto
818 5897 1072 5970 episcopo
1102 5896 1368 5972 Egublno,
1392 5897 1657 5956 saltuteut.‘

1669 4664 1724 4745 Ϊ)
1824 4686 1879 4759 Si
1910 4703 2156 4758 instituta
2185 4704 2577 4770 ecclesiastica,
2604 4712 2663 4758 ut
2687 4713 2812 4760 sunt
2837 4720 2868 4758 a
2892 4703 3067 4767 beatis
3087 4701 3348 4774 apostoli!

1751 4794 1971 4858 tradita,
2007 4794 2215 4865 integra
2252 4793 2451 4873 velitaut
2495 4810 2717 4850 servare
2758 4793 2971 4849 Domini
3015 4795 3347 4861 sacerdotes,

1750 4874 1898 4940 nulla
1931 4886 2237 4952 diversitas,
2266 4886 2410 4941 trulla
2443 4886 2680 4941 varietas
2721 4886 2776 4957 in
2818 4886 2948 4958 ipsis
2980 4884 3262 4942 ordinibus
3292 4891 3351 4943 et.

1752 4962 2256 5034 consecrationibus
2301 4972 2612 5034 haberetur.
2665 4977 2772 5034 Sed
2811 4964 2937 5033 dum
2979 4977 3351 5048 unusquisque

1750 5056 1856 5124 non
1889 5071 2031 5140 quod
2064 5071 2319 5125 traditum
2341 5068 2554 5133 est,sed
2575 5068 2718 5138 quod
2741 5067 2844 5123 sibi
2863 5067 3037 5123 visum
3061 5066 3353 5125 fuerit-hoc

1749 5158 2029 5216 existimat
2070 5175 2191 5217 esse
2241 5160 2553 5224 tenendum,
2603 5158 2729 5213 inde
2772 5157 2985 5213 diversa
3023 5157 3076 5215 in
3122 5155 3350 5229 diversis

1748 5250 1907 5317 locis,
1939 5250 2022 5306 vel
2052 5250 2300 5306 ecclesiis
2325 5258 2419 5305 aut
2455 5236 2625 5304 teneri
2664 5248 2757 5303 aut
2788 5246 3051 5304 celebrari
3078 5246 3346 5315 videntur,

1748 5357 1813 5398 ac
1838 5341 1898 5397 ﬁt
1926 5341 2240 5397 scandalum
2264 5339 2494 5411 populis,
2522 5340 2646 5409 quia
2671 5338 2798 5395 dum
2827 5339 3076 5395 nesciunt
3101 5337 3349 5394 traditio-

1748 5450 1847 5492 nes
1882 5436 2135 5505 antiquas
2170 5433 2406 5488 humana
2448 5431 2868 5503 praesumptione
2909 5439 3215 5501 corruptas,
3250 5444 3349 5503 pu~

1750 5514 1870 5580 tant
1898 5522 1999 5581 sibi
2050 5534 2143 5579 aut
2179 5521 2440 5579 ecclesias
2476 5537 2583 5576 non
2626 5521 2937 5587 convenire,
2967 5528 3061 5574 aut
3102 5519 3171 5575 ab
3218 5532 3347 5588 apo-

1748 5617 1923 5683 stolis,
1952 5615 2161 5673 scilicet
2185 5617 2252 5669 ab
2285 5613 2593 5685 apostolicis
2616 5613 2767 5678 viris,
2793 5612 3237 5670 contrarietatem
3265 5609 3347 5666 in-

1751 5702 1989 5765 ductam.
2023 5706 2155 5775 Quis
2178 5707 2321 5762 euim
2351 5705 2557 5787 nesciat
2580 5714 2674 5759 aut
2703 5721 2809 5760 non
2838 5700 3082 5787 advertat
3113 5701 3165 5756 id
3198 5700 3346 5771 quod

1748 5798 1777 5853 a‘
1808 5800 2048 5869 principe
2075 5784 2442 5869 apostolorum
2472 5784 2632 5853 Petro
2660 5795 2918 5851 Romana:
2945 5784 3199 5849 Ecclesiae
3235 5802 3345 5848 tra-

1750 5884 1920 5951 ditum
1947 5900 2031 5949 est
2057 5892 2121 5949 ac
2148 5894 2289 5948 nunc
2320 5886 2488 5962 usque
2519 5884 2838 5955 custoditur,
2878 5886 2947 5943 ab
2969 5876 3222 5943 omnibus
3252 5883 3348 5944 deJ
