3888 6506
531 401 637 460 C95

1335 390 1630 452 APPEND.
1657 391 1751 449 AD
1781 387 1959 448 SIEC.
1986 388 2084 447 IX.
2124 417 2196 433 -—
2226 387 2489 451 ISIDORI
2519 384 2968 449 MERCATOBIS
3695 388 3773 449 ωε

530 515 664 573 bere
706 510 934 579 servari,
979 524 1082 567 nec
1113 505 1425 581 superduci,
1471 514 1565 562 aut
1607 505 1878 562 introduci
1919 501 2122 575 aliquid
2147 509 2201 570 Α
2227 503 2459 562 frontem
2487 520 2557 561 ex
2587 504 2778 561 eodem
2820 503 2941 560 oleo
2981 500 3216 574 signare,
3239 502 3393 577 quod
3433 502 3562 564 solis
3596 504 3773 570 debetur

532 608 677 682 quod
711 617 804 664 aut
848 605 1227 663 auctoritatem
1254 618 1360 658 non
1396 601 1618 665 habeat,
1661 608 1757 655 aut
1793 598 2010 653 aliunde
2036 610 2125 653 ac-

2229 596 2519 669 episeopis,
2549 612 2672 653 cum
2701 595 2922 652 tradunt
2950 593 3214 667 Spiritum
3258 597 3615 667 paracletum.
3641 599 3772 658 Verba

533 701 717 771 cipere
741 699 989 754 videatur
1015 693 1360 766 exemplum?
1403 692 1710 749 Praesertim
1735 704 1858 746 cum
1900 688 1972 745 sit
2011 702 2128 744 ma-
2228 708 2360 749 vero
2405 691 2589 747 dicere
2629 706 2738 747 non
2770 705 3014 761 possum,
3050 705 3122 746 ne
3163 690 3342 762 magis
3377 691 3599 762 prodere
3620 693 3771 763 videar,

514 793 791 865 ,nifestum
817 792 872 848 in
895 804 1110 848 onmem
1134 787 1362 852 Italiam,
1388 784 1613 852 Gallias,
1641 782 1951 854 Hispanias,
1983 779 2129 835 Afri-
2229 798 2392 854 quam
2424 783 2492 838 ad
2520 781 2972 840 consultationem
3000 782 3357 854 respondere.

535 899 679 951 eam,
706 891 870 955 atque
897 880 1139 937 Siliciam
1161 878 1474 948 insulasque
1506 872 1892 944 interiacentes
1921 869 2128 926 nullum
2208 925 2217 934 ,

535 976 839 1033 instituisse
868 974 1165 1041 Ecclesias,
1213 971 1316 1028 nisi
1344 985 1439 1026 eos
1463 985 1599 1041 quos
1639 966 1963 1024 venerabilis
1997 978 2129 1037 apo-

535 1067 709 1124 stolus
756 1067 986 1133 Petrus,
1036 1074 1131 1122 aut
1175 1062 1293 1135 ejus
1340 1076 1684 1119 successores
1734 1058 2134 1116 constituerunt

536 1158 881 1225 sacerdotes,
930 1165 1026 1213 aut
1069 1155 1252 1228 legant
1298 1153 1345 1210 si
1394 1155 1446 1209 in
1492 1153 1577 1208 bis
1623 1149 1948 1224 provinciis,
1998 1149 2135 1204 alius

538 1251 908 1323 apostolorum
949 1249 1220 1305 invenitur
1249 1258 1342 1303 aut
1387 1247 1584 1319 legitur
1611 1246 1878 1301 docuisse.
1908 1243 2060 1311 Quod
2086 1241 2137 1299 si

540 1359 645 1400 non
696 1343 913 1416 legunt,
958 1341 1085 1414 quia
1132 1355 1401 1410 nusquam
1449 1338 1741 1405 invenitur,
1787 1345 2003 1409 oportet
2042 1350 2138 1393 eos

539 1433 644 1490 hoc
680 1434 833 1504 sequi
881 1432 1025 1504 quod
1069 1431 1309 1487 Ecclesia
1356 1430 1600 1485 Romana
1639 1430 1906 1497 custodit,
1955 1443 1988 1483 a
2031 1442 2140 1499 qua

539 1540 634 1581 eos
658 1524 985 1597 principium
1020 1523 1295 1594 accepisse
1342 1538 1451 1580 non
1496 1522 1718 1578 dubium
1757 1530 1861 1589 cst,
1898 1537 1968 1577 ne
2009 1523 2141 1577 dum

518 1617 842 1698 peregrinis
869 1616 1260 1675 assertionibus
1287 1616 1525 1682 student,
1551 1626 1710 1686 caput
1739 1615 2142 1671 institutionum

540 1715 825 1770 videantur
857 1713 1129 1770 omittere.
1179 1711 1334 1784 Saepe
1377 1711 1722 1768 dilectionem
1770 1722 1919 1768 tuam
1949 1712 2017 1767 ad
2053 1728 2144 1768 ur-

521 1794 665 1862 bem
695 1806 908 1862 venisse
935 1821 1001 1862 ac
1032 1804 1318 1863 nobiscum
1350 1805 1405 1861 in
1436 1805 1667 1862 ecclesia
1693 1805 2012 1863 convenisse
2035 1820 2144 1862 non

2302 874 2390 932 lV.
2433 874 2674 931 Sabbato
2701 890 2828 931 vero
2851 874 3206 946 jejunandum
3228 889 3360 933 esse
3383 875 3526 933 ratio
3549 876 3773 939 evidenti-

2233 966 2370 1023 sima
2395 966 2753 1023 demonstrat.
2799 965 2935 1023 Nam
2966 966 3015 1023 si
3040 967 3184 1024 diem
3216 967 3559 1024 Dominicum
3581 971 3775 1027 obvene-

2235 1059 2462 1117 rabilem
2510 1059 2969 1117 resurrectionem
3010 1058 3225 1116 Domini
3273 1061 3456 1117 nostri
3489 1058 3606 1117 Iesu
3629 1062 3777 1130 Clu-iu

2236 1168 2344 1208 non
2392 1152 2566 1208 solum
2615 1151 2670 1207 in
2714 1151 2926 1209 Pascha
2954 1151 3316 1220 celebramus,
3360 1155 3688 1211 verumetiam
3710 1171 3775 1228 per

2237 1245 2480 1318 singulos
2522 1245 2757 1303 circulos
2783 1244 3251 1302 hebdomadarum
3294 1245 3473 1318 ipsius
3507 1246 3604 1303 diei
3644 1248 3775 1321 imagi-
3832 1256 3833 1259 ‘

2239 1354 2363 1395 nem
2392 1337 2823 1409 frequentamus,
2849 1354 2916 1395 ac
2940 1339 2987 1394 si
3025 1349 3179 1395 sexta
3223 1338 3368 1395 feria
3395 1350 3608 1413 propter
3626 1344 3776 1413 pagum.
3832 1354 3833 1413 ἦ

2217 1447 2366 1489 .nem
2416 1432 2632 1488 Domini
2673 1430 3023 1503 jejunamus,
3078 1431 3385 1489 Sabbatum
3438 1434 3776 1505 praetermittere

2216 1540 2350 1582 .non
2394 1526 2672 1591 debemus,
2709 1525 2853 1596 quod
2898 1525 3043 1581 inter
3081 1525 3368 1581 tristitiam
3412 1535 3571 1597 atque
3599 1526 3773 1585 latitia.

2246 1620 2506 1691 temporis
2529 1619 2672 1675 illius
2697 1619 2915 1675 videtur
2938 1617 3231 1674 inclusum.
3259 1616 3403 1672 Nam
3431 1618 3773 1691 utique'consut

2245 1714 2521 1785 apostolos
2548 1714 2714 1769 biduo
2759 1713 2814 1769 in
2860 1712 3081 1769 tristitia
3110 1720 3167 1768 et
3204 1713 3260 1768 in
3291 1726 3534 1769 maerore
3574 1712 3769 1781 fuisse,et
3832 1712 3833 1791 l

2245 1813 2468 1877 propter
2495 1812 2698 1860 metum
2723 1801 3032 1859 Iudaeorum
3059 1817 3119 1863 se
3140 1800 3472 1859 occuluisse.
3495 1800 3633 1870 Quod
3650 1804 3773 1873 utique

540 1898 763 1955 dubium
801 1906 904 1966 est,
936 1907 993 1954 et
1023 1912 1186 1969 quem
1214 1913 1420 1954 morem
1454 1898 1507 1952 in
1537 1899 1920 1954 consecrandis
1938 1907 2142 1970 myste-
2170 1903 2221 1965 B
2247 1913 2358 1954 non
2386 1897 2608 1954 dubium
2643 1904 2726 1954 est
2765 1896 2820 1951 in
2856 1904 3068 1952 tantum
3095 1893 3498 1967 eochjunasse
3523 1896 3663 1952 biduo
3696 1911 3769 1952 tne-

545 1989 643 2045 riis
669 1989 754 2046 vel
782 1988 838 2045 in
869 1990 1083 2046 cmteris
1112 1988 1336 2061 agendis
1357 1990 1576 2046 arcanis
1598 1998 1780 2046 teneat
1802 1990 2143 2063 cognovisse.

523 2072 697 2150 Quod
722 2081 976 2139 sullicere
1001 2082 1305 2138 arbitrarer
1330 2082 1399 2138 ad
1428 2081 1867 2139 informationem
1891 2083 2148 2139 Ecclesia:

522 2164 649 2234 'tuae
671 2175 754 2233 vel
783 2176 1248 2243 reformationem,
1276 2177 1321 2232 si
1347 2190 1708 2247 praecessores
1735 2176 1812 2231 tui
1842 2177 2022 2232 minus
2044 2175 2146 2231 ali-

542 2267 695 2338 quid,
726 2275 821 2322 aut
849 2265 1007 2323 aliter
1033 2267 1305 2324 tenuerint
1327 2268 1460 2324 satis
1487 2276 1696 2324 certum
1718 2269 2006 2337 haberem,
2044 2269 2149 2326 nisi

524 2357 612 2423 de
652 2357 922 2429 aliquibus
978 2357 1338 2415 consulendos
1381 2372 1480 2415 nos
1510 2372 1633 2416 esse
1670 2358 1924 2427 dixisses,
1953 2359 2150 2431 quibus

544 2449 747 2507 idcirco
792 2450 1171 2521 respondimus
1215 2464 1323 2506 non
1365 2450 1509 2521 quod
1555 2457 1611 2506 te
1655 2449 1858 2521 aliquid
1896 2450 2152 2523 ignorare

545 2542 854 2609 credamus,
872 2543 966 2597 sed
982 2552 1039 2597 ut
1063 2541 1255 2615 majori
1271 2541 1598 2598 auctoritate
1623 2541 1709 2598 vel
1732 2550 1852 2598 tuos
1873 2541 2147 2608 instituas,

545 2634 631 2690 vel
655 2633 701 2690 si
732 2636 821 2706 qui
849 2650 879 2688 a
913 2633 1171 2691 Romanae
1197 2634 1455 2692 Ecclesia:
1474 2635 1906 2693 institutionibus
1939 2644 2148 2704 errant,

545 2735 641 2784 aut
669 2743 1036 2794 commoneas,
1070 2736 1166 2783 aut
1191 2727 1436 2784 indicare
1482 2742 1592 2783 non
1618 2726 1861 2796 differas,
1907 2737 1966 2783 ut
2010 2728 2152 2784 scire

547 2820 829 2876 valeamus
859 2821 952 2891 qui
992 2822 1106 2877 sint
1150 2819 1242 2891 qui
1292 2829 1385 2875 aut
1432 2820 1701 2876 novitates
1742 2819 2030 2886 inducunt,
2058 2826 2155 2875 aut

548 2912 777 2968 alterius
806 2910 1062 2968 Ecclesiae
1082 2927 1249 2983 quam
1286 2911 1545 2968 Romanae
1569 2911 1889 2968 existimant
1922 2927 2152 2968 consue-

550 3005 793 3062 tudinem
820 3020 942 3062 esse
969 3005 1318 3060 servandam.

620 3096 751 3155 Car.
782 3097 824 3154 ι.
864 3094 1061 3153 Pacem
1099 3113 1231 3168 ergo
1266 3099 1469 3155 asseris
1498 3078 1629 3156 ante
1666 3098 1914 3156 confecta
1956 3107 2157 3172 myste-

2247 2003 2483 2059 morato,
2511 2003 2571 2047 ut
2596 1991 2815 2048 traditio
2843 1990 3105 2048 Ecclesia:
3128 1991 3334 2047 habeat
3355 1991 3460 2046 isto
3485 1990 3629 2046 biduo
3651 2005 3772 2045 sacra-

2248 2094 2426 2141 menta
2458 2085 2675 2156 penitus
2708 2099 2816 2140 non
2838 2082 3139 2151 celebrari;
3167 2098 3291 2155 qua:
3337 2084 3521 2154 utique
3549 2082 3687 2139 forma
3710 2097 3770 2152 per

2247 2177 2491 2251 singulas
2529 2180 2763 2235 tenenda
2798 2187 2885 2233 est
2926 2177 3302 2234 hebdomadas
3345 2184 3561 2249 propter
3600 2177 3643 2231 id
3677 2175 3773 2246 quod

2248 2270 2697 2341 commemoratio
2749 2269 2859 2326 diei
2916 2269 3061 2326 illius
3108 2283 3335 2341 semper
3383 2278 3466 2325 est
3510 2266 3769 2325 celebranda.

2248 2359 2405 2429 Quod
2450 2361 2495 2416 si
2546 2368 2739 2433 putant
2781 2361 2950 2418 semel
2983 2369 3147 2433 atque
3173 2376 3288 2416 uno
3328 2360 3560 2417 Sabbato
3595 2358 3775 2429 jejunae-

2248 2456 2400 2521 dum,
2427 2468 2558 2525 ergo
2580 2463 2637 2511 et
2674 2454 2981 2521 Dominica,
3008 2462 3065 2511 et
3089 2462 3245 2510 sexta
3290 2453 3429 2510 feria
3471 2452 3618 2509 semel
3642 2453 3682 2508 in
3701 2452 3766 2506 Pa-

2250 2547 2381 2603 scha
2428 2547 2536 2603 erit
2593 2547 2780 2618 utique
2841 2546 3189 2604 celebranda.
3242 2544 3304 2601 Si
3353 2554 3527 2601 autem
3581 2543 3768 2599 Dominiri

2252 2638 2382 2707 diei,
2408 2645 2464 2693 et
2492 2647 2663 2695 sexta
2705 2638 2858 2694 ferite
2889 2652 2990 2708 per
3031 2636 3275 2709 singulas
3313 2633 3767 2701 hebdomadasrrpa-

2252 2731 2420 2787 randa
2449 2730 2627 2801 imago
2674 2738 2776 2797 est,
2807 2729 3078 2785 dementis
3108 2738 3194 2784 est
3227 2727 3381 2784 bidui
3428 2740 3575 2798 agere
3613 2737 3767 2780 constu-

2255 2825 2496 2880 tudinem
2544 2822 2786 2879 Sabbato
2828 2821 3222 2893 prmtermisso,
3271 2834 3400 2875 cum
3442 2832 3541 2873 non
3577 2815 3765 2886 disparem
3832 2815 3833 2863 ξ

2251 2914 2419 2971 habet
2461 2928 2685 2970 causam
2732 2930 2764 2969 a
2794 2921 2947 2968 sexta
2981 2903 3236 2969 videlicet
3278 2910 3413 2967 feria
3444 2909 3613 2979 inqua
3648 2905 3765 2962 Domi-

2254 3023 2358 3065 nus
2387 3022 2583 3078 passus
2608 3014 2716 3073 est,
2759 3004 2978 3075 quando
3006 3012 3062 3060 et
3106 3004 3175 3060 ad
3205 3002 3413 3059 inferos
3456 3000 3564 3066 fuit,
3596 3006 3645 3054 ut
3666 2995 3765 3053 tertia

2256 3102 2343 3157 die
2386 3112 2674 3172 resurgens
2706 3098 2959 3153 redderet
2988 3095 3236 3151 hetitiam
3279 3102 3406 3166 post
3445 3086 3765 3149 biduanamtri-

551 3192 634 3249 ria
665 3192 927 3264 quosdam
964 3191 1179 3264 populis
1210 3192 1496 3263 imperare,
1537 3194 1622 3248 vel
1665 3192 1768 3248 sibi
1804 3192 1947 3247 inter
1976 3207 2159 3247 sacer-
2256 3194 2460 3249 stitiam
2494 3192 2911 3264 praecedentem.
2957 3188 3076 3245 Non
3112 3204 3245 3262 ergo
3291 3202 3394 3244 nos
3418 3198 3645 3258 negamus
3666 3188 3763 3236 sein

553 3284 710 3342 dotes
755 3282 991 3351 tradere,
1035 3299 1180 3351 cum,
1225 3292 1351 3355 post
1396 3283 1580 3339 omnia
1625 3299 1745 3355 qua:
1786 3285 2000 3355 aperire
2050 3300 2156 3340 non
2185 3288 2230 3350 C
2262 3284 2395 3341 feria
2423 3284 2797 3357 jejunandunt,
2832 3282 2925 3338 sed
2956 3281 3190 3337 dicimus
3218 3288 3279 3337 et
3304 3278 3532 3335 Sahbato
3556 3277 3763 3341 incessen-

553 3376 744 3443 debco,
782 3392 887 3447 pax
918 3376 987 3431 sit
1021 3376 1333 3432 necessaria
1362 3375 1673 3444 indicenda,
1698 3390 1798 3447 per
1824 3392 1988 3447 quam
2020 3391 2153 3431 con-

552 3478 658 3524 stet
698 3468 956 3538 populum
993 3467 1063 3523 ad
1105 3467 1290 3523 omnia
1323 3482 1445 3537 qua:
1483 3468 1538 3523 in
1586 3466 1860 3539 mysteriis
1897 3474 2155 3539 aguntur,

551 3568 715 3630 atque
742 3558 797 3614 in
826 3557 1057 3615 ecclesia
1086 3558 1456 3625 celebrantur,
1483 3558 1782 3629 pnebuissc
1809 3572 2154 3624 consensum,

552 3663 618 3705 ac
663 3650 815 3704 finita
862 3664 983 3706 esse
1023 3648 1174 3722 pacis
1218 3647 1596 3706 coucludentis
1628 3647 1908 3720 signaculo
1942 3647 2159 3704 demon-

553 3749 820 3798 strentur.

624 3833 689 3889 ll.
729 3834 807 3889 De
851 3834 1163 3891 nominibus
1191 3848 1322 3890 vero
1360 3832 1655 3890 recitandis
1692 3841 1984 3904 antequam
2028 3847 2155 3905 pre-

554 3943 646 3985 ces
668 3929 924 3985 sacerdos
951 3928 1134 3997 faciat,
1161 3939 1327 4000 atque
1354 3942 1544 3984 eorum
1565 3926 1889 3993 oblationes,
1923 3942 2157 3998 quorum

554 4019 775 4074 nomina
814 4020 1094 4076 recitanda
1145 4032 1291 4087 sunt,
1342 4033 1440 4073 sua
1488 4017 1736 4073 oratione
1781 4018 2156 4087 commendet,

556 4125 718 4183 quam
746 4112 1081 4182 superfluum
1123 4110 1219 4178 sit,
1243 4117 1301 4166 et
1341 4109 1457 4181 ipse
1492 4124 1592 4181 per
1625 4121 1770 4165 tuam
1811 4108 2159 4179 prudentiam

560 4204 925 4274 recognoscis,
967 4215 1027 4259 ut
1065 4203 1218 4273 cujus
1260 4203 1467 4259 hostias
1508 4204 1746 4260 nondum
1786 4202 1899 4261 Deo
1936 4202 2157 4271 offeras,

559 4295 679 4366 ejus
707 4307 835 4352 ante
860 4313 1058 4353 nomen
1105 4297 1369 4369 insinues,
1407 4298 1659 4369 quamvis
1703 4298 1781 4353 illi
1823 4298 2160 4369 incognitum

556 4390 629 4445 sit
652 4389 807 4445 nihil.
833 4388 992 4447 Prius
1012 4390 1158 4446 enim
1182 4390 1489 4447 oblationes
1530 4399 1657 4446 sunt
1690 4392 2160 4458 commendanda},

560 4498 624 4539 ac
645 4492 775 4538 tunc
805 4496 994 4538 eorum
1024 4483 1245 4538 nomina
1275 4491 1402 4538 sunt
1436 4481 1722 4551 cdicenda,
1756 4492 1814 4538 ut
1837 4482 1982 4539 inter
2002 4498 2163 4539 sacra

559 4576 824 4648 mysteria
862 4575 1237 4643 nominentur,
1265 4591 1373 4632 non
1411 4576 1553 4630 inter
1576 4575 1680 4630 alia
1707 4590 1827 4646 qua:
1864 4582 1994 4632 ante
2019 4591 2161 4648 prte-

2259 3380 2411 3446 dmn,
2437 3379 2564 3449 quia
2591 3376 2752 3433 ambo
2779 3376 2895 3432 dies
2920 3374 3200 3430 tristitiam
3239 3370 3513 3445 apostolis,
3538 3366 3607 3423 vel
3627 3358 3761 3430 bisqui

2256 3471 2535 3528 Christum
2596 3468 2768 3525 secuti
2804 3474 2932 3523 sunt
2961 3466 3312 3530 indixerunt,
3340 3462 3430 3535 qui
3464 3459 3543 3517 die
3564 3452 3759 3512 Dominico

2210 3576 2222 3586 '
2257 3562 2546 3619 exhilarati
2581 3575 2690 3616 non
2736 3559 2911 3616 solum
2950 3558 3127 3629 ipsum
3164 3554 3558 3612 festivissimum
3592 3560 3681 3603 esse
3702 3555 3761 3597 V0-

2257 3654 2496 3720 lueruut,
2543 3668 2731 3709 verum
2772 3651 2938 3707 etiam
2979 3664 3076 3720 per
3113 3663 3310 3705 omnes
3352 3638 3667 3702 hebdomadas
3691 3631 3760 3688 fm-

2259 3746 2628 3820 quentandum
2657 3759 2779 3801 esse
2806 3743 3081 3799 dixerunt.
3722 3816 3743 3829 μ’

2335 3842 2491 3913 1'71
2511 3840 2574 3897 γ.
2589 3838 2666 3895 De
2681 3839 2949 3895 fermento
2965 3851 3093 3893 vero
3109 3835 3256 3906 quod
3269 3833 3356 3892 die
3367 3828 3616 3888 Dominico
3632 3834 3701 3895 per
3718 3826 3756 3873 ti-

2260 3935 2405 3990 tulos
2429 3933 2725 3998 mittimus,
2742 3928 3014 4001 superflue
3038 3942 3138 3984 nos
3161 3915 3755 4010 consulerevoluistisctttl

2258 4041 2448 4083 omnes
2492 4023 2750 4081 Ecclesia:
2790 4029 2987 4078 vestrae
3014 4021 3159 4077 intra
3189 4019 3459 4075 civitatem
3491 4020 3596 4068 sunt
3615 4012 3751 4062 constt.

2260 4128 2650 4191 tutte,quarnm
2676 4115 2998 4189 presbyteri,
3014 4115 3140 4185 quia
3154 4113 3241 4168 die
3266 4113 3380 4184 ipso
3403 4112 3594 4180 propter
3610 4096 3752 4194 plebei“
3832 4122 3833 4147 ι

2258 4212 2366 4269 sibi
2394 4181 2655 4267 creditam
2676 4181 3301 4264 .nobis'eumvconvenire'
3324 4216 3425 4257 non
3463 4196 3676 4267 possunt,
3696 4181 3748 4236 id“

2262 4303 2409 4360 circo
2440 4301 2772 4357 fermentum
2814 4313 2847 4353 a
2899 4295 3057 4354 nobis
3096 4292 3401 4352 confectum
3447 4301 3532 4359 per
3559 4273 3751 4374 accipit?!
3832 4286 3833 4325 1

2264 4394 2571 4465 accipiunt,
2602 4400 2664 4446 ut
2690 4406 2749 4447 se
2776 4406 2808 4446 a
2833 4397 3019 4446 nostra
3044 4386 3453 4447 communione,
3488 4361 3747 4466 maximat"a

2263 4491 2352 4546 die
2387 4459 2527 4544 mon
2567 4487 2816 4559 judicent
2862 4491 3185 4555 separatos,
3232 4476 3373 4551 quod
3419 4487 3507 4546 per
3832 4488 3833 4513 ι

2266 4580 2386 4636 fieri
2416 4550 2615 4634 debere
2645 4592 2752 4634 non
2782 4550 2942 4648 puto,
2960 4573 3088 4645 quia
3113 4588 3222 4628 non
3250 4550 3409 4641 longe
3431 4553 3651 4635 Pomm.“
3665 4550 3747 4648 “ﬁt
3832 4562 3833 4575 ‘

557 4646 844 4737 mittimus,
898 4679 956 4725 ut
998 4670 1129 4741 ipsis
1168 4670 1442 4743 mysteriis
1479 4670 1622 4725 viam
1673 4668 1870 4726 futuris
1909 4646 2162 4741 precibus
2188 4664 2244 4728 D
2266 4676 2643 4736 sacramenta,
2669 4646 2896 4724 necnos
2926 4681 3025 4737 per
3052 4661 3365 4721 cmmeteria
3395 4646 3746 4743 diversam“:

559 4776 889 4834 aperiamus.

628 4856 712 4910 lll.
754 4855 832 4910 De
875 4854 1261 4927 consignandis
1303 4870 1433 4911 vero
1478 4853 1774 4912 infantibus
1813 4853 2160 4911 manifestum

556 4960 639 5004 est
670 4949 738 5003 ab
775 4947 880 5001 alio
908 4947 1023 5003 fieri
1055 4964 1218 5020 quam
1248 4947 1316 5003 ab
1342 4948 1596 5020 episcopo
1641 4962 1749 5004 non
1794 4948 1977 5006 licere.
2026 4946 2161 5003 Nam

558 5042 883 5112 presbyteri,
907 5042 1031 5096 licet
1078 5041 1187 5095 sint
1230 5041 1561 5105 sacerdotes,
1604 5039 1953 5110 pontificatus
1984 5049 2163 5095 tamen

557 5135 764 5204 apicem
792 5150 897 5189 non
924 5136 1145 5199 habent,
1188 5135 1305 5189 haec
1325 5145 1504 5190 autem
1535 5133 1881 5204 pontiﬁcibus
1910 5134 2038 5189 solis
2065 5136 2162 5190 de-

558 5225 705 5292 beri,
758 5237 816 5280 nt
862 5226 948 5282 vel
997 5227 1339 5297 consignent,
1391 5226 1473 5281 vel
1519 5225 1852 5297 paracletum
1900 5225 2164 5297 Spiritum

561 5317 799 5381 tradant,
837 5332 943 5372 non
986 5317 1158 5373 solum
1185 5318 1519 5373 consuetudo
1545 5316 1912 5372 ecclesiastica
1942 5317 2165 5371 demon-

557 5418 715 5476 strat,
744 5425 933 5465 verum
960 5410 1048 5464 illa
1078 5410 1238 5467 lectio
1263 5412 1493 5466 Actuum
1536 5409 1904 5481 apostolorum
1932 5423 2052 5479 quae
2078 5422 2168 5463 as-

558 5505 692 5560 serit
734 5502 955 5558 Petrum
987 5511 1042 5558 et
1069 5502 1332 5559 Joannem
1361 5519 1481 5559 esse
1511 5504 1767 5568 directus,
1796 5503 1888 5573 qui
1923 5500 2039 5571 jam
2069 5502 2167 5556 ba-

558 5598 775 5669 ptizatis
798 5598 1071 5652 traderent
1094 5596 1353 5666 Spiritum
1382 5607 1647 5652 sanctum.
1673 5594 1809 5649 Nam
1835 5582 2166 5668 presbyteris

558 5704 652 5744 seu
702 5698 856 5744 extra
900 5688 1233 5759 episcopum,
1281 5703 1377 5743 seu
1427 5697 1691 5758 pr.csente
1736 5688 1992 5758 episcopo
2038 5702 2162 5743 cum

558 5779 857 5852 baptizant,
914 5783 1209 5838 chrismate
1259 5780 1561 5852 baptizatos
1618 5795 1821 5852 ungere
1868 5780 2016 5848 licet,
2069 5779 2166 5836 sed

560 5875 707 5949 quod
748 5876 817 5931 ab
864 5877 1117 5948 episcopo
1167 5877 1333 5933 fuerit
1372 5886 1775 5944 consecratum,
1820 5892 1932 5935 non
1984 5886 2163 5933 tamen

2270 4764 2401 4820 tutis
2436 4761 2768 4834 presbyteris
2787 4757 3125 4813 destinamus
3144 4795 3160 4822 ,
3185 4763 3244 4809 ut
3261 4761 3318 4809 et
3339 4737 3601 4823 presbyteri
3620 4737 3744 4789 eorum
3832 4786 3833 4815 ἰ

2268 4855 2734 4912 conlicrendorum
2758 4851 2849 4924 jus
2877 4849 3115 4905 habeant
3145 4856 3309 4918 atque
3345 4835 3599 4924 licentiam.
3710 4905 3718 4916 ⁸

2342 4947 2431 5003 Vl.
2476 4948 2548 5003 De
2577 4946 2663 5001 his
2690 4918 2821 5000 vero
2846 4941 3161 5015 baptizatis,
3197 4939 3290 5010 qui
3318 4939 3489 5008 postea
3512 4940 3537 4979 τι
3832 4948 3833 4969 ι

2270 5050 2365 5096 aut
2386 5040 2516 5096 vitio
2543 5039 2741 5110 aliquo,
2766 5045 2859 5091 aut
2886 5044 3111 5106 peccato
3140 5015 3735 5110 intervenietttc,al'l1'_l’“:“‘
3832 5088 3833 5110 ἶ

2273 5142 2382 5201 tur,
2418 5096 2666 5203 quaesivit
2693 5096 2911 5186 dilectio
2948 5139 3069 5193 tua,
3106 5126 3155 5182 si
3190 5141 3221 5180 a
3267 5120 3552 5195 presbytero
3579 5096 3739 5203 velum
3832 5100 3833 5123 ι

2268 5246 2407 5288 cono
2447 5229 2655 5301 possint
2700 5235 2794 5282 aut
2840 5225 3073 5281 debeant
3118 5214 3450 5292 consignari.
3488 5191 3732 5304 (ιυξιά

2270 5326 2373 5383 nisi
2404 5325 2688 5397 episcopus
2714 5320 3051 5392 praeceperit,
3070 5332 3179 5372 non
3216 5314 3356 5372 licet.
3385 5305 3504 5363 Nam
3526 5287 3733 5401 etstlﬁlf:

2270 5380 2597 5488 imponenda
2626 5414 2850 5470 omnino
2878 5428 2986 5467 non
3016 5420 3133 5477 est,
3163 5408 3267 5465 nisi
3308 5402 3553 5475 episcopus
3571 5380 3727 5488 auiti:

2273 5469 2694 5564 statim“;
2723 5505 2779 5561 id
2809 5502 3041 5559 faciendi
3068 5542 3085 5569 ,
3118 5469 3189 5556 ἰιι
3240 5469 3410 5556 autem
3443 5489 3547 5545 ﬁat,
3569 5469 3729 5569 crista“

2268 5608 2353 5655 est
2378 5601 2648 5669 imperare
2675 5605 2735 5652 ut
2761 5611 2957 5651 manus
2979 5565 3170 5650 eis'vel
3199 5608 3228 5648 a
3255 5572 3604 5669 presbylefP’f‘

2269 5695 2402 5751 teris
2434 5692 2647 5749 clericis
2678 5692 3007 5762 imponatur.
3039 5687 3175 5744 Nam
3199 5679 3446 5758 quomodo
3470 5667 3515 5726 id

2269 5802 2468 5859 magno
2492 5786 2680 5842 labore
2708 5748 2940 5856 poterit,
2988 5790 3049 5838 ut
3080 5748 3241 5855 longe
3278 5748 3705 5859 constitpWﬁfﬂ

2270 5832 2461 5936 mentis
2489 5877 2558 5935 ad
2586 5832 2902 5949 episcopum
2933 5832 3253 5940 deducatur,
3287 5879 3399 5925 cum
3437 5855 3474 5913 si
3512 5832 3720 5904 talrscﬂ‘
