3888 6506
920 296 947 327 ι.

77 355 157 414 697

1197 339 1687 401 necnenuun
1720 301 2120 399 conserto.
2152 308 2159 309 ί

3196 349 3300 407 698
3327 322 3345 361 ““

77 470 117 526 ei
155 468 200 522 in
229 464 405 522 itinere
433 448 811 532 acciderim—ut
840 442 941 520 nec
971 463 1103 520 ferri
1148 436 1218 517 ad
1257 462 1607 535 episcopum,
1636 462 1683 525 Α
1786 457 1840 512 4.
1883 459 1959 515 Dc
1989 458 2248 513 uxoribus
2278 459 2597 514 clericorum
2621 456 2651 527 ,'
2666 470 2725 516 ut
2756 462 3053 536 virginibus
3092 467 3301 524 socien-

76 575 157 617 nec
178 557 349 614 referri
376 558 440 612 ad
469 572 560 612 sua
591 557 753 614 facile
777 557 988 630 possit?

132 649 223 705 Vll.
256 651 326 705 De
348 650 729 721 paenitentibus
759 666 890 707 vero
924 652 1017 723 qui
1042 653 1158 708 sive
1178 667 1246 707 ex
1271 648 1609 723 gravioribus

75 743 337 801 commissis
358 783 372 809 ,
400 743 509 799 sive
545 758 613 799 ex
643 743 937 801 levioribus
964 746 1341 817 paenitentiam
1382 753 1605 816 gerunt,
1640 778 1643 781 η

76 838 111 893 si
133 834 254 891 nulla
284 834 599 890 interveniat
626 836 925 907 aegritudo,
954 836 1145 907 quinta
1180 835 1314 891 feria
1344 843 1471 890 ante
1504 834 1609 889 Pa-

74 929 180 987 scha
205 927 276 983 eis
299 927 674 984 remittendum
706 927 967 986 Romana:
990 928 1248 1003 Ecclesia:
1274 927 1610 997 consuetudo

75 1010 672 1079 demonstrat.'C:eterum
696 1021 762 1078 de
785 1022 1024 1093 pondere
1043 1023 1364 1079 aestimando
1387 1021 1610 1079 delicto-

74 1131 167 1171 rum
189 1113 463 1170 sacerdotis
490 1122 576 1170 est
605 1114 884 1187 judicare,
925 1124 988 1172 ut
1030 1116 1275 1173 attendat
1301 1116 1367 1170 ad
1400 1114 1611 1172 confes-
1638 1140 1646 1147 -

74 1208 239 1264 sionem
265 1206 601 1277 poenitentis,
632 1216 688 1263 et
721 1207 789 1261 ad
811 1206 971 1265 fletus
999 1214 1165 1279 atque
1196 1207 1469 1279 lacrymas
1489 1220 1610 1263 cor-

74 1297 289 1369 rigentis,
332 1313 395 1354 ac
424 1306 535 1354 tum
576 1299 769 1371 jubere
819 1298 1057 1366 dimitti,
1106 1314 1230 1355 cum
1255 1298 1453 1355 viderit
1476 1313 1611 1355 con-

75 1404 224 1459 grtiam
248 1388 686 1445 satisfactionem.
718 1389 868 1447 Sane
905 1390 951 1448 si
982 1390 1106 1462 quis
1135 1390 1190 1446 in
1234 1388 1612 1462 aegritudinem

76 1480 311 1544 inciderit,
341 1488 501 1551 atque
527 1496 699 1552 usque
728 1482 797 1540 ad
827 1483 1269 1554 desperationem
1296 1483 1633 1557 devenerit,

74 1571 110 1624 ci
131 1579 200 1626 est
235 1580 354 1626 ante
383 1579 597 1644 tempus
639 1571 863 1643 Pascha:
892 1572 1249 1631 relaxandum
1268 1614 1284 1643 ,
1313 1589 1385 1630 ne
1409 1574 1476 1632 de
1509 1589 1612 1631 sa-

74 1664 167 1719 cqu
187 1664 374 1735 absque
396 1665 781 1722 communione
806 1666 1073 1723 discedat.
1132 1732 1133 1735 η

1711 558 1818 618 tur,
1847 560 1899 606 et
1927 552 2217 607 secundam
2248 568 2353 607 non
2385 553 2586 608 ducant
2626 571 2869 611 uxorem.

1779 641 1834 697 5.
1879 640 1947 698 Ut
1980 643 2022 698 si
2052 642 2223 698 laicus
2253 643 2473 699 viduam
2502 639 3007 712 duxerit,'clericus
3040 665 3145 707 non
3185 651 3298 709 ﬁat.

1778 736 1832 793 6.
1878 737 1949 794 Ut
2003 726 2255 795 clericus
2286 755 2393 796 non
2452 739 2524 796 sit
2575 740 2666 812 qui
2720 744 3014 799 secundam
3071 759 3297 802 uxorem

1708 825 1948 882 duxerit.

1782 918 1835 972 7.
1878 917 1950 975 Ut
1982 918 2207 976 alterius
2234 919 2492 977 clericum
2520 921 2699 979 nullus
2730 923 3021 997 episcopus
3047 926 3303 986 ordinare
3335 940 3341 945 ‘

1709 1019 1956 1084 usurpet.
3338 1006 3343 1035 ί

1780 1103 1836 1158 8.
1881 1101 1954 1160 Ut
1971 1118 2076 1159 non
2102 1104 2508 1176 rebaptizentur
2528 1106 2620 1178 qui
2647 1121 2676 1161 a
2698 1106 3015 1165 Novatianis
3039 1108 3122 1165 vel
3153 1108 3304 1167 Mon-
3340 1126 3343 1129 λ

1710 1196 1958 1253 tensibus
1984 1198 2231 1254 veniunt.

1782 1289 1837 1344 9.
1884 1288 1954 1345 Ut
1991 1291 2305 1349 sacerdotes
2331 1300 2386 1349 et
2414 1292 2591 1349 levitas
2626 1309 2748 1350 cum
2777 1294 3096 1354 mulieribus
3126 1292 3306 1356 colite-

1710 1392 1837 1436 rere
1864 1394 1972 1435 non
2003 1381 2255 1437 debeant.
2368 1388 2371 1389 '

1785 1469 1875 1525 10.
1924 1469 1991 1526 Ut
2020 1474 2320 1529 monachus
2341 1514 2356 1539 ,
2388 1474 2433 1530 si
2475 1473 2710 1531 clericus
2746 1475 2924 1533 factus
2954 1476 3154 1546 fuerit,
3182 1495 3308 1553 pro-

1710 1560 1947 1633 positum
1976 1577 2134 1617 suum
2159 1577 2377 1619 servare
2410 1564 2623 1622 debeat.

1787 1652 1876 1708 11.
1920 1652 1993 1709 Ut
2039 1668 2107 1709 ex
2155 1654 2453 1711 curialibus
2514 1655 2750 1714 clericus
2791 1674 2900 1715 non
2951 1661 3045 1715 ﬁat
3090 1674 3312 1734 propter

126 1757 234 1814 γυι,
271 1730 408 1815 έηέιε
442 1759 703 1831 quoniam
736 1759 807 1815 de
835 1760 940 1817 hoc
965 1732 1133 1818 sicut;
1156 1761 1222 1817 de
1242 1759 1454 1817 (πίει-ιε
1480 1730 1633 1817 con;
1714 1747 2019 1820 voluptates
2047 1765 2183 1822 quas
2209 1765 2241 1805 a
2273 1750 2490 1807 diabolo
2517 1751 2767 1809 inventas
2791 1755 3053 1813 exhibere
3075 1730 3310 1830 com—pel-

75 1848 213 1907 sulere
236 1848 394 1908 voluit
419 1851 641 1935 dilectio
680 1860 768 1908 tua
787 1892 803 1919 ,
836 1851 1036 1923 adjecit
1064 1853 1230 1935 etiam
1258 1852 1401 1910 ﬁlius
1424 1867 1606 1922 meus,
1637 1831 1687 1893 B
1712 1839 1864 1935 Ῑίιυιξ·

75 1941 366 2010 ϐωιθειίηυε,
399 1943 684 2013 diaconus,
722 1944 776 2000 in
811 1944 1040 2016 epistola
1065 1933 1161 2001 sua
1192 1960 1314 2003 esse
1340 1960 1371 2001 a
1403 1953 1493 2000 tua
1527 1945 1617 2019 di:

76 2031 261 2090 lectione
284 2035 518 2107 positum
550 2036 682 2093 illud
712 2024 859 2109 quod
906 2037 961 2093 in
1008 2037 1235 2109 apostoli
1265 2035 1452 2095 Jacobi
1485 2037 1614 2109 Epi-

76 2124 179 2180 stola
211 2127 567 2205 conscriptum
602 2112 689 2184 est
723 2142 741 2183 :
779 2148 799 2181 ι
832 2127 1145 2208 Inﬁrmatur
1185 2129 1309 2201 quis
1337 2129 1392 2186 in
1421 2128 1610 2185 vobis?

76 2215 253 2282 inducat
276 2223 655 2294 presbyteros,
702 2231 761 2281 et
801 2233 959 2280 orent
990 2237 1157 2294 super
1180 2238 1306 2301 eum
1349 2232 1615 2296 ungentes

75 2323 168 2367 eum
189 2312 296 2370 oleo
317 2314 369 2371 in
395 2317 623 2374 nomine
669 2317 912 2386 Domini;
944 2327 1001 2375 et
1025 2317 1203 2375 oratio
1239 2317 1360 2374 ﬁdei
1387 2317 1617 2375 salvabit

76 2402 331 2477 inﬁrmum,
378 2419 435 2467 et
487 2411 775 2468 suscitabit
821 2411 974 2468 illum
1017 2412 1310 2477 Dominus,
1360 2420 1418 2467 et
1466 2412 1511 2468 si
1560 2411 1615 2468 in

75 2490 263 2567 peccatis
284 2500 464 2571 fuerit,
492 2506 842 2563 remittenlur
861 2506 910 2562 ei
937 2506 1079 2578 (Jac.
1106 2505 1434 2578 ν,14,15).›
1461 2505 1619 2575 Quod

76 2602 155 2645 non
173 2602 245 2648 est
263 2595 484 2652 dubium
516 2598 583 2654 de
612 2597 862 2661 ﬁdelibus
891 2601 1279 2672 aegrotantibus
1303 2599 1509 2669 accipi,
1532 2597 1620 2655 vel

76 2680 255 2756 intelligi
283 2686 484 2743 debere
504 2728 519 2754 ,
538 2689 642 2758 qui
672 2700 864 2746 sancto
892 2691 1015 2747 oleo
1055 2691 1367 2747 chrismatis
1391 2691 1618 2763 perungi

76 2786 284 2844 possunt,
318 2781 459 2851 quod
496 2782 563 2837 ab
589 2782 845 2855 episcOpo
884 2782 1227 2849 confectum,
1257 2799 1388 2841 .non
1438 2784 1614 2841 solum

78 2871 432 2940 sacerdotibus,
466 2874 567 2929 sed
607 2875 863 2932 omnibus
904 2876 982 2932 uti
1013 2876 1343 2932 Christianis
1370 2875 1529 2944 licet,
1563 2876 1619 2934 in

76 2972 173 3027 sua,
212 2973 299 3020 aut
342 2980 576 3021 suorum
625 2967 952 3024 necessitate
997 2968 1323 3040 inungendo.
1349 2968 1619 3034 Creterum

77 3050 174 3108 illud
198 3056 520 3127 superﬂuum
548 3056 796 3142 videmus
830 3059 1109 3131 adjectum
1127 3100 1144 3127 ,
1183 3067 1246 3115 ut
1270 3059 1339 3116 de
1368 3059 1622 3130 episcopo

76 3147 332 3220 ambigatur
357 3149 511 3221 quod
537 3149 873 3221 presbyteris
904 3151 1070 3208 licere
1101 3165 1207 3207 non
1256 3148 1478 3205 dubium
1511 3158 1615 3205 est.
1656 3174 1665 3221 ‘-

1752 2006 1755 2015 Ι
1785 1933 1874 1990 12.
1915 1934 1993 1990 De
2020 1934 2323 2007 virginibus
2352 1936 2555 2005 sacris,
2586 1937 2632 1994 si
2662 1936 2827 2010 lapsae
2852 1939 3088 2011 fuerint,
3120 1952 3181 1999 ut
3207 1960 3308 2018 pu-
3336 2020 3341 2025 θ

1711 2024 1851 2084 blice
1877 2028 2182 2099 nupseriut.

1746 2118 1747 2121 “
1788 2118 1876 2173 15.
1917 2118 1993 2173 De
2022 2118 2328 2191 virginibus
2355 2134 2463 2176 non
2488 2121 2714 2190 velatis,
2746 2123 2791 2179 si
2822 2124 3179 2185 deviaverint.

1784 2213 2145 2274 inuocas-rius
2205 2215 2504 2276 Vicromco
2565 2219 2820 2293 episcopo
2882 2223 3310 2301 Rothomagensi

1714 2304 1966 2363 salutem.
3334 2324 3339 2329 ⁴

1742 2384 1743 2387 “
1788 2400 1905 2457 Etsi
1941 2401 2060 2470 tibi,
2093 2401 2264 2459 frater
2288 2403 2644 2473 cbarissime,
2676 2421 2776 2479 pro
2806 2409 3004 2466 merito
3029 2420 3085 2468 et
3105 2413 3313 2471 honore

1718 2484 2010 2550 sacerdotii
2041 2510 2149 2566 quo
2182 2494 2475 2567 plurimum
2506 2497 2711 2568 polles,
2736 2500 2955 2558 vivendi
2991 2511 3047 2560 et
3078 2506 3309 2564 docendi

1717 2578 2107 2642 ecclesiasticae
2136 2588 2335 2659 regula:
2357 2598 2486 2647 nota
2512 2600 2643 2647 sunt
2666 2593 2849 2649 omnia
2866 2636 2882 2660 ,
2909 2612 3085 2668 neque
3109 2606 3192 2653 est
3216 2599 3314 2655 ali-

1718 2678 1849 2750 quid
1873 2679 2019 2750 quod
2049 2680 2115 2736 de
2146 2680 2317 2737 sacris
2340 2680 2660 2739 lectionibus
2690 2684 2785 2740 tibi
2817 2686 2995 2743 minus
3026 2687 3310 2746 collectum

1720 2782 1841 2825 esse
1858 2768 2128 2836 videatur,
2147 2781 2328 2827 tamen
2356 2773 2482 2844 quia
2508 2770 2767 2831 Romana:
2785 2775 3046 2834 Ecclesiae
3065 2795 3313 2838 normam

1720 2868 1883 2930 atque
1919 2861 2298 2918 auctoritatem
2340 2878 2669 2935 magnopere
2696 2866 3006 2937 postulasti,
3049 2868 3313 2927 voluntati

1722 2959 1827 3006 tuae
1864 2965 2074 3007 morem
2108 2953 2405 3009 admodum
2428 2971 2624 3027 gerens
2651 2956 2718 3014 de
2743 2959 2914 3031 gestis
2940 2961 3066 3017 vita:
3088 3003 3103 3029 ,
3122 2970 3179 3020 et
3201 2980 3318 3021 mo-

1721 3057 1842 3096 rum
1885 3040 2249 3113 probabilium
2299 3046 2615 3117 disciplinas
2662 3065 2903 3107 annexas
2940 3050 3137 3110 litteris
3180 3056 3318 3115 meis

1725 3133 1881 3201 misi,
1913 3150 2011 3204 per
2030 3151 2165 3207 quas
2190 3139 2479 3195 advertant
2528 3140 2897 3199 Ecclesiarum
2944 3146 3183 3230 regionis
3224 3164 3320 3206 ve-

75 3234 177 3292 Nam
191 3211 408 3298 *ἰδοίτὼ
459 3211 556 3298 dc'
576 3211 911 3315 presbyteris
956 3243 1162 3299 dictum
1194 3249 1312 3306 εει,
1343 3242 1471 3312 quia
1500 3241 1619 3312 cpi-
1648 3211 1694 3274 C
1724 3235 1852 3281 strue
1899 3227 2077 3297 populi
2121 3229 2319 3298 quibus
2360 3231 2523 3287 rebus
2551 3241 2608 3287 et
2637 3233 2837 3303 regulis
2881 3211 3316 3297 Christianorum

76 3331 188 3398 scopi
212 3332 654 3404 occupationibus
680 3332 800 3389 aliis
844 3332 1119 3404 impediti,
1152 3333 1221 3388 ad
1263 3347 1453 3388 omnes
1498 3329 1622 3386 lan-

75 3419 227 3489 guidos
249 3422 322 3478 ire
348 3432 737 3495 nonpossent.
761 3423 1034 3480 Caeterum
1056 3424 1101 3479 si
1124 3424 1410 3495 episcopus
1435 3433 1619 3493 postea

76 3510 252 3579 dignum
279 3514 424 3571 ducit
471 3515 711 3586 aliquem
747 3531 777 3570 a
825 3529 883 3571 se
914 3514 1244 3570 visitandum
1265 3556 1280 3578 ,
1311 3524 1368 3569 et
1393 3512 1622 3569 benedi-

75 3613 172 3656 cere
192 3614 241 3658 et
263 3613 492 3677 tangere
532 3606 829 3681 chrismate
870 3605 989 3660 sine
1031 3604 1378 3660 cunctatione
1406 3612 1620 3675 potest,

75 3692 195 3762 cilius
215 3707 294 3753 est
319 3698 502 3770 ipsum
534 3698 774 3755 chrisma
803 3697 1095 3755 conficere.
1142 3696 1278 3753 Nam
1308 3697 1622 3769 paenitenti-

76 3780 153 3838 bus
170 3785 283 3844 illud
305 3785 465 3859 fundi,
494 3804 599 3845 non
638 3797 837 3859 potest,
857 3788 985 3859 quia
1011 3802 1184 3860 genus
1209 3795 1294 3843 cst
1315 3801 1626 3844 sacramen-

76 3871 121 3925 ti.
147 3873 496 3949 Namquibus
524 3878 735 3950 reliqua
766 3888 1111 3936 sacramenta
1154 3888 1442 3952 negantur,
1483 3894 1624 3951 quo-

76 3967 203 4023 modo
225 3986 384 4027 unum
411 3954 588 4045 genus
616 3986 776 4042 posse
804 3980 1030 4044 putatur
1051 3971 1315 4029 concedi?
1353 3971 1451 4026 llis
1472 3986 1624 4043 ergo,

75 4054 210 4114 frater
232 4061 555 4118 cbarissime
572 4103 587 4129 ,
614 4063 866 4128 omnibus
888 4077 1011 4133 quae
1040 4070 1130 4118 tua
1158 4061 1376 4119 dilectio
1406 4061 1575 4118 voluit
1597 4077 1627 4117 a

77 4152 199 4208 nobis
216 4157 437 4226 exponi,
467 4164 626 4226 prout
644 4156 920 4226 potuimus
942 4154 1275 4227 respondere
1295 4154 1625 4218 curavimus,

76 4250 123 4297 ut
144 4243 366 4303 Ecclesia
390 4258 490 4303 tua
518 4238 822 4302 Romanam
845 4248 1289 4304 consuetudinem
1317 4262 1347 4301 a
1378 4261 1489 4329 qua
1512 4247 1627 4303 ori-

76 4333 220 4404 ginem
240 4340 406 4408 ducit,
430 4356 660 4397 servare
685 4340 863 4396 valeat
887 4350 1050 4412 atque
1075 4340 1369 4396 custodire.
1405 4339 1630 4410 Reliqua

66 4440 178 4485 .vero
196 4445 308 4502 qua:
332 4432 504 4490 scribi
531 4431 614 4488 fas
641 4448 748 4489 non
779 4442 929 4499 erat,
958 4449 1082 4488 cum
1113 4431 1365 4498 affueris,
1397 4432 1632 4507 interro-

75 4520 162 4587 gati
184 4525 478 4593 poterimus
501 4524 736 4580 edicere.
765 4524 885 4579 Erit
914 4533 1095 4581 autem
1125 4522 1337 4578 Domini
1364 4524 1630 4593 potentia:

72 4609 209 4675 etiam
252 4614 304 4670 id
344 4630 678 4686 procurare,
707 4624 767 4670 ut
796 4622 853 4670 et
885 4623 1030 4669 tuam
1065 4612 1398 4678 Ecclesiam,
1433 4622 1488 4668 ct
1524 4612 1630 4670 cle-

77 4706 193 4763 ricos
212 4700 428 4769 nostr‘s
456 4712 549 4783 qui
577 4712 679 4767 sub
708 4719 800 4765 tuo
824 4709 1105 4780 pontiﬁcio
1130 4709 1333 4764 divinis
1358 4707 1631 4764 famulan-

80 4802 150 4849 tur
169 4797 377 4868 oﬂiciis,
407 4802 550 4857 bene
581 4801 868 4866 instituas,
915 4809 971 4855 et
1017 4800 1139 4855 aliis
1166 4798 1396 4854 formam
1423 4799 1633 4855 tribuas

79 4900 212 4954 quam
239 4894 473 4951 debeant
527 4893 748 4949 imitari.
786 4893 920 4948 Data
954 4907 1043 4946 xxv
1088 4890 1448 4946 Kalendarum
1474 4891 1635 4962 Apri-

79 4975 159 5048 lis,
185 4983 541 5055 Theodeosio,
582 4986 830 5059 Augusto
865 4985 1085 5057 septies,
1135 4983 1376 5040 Palladio
1412 4982 1503 5050 ιγ,
1547 4983 1632 5041 CC

77 5075 375 5134 consulibus.

78 5157 316 5234 Incipiunt
348 5167 584 5239 capitula
611 5167 843 5238 ejusdem
870 5167 939 5220 ad
970 5165 1288 5220 Victoricum
1314 5166 1630 5236 episcomrm.

62 5310 67 5317 .
136 5253 182 5308 1.
216 5255 370 5325 Quod
426 5268 579 5314 extra
631 5256 1018 5334 conscientiam
1069 5254 1470 5327 metropolitani
1525 5270 1633 5310 non

78 5355 187 5401 sunt
209 5351 494 5407 ordinandi
524 5350 783 5422 episcopi.

134 5438 183 5493 2.
221 5440 296 5499 De
323 5443 413 5499 bis
456 5445 546 5517 qui
589 5454 712 5516 post
738 5445 1065 5515 baptismum
1112 5443 1384 5516 cingulum
1431 5442 1639 5499 militia:

58 5535 329 5599 saecularis
374 5548 732 5612 acceperunt,
762 5554 869 5595 non
898 5537 1099 5596 debere
1136 5541 1203 5596 ad
1233 5522 1640 5596 clericatus'or-

52 5620 237 5683 .diaem
261 5629 498 5686 admitti.

51 5765 59 5772 .
134 5717 186 5772 3.
221 5720 297 5778 De
324 5722 505 5780 causis
552 5724 873 5781 clericorum
915 5739 1037 5796 quae
1084 5724 1136 5779 in
1186 5724 1464 5795 provincia
1491 5721 1641 5791 justo

80 5820 174 5868 non
201 5809 493 5885 ﬁniuntur,
518 5826 578 5875 ut
606 5817 676 5876 ab
710 5817 1007 5899 apostolica
1034 5817 1161 5877 sedc
1184 5815 1564 5901 terminentur.

1655 4573 1709 4633 D

1726 3316 1837 3370 vita
1878 3316 1935 3371 in
1984 3333 2082 3372 sua
2127 3316 2502 3390 cujuscunque
2546 3322 2887 3393 professione
2916 3326 3112 3383 debeat
3146 3331 3319 3386 conti-

1725 3412 1844 3469 neri
1901 3413 2188 3485 qualisque
2240 3425 2489 3471 servetur
2534 3416 2589 3471 in
2650 3418 2801 3474 urbis
2847 3418 3034 3477 Romae
3077 3422 3323 3480 ecclesiis

1726 3503 2031 3577 disciplina.
2060 3504 2178 3560 Erit
2219 3506 2523 3564 dilectionis
2559 3518 2663 3564 tum
2689 3525 2789 3580 per
2815 3511 3000 3582 plebes
3037 3512 3316 3582 ﬁnitimas,

1725 3606 1781 3652 et
1809 3599 2227 3655 consacerdotes
2265 3611 2481 3657 nostros
2508 3602 2602 3673 qui
2632 3603 2683 3657 in
2713 3603 2819 3659 illis
2860 3605 3174 3677 regionibus
3200 3623 3320 3678 pro-

1725 3689 1861 3761 priis
1904 3691 2153 3748 ecclesiis
2198 3694 2523 3763 prmsident,
2576 3696 2883 3767 regularum
2932 3700 3079 3756 hunc
3121 3701 3322 3758 librum

1726 3783 1883 3854 quasi
1904 3783 2265 3851 didasculum,
2284 3794 2448 3856 atque
2464 3788 2789 3845 monitorem
2813 3788 3000 3845 sedulo
3017 3790 3321 3860 insinuare,

1728 3880 1788 3927 ut
1818 3883 1873 3928 et
1909 3883 2124 3929 nostros
2154 3889 2521 3945 cognoscere,
2552 3886 2608 3931 et
2633 3878 2700 3933 ad
2727 3877 2888 3933 ﬁdem
2933 3879 3322 3940 confluentium

1724 3980 1911 4043 mores
1945 3966 2160 4023 valeant
2185 3968 2413 4025 docendi
2442 3967 2731 4027 sedulitate
2759 3970 3014 4028 formare.
3038 3973 3149 4030 Aut
3175 3976 3321 4033 enim

1731 4062 2068 4134 propositum
2096 4078 2254 4118 suum
2283 4078 2352 4118 ex
2380 4064 2484 4120 hac
2505 4072 2696 4120 nostra
2723 4068 3042 4136 congruenti
3088 4068 3324 4127 lectione

1731 4164 2083 4226 cognoscent,
2110 4165 2206 4211 aut
2230 4155 2275 4215 si
2297 4158 2428 4228 quid
2457 4157 2635 4215 adhuc
2659 4160 3017 4229 desideratur,
3045 4163 3203 4223 facile
3227 4183 3325 4238 po-

1732 4256 1918 4303 terunt
1945 4263 2015 4303 ex
2057 4247 2143 4303 his
2170 4249 2308 4304 bona
2355 4249 2660 4305 imitatione
2699 4254 2970 4326 supplere.
2999 4254 3327 4326 Incipiamus

1731 4354 1883 4411 ergo,
1912 4340 2200 4412 adjuvante
2244 4340 2356 4396 Deo
2399 4353 2457 4397 et
2498 4353 2690 4401 sancto
2732 4345 2826 4400 Dei
2862 4349 3108 4417 apostolo
3133 4350 3316 4420 Petro,

1732 4446 1831 4502 per
1864 4446 2027 4501 quem
2080 4438 2135 4486 et
2180 4430 2515 4503 apostolatus
2562 4442 2618 4488 et
2645 4434 2992 4508 episcopatus
3023 4439 3077 4494 in
3108 4440 3325 4498 Christo

1734 4520 1901 4590 coepit
1929 4521 2233 4587 exordium,
2249 4531 2308 4576 ut
2329 4522 2584 4592 quoniam
2606 4538 2749 4596 saepe
2766 4525 2950 4597 plures
2983 4541 3326 4589 emerserunt

1737 4625 1917 4666 causa:
1946 4625 2066 4681 quae
2113 4611 2166 4666 in
2210 4610 2505 4681 aliquantis
2540 4628 2647 4669 non
2678 4624 2834 4671 erant
2864 4632 3073 4685 causa,
3105 4621 3198 4675 sed
3226 4621 3328 4676 cri-

1736 4703 1904 4766 mina,
1923 4710 1981 4754 ut
2004 4700 2071 4756 de
2093 4709 2289 4757 czetero
2315 4702 2625 4761 sollicitudo
2646 4705 2718 4760 sit
2742 4707 3031 4779 unicuique
3053 4714 3323 4770 sacerdoti

1735 4794 1790 4849 in
1818 4809 1912 4849 sua
1940 4792 2185 4848 Ecclesia
2215 4809 2402 4848 curam
2430 4794 2740 4867 hujusmodi
2774 4798 3005 4866 habere,
3031 4802 3169 4858 sicut
3194 4805 3323 4861 bea-

1737 4891 1825 4938 tus
1879 4881 2157 4954 apostolus
2204 4881 2408 4939 Paulus
2463 4885 2756 4954 praedicat,
2814 4887 2976 4944 talem
3026 4891 3325 4952 Ecclesiam

1736 4978 1849 5032 Deo
1877 4976 2237 5032 exhibendam
2269 4992 2373 5031 non
2409 4995 2428 5029 ι
2462 4977 2748 5034 habentem
2781 4983 3046 5038 maculam
3067 5025 3081 5051 ,
3115 4996 3207 5043 aut
3237 5006 3327 5044 ru-

1742 5088 1862 5141 gam
1896 5070 2057 5144 (Eph.
2089 5087 2144 5137 v,
2169 5069 2259 5141 27)
2277 5112 2290 5135 ,
2322 5090 2341 5124 ι
2373 5087 2439 5125 ne
2465 5071 2693 5143 alicujus
2721 5074 2980 5133 morbida:
3003 5079 3120 5135 ovis
3145 5079 3325 5140 amalu

1742 5164 2073 5221 conscientia
2099 5174 2283 5219 nostra
2310 5165 2675 5221 contaminata
2705 5167 2955 5223 violetur.
2980 5170 3210 5244 Propter
3232 5191 3327 5234 eos

1740 5273 1872 5329 ergo
1901 5256 1993 5327 qui
2020 5254 2104 5312 vel
2136 5257 2443 5327 ignorantia
2466 5256 2551 5313 vel
2572 5258 2776 5314 desidia
2806 5276 2912 5317 non
2946 5273 3130 5322 tenent
3156 5268 3332 5326 eccle-

1743 5351 2017 5408 siasticam
2065 5349 2445 5420 disciplinam,
2492 5359 2549 5406 et
2599 5351 2768 5407 multa
2812 5369 2920 5411 non
2952 5362 3330 5427 praesumenda

1742 5450 2101 5516 praesumunt,
2118 5450 2265 5497 recte
2286 5441 2591 5512 postulasti,
2613 5452 2670 5497 ut
2693 5444 2744 5498 in
2770 5444 2874 5501 illis
2887 5448 3330 5518 partibusistius-

1745 5536 1890 5593 modi
1919 5550 2081 5606 quam
2119 5542 2267 5590 tenet
2296 5533 2539 5590 Ecclesia
2587 5535 2830 5593 Romana
2856 5538 3031 5595 forma
3059 5550 3323 5609 servetur,

1752 5643 1860 5681 non
1913 5626 2054 5695 quod
2102 5639 2240 5679 nova
2302 5634 2573 5697 praecepta
2620 5626 2801 5699 aliqua
2845 5628 3199 5701 imperentur,
3236 5635 3329 5688 sed

1745 5735 1809 5776 ea
1840 5735 1961 5791 quae
1994 5733 2089 5791 per
2111 5716 2375 5775 desidiam
2408 5719 2710 5791 aliquorum
2762 5723 3005 5795 neglecta
3055 5732 3214 5792 sunt,
3261 5724 3330 5779 ab

1746 5811 2000 5871 omnibus
2025 5810 2301 5868 observari
2334 5812 2635 5885 cupiamus,
2663 5829 2784 5886 quae
2819 5824 2998 5874 tamen
3027 5816 3325 5894 apostolica}
