3888 6502
610 300 723 369 690

3760 110 3846 151 Ἵη

1401 291 1687 377 Aprem);
1745 300 1840 358 an
1867 299 2044 363 suo.
2081 302 2175 367 ut.
2210 332 2282 346 —
2306 299 2564 375 lSlDOBt
2599 302 3048 375 MERCATORIS
3706 329 3772 386 τω

607 426 667 477 et
696 415 923 473 Patrum
969 411 1263 472 traditione
1300 421 1426 469 sunt
1460 415 1775 471 constituta.
1809 414 2085 487 Scriptum
2116 423 2204 472 est
2230 422 2277 484 Α
2307 413 2403 471 fiat
2421 456 2436 482 ,
2459 414 2586 488 quia
2614 416 2875 506 scriptum
2899 426 3002 475 est.
3031 437 3052 473 α
3081 419 3255 479 Unius
3272 422 3453 497 uxoris
3470 425 3613 486 virum
3628 432 3666 507 (l
3685 394 3771 495 iis,

608 525 845 581 namque
875 508 942 564 ad
972 506 1483 565 Thessalonicenses
1513 511 1784 576 secundo,
1815 519 1872 566 et
1911 511 1977 583 ad
2005 508 2191 567 Timo-

2299 508 2512 575 lu,2);a
2544 516 2599 564 et
2628 510 2822 567 iterum
2853 498 2867 566 ἐ
2891 529 2911 563 ι
2940 509 3267 571 Sacerdotes
3286 515 3391 572 mei
3418 516 3557 577 semel
3578 498 3768 596 nubauta

609 608 794 667 meum
814 643 829 670 ,
856 599 1101 675 apostolo
1124 598 1292 659 Paulo
1317 608 1569 656 monente
1598 617 1614 657 :
1650 619 1668 654 ι
1709 600 1862 658 State
1883 642 1898 669 ,
1928 610 1983 657 et
2015 609 2195 657 tenete
2296 608 2352 655 et
2381 599 2509 654 alibi
2536 614 2552 654 :
2582 618 2601 653 ε
2644 599 2970 659 Sacerdotes
2998 603 3102 660 mei
3133 620 3245 662 non
3276 606 3472 665 nubant
3496 614 3690 685 amplius.
3717 640 3730 674 ι

608 686 928 751 traditiones
955 698 1166 759 nostras
1210 706 1346 763 quas
1392 690 1713 747 tradidimus
1759 692 1914 748 vobis
1958 692 2072 751 sive
2099 706 2197 762 per

604 798 866 851 vernum,
892 784 1007 840 sive
1030 798 1129 853 per
1156 781 1440 853 epistolam
1472 781 1561 855 (II
1596 780 1778 838 Thess.
1807 799 1882 850 ιι,
1911 782 2025 855 14).
2056 802 2075 837 ι
2123 780 2193 837 ll-

603 874 698 939 iud
726 883 873 945 certe
904 884 1049 937 tuam
1081 876 1240 933 debet
1260 884 1498 930 mentem
1526 875 1902 931 vehementius
1930 874 2174 935 excitare

600 977 663 1025 ut
692 967 761 1024 ab
786 968 933 1024 omni
961 967 1084 1025 labe
1112 967 1294 1026 saeculi
1320 966 1479 1025 istius
1504 969 1763 1026 immunis
1790 977 1916 1026 ante
1943 964 2040 1026 Dei
2067 968 2193 1025 con-

601 1070 845 1135 spectum
871 1068 928 1119 et
975 1074 1206 1123 securus
1249 1061 1565 1139 inveniaris.
1603 1079 1622 1114 ι
1653 1060 1752 1119 Cui
1795 1061 2022 1139 multum
2051 1064 2195 1125 enim

599 1157 842 1214 creditur
869 1155 991 1229 plus
1028 1157 1097 1212 ab
1127 1170 1194 1212 eo
1222 1156 1458 1228 exigitur
1491 1138 1646 1228 (Luc.
1693 1171 1801 1222 xu,
1833 1154 1946 1235 48).
1987 1175 2006 1210 ι
2056 1155 2198 1233 Ergo

598 1249 857 1321 quondam
882 1264 989 1307 non
1039 1263 1139 1335 pro
1188 1248 1346 1305 nobis
1404 1256 1651 1319 tantum,
1704 1246 1798 1309 sed
1845 1263 1946 1335 pro
1995 1238 2196 1323 papula

597 1344 802 1401 Christi
836 1343 1083 1415 cogimur
1128 1350 1388 1413 praestare
1441 1341 1736 1408 rationem,
1786 1340 1993 1397 idcirco
2036 1339 2198 1395 disci-

596 1436 743 1510 plina
774 1436 871 1493 Dei
898 1436 1240 1515 sanctificare
1286 1435 1544 1521 populum
1573 1443 1629 1491 et
1666 1434 1882 1502 erudire
1913 1434 2194 1491 debemus.

596 1528 874 1600 Quosdam
894 1530 1040 1585 enim
1067 1528 1267 1585 asseris
1291 1528 1566 1593 exstitisse
1580 1527 1671 1600 qui
1694 1535 1897 1586 statuta
1921 1526 2190 1597 majorum

595 1637 704 1680 non
731 1627 997 1689 tenentes,
1031 1619 1338 1681 castitatem
1368 1618 1626 1687 Ecclesia:
1653 1633 1750 1679 sua
1772 1617 2198 1692 praesumptione

594 1712 831 1787 violant,
856 1711 1042 1795 populi
1077 1710 1320 1777 favorem
1360 1720 1670 1782 sequentes,
1711 1720 1767 1768 et
1810 1711 1903 1767 Dei
1929 1709 2195 1782 judicium

2368 689 2447 745 Ac
2472 704 2541 746 ne
2570 689 2639 745 ab
2665 690 2937 764 aliquibus
2960 695 3307 753 existimetur
3327 709 3447 755 ante
3467 700 3730 778 baptismum,
3745 715 3775 772 si

2300 779 2441 837 forte
2465 781 2588 854 quis
2609 784 2821 861 accepit
2844 801 3089 854 uxorem,
3122 798 3176 845 et
3201 803 3265 846 ea
3298 791 3365 847 de
3392 794 3563 853 seculo
3584 802 3778 863 recedente

2299 872 2526 927 alteram
2548 871 2785 942 duxerit,
2800 875 3067 933 etdixerit
3081 878 3135 934 in
3157 880 3427 954 baptismo
3444 899 3549 942 esse
3565 886 3774 961 dimissum,

2298 962 2437 1019 satis
2481 973 2629 1018 errat
2668 978 2699 1018 a
2740 966 2928 1037 regula
2950 1007 2967 1035 ,
3001 969 3128 1039 quia
3160 969 3215 1026 in
3253 972 3509 1044 baptismo
3529 990 3698 1047 peccata
3730 984 3780 1041 di-

2299 1063 2619 1122 mittuntur,
2670 1072 2778 1113 non
2812 1070 3158 1132 acceptarum
3192 1078 3419 1121 uxorum
3460 1084 3668 1129 numerus
3695 1077 3778 1133 abo-

2297 1145 2460 1211 letur,
2489 1161 2616 1204 cum
2647 1149 2834 1222 utique
2865 1166 3005 1209 uxor
3047 1170 3117 1211 ex
3157 1155 3295 1229 legis
3323 1170 3572 1233 praecepto
3608 1164 3778 1237 ducatur,

2301 1250 2357 1294 .n
2391 1246 2601 1332 tantum
2630 1249 2692 1296 ut
2720 1241 2774 1297 in
2816 1241 3073 1314 paradiso
3108 1262 3230 1303 cum
3273 1261 3514 1332 parentes
3537 1254 3704 1312 humani
3725 1276 3781 1332 ge-

2300 1330 2452 1385 neris
2467 1330 2843 1405 jungerentur,
2873 1337 2942 1392 ab
2968 1334 3088 1410 ipso
3118 1320 3347 1397 Domino
3380 1343 3481 1399 sint
3500 1320 3785 1415 benedicti:u
3844 1320 3845 1339 χ

2303 1420 2560 1480 Salomon
2586 1424 2731 1480 dicat.
2756 1426 2855 1482 :rA
2870 1427 2982 1485 Deo
3000 1433 3399 1502 praeparabitur
3417 1434 3524 1493 viro
3541 1452 3651 1495 uxor
3664 1439 3781 1513 (Prov.

2300 1530 2394 1572 XIX
2417 1556 2432 1581 ,
2468 1516 2578 1589 14).
2614 1534 2637 1570 ι
2683 1516 2857 1586 Quam
2890 1518 3122 1577 formam
3152 1523 3319 1579 etiam
3371 1528 3643 1586 sacerdotes
3663 1545 3784 1588 omnes
3844 1516 3845 1577 Υ

2302 1617 2529 1663 servare
2555 1623 2686 1664 usus
2733 1609 2852 1681 ipse
2897 1609 3237 1669 demonstrat
3275 1614 3541 1674 Ecclesiae.
3567 1618 3783 1679 Saliseiim
3844 1682 3845 1689 η

2301 1696 2597 1781 absurdum
2641 1708 2725 1755 est
2764 1699 3000 1773 aliquem
3039 1705 3265 1763 credere
3299 1710 3517 1765 uxorem
3556 1720 3656 1767 ante
3676 1711 3783 1786 Βηρύ-
3844 1706 3845 1761 l

594 1818 703 1860 non
739 1776 1012 1860 timentes.
1046 1804 1190 1876 Ergo
1239 1817 1309 1858 ne
1333 1776 1554 1859 silentio
1582 1810 1771 1860 nostro
1810 1776 2193 1869 existimemur-
2298 1804 2478 1893 smum
2502 1776 2784 1865 acceptam
2805 1803 2929 1877 post
2948 1796 3277 1870 baptismum
3301 1814 3411 1856 non
3432 1776 3782 1874 computamus
3844 1826 3845 1839 ι

592 1892 680 1953 bis
723 1894 968 1969 praebere
1012 1908 1372 1961 consensum,
1403 1893 1633 1949 Domino
1675 1893 1890 1950 dicente
1917 1909 2018 1965 per
2059 1909 2193 1966 pro-

590 1985 850 2057 phetam;
889 2003 908 2036 ‹
946 1972 1171 2040 videbas
1226 1982 1403 2040 furem
1448 1992 1506 2041 et
1548 1985 1811 2043 currebas
1848 2000 1970 2042 cum
2033 2000 2133 2055 eo,
2170 2005 2190 2059 ρ

592 2074 770 2148 (Ρεαι.
799 2091 951 2151 xux,
972 2074 1063 2153 l8)
1093 2076 1209 2147 haec
1230 2085 1358 2132 sunt
1377 2090 1499 2148 quas
1522 2075 1779 2151 deinceps
1807 2076 2008 2133 intuitu
2029 2076 2197 2136 divini

588 2168 815 2245 judicii,
844 2185 1063 2247 omnem
1094 2168 1429 2226 catholicum
1481 2168 1796 2243 episcopum
1832 2168 2053 2243 expedit
2099 2187 2194 2227 cu-

592 2252 824 2320 stodire.
854 2254 861 2263 ’
1038 2254 1043 2261 ’
1522 2262 1529 2265 “

661 2350 793 2432 Cn.
822 2351 865 2408 l.
895 2350 1171 2431 Primum,
1204 2360 1265 2429 ut
1293 2359 1450 2409 extra
1481 2352 1873 2413 conseientiam
1915 2360 2195 2422 metropo-

590 2436 1028 2541 litani'episcopi
1080 2443 1260 2500 nullus
1308 2443 1507 2498 audeat
1546 2443 1804 2503 ordinare
1853 2444 2193 2523 episcopum.

588 2535 865 2615 [ntegrum
889 2525 1041 2594 enim
1085 2544 1171 2593 est
1209 2525 1479 2627 judicium
1510 2536 1656 2607 quod
1684 2536 2041 2617 plurimorum
2072 2552 2199 2593 sen-

590 2628 778 2686 tentiis
824 2627 1209 2705 confirmatur,
1257 2643 1360 2684 nec
1407 2642 1547 2684 unus
1595 2629 1885 2700 episcopus
1937 2629 2197 2686 ordinare

584 2725 884 2792 praesumat
909 2717 1259 2795 episcopum,
1291 2732 1361 2773 ne
1401 2714 1663 2777 furtivum
1704 2721 2009 2792 praestitum
2037 2719 2198 2776 bene-

587 2808 773 2866 ficium
807 2809 1084 2878 videatur,
1117 2808 1223 2865 hoc
1247 2809 1394 2865 enim
1441 2818 1500 2866 et
1550 2810 1792 2882 synodus
1816 2808 2033 2867 Nicaena
2072 2825 2197 2868 con-

585 2896 766 2961 stituit
793 2909 961 2974 atque
988 2898 1255 2958 definivit.

607 2980 623 2989 ”
656 2991 726 3069 il.
769 2972 1067 3067 Coristituit
1097 2974 1264 3048 etiam
1297 3001 1464 3069 atque
1491 2992 1740 3051 definivit
1772 3011 1787 3050 :
1821 2992 1879 3052 Si
1909 2994 2031 3066 quis
2070 3002 2195 3068 post

586 3085 970 3159 remissionem
1000 3095 1352 3165 peccatorum
1380 3087 1660 3160 cingulum
1685 3086 1892 3144 militiae
1913 3088 2195 3145 saecularis

2300 1883 2612 1941 benedictio
2645 1900 2768 1958 quae
2811 1901 2913 1958 per
2952 1889 3292 1946 sacerdotem
3321 1906 3480 1965 super
3501 1893 3711 1950 nubentes
3728 1896 3785 1949 irt-
3844 1912 3845 1919 η

2299 1979 2538 2050 ponitur,
2568 1993 2677 2035 non
2701 1980 2992 2035 materiam
3027 1981 3379 2053 delinquendi
3402 1984 3615 2050 dedisse,
3637 1985 3789 2041 sedior-
3844 2012 3845 2015 η

2302 2078 2447 2124 mam
2481 2069 2719 2125 tenuisse
2765 2068 2902 2143 legis
2931 2085 2961 2125 a
2993 2069 3107 2127 Deo
3146 2072 3448 2144 antiquitus
3490 2075 3701 2131 institute
3730 2078 3786 2130 ἀο-
3844 2094 3845 2141 ;

2301 2148 2508 2214 ceat-ur.
2536 2146 2690 2226 Quod
2719 2158 2766 2215 si
2797 2173 2905 2215 non
2951 2169 3176 2231 putatur
3202 2177 3343 2219 uxor
3390 2178 3506 2222 esse
3532 2166 3790 2237 computanda

2300 2264 2423 2321 quae
2463 2256 2593 2305 ante
2638 2250 2969 2322 baptismum
3017 2252 3178 2308 ducta
3223 2261 3342 2322 est,
3382 2268 3505 2328 ergo
3538 2256 3790 2328 neclliiqui
3844 2282 3845 2328 ἦ

2301 2351 2428 2396 ante
2454 2342 2784 2414 baptismum
2811 2343 2979 2415 geniti
3014 2354 3145 2400 sunt
3170 2358 3273 2415 pro
3304 2345 3436 2403 aliis
3460 2349 3701 2404 habentur.

2373 2432 2533 2504 112
2572 2431 2680 2488 Vll.
2719 2432 2793 2489 Ut
2829 2435 2899 2489 de
2933 2433 3111 2489 aliena
3157 2435 3405 2493 Ecclesia
3441 2438 3666 2495 clericum
3693 2436 3791 2492 ordi-

2298 2540 2457 2594 nare,
2503 2531 2596 2581 aut
2627 2525 2877 2596 judicare
2905 2524 3084 2582 nullus
3122 2538 3379 2599 usurpet,
3420 2530 3518 2587 nisi
3536 2530 3791 2601 ejusep'tseo-

2299 2632 2401 2690 pus
2450 2619 2705 2690 precibus
2760 2631 3019 2678 exoratus
3078 2621 3384 2678 concedere
3436 2622 3667 2689 voluerit,
3701 2620 3791 2693 quod

2299 2711 2467 2767 etiam
2501 2709 2722 2767 Nicena
2748 2709 2965 2767 videtur
2990 2711 3230 2782 synodus
3249 2713 3549 2779 continere.
3570 2713 3793 2784 Abjectust
3844 2706 3845 2747 ἶ

2299 2818 2396 2861 sua
2423 2804 2674 2861 Ecclesia
2702 2804 2958 2871 clericus,
2988 2803 3059 2861 ab
3086 2803 3263 2873 altera
3287 2821 3402 2864 non
3434 2804 3794 2880 suscipiaturlle-
3844 2876 3845 2885 χ

2299 2897 2485 2954 clesia.
3117 2953 3122 2957 ,
3844 2898 3845 2913 ‘

2370 2991 2504 3048 Vill.
2537 2991 2608 3049 Ut
2632 2990 2915 3048 venientes
2959 3006 2992 3047 a
3032 2989 3358 3049 Novatianis
3388 2992 3475 3050 vel
3517 2987 3794 3047 Ioutmsilut
3844 3000 3845 3037 ξ

2297 3100 2398 3158 per
2424 3076 2635 3141 manus
2657 3092 2863 3140 tantum
2904 3084 3307 3155 impositionem
3351 3077 3791 3156 suscipiantur,quil
3844 3094 3845 3101 ‘

587 3170 878 3251 habuerit,
912 3178 981 3234 ad
1008 3174 1326 3252 clericatum
1361 3178 1575 3236 admitti
1606 3180 1828 3236 omnino
1873 3195 1979 3235 non
2009 3180 2189 3236 debet.
2220 3175 2267 3240 C
2297 3178 2549 3250 quamvis
2578 3176 2647 3233 ab
2666 3177 2963 3247 haereticis,
2996 3184 3178 3234 tamen
3208 3178 3265 3235 in
3286 3176 3494 3235 Christi
3519 3176 3792 3237 nominasset

656 3254 759 3327 Ill.‘
788 3268 848 3347 Si
893 3284 1016 3345 quae
1047 3280 1229 3327 autem
1280 3286 1459 3349 causa:
1505 3271 1591 3328 vel
1640 3271 2019 3329 contentiones
2047 3270 2193 3327 inter

583 3360 817 3443 clericos
838 3356 926 3435 vel
954 3361 1099 3420 inter
1118 3361 1289 3420 laicos
1316 3371 1425 3419 tam
1453 3362 1751 3437 superioris
1770 3362 1970 3435 gradus
1987 3402 2003 3429 ,
2026 3377 2189 3432 quam

583 3454 752 3513 etiam
768 3446 1058 3513 inferioris
1083 3454 1287 3513 fuerint
1309 3465 1514 3512 exortae
1532 3497 1546 3523 ,
1568 3455 1775 3533 placuit
1794 3464 1855 3510 ut
1883 3455 2187 3511 secundum

584 3545 853 3620 synodum
929 3543 1203 3603 Nicaenam
1260 3542 1605 3621 congregatis
1653 3551 1907 3606 omnibus
1941 3549 2187 3621 ejusdem

581 3638 878 3717 provinciae
907 3639 1179 3712 episcopis
1206 3639 1473 3713 judicium
1508 3642 1860 3712 terminetur,
1894 3659 1995 3699 nec
2023 3642 2188 3701 alicui

582 3724 767 3799 liceat,
798 3732 917 3788 sine
944 3732 1259 3808 praejudicio
1291 3745 1472 3790 tamen
1504 3734 1765 3793 Romanae
1795 3736 2073 3806 Ecclesiae,
2096 3746 2183 3795 cui

582 3824 639 3881 in
677 3826 929 3883 omnibus
955 3822 1137 3884 causis
1179 3828 1407 3885 debetur
1440 3832 1746 3887 reverentia
1776 3833 2075 3901 custodiri,
2103 3849 2188 3889 re-

581 3913 731 3971 lictis
760 3916 845 3973 his
871 3920 1249 3976 sacerdotibus
1295 3921 1389 3993 qui
1425 3919 1477 3975 in
1523 3924 1714 3978 eadem
1760 3924 2039 3994 provincia
2089 3923 2185 3982 Dei

583 4006 858 4067 Ecclesias
889 4021 1021 4079 nutu
1062 4012 1247 4068 divino
1273 4014 1601 4086 gubernant,
1637 4015 1705 4070 ad
1737 4014 1868 4072 alias
1897 4016 2187 4074 convolare

582 4101 928 4175 provincias,
957 4111 1050 4158 aut
1080 4104 1310 4161 aliarum
1344 4105 1752 4181 provinciarum
1786 4108 1937 4180 prius
1967 4110 2182 4180 episco-

581 4203 776 4263 porum
819 4188 1082 4261 judicium
1125 4193 1380 4267 experiri.
1419 4192 1573 4263 Quod
1624 4198 1668 4253 si
1717 4198 1841 4268 quis
1874 4198 2015 4255 forte
2044 4214 2185 4271 prae.

582 4283 911 4353 sumpserit,
961 4284 1031 4340 ab
1059 4283 1243 4342 ofﬁcio
1281 4285 1413 4342 cleri
1452 4288 1734 4346 submotus
1775 4272 1831 4346 et
1860 4290 2181 4361 injuriarum

582 4382 712 4432 reus
738 4375 806 4431 ab
835 4378 1086 4434 omnibus
1114 4372 1410 4459 judicetur.
1437 4378 1493 4436 Si
1527 4392 1710 4449 autem
1742 4384 1977 4454 majores
2002 4400 2183 4441 causa;

580 4465 635 4524 in
675 4466 910 4524 medium
938 4462 1139 4525 fuerint
1164 4470 1449 4540 devolutai,
1478 4473 1545 4528 ad
1591 4474 1774 4529 sedem
1803 4474 2178 4549 apostolicam,

580 4558 724 4616 sicut
765 4560 1005 4632 synodus
1049 4561 1274 4627 statuit,
1322 4570 1378 4616 et
1409 4562 1563 4618 beata
1610 4567 1946 4621 consuetudo
1976 4566 2176 4640 exigit,

580 4659 698 4722 post
722 4648 989 4721 judicium
1020 4650 1329 4723 episcopale
1358 4652 1692 4709 referantur.

649 4740 739 4821 iV.
784 4740 851 4798 Ut
878 4742 1161 4798 mulierem
1192 4743 1407 4799 viduam
1440 4744 1675 4802 clericus
1706 4763 1809 4802 non
1841 4747 2006 4804 ducat
2036 4764 2179 4805 uxo-

579 4848 729 4902 rem,
758 4831 884 4909 quia
914 4835 1176 4906 scriptum
1219 4842 1302 4891 est
1331 4853 1345 4889 :
1382 4853 1400 4887 ι
1437 4834 1705 4892 Sacerdos
1757 4854 1982 4894 uxorem
2013 4840 2178 4913 virgi-

578 4942 704 4984 nem
729 4927 984 4999 accipiat,
1010 4941 1114 4982 non
1141 4925 1381 4992 viduam,
1402 4942 1509 4981 non
1535 4925 1764 4997 ejectum
1788 4928 2008 4999 (Ezech.
2026 4946 2172 4998 κων,

579 5018 672 5093 22)
693 5061 709 5088 ,
737 5037 757 5072 ι
792 5020 975 5090 utique
999 5018 1091 5091 qui
1122 5019 1189 5074 ad
1219 5020 1586 5077 sacerdotium
1634 5020 1819 5077 labore
1850 5038 1947 5077 suo
1971 5032 2025 5077 et
2051 5024 2176 5079 vita:

579 5111 849 5191 probitate
888 5112 1185 5176 contendit,
1209 5126 1405 5168 cavere
1425 5112 1614 5179 debet,
1642 5128 1708 5168 ne
1736 5114 1841 5169 hoc
1861 5115 2173 5186 praejudicio

582 5201 872 5283 impeditus
902 5204 1187 5274 pervenire
1215 5219 1321 5260 non
1352 5203 1544 5274 possit,

654 5292 721 5375 Υ.
762 5291 835 5349 Ut
858 5294 903 5371 si
927 5293 1050 5365 quis
1077 5293 1295 5351 viduam
1330 5294 1459 5350 licet
1501 5295 1670 5352 laicus
1701 5296 1917 5352 duxerit
1946 5312 2172 5354 uxorem

579 5404 679 5450 seu
709 5395 837 5446 ante
858 5386 1208 5462 baptismum,
1226 5403 1319 5443 seu
1337 5391 1459 5459 post
1478 5387 1829 5461 baptismum,
1854 5404 1958 5445 non
1981 5390 2176 5445 admit-

581 5490 731 5541 tatur
754 5479 824 5536 ad
845 5477 1049 5535 clerum
1074 5518 1090 5545 ,
1112 5477 1236 5553 quia
1265 5479 1454 5537 eodem
1487 5480 1699 5535 videtur
1725 5480 1858 5536 vitio
1885 5480 2169 5547 exclusus,

2296 3269 2579 3342 baptizati,
2634 3276 2835 3340 praeter
2878 3281 2975 3323 eos
3024 3267 3120 3339 qui
3169 3266 3315 3331 forte
3371 3283 3405 3324 a
3454 3266 3600 3325 nobis
3634 3264 3686 3320 ad
3717 3261 3791 3317 illos

2274 3366 2646 3416 -transeuntes
2699 3356 3021 3428 rebaptizati
3083 3366 3234 3414 sunt.
3283 3356 3376 3426 Hi,
3425 3358 3473 3415 si
3515 3355 3794 3427 resipiscam

2295 3460 2356 3509 et
2394 3451 2612 3508 ruinam
2659 3465 2812 3505 suam
2868 3451 3172 3521 cogitantes
3208 3450 3395 3508 redire
3440 3448 3703 3510 maluerint
3730 3443 3792 3500 ut

2298 3544 2463 3616 longa
2493 3541 2832 3614 poenitentia:
2869 3540 3244 3599 satisfactione
3271 3543 3584 3601 athnitteudi
3608 3547 3719 3596 suat.

2363 3632 2455 3693 lX.
2479 3636 2755 3693 Praeterea
2778 3633 2921 3707 quod
2944 3635 3165 3705 dignum
3176 3644 3233 3692 et
3253 3637 3508 3709 pudicum
3524 3644 3575 3692 et
3591 3634 3794 3689 honesta
3844 3656 3845 3725 χ

2294 3737 2380 3787 est
2409 3738 2597 3785 tenere
2625 3728 2872 3785 Ecclesia
2918 3729 3143 3785 omnino
3167 3729 3367 3799 debet,
3401 3740 3461 3787 ut
3496 3727 3798 3787 sacerdotali!

2292 3821 2469 3878 levita:
2500 3836 2622 3877 cum
2646 3822 2918 3875 uxoribus
2947 3835 3054 3876 non
3083 3821 3457 3890 misceantur,
3483 3822 3599 3893 quia
3624 3817 3792 3874 minias
3844 3817 3845 3871 ξ

2291 3914 2357 3971 rii
2397 3913 2699 3985 quotidiani
2733 3913 3155 3970 necessitatibus
3195 3926 3571 3987 occupantur,
3612 3911 3795 3981 serile

2289 4016 2371 4064 est
2390 4007 2534 4064 enim
2555 4025 2570 4065 :
2595 4026 2614 4059 ι
2628 4006 2815 4062 Sancti
2837 4014 3031 4072 estote,
3049 4007 3306 4076 quoniam
3323 4016 3492 4080 etego
3509 4021 3615 4063 sum
3628 4009 3790 4060 sanctus

2290 4098 2550 4154 Dominus
2577 4099 2720 4154 Deus
2763 4107 2946 4153 vester
2966 4096 3112 4168 (Leu.
3150 4114 3228 4164 χι,
3262 4097 3384 4172 44).
3411 4118 3431 4151 ι
3474 4098 3638 4154 Namsi
3668 4090 3795 4167 priuis

2288 4192 2624 4264 temporibus
2651 4192 2717 4247 de
2739 4191 2940 4262 templo
2963 4191 3058 4247 Dei
3072 4194 3403 4251 'sacerdotes
3423 4207 3562 4249 anno
3585 4190 3695 4246 vicis
3724 4196 3793 4240 sas

2236 4276 2253 4291 ”
2287 4299 2398 4341 non
2434 4282 2806 4349 discedebant,
2848 4283 2991 4339 sicut
3037 4285 3104 4340 de
3155 4284 3428 4342 Zzicbaria
3478 4286 3695 4357 legimus,
3731 4290 3796 4334 net

2288 4378 2508 4453 domum
2534 4390 2689 4430 suam
2714 4375 2938 4430 omnino
2966 4375 3281 4448 tangebam,
3311 4380 3513 4449 quibus
3541 4378 3696 4446 utique
3714 4384 3794 4443 ρη-

2287 4477 2413 4541 pter
2432 4466 2635 4523 sobolis
2660 4467 3062 4524 successionem
3088 4470 3277 4527 uxoris
3303 4486 3438 4527 usus
3464 4470 3626 4526 fuerat
3648 4465 3794 4522 relan-

2288 4567 2394 4624 tus,
2424 4558 2550 4630 quia
2569 4572 2635 4614 ex
2661 4558 2767 4613 alia
2792 4558 2957 4624 tribu,
2979 4567 3034 4613 ct
3058 4570 3258 4630 praeter
3277 4576 3345 4617 ex
3370 4563 3577 4618 semine
3596 4549 3793 4612 Λεωτυιά

2284 4652 2644 4707 sacerdotium
2708 4650 2890 4707 nullus
2944 4650 3124 4707 fuerat
3180 4664 3513 4725 praeceptus
3552 4649 3789 4709 accedere.

2284 4753 2491 4816 quanto
2522 4743 2694 4814 magis
2721 4743 2774 4799 lii
2807 4744 3121 4799 sacerdotes
3147 4745 3232 4800 vel
3260 4724 3446 4802 levitas
3473 4724 3794 4817 pbdicitianet

2285 4836 2371 4892 die
2408 4836 2770 4891 ordinationis
2821 4850 2936 4890 suae
2989 4850 3211 4891 servare
3255 4837 3527 4903 debeant,
3555 4827 3793 4908 quibus"!

2285 4929 2646 4985 sacerdotium
2666 4969 2681 4993 ,
2712 4927 2798 4984 vel
2834 4928 3195 4983 ministerium
3225 4929 3347 4985 sine
3377 4931 3692 4987 successione
3710 4922 3795 4980 est?

2285 5021 2397 5078 Nec
2423 5023 2664 5093 praeterit
2693 5022 2811 5077 dies
2850 5035 2954 5092 qua
2987 5021 3075 5078 vel
3103 5036 3134 5076 a
3160 5024 3457 5081 sacrificiis
3484 5025 3674 5085 divinis,
3694 5017 3755 5075 vel
3773 5031 3793 5071 ι

2287 5114 2634 5184 baptismatis
2663 5115 2838 5169 cilicio
2869 5123 3087 5170 vacent.
3114 5113 3251 5171 Nam
3278 5118 3325 5172 si
3362 5118 3553 5174 beatus
3591 5112 3795 5187 apostolos

2282 5208 2485 5264 Paulus
2513 5209 2580 5265 ad
2609 5204 2922 5266 Corinthios
2968 5193 3450 5284 scripsit,dicens
3480 5232 3495 5268 :
3530 5232 3548 5267 ι
3582 5211 3794 5269 Abstinete

2281 5316 2378 5358 vos
2403 5303 2471 5358 ad
2505 5314 2713 5375 tempus
2752 5314 2812 5361 ut
2850 5306 3055 5363 vacetis
3102 5310 3339 5366 orationi
3370 5309 3426 5384 (I
3446 5310 3567 5367 Cor.
3594 5306 3749 5373 vu,5).
3777 5318 3791 5351 ι

2281 5393 2462 5449 ethoc
2496 5394 2686 5466 utique
2712 5393 2867 5451 laicis
2895 5398 3183 5468 praecepit,
3216 5401 3391 5457 multo
3416 5401 3585 5475 magis
3608 5392 3794 5454 sacerdo-

2282 5495 2363 5555 tes
2384 5487 2580 5556 quibus
2604 5496 2660 5543 et
2681 5489 2897 5557 orandi,
2929 5499 2985 5546 et
3011 5493 3361 5549 sacrificandi
3375 5492 3505 5567 jugc
3524 5490 3721 5551 ofﬁcium
3738 5492 3794 5540 est

580 5576 641 5635 in
682 5573 951 5648 baptismo
977 5572 1121 5627 enim
1147 5571 1374 5627 crimina
1404 5574 1774 5640 remittuntur,
1805 5590 1911 5630 non
1936 5584 2172 5647 acceptae
2278 5590 2494 5649 semper
2522 5577 2795 5635 debebunt
2822 5580 2890 5636 ab
2917 5580 3225 5650 huiusmodi
3264 5585 3544 5642 consortio
3563 5578 3789 5638 abstinere-

582 5671 772 5738 uxoris
796 5665 1130 5725 consortium
1160 5665 1452 5721 relaxatur.

637 5743 741 5867 γι.
783 5759 862 5819 Ne
895 5761 942 5818 is
973 5758 1065 5832 qui
1097 5761 1389 5822 secundam
1425 5760 1641 5833 duxerit
1679 5780 1905 5829 uxorem
1937 5764 2169 5824 clericus

2278 5666 2433 5735 Quod
2462 5669 2507 5725 si
2538 5670 2943 5728 contaminatus
2973 5672 3139 5731 fuerit
3167 5692 3195 5731 a
3225 5676 3440 5732 carnali
3476 5670 3794 5744 concupiscet

2278 5762 2514 5843 lia,”un
2544 5766 2747 5845 pudore
2778 5764 3088 5847 sacrificare
3125 5770 3433 5843 usurpabit,
3481 5776 3569 5825 aut
3590 5779 3676 5842 qua
3700 5771 3790 5819 ron:
