3888 6472
71 326 164 393 ιοι

1264 320 1756 381 DECRETALIUM
1785 319 2189 380 COLLECTIO.

3272 330 3397 398 ’702

68 458 326 529 scientia.
403 473 599 535 quove
650 458 848 515 merito
900 458 1145 514 exaudiri
1193 471 1253 513 se
1308 456 1518 512 credit?
1556 454 1692 510 Cum
1721 458 1769 518 Α
1801 464 2083 510 cesserant
2132 454 2268 509 dixit
2298 469 2434 512 reas
2464 455 2665 512 habere
2693 454 3203 515 condemnationem
3253 454 3385 531 quia

68 556 274 619 dictum
299 554 414 611 sit:
445 575 466 609 ι
496 554 693 623 Omnia
720 554 918 610 munda
944 553 1177 619 mundis,
1202 550 1565 624 coinquinatis
1594 565 1692 604 au-

68 656 174 702 tem
214 654 273 702 et
301 644 639 701 inﬁdelibus
666 643 801 700 nihil
855 643 1117 699 mundum
1152 641 1279 716 (Tit.
1313 659 1355 709 ι,
1390 640 1501 716 15).
1538 660 1556 694 ι
1586 639 1694 695 Sed

68 738 206 796 forte
252 736 439 793 licere
487 737 597 795 hoc
624 737 829 803 credit,
859 735 987 809 quia
1016 734 1277 805 scriptum
1310 744 1394 789 cst
1422 749 1435 786 :
1482 751 1499 784 ι
1528 730 1696 787 Unius

68 829 252 887 uxoris
269 828 494 901 virum,
530 848 550 882 ι
569 845 673 885 non
692 828 1028 901 permanenti
1060 827 1113 881 in
1139 824 1575 895 concupiscentia
1602 836 1696 905 ge-

69 921 297 983 nerandi
323 921 504 988 dixit,
529 921 619 977 sed
645 913 865 992 propter
889 917 1126 981 futuram
1151 917 1559 973 continentiam.
1590 913 1694 970 Ne-

67 1027 170 1085 que
194 1011 347 1070 enim
379 1012 639 1084 integros
667 1025 894 1093 corpore
921 1026 1023 1066 non
1050 1007 1285 1073 admisit,
1311 1009 1399 1083 qui
1419 1008 1494 1062 ait
1512 1004 1692 1062 :«Vel-

70 1107 169 1166 lem
233 1114 435 1171 autem
496 1119 691 1161 omnes
738 1119 857 1160 esse
911 1102 1052 1158 sicut
1097 1110 1152 1155 et
1191 1117 1290 1174 ego
1336 1099 1390 1177 (l
1418 1097 1557 1165 Con,
1592 1113 1689 1165 vu,

69 1190 217 1270 {7).}
240 1195 412 1275 Quod
441 1196 695 1268 apertius
721 1194 983 1261 declarat,
1010 1194 1225 1275 dicens:
1258 1191 1402 1263 «Qui
1429 1198 1608 1246 autem
1636 1189 1689 1245 in

71 1274 421 1363 comesum,
477 1286 596 1343 Deo
641 1286 857 1359 placere
907 1302 1012 1341 non
1066 1274 1322 1356 possunt;
1374 1298 1468 1338 vos
1508 1290 1691 1337 autem

71 1379 119 1436 in
144 1394 316 1441 carne
344 1394 463 1434 non
498 1379 656 1446 estis,
687 1378 781 1443 sed
822 1381 874 1433 in
904 1378 1097 1449 spiritu
1123 1375 1303 1448 (Rom.
1333 1390 1450 1441 vut,
1481 1373 1536 1441 8,
1559 1372 1637 1446 9).
1664 1391 1683 1425 ι

136 1472 203 1549 Χ.
238 1473 317 1528 De
342 1474 651 1547 monachis
677 1475 767 1545 qui
799 1473 888 1528 diu
928 1479 1201 1526 morantes
1238 1470 1291 1525 in
1322 1466 1688 1533 monasteriis,

73 1573 114 1626 si
137 1577 330 1640 postea
364 1567 441 1635 ad
472 1567 768 1640 clericatus
798 1552 1043 1630 ordinent
1074 1563 1439 1635 pervenerint,
1468 1577 1574 1618 non
1595 1559 1688 1616 de-

79 1652 200 1715 bere
227 1675 326 1714 eos
363 1675 395 1713 a
420 1659 618 1730 priore
643 1658 921 1735 pr0posito
946 1657 1181 1712 deviare.
1213 1656 1322 1710 Aut
1345 1653 1513 1719 enim,
1547 1651 1689 1708 sicut

74 1751 125 1817 in
147 1754 505 1837 monasterio
548 1752 672 1823 fuit,
701 1760 756 1819 et
783 1752 926 1823 quod
967 1750 1056 1807 diu
1083 1746 1345 1813 servavit,
1378 1747 1432 1803 in
1475 1743 1686 1815 meliori

1798 549 2031 622 primam
2080 549 2243 605 fidem
2296 550 2506 606 irritam
2555 549 2799 605 fecerunt
2835 550 2888 623 (1
2937 549 3074 606 Tim.
3108 566 3166 618 v,
3204 549 3321 626 ﬂ),
3356 568 3378 606 ι

1794 648 1998 709 quanto
2034 639 2216 711 potius
2261 640 2501 713 virgines
2528 656 2649 712 qua:
2679 641 2877 712 prioris
2918 642 3291 713 promissionis
3318 641 3385 699 ﬂ-

1795 734 1918 790 dem
1949 735 2171 791 minime
2193 739 2579 792 servaverunt!
2611 734 2736 793 Hzec
2764 737 2947 807 itaque
2980 737 3188 809 regula,
3216 739 3386 795 frater

1794 822 2133 894 cltarissime,
2180 829 2225 883 si
2278 828 2431 900 plena
2480 830 2754 900 vigilantia
2803 828 2968 886 fuerit
3015 830 3084 886 ab
3128 831 3385 889 omnibus

1793 912 1889 973 Dei
1919 919 2292 975 sacerdotibus
2318 919 2604 986 custodita,
2634 920 2871 997 cessabit
2893 921 3142 989 ambitio,
3171 920 3385 980 dissen-

1792 1009 1876 1067 sio
1901 1009 2264 1081 conquiescet,
2292 1010 2526 1068 hmreses
2551 1023 2604 1068 et
2633 1012 2923 1068 schismata
2946 1027 3053 1069 non
3074 1021 3399 1087 emergent,_

1792 1100 1972 1157 locum
2012 1118 2118 1157 non
2148 1102 2377 1173 accipiet
2406 1103 2652 1161 diabolus
2694 1105 2972 1171 saeviendi,
3002 1106 3099 1162 sed
3134 1105 3381 1162 manebit

1792 1197 2146 1264 unanimitas,
2191 1198 2450 1269 iniquitas
2499 1202 2749 1271 superata
2806 1198 3124 1265 calcabitur,
3172 1197 3382 1257 veritas

1792 1292 2063 1367 Spirituali
2089 1292 2303 1348 fervore
2318 1291 2588 1367 ﬂagrabit,
2618 1305 2719 1362 pax
2751 1276 3044 1363 praedicata
3067 1291 3226 1348 labiis
3245 1306 3371 1348 cum

1791 1372 2068 1443 voluntate
2121 1384 2287 1439 animi
2343 1380 2725 1449 cancordabit,
2776 1381 3089 1452 implebitur
3137 1382 3378 1438 edictum

1791 1477 2043 1551 apostoli,
2081 1496 2100 1529 ι
2136 1486 2194 1532 ιιι
2227 1476 2508 1531 unanimes
2536 1484 2702 1529 unttm
2734 1473 3030 1530 sentientes
3057 1486 3377 1544 permanea-

1790 1562 1914 1645 mus
1940 1575 1992 1630 in
2030 1573 2265 1637 Christo,
2296 1571 2427 1627 nihil
2454 1586 2550 1642 per
2571 1569 2976 1626 contentionem
3001 1565 3177 1633 nobis,
3202 1577 3385 1637 neque

1789 1684 1889 1744 per
1936 1668 2151 1725 inanem
2196 1662 2420 1739 gloriam
2464 1660 2802 1737 vindicantes
2847 1655 3018 1730 (Phil.
3060 1671 3135 1723 tt,
3162 1655 3319 1728 8-3),
3349 1667 3376 1714 ι

1792 1776 1900 1817 ιιοιι
1933 1759 2268 1824 hominibus,
2300 1757 2394 1813 sed
2429 1758 2539 1812 Deo
2564 1765 2750 1810 nostro
2778 1752 3047 1831 Salvatori
3079 1751 3378 1823 placentes,

78 1844 231 1927 gradu
258 1844 492 1933 pOsitus
524 1843 779 1909 amittere
809 1859 913 1899 non
950 1843 1140 1909 debet;
1175 1840 1334 1896 autsi
1358 1846 1678 1908 corruptus,

1796 1856 1935 1913 icui
1980 1863 2067 1911 est
2114 1854 2291 1909 honor
2334 1860 2388 1907 et
2438 1851 2607 1922 gloria
2664 1849 2719 1904 in
2770 1845 2969 1923 szecula
3029 1844 3376 1901 saeculorum.

80 1929 636 2025 postea'baptizatur,
665 1946 719 1991 et
744 1935 795 1991 in
825 1933 1157 1991 monasterio
1179 1934 1394 1998 sedens,
1429 1931 1495 1986 ad
1520 1929 1681 1985 cleri-

81 2037 219 2101 catus
266 2021 541 2087 ordinem
586 2028 846 2105 accedere
890 2026 1155 2092 voluerit,
1194 2039 1419 2081 uxorem
1454 2021 1683 2079 omnino

84 2118 271 2191 habere
327 2136 447 2177 non
503 2120 731 2193 poterit,
762 2120 886 2190 quia
913 2136 1011 2174 nec
1048 2116 1292 2175 benedici
1323 2131 1444 2171 cum
1484 2126 1682 2187 sponsa

83 2200 245 2293 butest
283 2198 407 2287 jam
446 2204 583 2291 ante
624 2222 936 2291 corruptus.
968 2212 1101 2283 Quae
1134 2208 1308 2265 forma
1346 2217 1598 2264 servatur
1627 2206 1682 2262 in

85 2298 306 2362 clericis.
345 2305 601 2361 Maxime
629 2321 752 2360 cum
794 2315 949 2359 vetus
986 2302 1166 2376 regula
1210 2303 1313 2357 hoc
1360 2300 1591 2366 habeat,
1625 2307 1687 2355 ut

85 2398 317 2469 quisquis
329 2406 640 2469 corruptus
670 2396 975 2473 baptizatus
1000 2388 1231 2451 clericus
1253 2409 1374 2450 esse
1401 2393 1682 2459 voluisset,

91 2489 347 2571 Spondeat
375 2504 617 2571 uxorem
643 2489 1003 2571 enininonon
1034 2487 1253 2542 ducere.

148 2579 232 2637 Xl.
265 2581 556 2645 Praeterea
589 2580 903 2652 frequenter
941 2580 1160 2655 quidam
1191 2594 1256 2657 ett
1287 2575 1551 2633 fratribus
1591 2591 1686 2631 no-

93 2672 205 2757 stris
234 2671 505 2741 curiales,
544 2670 629 2729 vel
675 2669 1003 2757 quibuslibet
1047 2668 1275 2741 publicis
1315 2667 1687 2724 [unctionibus

91 2748 372 2845 occupatos
404 2766 647 2847 clericos
675 2748 855 2829 facere
881 2762 1245 2831 contendunt,
1274 2763 1470 2839 quibus
1498 2770 1684 2843 postea

95 2855 248 2925 major
285 2858 526 2913 tristitia
559 2872 681 2912 cum
715 2859 780 2911 de
808 2856 1131 2912 revocandis
1158 2854 1237 2911 eis
1268 2850 1471 2931 aliquid
1495 2853 1562 2907 ab
1587 2853 1685 2907 im-

96 2958 329 3018 peratore
367 2950 695 3021 praccipitur
715 2964 877 3020 quam
907 2949 1080 3019 gratia
1114 2947 1361 3003 nascitur
1386 2947 1452 3002 de
1483 2945 1679 3002 ascito.

97 3041 301 3120 tionstat
343 3045 504 3100 enim
548 3058 643 3099 eos
694 3043 748 3097 in
795 3043 928 3114 ipsis
956 3042 1154 3098 muniis
1188 3041 1351 3101 etiam
1381 3040 1684 3110 voluptates

96 3122 353 3200 exhibere,
383 3150 531 3207 quas
554 3149 584 3188 a
617 3133 832 3205 diabolo
863 3134 1112 3189 inventas
1139 3149 1259 3189 esse
1290 3147 1396 3188 non
1451 3132 1675 3187 dubium

1785 1950 1961 2005 Amen
2001 1944 2176 2021 (Rom.
2208 1961 2322 2010 xvr,
2355 1943 2468 2014 27).
2506 1962 2525 1997 ι
2571 1941 2767 1997 Datum
2808 1939 2907 1995 sub
2945 1938 3033 1994 die
3069 1951 3141 1992 xv
3176 1935 3381 1992 Kalenq

1784 2040 1883 2097 das
1935 2038 2147 2119 Martii,
2198 2037 2457 2102 llonorio,
2511 2034 2756 2108 Augusto
2796 2038 2854 2089 et
2904 2029 3088 2113 Aristo
3131 2027 3376 2115 consuli-

1784 2134 1901 2190 bus.

1790 2246 1931 2304 Item
2002 2245 2222 2319 epistola
2268 2237 3003 2367 ejusdem‘ca’dnugxuperiunt
3056 2235 3381 2321 Tolosanum

2426 2330 2504 2367 θυι
2729 2352 2743 2366 .

2426 2328 2743 2368 emscanum.

2426 2330 2453 2368 e
2491 2328 2743 2382 tscapum.

1858 2410 1910 2466 l.
1950 2406 2025 2464 De
2052 2405 2362 2463 innocentia
2393 2330 2740 2459 sazerdotnm
2775 2400 2859 2458 vel
2885 2400 3203 2458 levitarum.

1856 2502 1909 2559 2.
1947 2502 2020 2555 De
2066 2500 2148 2555 his
2191 2498 2283 2569 qui
2319 2505 2440 2567 post
2477 2494 2803 2565 baptismum
2832 2494 2979 2549 omni
3029 2501 3271 2564 tempore
3294 2490 3382 2548 in-

1786 2590 2133 2649 continentiae
2151 2586 2514 2659 voluptatibus
2534 2595 2660 2643 sunt
2685 2584 2875 2652 dediti,
2901 2590 2956 2641 et
3058 2582 3383 2653 ultimopo-

1786 2683 2064 2739 nitentiam
2097 2687 2351 2755 poscunt.
2862 2674 2867 2679 ’

1855 2779 1908 2833 3.
1939 2779 2016 2834 De
2066 2770 2598 2832 administratoribus
2642 2769 2729 2827 vel
2774 2768 3059 2867 iudicibus
3102 2765 3385 2825 mulari-

1784 2872 1907 2928 bus.

1855 2963 1910 3019 4.
1942 2959 2098 3031 Quod
2129 2958 2230 3014 viri
2265 2968 2390 3017 cum
2419 2953 2682 3013 adulteris
2730 2953 2993 3011 uxoribus
3028 2968 3136 3010 non
3184 2963 3387 3009 conve-

1788 3064 2088 3214 nglQuod
2114 3145 2206 3218 qui
2233 3158 2425 3217 preces
2446 3142 2531 3199 vel
2555 3141 2790 3199 crimina
2814 3140 3047 3223 dictant,
3077 3136 3385 3195 habeantur

100 3218 191 3309 est,
214 3236 266 3301 et
298 3226 561 3283 ludorum
590 3222 673 3282 vel
704 3242 987 3287 munerum
1021 3226 1390 3296 apparatibus,
1425 3233 1518 3279 aut
1544 3239 1681 3294 prac-
1707 3217 1755 3283 Ο
1786 3238 2080 3295 immunes.

101 3332 227 3385 esse,
259 3329 352 3374 aut
386 3319 623 3375 forsitan
679 3319 962 3377 interesse.
991 3317 1075 3371 Sit
1099 3327 1246 3373 certe
1276 3317 1327 3370 in
1354 3316 1680 3385 exemplum,

104 3420 149 3492 et
168 3412 476 3470 sollicitudo
506 3422 561 3469 et
594 3412 812 3469 tristitia
837 3410 1067 3467 fratrum
1092 3427 1254 3482 quam
1288 3425 1429 3481 saepe
1457 3409 1684 3481 protuli-

103 3518 207 3558 mus
232 3505 571 3579 imperatore
594 3514 878 3579 prtesente,
912 3518 1035 3559 cum
1068 3519 1167 3574 pro
1188 3503 1272 3558 bis
1297 3503 1495 3573 saepius
1522 3516 1682 3573 roga-

106 3608 284 3660 remus,
316 3590 495 3667 quam
521 3590 635 3668 ipse
667 3597 947 3652 nobiscum
972 3596 1180 3667 positus
1203 3595 1522 3667 cognovisti.
1555 3594 1683 3661 Qui-

104 3685 190 3743 bus
211 3705 309 3743 non
331 3690 516 3747 solum
539 3682 823 3744 inferiores
849 3688 1034 3744 clerici
1060 3704 1126 3743 ex
1149 3686 1465 3752 curialibus,
1498 3703 1680 3741 serunt

105 3777 247 3832 etiam
286 3780 339 3835 in
401 3781 714 3837 sacerdotio
753 3780 1032 3836 constituti
1072 3780 1267 3852 ingens
1317 3779 1563 3835 molestia
1626 3787 1683 3834 ut

108 3870 448 3928 redderentur
472 3872 727 3929 instabat.
768 3856 773 3861 ’

168 3961 269 4017 ΧΠ.
315 3965 481 4030 Item,
512 3980 637 4037 quae
663 3964 887 4021 Christo
933 3965 1287 4035 spiritualiter
1313 3964 1538 4029 nubunt,
1565 3972 1619 4019 et
1649 3979 1679 4018 a

112 4058 367 4114 sacerdote
399 4058 678 4125 velantur,
709 4059 753 4113 si
798 4068 984 4129 postea
1020 4058 1322 4130 nupseriut,
1354 4056 1438 4111 vel
1466 4054 1681 4126 publice

110 4148 177 4202 vel
221 4152 435 4209 occulte
459 4162 729 4223 corrupta:
760 4151 984 4215 fuerint,
1018 4165 1124 4204 non
1170 4164 1264 4204 eas
1310 4142 1680 4203 adurittendas

114 4252 215 4295 esse
240 4246 302 4297 ad
337 4244 610 4317 agendam
641 4241 1044 4314 preuitentiam,
1088 4239 1191 4294 nisi
1217 4240 1263 4294 is
1284 4239 1372 4293 cui
1404 4254 1463 4294 se
1484 4235 1680 4307 junxe-

113 4337 302 4392 rantde
332 4339 440 4393 hac
473 4338 579 4393 vita
605 4338 921 4393 decesserit.
961 4335 1019 4390 Si
1057 4334 1199 4390 enim
1256 4331 1323 4387 de
1371 4331 1681 4386 hominibus

115 4434 212 4485 inec
254 4435 389 4488 ratio
440 4433 765 4497 custoditur,
814 4447 832 4482 ι
862 4439 921 4485 ιιι
950 4442 1286 4500 quaecunque
1315 4425 1529 4481 vivente
1562 4426 1681 4479 viro

115 4520 248 4577 alteri
291 4524 540 4597 nupserit
583 4524 851 4580 habeatur
889 4521 1134 4576 adultera
1174 4516 1347 4588 (Rom.
1397 4532 1496 4580 vn,
1534 4515 1614 4587 5),
1652 4511 1716 4597 ις

117 4625 201 4668 nec
229 4615 274 4670 ei
310 4617 534 4691 agenda:
563 4613 897 4688 ptenitentim
938 4611 1155 4667 licentia
1184 4608 1535 4673 concedatur,
1573 4606 1678 4663 nisi

120 4719 239 4764 unus
272 4727 337 4765 ex
375 4712 458 4767 eis
501 4709 787 4766 defunctus
814 4707 997 4773 fuerit,
1053 4712 1257 4777 quanto
1294 4703 1466 4772 magis
1493 4703 1558 4757 de
1587 4700 1679 4777 illa

124 4802 327 4857 tenenda
376 4812 484 4870 est,
529 4819 650 4876 qua:
694 4808 822 4857 ante
867 4797 1157 4854 immortali
1203 4811 1263 4852 se
1309 4809 1509 4868 sponso
1550 4809 1684 4850 con-

121 4886 368 4965 iunxerat,
391 4906 448 4954 et
472 4904 660 4969 postea
684 4894 748 4951 ad
779 4895 1045 4950 humanas
1070 4890 1285 4960 nuptias
1314 4888 1548 4959 transire
1572 4886 1680 4944 ele-

127 4985 190 5055 git
206 4987 220 5042 ι

185 5076 306 5135 Xlll.
334 5083 425 5139 liae
456 5096 581 5138 vero
611 5094 733 5152 qua:
766 5078 996 5135 necdum
1021 5089 1180 5132 sacro
1208 5073 1475 5130 velamine
1502 5079 1682 5149 tecta},

130 5172 286 5227 lamen
312 5174 362 5230 in
391 5174 669 5248 proposito
692 5170 937 5243 virginali
955 5184 1170 5241 semper
1205 5183 1265 5224 se
1290 5166 1686 5223 simulaverunt

130 5274 440 5337 permanere,
457 5270 582 5325 licet
595 5266 787 5322 velata:
808 5281 913 5320 non
930 5263 1147 5328 fuerint,
1162 5263 1207 5317 si
1224 5262 1364 5317 forte
1377 5261 1681 5332 nupserim,

134 5348 205 5410 his
244 5354 438 5431 agenda
482 5360 762 5431 aliquanto
794 5366 1037 5427 tempore
1066 5354 1386 5428 poenitentia
1414 5364 1520 5421 est,
1555 5354 1684 5425 quia

136 5454 329 5521 sponsio
366 5471 551 5512 earum
585 5471 618 5508 a
652 5452 881 5509 Domino
923 5451 1226 5508 tenebatur.
1271 5448 1326 5507 Si
1363 5450 1507 5505 enim
1545 5449 1687 5504 inter

136 5536 353 5602 homines
403 5546 538 5603 solet
592 5544 748 5602 bona:
795 5541 919 5599 ﬁdei
945 5550 1259 5599 contractus
1302 5539 1446 5595 nulla
1475 5541 1689 5598 ratione

140 5631 350 5706 dissolvi,
371 5649 572 5711 quanto
594 5637 764 5706 magis
787 5636 885 5691 ista
910 5634 1226 5707 pollicitatio
1247 5649 1408 5706 quam
1437 5648 1557 5688 cum
1576 5634 1686 5688 Deo

139 5729 420 5801 pegigcrunt
479 5732 613 5790 solvi
654 5731 770 5786 sine
821 5729 1055 5785 vindicta
1102 5743 1208 5783 non
1261 5726 1496 5799 poterit?
1548 5724 1683 5782 Nam

144 5814 183 5879 si
213 5825 463 5915 apostolus
488 5822 688 5905 Paulus
708 5837 828 5903 quas
881 5836 912 5879 a
959 5819 1236 5909 proposito
1257 5818 1534 5878 viduitatis
1571 5818 1684 5879 dis-

1857 3332 1907 3387 6.
1932 3330 2084 3403 Quod
2104 3330 2158 3385 hi
2182 3329 2273 3401 qui
2295 3326 2667 3384 intercedente
2692 3323 2918 3399 repudio
2941 3321 3236 3380 divortium
3251 3334 3381 3392 per-

1786 3426 2046 3492 tulerunt,
2079 3424 2123 3482 si
2156 3439 2214 3481 se
2257 3423 2460 3496 nuptiis
2488 3421 2611 3478 aliis
2635 3418 2960 3491 junxerunt,
2993 3413 3227 3474 adulteri
3255 3426 3379 3471 esse

1785 3524 2179 3574 monstrantur.
2333 3502 2339 3512 ’
2640 3506 2649 3517 ’
2762 3520 2767 3527 ’

1853 3612 1908 3666 7.
1941 3610 2041 3680 Qui
2064 3610 2188 3667 libri
2222 3609 2274 3677 in
2296 3623 2503 3666 canone
2533 3606 2889 3678 recipiantur.

1856 3704 2238 3769 lssocsnrtus,
2266 3702 2567 3777 Exursmo,
2598 3699 2850 3772 episcopo
2896 3695 3186 3763 Tolosano,
3237 3693 3382 3752 salu-

1786 3810 1914 3877 tem.
1947 3796 2261 3875 consulenti
2296 3796 2414 3863 tibi,
2448 3793 2615 3853 frater
2640 3782 2982 3858 charissima,
3006 3788 3137 3864 quid
3162 3789 3229 3845 de
3253 3802 3383 3860 pro-

1786 3895 1963 3971 posita
1999 3894 2179 3965 specie
2211 3886 2538 3962 unaqdaque
2568 3888 2860 3953 sentirem,
2892 3900 2989 3957 pro
3022 3893 3181 3957 captu
3221 3881 3382 3939 intel-

1784 3985 2019 4060 ligentiae
2049 4000 2182 4041 mea:
2205 3999 2324 4057 qua:
2370 3992 2496 4039 sunt
2526 3982 2639 4060 visa
2674 3979 2948 4053 respondi,
2979 3970 3108 4048 quid
3138 3990 3376 4049 sequen-

1786 4058 1934 4153 dum,
1968 4076 2049 4131 vel
2075 4075 2204 4148 quid
2234 4073 2424 4130 docilis
2455 4058 2594 4129 ratio
2619 4072 2994 4142 persuaderet,
3025 4067 3111 4126 vel
3142 4066 3381 4123 auctori-

1791 4179 1874 4226 tas
1904 4169 2156 4225 lectionis
2193 4168 2531 4232 ostenderet,
2558 4167 2641 4221 vel
2666 4165 2932 4222 custodita
2962 4164 3131 4243 series
3164 4168 3379 4232 tempo-

1782 4278 1902 4341 rum
1940 4261 2358 4317 demonstraret.
2380 4259 2447 4315 Et
2469 4258 2687 4335 quidem
2709 4256 2925 4312 dilectio
2949 4264 3037 4310 tua
3069 4253 3380 4310 institutum

1782 4361 1970 4409 secuta
2013 4351 2384 4430 prudentium,
2421 4350 2486 4404 ad
2537 4350 2721 4405 sedem
2771 4348 3121 4421 apostolicam
3172 4343 3381 4403 referre

1784 4444 1977 4505 maluit
2016 4444 2144 4516 quid
2172 4445 2240 4501 de
2290 4444 2454 4499 rebus
2499 4441 2680 4498 dubiis
2710 4442 2985 4499 custodire
3012 4440 3259 4508 deberet,
3284 4454 3382 4511 p0.-

1786 4538 1894 4597 tius
1932 4552 2094 4608 quam
2136 4534 2485 4607 usurpatione
2535 4542 2864 4605 prazsumpta
2902 4547 3024 4605 quae
3078 4532 3179 4587 sibi
3225 4530 3380 4586 vide-

1788 4639 1975 4687 rentur
2002 4629 2068 4684 de
2097 4627 2322 4700 singulis
2353 4626 2618 4683 obtinere.
2650 4625 2763 4681 Cur
2794 4625 2939 4680 enim
2974 4623 3147 4694 magis
3173 4621 3379 4693 puden-

1788 4724 1914 4781 dum
1937 4731 2190 4792 putemus
2212 4719 2421 4774 discere
2450 4715 2653 4789 aliquid
2679 4730 2841 4787 quam
2872 4712 3095 4771 omnino
3120 4711 3333 4766 nescire
3352 4710 3380 4766 2

1788 4814 1917 4889 lilibi
1944 4826 2160 4889 quoque
2206 4811 2305 4885 ipsi
2346 4811 2409 4865 de
2446 4808 2733 4864 collatione
2769 4804 3017 4863 docilitas
3053 4802 3284 4866 accedit,
3320 4808 3382 4857 ut

1785 4888 2147 4983 perscrutatis
2170 4899 2473 4957 rationibus
2489 4900 2556 4954 ad
2579 4896 2853 4989 proposita
2879 4894 3206 4972 respondere
3231 4888 3381 4948 com-

1784 4998 1985 5071 pellar,
2043 5009 2218 5067 eoque
2271 4992 2330 5048 lit
2378 5002 2439 5049 ιιι
2479 4986 2694 5062 semper
2748 4988 2952 5059 aliquid
2998 4987 3244 5043 addiscat
3285 4986 3378 5058 qui

1787 5088 2090 5161 postulatur
2134 5095 2194 5141 ut
2247 5085 2458 5142 doceat.
2513 5083 2892 5153 Proponantur
2929 5080 3094 5153 igitur
3142 5080 3377 5153 singula,

1789 5181 2184 5254 subjiciamque
2226 5192 2567 5250 responsum.

1804 5252 1811 5267 τ
1865 5252 1995 5333 CAP.
2028 5271 2070 5349 l_.
2100 5270 2437 5343 Proposuisti
2460 5266 2589 5338 quid
2624 5267 2689 5322 de
2719 5265 2806 5322 his
2836 5263 3112 5321 observari
3143 5265 3340 5321 debeat
3359 5303 3380 5332 .

1792 5382 1929 5440 quos
1956 5365 2011 5421 in
2043 5362 2278 5419 diaconii
2304 5359 2627 5425 ministerio,
2655 5365 2748 5412 aut
2771 5358 2824 5413 in
2859 5356 3036 5412 ollicio
3052 5352 3381 5431 presbyterii

1792 5458 1998 5532 positos
2024 5454 2423 5512 incontinentes
2454 5464 2610 5517 esse,
2658 5458 2751 5504 aut
2791 5448 2959 5504 fuisse
3006 5448 3248 5525 generati
3284 5446 3381 5502 tilii

1797 5546 2175 5621 prodiderunt.
2205 5543 2282 5599 De
2311 5543 2395 5598 bis
2419 5549 2474 5596 et
2501 5540 2806 5597 divinarum
2832 5541 3006 5612 legum
3032 5547 3116 5595 est
3140 5536 3389 5608 discipli-

1793 5656 1895 5706 na,
1935 5646 1990 5691 et
2018 5636 2193 5691 beatae
2230 5631 2623 5689 recordationis
2654 5631 2753 5686 viri
2787 5629 2965 5686 Siricii
2995 5626 3232 5700 episcopi
3259 5640 3382 5682 mo-

1793 5734 1905 5789 nita
1926 5728 2197 5786 evidentia
2228 5735 2633 5795 commearunt,
2663 5735 2722 5781 ut
2756 5725 3154 5781 incontinentes
3177 5720 3231 5777 in
3260 5718 3384 5779 olli-

1791 5826 1893 5889 ciis
1919 5823 2119 5881 talibus
2141 5820 2327 5905 positi,
2369 5821 2518 5880 omni
2563 5818 2931 5879 ecclesiastico
2964 5818 3171 5909 honore
3192 5814 3382 5901 priva-
