3968 6454
587 375 690 431 703

587 498 812 556 rentur,
848 501 945 546 nec
997 484 1353 541 adtnittantur
1382 483 1448 536 ad
1483 482 1589 537 tulc
1619 481 2006 545 ministerium,
2031 479 2172 550 quod

587 583 696 639 sola
732 579 1066 642 continentia
1095 584 1310 646 oportet
1343 573 1574 642 impleri.
1603 573 1698 628 Est
1724 572 1866 628 enim
1900 580 2055 625 vetus
2091 572 2178 624 ad-

587 676 803 732 modum
828 688 998 726 sacrae
1018 670 1150 740 legis
1172 665 1591 734 auctoritasjam
1617 666 1739 720 inde
1756 665 1822 720 ab
1837 665 1991 720 initio
2005 671 2182 719 custo-

588 766 722 829 dita,
751 764 891 834 quod
932 762 986 817 in
1029 760 1226 830 templo
1267 774 1409 814 anno
1446 758 1584 814 vicis
1612 772 1724 814 suae
1755 757 2004 813 habitare
2034 772 2177 828 prte-

587 857 728 928 cepti
757 864 886 911 sunt
905 853 1240 917 sacerdotes,
1269 861 1328 907 ιιι
1357 851 1656 907 servientes
1685 850 1858 906 sacris
1881 849 2177 906 oblationi-

587 959 708 1015 bus,
740 962 904 1020 puros
933 953 990 1002 et
1037 946 1106 1001 ab
1129 944 1278 1001 omni
1307 943 1425 999 labe
1447 941 1734 998 mandatos
1763 943 1863 997 sibi
1900 942 2178 997 vindicent

587 1041 767 1097 divina
813 1038 1094 1111 mysteria,
1125 1051 1304 1108 neque
1328 1051 1424 1092 eos
1450 1039 1518 1090 ad
1559 1035 1830 1090 sacrificia
1861 1034 1944 1089 fas
1973 1035 2042 1090 sit
2087 1034 2177 1089 ad-

587 1133 751 1197 mitti,
775 1132 1135 1203 quiexercent
1153 1130 1237 1187 vel
1254 1145 1376 1185 cum
1399 1143 1568 1184 uxore
1584 1127 1802 1184 carnale
1815 1127 2172 1193 consortium,

587 1223 715 1294 quia
743 1223 1006 1293 scriptum
1035 1231 1119 1276 est
1149 1231 1172 1274 ε·
1195 1240 1214 1273 ι
1245 1219 1430 1276 Sancti
1453 1227 1646 1282 estote,
1675 1218 1803 1289 quia
1838 1227 1894 1274 et
1917 1233 2018 1289 ego
2047 1232 2176 1272 san-

587 1326 708 1371 ctus
733 1331 875 1380 sum,
905 1313 1166 1368 Dominus
1196 1313 1339 1368 Deus
1364 1321 1547 1366 vester
1569 1309 1714 1381 (Lev.
1739 1325 1816 1375 χι,
1847 1309 1962 1379 44).
1995 1329 2013 1361 ι
2046 1307 2178 1376 Qui-

588 1409 688 1465 bus
714 1409 899 1479 utique
929 1415 1152 1479 propter
1179 1405 1383 1462 sobolis
1409 1405 1807 1460 successionem
1833 1404 2019 1458 uxuris
2046 1419 2176 1459 usus

589 1504 768 1560 fuerat
799 1502 1094 1568 relaxatus,
1122 1501 1248 1572 quia
1277 1517 1347 1556 ex
1369 1499 1474 1554 alia
1502 1499 1676 1563 tribu,
1700 1509 1755 1554 et
1784 1507 1980 1569 praeter
2001 1513 2067 1553 ex
2093 1513 2177 1554 se-

588 1594 734 1650 mine
757 1594 938 1648 Aaron
969 1593 1036 1648 ad
1073 1590 1437 1648 sacerdotium
1463 1589 1644 1645 nullus
1672 1587 1850 1644 fuerat
1873 1597 2176 1660 prreceptus

588 1687 873 1752 accedere,
895 1694 1102 1756 quanto
1131 1684 1304 1756 magis
1328 1683 1384 1740 hi
1426 1683 1740 1740 sacerdotes
1761 1681 1847 1738 vel
1880 1681 2054 1738 levita:
2079 1697 2178 1752 pu.

587 1777 830 1834 dicitiam
872 1793 940 1832 ex
987 1776 1072 1832 die
1116 1775 1477 1832 ordinationis
1524 1790 1635 1830 sure
1683 1787 1904 1830 servare
1953 1774 2172 1840 debent,

588 1871 783 1943 quibus
820 1870 907 1926 vel
959 1869 1356 1935 sacerdotium,
1387 1869 1471 1923 vel
1509 1868 1867 1924 ministerium
1903 1869 2020 1923 sine
2055 1883 2178 1923 suc-

588 1966 834 2022 cessione
861 1973 964 2021 est.
990 1962 1102 2019 Nec
1121 1963 1361 2033 praeterit
1381 1962 1496 2018 dies
1524 1977 1644 2031 quae
1673 1961 1760 2018 vel
1814 1977 1845 2016 a
1892 1961 2179 2018 sacrificiis

587 2055 807 2122 divinis,
851 2055 936 2112 vel
981 2071 1011 2111 a
1070 2055 1411 2125 baptismatis
1457 2054 1633 2110 cilicio
1684 2064 1894 2109 vacent.
1952 2054 2086 2108 Nam
2135 2054 2179 2109 si

588 2146 778 2203 beatus
793 2146 991 2202 Paulus
1013 2144 1289 2216 apostolus
1318 2145 1384 2200 ad
1409 2145 1718 2200 Corinthios
1746 2144 1935 2200 scribit
1961 2145 2176 2200 dicens:

593 2257 613 2292 ι
646 2238 930 2294 Abstinete
955 2253 1052 2293 vos
1081 2237 1148 2292 ad
1177 2247 1388 2309 tempus
1410 2247 1469 2292 ut
1498 2237 1702 2293 vacetis
1722 2237 1955 2293 orationi
1981 2237 2034 2309 (I
2050 2235 2176 2292 Cor.

587 2347 687 2399 vn,
721 2331 798 2406 5),
831 2352 849 2386 ι
883 2340 938 2389 ει
966 2331 1069 2389 hoc
1097 2332 1283 2402 utique
1315 2331 1468 2387 laicis
1495 2333 1786 2402 praecepit,
1813 2331 1984 2387 multo
2005 2331 2179 2400 magis

587 2425 924 2491 sacerdotes,
961 2424 1160 2495 quibus
1191 2432 1247 2480 et
1271 2423 1462 2480 orandi
1497 2434 1549 2478 et
1573 2423 1918 2480 sacrificandi
1941 2424 2069 2495 juge
2098 2421 2180 2477 of-

587 2515 770 2572 ficium
791 2525 898 2581 est,
916 2530 1130 2587 semper
1143 2515 1413 2570 debebunt
1443 2513 1746 2582 tiujusmodi
1774 2515 2047 2569 consortio
2061 2512 2181 2568 abs-

587 2610 784 2664 tinere.
814 2607 968 2676 Quod
1017 2609 1061 2665 si
1098 2608 1498 2664 contaminatus
1539 2607 1700 2663 fuerit
1743 2607 1946 2662 carnali
1980 2623 2180 2663 concu-

586 2702 872 2776 piscentia,
901 2717 1008 2772 quo
1041 2701 1246 2773 pudore
1268 2701 1580 2758 sacrificare
1602 2702 1908 2772 usurpabit,
1937 2711 2031 2756 aut
2071 2718 2176 2772 qua

591 2792 932 2849 conscientia
964 2807 1142 2862 quove
1189 2793 1382 2847 merito
1430 2793 1675 2848 exaudiri
1725 2809 1783 2848 se
1821 2794 2019 2859 credit,
2053 2809 2177 2848 cum

589 2885 794 2941 dictum
819 2885 919 2941 sit:
954 2903 973 2936 ι
995 2884 1188 2940 Omnia
1213 2887 1409 2940 munda
1431 2886 1666 2949 mundis,
1686 2887 2050 2957 coinquinatis
2076 2903 2179 2940 au-

591 2984 700 3031 tem
727 2985 782 3031 et
808 2975 1114 3031 infidelibus
1142 2975 1278 3030 nihil
1303 2976 1603 3031 mundum?
1634 2974 1764 3046 (Tit.
1795 2993 1833 3041 ι,
1866 2976 1977 3047 15.)
2019 2996 2037 3027 )
2071 2975 2178 3031 Sed

592 3071 830 3127 fortasse
855 3071 958 3126 hoc
984 3071 1150 3126 licere
1167 3071 1364 3138 credit,
1387 3070 1514 3141 quia
1545 3071 1804 3138 scriptum
1832 3079 1943 3125 est:
1967 3089 1986 3122 ι
2011 3071 2180 3126 Unius

589 3164 779 3219 uxoris
809 3163 985 3218 virum
1036 3163 1088 3237 (1
1138 3163 1273 3219 Tim.
1307 3181 1390 3228 ιιι,
1423 3164 1501 3234 ‘2).
1536 3181 1554 3215 ι
1587 3163 1703 3220 Non
1747 3165 2089 3235 permanenti
2125 3166 2176 3220 in

593 3255 1031 3326 concupiscentia
1049 3235 1347 3328 generandi
1373 3257 1476 3312 hoc
1501 3256 1653 3322 dicit,
1685 3258 1778 3312 sed
1806 3268 2026 3328 propter
2047 3273 2177 3311 con-
2205 3235 2250 3298 (ἶ

592 3347 876 3402 tinentiam
903 3345 1159 3402 futuram.
1190 3346 1374 3418 Neque
1391 3349 1536 3403 enim
1561 3348 1798 3418 integros
1822 3363 2048 3419 corpore
2073 3364 2180 3403 non

592 3437 813 3493 admisit
842 3438 933 3508 qui
963 3438 1039 3492 ait
1070 3456 1085 3496 :
1129 3457 1148 3491 ι
1184 3437 1388 3494 Vellem
1415 3454 1604 3496 omnes
1632 3449 1811 3494 autem
1850 3440 1927 3494 sic
1956 3455 2076 3495 esse
2107 3440 2181 3494 si-

594 3538 686 3584 cut
730 3537 786 3584 et
825 3543 925 3601 ego
956 3527 1008 3598 (1
1034 3528 1157 3584 Cor.
1188 3545 1283 3595 vn,
1313 3530 1391 3603 7).
1427 3551 1446 3584 ι
1483 3531 1636 3599 Quod
1668 3531 1910 3602 apertius
1941 3531 2184 3587 declarat

591 3621 777 3677 dicens
809 3639 822 3674 :
859 3638 878 3673 ‹
909 3621 1011 3688 Qtii
1045 3630 1226 3677 autem
1266 3623 1318 3677 in
1351 3638 1513 3678 carne
1538 3632 1664 3679 sunt
1695 3624 1803 3678 Deo
1829 3623 2042 3693 placere
2074 3637 2180 3677 non

589 3719 838 3783 possunt,
856 3726 952 3767 vos
967 3720 1146 3767 autem
1165 3713 1281 3783 jam
1309 3730 1412 3768 non
1437 3715 1570 3769 estis
1599 3716 1650 3768 in
1675 3715 1971 3779 carne,sed
1999 3715 2051 3768 in
2079 3714 2183 3784 spi-

591 3803 696 3859 ritu
713 3801 885 3874 (Rom.
908 3803 1188 3875 viit,8-9),
1205 3824 1222 3856 ι
1243 3814 1298 3860 ει
1317 3806 1385 3859 ad
1411 3808 1698 3862 habentem
1725 3807 1864 3879 filios
1887 3824 1990 3862 non
2023 3823 2184 3878 gene-

591 3903 800 3949 rantem
824 3895 979 3959 dixit,
1015 3896 1108 3950 sed
1144 3910 1205 3950 ea
1236 3895 1395 3967 plane
1421 3897 1609 3967 dispar
1637 3907 1692 3952 et
1719 3899 1889 3953 divisa
1911 3899 2181 3954 sententia

592 3992 692 4038 est.
729 3981 860 4038 Nam
901 3984 945 4039 si
983 3983 1177 4054 aliquis
1224 3985 1398 4040 forma
1429 3986 1516 4040 illa
1539 3987 1923 4044 ecclesiastica:
1944 3989 2066 4044 vitae
2087 4006 2182 4059 pa-

592 4074 756 4140 riter,
788 4082 843 4129 et
873 4075 1168 4144 disciplina:
1198 4092 1318 4147 qua:
1361 4077 1428 4132 ab
1454 4079 1709 4148 episcopo
1732 4080 1927 4134 Siricio
1956 4082 2023 4135 ad
2052 4096 2180 4150 pro-

592 4164 800 4219 vincias
839 4168 1164 4222 commeavit
1201 4184 1308 4223 non
1349 4171 1666 4240 probabitur
1707 4173 2039 4244 pervenisse,
2097 4174 2182 4229 bis

591 4257 964 4328 ignorantibus
1003 4259 1160 4314 venia
1199 4261 1507 4318 remittetur
1527 4305 1542 4329 ,
1573 4263 1648 4318 ita
1676 4274 1734 4319 ut
1777 4265 1843 4320 de
1869 4275 2067 4321 cauere
2093 4282 2183 4337 pe-

584 4347 739 4422 nitus
773 4347 1038 4418 incipiaut
1082 4350 1384 4418 abstinere,
1415 4361 1468 4408 et
1491 4353 1563 4409 ita
1592 4355 1794 4425 gradus
1820 4372 1947 4411 suos
1978 4356 2031 4411 in
2064 4359 2182 4428 qui-

593 4438 694 4494 bus
739 4439 940 4495 inventi
982 4439 1203 4509 fuerint,
1234 4444 1313 4499 sic
1343 4455 1635 4513 retentent,
1667 4457 1728 4503 ut
1764 4449 1842 4504 eis
1882 4465 1988 4503 non
2023 4450 2181 4506 liceat

593 4531 659 4586 ad
687 4531 896 4601 potiora
914 4534 1309 4601 conscendere;
1339 4538 1536 4606 quibus
1565 4548 1744 4594 tamen
1775 4542 2036 4596 beneficio
2059 4557 2180 4598 esse

592 4623 771 4688 debet,
806 4624 949 4694 quod
977 4624 1121 4680 hunc
1165 4625 1338 4696 ipsum
1387 4627 1562 4684 locum
1609 4646 1770 4701 quem
1803 4632 2040 4688 retinent
2070 4650 2176 4689 non

592 4716 870 4772 amittunt.
912 4716 968 4769 Si
1009 4717 1098 4786 qui
1136 4726 1318 4771 autem
1348 4720 1514 4774 scisse
1545 4719 1774 4777 formam
1804 4723 2017 4778 vivendi
2049 4726 2179 4780 inis-

593 4824 708 4863 sam
755 4825 783 4861 a
817 4805 1014 4862 Siricio
1041 4807 1385 4878 detegantur,
1418 4827 1596 4882 neque
1623 4814 1807 4866 statim
1849 4815 2180 4884 cupiditates

593 4897 833 4952 libidinis
869 4896 1154 4967 abjecisse,
1184 4898 1258 4953 illi
1286 4908 1412 4955 sunt
1442 4901 1616 4956 modis
1654 4904 1908 4958 omnibus
1961 4905 2182 4961 submo-

593 4990 776 5049 vcndi,
805 4989 932 5057 quia
964 4997 1082 5057 post
1110 4989 1536 5045 admonitionem
1563 4993 1834 5064 cognitam
1859 5010 2180 5066 praeponen-

593 5080 716 5134 dam
754 5081 1002 5134 arbitrati
1025 5091 1150 5136 sunt
1177 5081 1527 5152 voluptatem.

664 5173 728 5226 ll.
756 5173 819 5227 Et
864 5175 967 5228 hoc
1001 5177 1288 5245 quaesitum
1359 5187 1466 5244 est,
1517 5179 1648 5248 quid
1678 5180 1745 5235 de
1776 5181 1858 5236 eis
1897 5183 2179 5240 observari

593 5273 861 5337 oporteat,
899 5265 988 5336 qui
1021 5278 1140 5336 post
1167 5268 1495 5340 baptismum
1529 5273 1677 5327 omni
1708 5281 1953 5346 tempore
1991 5277 2178 5333 incon-

595 5358 835 5414 tinentize
869 5357 1232 5428 voluptatibus
1277 5363 1447 5418 dediti
1503 5365 1556 5419 in
1606 5375 1853 5423 extremo
1901 5369 2008 5426 line
2045 5372 2172 5429 viue

592 5468 703 5509 sum:
731 5450 1107 5522 prnuitentiam
1137 5454 1296 5509 simul
1325 5465 1378 5510 et
1412 5459 1904 5517 reconciliationem
1935 5479 2177 5520 cominu-

592 5543 772 5598 nionis
812 5551 1130 5612 exposcunt.
1182 5545 1256 5600 De
1305 5547 1392 5602 his
1430 5551 1740 5608 observatio
1787 5557 1934 5625 prior
1969 5558 2175 5628 durior,

593 5635 865 5705 posterior
903 5634 1300 5692 interveniente
1331 5639 1704 5698 misericordia
1736 5645 2048 5704 inclinatior
2074 5661 2176 5705 est.

561 5797 568 5806 .
594 5725 729 5781 Nam
756 5729 1088 5784 consuetudo
1115 5731 1263 5800 prior
1295 5734 1484 5799 tenuit,
1516 5742 1574 5789 ut
1599 5740 1985 5796 concederetur
2007 5745 2180 5814 posui-

593 5820 786 5888 tentia,
807 5821 898 5877 sed
912 5824 1222 5905 communio
1253 5835 1568 5896 negaretur.
1601 5828 1735 5886 Nam
1759 5848 1879 5888 cum
1909 5835 2014 5891 illis
2043 5846 2180 5895 tem-

1399 364 1684 421 APPEND.
1717 364 1810 420 AD
1847 363 2020 419 S550.
2054 363 2148 417 IX.
2190 391 2256 402 —
2299 360 2550 416 lSIl)ORl
2600 359 3044 417 MERCATORIS

3729 371 3806 428 708

2206 483 2250 542 Α
2281 477 2502 546 poribus
2523 478 2728 532 crebrm
2757 480 3164 548 persecutiones
3191 491 3390 548 essent,
3411 497 3508 539 nec
3532 491 3807 548 communio-

2285 571 2369 623 nis
2416 585 2674 625 conccssa
2723 570 2956 626 facilitas
3009 573 3258 629 homines
3304 577 3370 630 de
3429 581 3806 640 reconciliatione

2287 678 2515 718 securos
2540 679 2645 717 non
2684 672 2967 718 revocaret
2997 680 3026 717 a
3062 664 3238 736 lapsu,
3274 675 3466 738 negata
3505 672 3680 726 merito
3703 690 3806 730 com.

2281 755 2468 809 munio
2501 764 2604 816 cst,
2645 770 2904 810 concessa
2945 757 3290 826 poenitentia,
3339 775 3406 814 ne
3457 771 3619 817 totum
3645 769 3808 834 penitus

2280 857 2588 917 negarettn,
2621 857 2677 902 et
2713 842 2985 903 duriorem
3030 864 3151 905 esse
3181 853 3554 908 remissionem
3581 854 3690 911 fecit
3714 871 3810 914 tem-

2278 939 2430 1011 poris
2469 939 2631 993 ratio.
2692 938 2797 995 Sed
2840 947 3131 1010 postquam
3163 941 3432 998 Dominus
3475 956 3647 1000 noster
3669 964 3809 1017 pacem

2279 1030 2539 1088 Ecclesiis
2561 1031 2674 1087 suis
2705 1031 2940 1087 reddidit
2962 1029 3077 1101 jam
3102 1032 3332 1102 depulso
3365 1045 3591 1100 terrore,
3618 1052 3807 1096 commu-

2280 1125 2502 1181 nionem
2533 1123 2665 1180 dare
2711 1125 3036 1182 abeuntibus
3071 1125 3292 1196 placuit,
3326 1137 3380 1182 et
3413 1139 3625 1200 propter
3650 1132 3808 1191 Dmniui

2281 1216 2751 1282 misericordiam,
2801 1218 2930 1288 quia
2982 1219 3246 1274 viaticum
3295 1221 3636 1288 profecturis,
3676 1234 3720 1278 ct
3767 1243 3810 1282 ne

2281 1307 2566 1364 Novatiani
2609 1311 2854 1365 haeretici
2892 1312 3140 1382 negantis
3170 1313 3406 1379 veniam,
3447 1318 3757 1386 asperitatem
3774 1334 3811 1376 et

2281 1399 2536 1454 duritiam
2584 1400 2840 1472 subsequi
2897 1402 3199 1457 videamur.
3253 1403 3537 1460 Tribuitur
3581 1425 3694 1480 ergo
3726 1427 3809 1465 cum

2280 1495 2598 1565 paenitentia
2623 1505 2864 1552 extrema
2882 1498 3211 1563 communio,
3236 1508 3293 1552 ut
3311 1499 3560 1558 homines
3575 1503 3810 1575 liujusmodi

2279 1588 2367 1645 vel
2396 1590 2450 1646 in
2483 1591 2754 1662 supremis
2783 1592 2918 1656 suis,
2942 1593 3294 1663 permittente
3315 1592 3595 1653 Salvatore
3613 1609 3810 1665 nostro,a

2280 1690 2542 1752 perpetuo
2563 1683 2732 1738 exitio
2755 1683 3122 1738 vindicentur.

2356 1774 2514 1847 173
2566 1775 2651 1830 ΙΙΙ.
2685 1774 2980 1843 Quaesitum
3019 1777 3181 1832 etiam
3208 1786 3293 1832 est
3319 1791 3484 1850 super
3507 1779 3604 1846 his,
3635 1783 3711 1852 qui
3733 1795 3811 1852 post

2209 1869 2254 1928 Β
2284 1868 2614 1938 baptismum
2643 1868 3182 1936 administraverant,
3235 1879 3289 1925 et
3327 1880 3423 1926 aut
3475 1881 3713 1928 tormenta
3735 1876 3808 1929 sol:

2284 1969 2670 2026 exercuerunt,
2715 1970 2808 2015 aut
2843 1961 3006 2015 etiam
3042 1961 3332 2032 capitalem
3360 1963 3626 2033 protulere
3648 1975 3808 2020 senten-

2283 2049 2440 2116 tiam,
2492 2049 2626 2104 nihil
2679 2050 2744 2106 de
2797 2050 2882 2105 his
2929 2050 3136 2122 legibus
3171 2068 3202 2106 a
3256 2053 3555 2124 majoribus
3598 2053 3808 2112 definitum

2284 2151 2386 2197 est.
2437 2141 2797 2198 Meminerant
2830 2142 2975 2197 enim
3021 2159 3051 2197 a
3084 2144 3194 2199 Deo
3240 2153 3540 2215 potestates
3571 2145 3660 2201 has
3695 2147 3811 2204 fuisse

2279 2248 2594 2300 concessas,
2627 2243 2682 2288 et
2729 2243 2952 2306 propter
2995 2236 3296 2292 vindictam
3329 2238 3611 2294 noxiorum
3637 2239 3808 2311 gladium

2280 2325 2451 2381 fuisse
2489 2325 2843 2395 permissum,
2882 2334 2936 2380 et
2965 2325 3057 2382 Dei
3096 2327 3411 2384 ministrum
3454 2344 3570 2385 esse
3604 2331 3750 2384 datum
3773 2332 3808 2386 in

2281 2414 2590 2484 huiusmodi
2670 2416 2960 2471 vindicem.
3029 2418 3315 2485 Quomodo
3390 2435 3519 2491 ergo
3589 2422 3808 2491 reprelien-

2281 2507 2476 2563 derent
2533 2508 2736 2564 factum
2793 2509 2938 2578 quod
3001 2519 3224 2566 auctore
3275 2510 3390 2566 Deo
3463 2512 3686 2568 viderent
3725 2528 3807 2567 csse

2279 2600 2635 2655 concessum?
2665 2600 2741 2654 De
2775 2600 2860 2655 his
2899 2615 3028 2672 ergo
3076 2602 3149 2655 ita
3197 2609 3256 2655 ut
3302 2602 3560 2660 hactenus
3601 2615 3806 2660 servatum

2281 2703 2384 2760 est,
2438 2694 2516 2749 sic
2567 2693 2886 2754 habeamus.
2941 2709 3009 2748 ne
3061 2703 3155 2748 aut
3207 2694 3547 2766 disciplinam
3597 2707 3803 2758 evertere.

2281 2795 2376 2841 aut
2425 2795 2616 2841 contra
2672 2789 3054 2841 auctoritatem
3094 2786 3532 2867 Domini.venire
3573 2787 3802 2844 videamur.

2280 2878 2417 2952 Ipsis
2442 2889 2620 2934 autem
2675 2879 2728 2933 in
2795 2879 3004 2935 ratione
3046 2881 3318 2936 reddenda
3372 2892 3521 2954 gesta
3556 2899 3640 2939 sua
3678 2883 3802 2939 omnia

2281 2973 2608 3030 servabuntu
2618 2989 2660 3026 r.

2352 3062 2441 3120 lV.
2482 3065 2547 3120 Et
2587 3066 2714 3122 illud
2740 3067 3111 3125 desideratum
3141 3080 3226 3128 est
3257 3073 3413 3140 sciri,
3442 3088 3538 3129 cur
3569 3074 3799 3128 communi-

2285 3167 2474 3214 cantes
2504 3159 2605 3214 viri
2647 3177 2768 3217 cum
2797 3162 3060 3219 adulteris
3099 3164 3365 3221 uxoribus
3399 3181 3502 3220 non
3528 3165 3799 3226 conveniant,

2281 3268 2406 3308 cum
2437 3269 2467 3309 e
2499 3265 2690 3312 contra
2720 3273 2916 3314 uxores
2945 3258 2999 3313 in
3031 3260 3312 3315 consortio
3335 3261 3680 3317 adulterorum
3704 3259 3801 3313 viro-

2283 3360 2405 3398 rum
2450 3362 2669 3402 manere
2708 3347 3011 3404 videantur.
3048 3349 3222 3421 Super
3263 3351 3370 3407 hoc
3410 3352 3687 3408 Christiana
3719 3349 3802 3406 reli-

2283 3439 2371 3508 gio
2400 3440 2726 3494 adulterium
2783 3442 2837 3495 in
2889 3451 3118 3512 utroque
3155 3459 3287 3497 sexu
3338 3444 3459 3515 pari
3497 3445 3680 3498 ratione
3715 3457 3801 3496 con-

2284 3533 2530 3599 demnat,
2584 3535 2678 3589 sed
2739 3535 2885 3590 viros
2945 3551 3074 3591 suos
3116 3537 3376 3594 mulieres
3428 3554 3530 3592 non
3589 3537 3718 3592 facile
3756 3535 3800 3588 de

2283 3622 2550 3678 adulterio
2596 3633 2875 3690 accusant,
2901 3635 2955 3680 et
3002 3642 3110 3681 non
3150 3628 3358 3682 habent
3392 3629 3603 3685 latentia
3642 3636 3799 3698 peccata

2286 3717 2607 3784 vindictam,
2636 3719 2736 3772 viri
2760 3727 2940 3774 autem
2966 3720 3193 3776 liberius
3213 3737 3416 3777 uxores
3440 3723 3683 3777 adulteras
3706 3719 3800 3788 apud

2283 3811 2595 3868 sacerdotes
2616 3811 2829 3866 deferre
2850 3825 3268 3870 consueverunt.
3298 3815 3369 3871 Et
3400 3817 3516 3873 ideo
3538 3814 3797 3874 mulieribus,

2285 3904 2498 3975 prodito
2547 3919 2736 3960 earum
2789 3905 3040 3973 crimine,
3093 3909 3408 3963 communio
3453 3910 3724 3978 denegatur,
3750 3903 3801 3953 u-

2282 4012 2472 4053 rorum
2495 4007 2695 4063 autem,
2715 3999 2913 4054 latente
2935 4001 3248 4067 commisso,
3273 4017 3380 4056 non
3406 4001 3557 4057 facile
3580 4000 3796 4072 quisquatit

2282 4101 2347 4143 ex
2398 4091 2795 4160 suspicionibus
2826 4093 3147 4158 abstinetur,
3179 4097 3270 4164 qui
3303 4098 3489 4167 utique
3526 4091 3796 4152 sulunorcbi-

2283 4196 2395 4253 tttr,
2426 4187 2471 4242 si
2499 4185 2614 4256 ejus
2641 4186 2904 4258 flagitium
2935 4190 3238 4259 delegatur.
3275 4193 3411 4247 Cum
3434 4207 3555 4263 ergo
3580 4207 3663 4262 par
3683 4200 3794 4243 causa

2282 4275 2352 4331 sit
2381 4317 2396 4341 ,
2448 4277 2720 4333 interdum
2774 4279 3092 4349 probatione
3136 4293 3384 4339 cessante
3448 4284 3669 4338 vindicta:
3704 4278 3796 4333 ratio

2282 4368 2632 4437 conquiescit.

2352 4461 2417 4515 V.
2451 4461 2580 4516 Illud
2610 4463 2775 4518 etiam
2807 4463 3078 4520 sciscitari
3102 4466 3316 4522 voluisti
3353 4484 3420 4524 an
3450 4484 3623 4540 preces
3647 4466 3795 4520 dictau-

2207 4553 2427 4656 Dtibus
2482 4553 2712 4610 liberum
2770 4557 3123 4624 concedatur,
3192 4562 3379 4632 utique
3437 4571 3550 4632 post
3608 4552 3792 4628 baptisttli

2282 4647 2751 4716 regenerationem
2784 4663 2813 4702 a
2837 4649 3174 4720 principibus
3195 4667 3419 4722 poscere
3449 4663 3650 4708 mortem
3672 4651 3792 4703 alicu-

2275 4735 2366 4807 jus
2395 4737 2478 4792 vel
2519 4739 2834 4810 sanguinem
2874 4739 2940 4794 de
2991 4752 3176 4808 reatu;
3227 4761 3390 4814 quam
3446 4762 3549 4800 rem
3591 4742 3792 4814 principes

2284 4843 2559 4897 nunquam
2601 4830 2720 4885 sine
2768 4831 3076 4902 cognitione
3103 4835 3424 4900 concedunt,
3452 4837 3538 4890 sed
3566 4835 3622 4888 ad
3642 4832 3792 4903 judiccs

2287 4922 2578 4977 commissa
2643 4923 2758 4994 ipsa
2828 4925 2912 4978 vel
2982 4927 3212 4987 crimina
3283 4945 3493 5000 semper
3545 4928 3787 4982 remittunt.

2284 5025 2345 5070 ut
2389 5029 2565 5069 causae
2596 5016 2826 5086 cognita:
2861 5018 3242 5086 vindicentur;
3289 5037 3407 5092 qua:
3442 5037 3553 5075 Clltll
3583 5013 3788 5087 qumsitori

2283 5105 2486 5164 fuerint
2540 5107 2808 5179 delegata,
2864 5121 2958 5164 aut
2994 5110 3285 5175 absolutio,
3325 5124 3417 5168 aut
3459 5110 3693 5166 damnatio
3722 5120 3788 5175 pro

2283 5201 2482 5270 negotii
2557 5199 2820 5270 qualitate
2867 5201 3165 5271 profertur,
3231 5215 3284 5259 el
3328 5205 3450 5258 dum
3519 5205 3666 5276 legunt
3723 5212 3787 5248 ιιιιο

2281 5291 2508 5348 ctoritas
2553 5291 2606 5346 in
2657 5291 2934 5362 improbos
2982 5305 3291 5363 exercetur,
3343 5299 3445 5354 erit
3489 5297 3685 5350 dictator
3715 5290 3784 5342 im-

2283 5384 2482 5440 munis.

2365 5473 2446 5529 Vl.
2495 5475 2570 5531 De
2609 5477 2692 5532 his
2730 5477 2894 5534 etiam
2936 5480 3218 5550 requisivit
3261 5483 3470 5539 dilectio
3500 5491 3594 5544 tua,
3619 5475 3690 5548 qui
3727 5473 3782 5524 in-

2289 5568 2622 5624 terveniente
2652 5571 2877 5641 repudio
2909 5572 2996 5626 alii
3039 5589 3096 5627 se
3147 5575 3482 5630 matrimonio
3515 5570 3775 5642 copulatum.

2288 5673 2422 5727 quos
2453 5659 2504 5712 in
2529 5670 2756 5731 utraque
2779 5673 2934 5732 parte
2956 5664 3230 5721 adulteros
3259 5681 3375 5722 esse
3396 5661 3776 5736 manifesttuncst.

2287 5751 2390 5818 Qui
2428 5769 2556 5808 vero
2599 5754 2683 5810 vel
2730 5773 2899 5812 uxore
2937 5759 3152 5816 vivente
3199 5764 3460 5834 (quamvis
3509 5740 3774 5815 dissociitum

2193 5930 2206 5933 γ’
2289 5844 2536 5901 videatur
2556 5862 2678 5905 esse
2709 5849 3045 5928 conjugium)
3076 5855 3143 5912 ad
3168 5854 3329 5914 aliain
3367 5857 3585 5923 capulam
3613 5848 3776 5907 festina-
