3832 5364
101 92 200 152 109

1296 88 1787 149 DECRETALIUM
1808 86 2211 147 COLLECTIO.

3229 95 3347 161 AO

90 202 331 278 Epistula
375 204 656 278 familiaris
695 205 765 261 ad
812 214 1019 262 sanctos
1067 204 1167 262 Dei
1221 196 1667 278 sacerdotesAu-
1693 207 1747 270 Α
1770 204 2086 274 magistrum
2110 203 2248 269 fieri,
2270 202 2361 274 qui
2394 218 2667 275 nunquam
2701 204 2995 278 discipulus
3045 202 3173 266 fuit!
3208 213 3346 272 Eum

159 277 347 333 retium
377 274 849 350 'Cartltaginensem
876 317 893 346 ,
954 288 1003 333 et
1051 277 1407 349 Augustinum
1461 274 1666 346 Hippo-

160 364 390 404 nemus.
1630 404 1637 411 η

153 458 510 517 Ιιαοοεητιυε
537 460 783 518 Assumo
808 474 878 518 er
905 459 1239 527 Ancusrmo,
1268 458 1557 530 episcopis.

152 553 535 634 Acceptissimi
598 555 732 611 mihi
781 554 1044 612 Germani
1098 552 1524 625 compresbyteri
1569 548 1664 608 illo

83 660 340 703 recursus
360 661 567 704 vacuus
605 646 779 704 ofﬁcio
809 657 995 704 nostro
1034 663 1155 705 esse
1201 663 1307 703 non
1336 646 1538 710 debuit,
1567 660 1667 716 per

82 738 280 794 charos
309 740 451 795 enim
474 739 713 795 salutare
745 741 1096 796 charissimos
1122 738 1371 795 naturale
1398 738 1661 808 quodam,

81 830 245 886 modo
282 831 438 887 nobis
473 832 687 888 videtur
715 841 770 890 et
817 848 1175 904 consequens.
1205 831 1457 888 Gaudere
1502 830 1666 901 igitur

81 923 137 979 in
163 924 397 981 Domino
410 935 648 982 vestram
675 926 1111 997 germanitatcm,
1128 921 1666 992 amantissimi,cupi-

80 1031 224 1084 mus,
251 1025 312 1073 et
355 1032 455 1089 pro
484 1019 638 1075 nobis
682 1020 834 1091 paria
869 1020 936 1075 ad
973 1020 1259 1074 Dominum
1294 1026 1417 1073 vota
1472 1031 1666 1087 repenc

80 1104 207 1161 dere
229 1121 538 1176 precamur,
570 1108 696 1180 quia
743 1112 828 1181 (ut
863 1109 1003 1164 bene
1051 1107 1243 1175 nostis)
1287 1106 1666 1164 communibus

78 1196 308 1253 alternis
333 1199 454 1269 plus
477 1200 687 1271 agimus
711 1200 1049 1257 orationibus
1084 1216 1248 1271 quam
1302 1198 1665 1270 singularibus

77 1296 173 1343 aut
197 1290 450 1359 privatis.

232 1399 317 1456 De
340 1403 543 1459 ratione
570 1401 817 1461 Paschali
848 1406 919 1462 ad
957 1407 1196 1462 eumdem
1222 1404 1519 1461 Aurelium.

143 1488 510 1549 lunocsu'rms
542 1495 803 1553 Auasuo.
843 1496 1141 1553 Charitatis
1187 1505 1387 1553 nostrae
1433 1493 1667 1552 ofﬁcium

1769 311 2039 353 summum
2063 297 2179 351 fieri
2206 297 2540 353 sacerdotem
2561 298 2655 369 qui
2682 314 2959 369 nunquam
2983 301 3035 354 in
3062 301 3155 356 illo
3173 303 3343 373 gradu

1766 388 2055 444 obsecutus
2118 387 2280 444 fuerit
2349 390 2637 446 sacerdoti.
2709 390 2909 463 Relege
2966 391 3343 461 praefectorum

1766 479 1996 547 litteras,
2032 491 2086 538 et
2109 482 2233 538 vide
2277 498 2396 553 quae
2426 482 2564 538 falso
2590 482 2675 538 vel
2720 498 2820 554 pro
2855 492 3005 539 certo
3032 484 3346 542 sublimium

1765 576 2099 639 potestatum
2123 571 2451 627 adnotentur
2470 570 2706 641 scriptis.
2740 569 3079 627 Perdidimus
3103 570 3348 641 profecto

1766 672 1867 716 nos
1895 660 2017 733 ipsi,
2042 676 2162 727 nos,
2188 662 2428 733 inquam,
2449 646 2817 718 sanctimoniae
2840 662 3222 729 reverentiam,
3251 662 3347 733 qui

1768 752 1923 820 quasi
1938 752 2253 809 vilissimum
2266 754 2465 825 aliquid
2480 768 2718 810 summos
2731 753 3000 811 efficimus
3010 755 3349 821 sacerdotes,

1767 848 1827 894 ut
1844 839 1953 908 iam
1987 841 2209 913 incipiat
2234 845 2388 915 quasi
2428 845 2648 899 noxium
2677 843 2877 915 aliquid
2922 845 3152 916 publicis
3181 846 3352 902 inter-

1767 930 2135 989 locutionibus
2184 935 2553 992 condemnari.
2594 934 2801 993 Frater
2838 937 3176 1004 charissima,
3228 938 3347 994 haec

1767 1023 1927 1079 velim
1941 1036 2138 1082 cuncta
2154 1027 2429 1083 recitanda
2453 1043 2550 1099 per
2569 1044 2760 1086 omnes
2779 1029 3064 1087 Africanas
3075 1030 3349 1087 Ecelesias

1768 1118 1970 1187 scripta
2003 1119 2227 1190 dirigas,
2271 1129 2326 1175 et
2355 1122 2471 1177 istis
2516 1131 2810 1179 conuectas
2847 1139 2982 1194 quas
3007 1123 3354 1193 adiunximus

1768 1206 1980 1265 litteras
2000 1210 2401 1281 praefectorum,
2432 1220 2492 1267 ut
2517 1214 2801 1270 consilium
2824 1214 2891 1270 de
2914 1214 3000 1271 bis
3029 1229 3151 1285 quae
3171 1215 3355 1286 iniquo

1768 1302 2080 1369 laudantur,
2104 1301 2499 1376 iudiciumque,
2526 1306 2572 1362 si
2601 1307 2731 1377 quid
2757 1306 2861 1362 tale
2880 1305 3097 1379 probari
3131 1306 3351 1377 poterit,

1770 1392 1888 1461 ﬁat,
1914 1403 1974 1449 ut
2000 1395 2272 1466 praeterita
2298 1395 2462 1464 mala,
2496 1397 2543 1453 si
2573 1397 2871 1453 doceantur
2909 1397 3165 1464 admissa,
3192 1396 3357 1468 digna
3392 1416 3401 1422 ν

1772 1487 2063 1543 severitate
2091 1484 2464 1555 coerceantur,
2497 1483 2555 1544 et
2603 1491 2671 1546 de
2718 1487 2915 1547 caetero
2965 1499 3221 1547 caveatur
3284 1502 3359 1545 ne

78 1580 223 1637 nullo
279 1583 560 1640 intervallo
610 1587 903 1655 dirimitur,
954 1588 1120 1643 etiam
1171 1588 1216 1645 si
1266 1589 1454 1643 charta
1492 1588 1667 1645 nullos
1696 1574 1741 1637 B
1768 1576 2028 1635 Ecclesiae
2055 1580 2317 1636 sanctitas
2334 1596 2432 1651 per
2455 1592 2698 1638 nostram
2720 1582 2946 1654 fatigata
2972 1584 3356 1658 negligentiam

78 1672 261 1742 apices
290 1672 427 1729 ferat
454 1691 470 1743 ;
503 1676 634 1732 vivit
656 1677 801 1734 enim
830 1679 1129 1750 spiritualis
1159 1680 1333 1752 gratia
1361 1680 1582 1736 alternis
1610 1681 1667 1736 in

77 1763 365 1830 cordibus,
390 1773 445 1819 et
475 1781 718 1822 amorem
758 1778 1005 1824 nostrum
1032 1767 1283 1825 confovet
1319 1769 1669 1826 sacerdotalis

79 1852 189 1925 ipsa
226 1856 484 1912 societas.
530 1857 672 1913 Cura
723 1873 876 1930 ergo,
922 1870 984 1915 ut
1013 1860 1235 1931 dignum
1269 1869 1373 1926 est,
1404 1861 1669 1917 unitatem

80 1944 339 2004 Ecclesiae
362 1949 642 2013 custodiri.
671 1950 927 2022 Idemque
973 1967 1161 2008 omnes
1204 1953 1409 2023 pariter
1448 1962 1503 2010 et
1550 1969 1671 2009 sen-

81 2041 278 2097 tiamus
309 2051 364 2099 et
386 2044 816 2113 pronuntiemus,
844 2044 1013 2099 frater
1039 2045 1377 2101 charissime.
1412 2044 1520 2101 Has
1540 2060 1671 2117 ergo

80 2130 293 2189 litteras
314 2135 381 2189 de
404 2134 616 2190 ratione
636 2134 883 2191 Pascliali
911 2135 1134 2191 alterius
1157 2136 1302 2208 (dico
1326 2136 1520 2208 futuri)
1543 2138 1669 2192 anni

86 2225 399 2297 perscripsi.
441 2223 577 2280 Nam
608 2241 733 2282 cum
759 2234 884 2282 ante
914 2226 1055 2282 diem
1085 2228 1432 2283 undecimum
1476 2227 1671 2284 Kalen-

88 2316 271 2373 darum
328 2318 598 2390 Aprilium
653 2319 812 2390 plena
858 2321 984 2375 luna
1037 2336 1126 2376 xvt
1192 2320 1477 2391 colligatur
1537 2321 1671 2393 (non

83 2410 359 2482 quippiam
406 2412 585 2468 mimis
635 2413 738 2485 est)
797 2413 1035 2484 itemque
1074 2429 1196 2470 cum
1240 2414 1382 2470 diem
1435 2423 1563 2469 ante
1617 2430 1672 2470 tv

82 2501 446 2560 Kalendarum
504 2506 818 2562 earumdem
867 2507 1050 2562 veniat
1094 2522 1251 2573 xxiii,
1304 2508 1569 2563 aestimavi
1616 2524 1671 2563 x1

80 2594 439 2653 Kalendarum
510 2607 933 2654 memoratarum
1001 2599 1090 2655 die
1172 2599 1306 2654 festa
1388 2598 1671 2655 Pascltalia

82 2684 428 2753 celebranda,
473 2688 728 2758 quoniam
760 2688 815 2742 in
839 2688 1097 2759 vigesima
1123 2689 1284 2743 tertia
1309 2688 1434 2743 luna
1464 2690 1671 2746 nullum

79 2774 291 2832 Pascha
315 2793 553 2849 unquam
600 2787 727 2834 ante
762 2779 865 2835 hoc
892 2778 1100 2835 Pascha
1155 2779 1358 2836 factum
1411 2795 1530 2837 esse
1581 2760 1703 2838 (εο-Δ

80 2867 415 2938 gnoscimus.
446 2867 738 2925 Sententiae
775 2884 909 2925 meae
949 2870 1171 2941 exposui
1209 2879 1371 2941 atque
1417 2870 1559 2926 edixi
1595 2880 1672 2926 te-

1768 1672 1961 1741 perdat
2016 1666 2296 1746 privilegia
2358 1689 2478 1744 quae
2550 1684 2632 1731 est
2683 1680 2781 1747 per
2823 1677 2971 1733 viros
3020 1675 3357 1733 venerabiles

1768 1771 2080 1818 consecuta.
2128 1765 2270 1821 Deus
2322 1776 2375 1822 te
2411 1765 2735 1822 incolumem
2787 1768 3075 1825 custodiat.
3126 1770 3260 1825 Data
3299 1780 3358 1828 tv

1770 1869 1941 1913 nonas
1977 1856 2145 1925 Junii,
2189 1857 2333 1914 Julio
2370 1857 2440 1914 IV
2473 1868 2526 1915 et
2563 1859 2802 1916 Palladio
2835 1861 2879 1917 ν
2914 1860 3245 1919 consulibus.

2084 1949 2167 2002 Ad
2204 1947 2480 2003 Julianam
2510 1950 2731 2004 nobilem
2761 1950 3032 2020 feminam.

1843 2039 2131 2111 Singulare
2166 2040 2469 2095 membrum
2514 2039 2771 2097 Ecclesiae
2802 2048 2906 2098 tuae
2930 2041 3206 2114 religionis
3238 2056 3355 2096 am-

1769 2129 2089 2201 plitudinem
2125 2130 2380 2198 existere,
2406 2141 2462 2187 et
2499 2146 2530 2186 a
2572 2133 2728 2188 nobis
2780 2133 3219 2189 reverentissime
3254 2132 3361 2189 coll

1771 2220 1905 2277 satis
1946 2231 2030 2277 est
2056 2223 2309 2279 omnibus
2334 2223 2714 2293 manifestum;
2745 2224 2800 2279 in
2848 2225 2969 2295 ipso
3020 2224 3165 2281 enim
3208 2225 3364 2296 apice

1772 2313 2070 2371 nobilitatis
2116 2316 2286 2371 multo
2334 2317 2653 2373 nobiliorem
2714 2317 2970 2374 Ecclesiae
3020 2318 3362 2374 devotionem

1773 2404 2058 2475 impendis,
2088 2414 2144 2461 et
2168 2407 2339 2477 magis
2381 2407 2501 2463 laeta
2541 2407 2741 2464 Christi
2773 2409 3043 2481 agnitione
3077 2408 3364 2479 praeceptis

1772 2499 1889 2569 ejus
1913 2498 2277 2569 obtemperes,
2300 2510 2355 2556 et
2378 2501 2432 2555 in
2460 2501 2566 2556 tlde
2589 2502 2770 2570 potius
2783 2502 3023 2556 exsultas
3038 2515 3202 2571 quam
3223 2498 3368 2555 tanti

1774 2591 1987 2662 generis
2024 2590 2155 2646 flore
2205 2590 2448 2660 iactaris.
2505 2591 2743 2648 Summae
2794 2592 3011 2648 virtutis
3050 2600 3133 2649 est
3168 2591 3371 2647 vicisse

1774 2684 2000 2756 gloriam
2012 2685 2213 2751 carnis,
2229 2694 2285 2741 et
2305 2702 2499 2758 magna
2515 2695 2597 2741 est
2612 2686 2814 2742 Christi
2837 2686 3011 2758 gratia
3026 2683 3370 2741 nobilitatem

1775 2778 2018 2834 moribus
2059 2794 2363 2851 superasse,
2411 2781 2628 2836 domina
2684 2779 2811 2846 tilia,
2865 2779 3062 2836 merito
3111 2776 3362 2835 illustris.

1776 2868 1936 2926 Certa
1966 2872 2132 2944 igitur
2176 2874 2435 2941 existens,
2467 2875 2843 2940 dilectissima,
2872 2874 3035 2946 hujus
3061 2873 3185 2929 vitae
3219 2888 3372 2944 quae-

80 2959 428 3016 norem.Jam
451 2962 753 3032 prudentiae
784 2970 887 3017 tute
911 2963 1036 3027 erit,
1067 2977 1292 3019 consors
1315 2962 1445 3017 mihi
1481 2962 1671 3030 frater,
1701 2929 1747 2993 θ
1778 2977 1992 3033 cunque
2031 2975 2155 3019 sunt
2178 2966 2371 3035 spatia,
2398 2967 2616 3023 aeternis
2666 2966 2971 3036 divinisque
3014 2964 3203 3023 ofﬁciis
3241 2963 3373 3021 illu-

82 3067 205 3108 cum
225 3054 503 3111 unanimis
525 3063 580 3112 et
599 3055 1079 3112 consacerdotibus
1101 3056 1326 3123 nostris,
1341 3054 1482 3112 hanc
1501 3056 1674 3126 ipsam

80 3159 198 3201 rem
223 3147 280 3200 in
321 3145 530 3217 synodo
557 3146 967 3217 religiosissima
993 3155 1313 3213 retractare,
1344 3154 1404 3202 ut
1446 3146 1492 3201 si
1540 3146 1678 3202 nihil

84 3236 429 3308 dispositioni
475 3246 675 3294 nostrae
702 3238 947 3305 insultat,
977 3238 1133 3294 nobis
1177 3237 1491 3308 plenissime
1522 3252 1679 3308 aper-

82 3336 248 3400 teque
293 3328 585 3397 rescribas,
631 3345 738 3401 quo
761 3329 1113 3387 deliberatam
1167 3329 1490 3386 Paschalem
1538 3331 1679 3386 diem

79 3426 194 3497 jam
236 3427 438 3484 litteris
479 3436 605 3483 ante
656 3428 740 3501 (ut
778 3429 947 3486 moris
986 3429 1092 3502 est)
1144 3430 1530 3486 reservandam
1582 3444 1681 3485 suo

86 3520 754 3591 tempore~rescribamus.
810 3519 1326 3593 Compresbyterum
1378 3531 1561 3578 autem
1590 3522 1681 3577 ar-

87 3612 476 3668 cbidiaconum
537 3612 786 3683 quamvis
835 3613 1080 3670 noverim
1136 3614 1281 3684 quod
1327 3613 1683 3670 libentissime

88 3715 152 3758 ac
196 3717 352 3759 more
378 3730 381 3735 »
409 3703 677 3774 suscipias
715 3713 999 3771 consueto,
1048 3712 1233 3761 tamen
1277 3720 1344 3760 ex
1389 3704 1686 3761 abundanti

87 3793 304 3866 postqu
328 3803 512 3851 utrum
544 3808 671 3852 eum
704 3796 845 3853 inter
871 3803 992 3852 tuos
1018 3795 1219 3852 habere
1248 3797 1506 3869 digneris.
1648 3802 1651 3803 '

91 3906 162 3962 Ut
218 3906 401 3964 nullus
429 3911 641 3979 [contra
686 3910 1071 3967 ordinationem
1123 3926 1385 3967 canonum
1439 3910 1538 3981 ﬁat
1584 3911 1687 3983 epi-

774 3998 979 4052 scopas.

163 4070 535 4131 Dnectissimo
570 4072 729 4130 fratri
755 4073 997 4131 AURBLIO
1020 4069 1392 4132 INNOCENTIUS.

167 4167 287 4234 Qua
339 4166 696 4238 indignitate,
768 4182 873 4237 qua
928 4166 1178 4222 molestia
1226 4167 1372 4224 male
1427 4173 1691 4223 tractetur

1779 3062 1956 3110 strare
1983 3058 2271 3124 contende,
2293 3066 2359 3113 ‘ut
2387 3060 2479 3129 qui
2509 3061 2773 3132 insignem
2801 3068 2853 3114 te
2890 3059 3142 3129 praestitit
3178 3058 3370 3116 reddat

1781 3149 1885 3206 sibi
1913 3165 2010 3220 per
2035 3151 2230 3208 saecula
2257 3152 2565 3208 clariorem.

2208 3240 2285 3296 De
2312 3242 2636 3297 Antiochena
2665 3241 2924 3298 Ecclesia.

1850 3331 2203 3389 Iusocsurms
2230 3333 2518 3389 Bomrscro
2551 3334 2888 3406 presbytero.
2919 3334 3157 3392 Ecclesia
3181 3333 3370 3391 Antio-

1784 3423 1953 3477 chena
1978 3438 2137 3495 quam
2160 3424 2475 3492 priusquam
2496 3422 2563 3478 ad
2594 3423 2782 3480 urbem
2807 3425 3113 3494 perveniret
3135 3423 3367 3479 Bonnam

1783 3512 1975 3568 beatus
2028 3511 2303 3582 apostolus
2340 3511 2534 3568 Petrus
2581 3527 2676 3568 sua
2716 3513 3005 3583 praesentia
3057 3511 3369 3579 illustravit,

1783 3601 1929 3657 velut
1973 3617 2232 3673 germana
2261 3601 2525 3672 Ecclesiae
2554 3600 2812 3658 Romana:
2840 3603 2932 3658 diu
2976 3617 3035 3659 se
3067 3603 3135 3657 ab
3179 3602 3371 3657 eadem

1785 3694 2017 3751 alienam
2059 3710 2182 3751 esse
2208 3709 2315 3749 non
2340 3709 2499 3765 passa
2536 3700 2639 3750 est.
2681 3694 2816 3750 Nam
2840 3694 3022 3750 missis
3054 3693 3245 3764 legatis
3293 3692 3371 3749 ita

1785 3802 1975 3859 pacem
2027 3786 2321 3858 postulavit
2379 3793 2435 3841 et
2480 3784 2716 3853 meruit,
2765 3792 2826 3841 ut
2879 3784 3211 3856 Evagrianos
3257 3784 3374 3841 suis

1786 3879 2067 3936 ordinibus
2118 3893 2183 3934 ac
2236 3878 2371 3935 locis
2427 3878 2747 3934 intemerata
2801 3877 3143 3933 ordinatione
3200 3892 3370 3949 quam

1787 3981 2112 4043 acceperant
2125 3988 2156 4028 a
2179 3971 2475 4028 Memorato
2487 3971 2844 4041 susciperent,
2858 3978 2915 4026 et
2925 3968 3153 4026 Joannis
3169 3978 3372 4026 sancta:

1787 4066 2085 4137 memoriae,
2111 4062 2194 4119 vel
2220 4064 2463 4129 clericos,
2504 4056 2590 4119 vel
2616 4062 2783 4119 laicos
2820 4061 2874 4117 in
2906 4077 3075 4117 unum
3100 4060 3379 4133 colligeret

1791 4164 1951 4225 atque
1970 4162 2342 4227 congregaret,
2373 4138 2691 4224 promittens
2715 4153 2886 4223 ipsius
2906 4153 3143 4209 civitatis
3163 4152 3374 4222 episco-

95 4258 365 4324 Ecclesia,
380 4251 759 4330 piaecipueque
779 4259 1083 4329 episcopus,
1100 4257 1334 4329 relegam
1346 4257 1431 4313 vel
1450 4258 1662 4313 audiam

1791 4261 1894 4316 pus
1908 4244 2075 4302 frater
2094 4261 2246 4302 meus
2260 4245 2587 4313 Alexander,
2604 4247 2817 4303 etiamsi
2844 4247 2889 4302 si
2919 4247 3040 4317 quis
3065 4246 3203 4302 forte
3229 4245 3314 4301 vel
3341 4260 3376 4301 a

99 4358 155 4405 et
183 4357 276 4404 tua
334 4348 652 4406 fraternitas
701 4352 842 4406 bene
880 4351 1052 4418 novit,
1096 4358 1151 4405 et
1189 4366 1292 4423 ego
1351 4358 1461 4404 tam
1498 4350 1691 4407 idonea

102 4446 255 4494 tanto
280 4438 454 4496 dolori
485 4440 654 4496 verba
678 4440 923 4496 invenire
950 4455 1058 4495 non
1105 4455 1352 4512 possum,
1375 4441 1500 4496 dum
1533 4438 1692 4496 facile

103 4531 458 4600 imponuntur
471 4518 687 4598 manus,
698 4531 827 4587 dum
842 4531 1173 4603 negligenter
1184 4547 1427 4588 summus
1440 4533 1695 4588 sacerdos

106 4621 347 4692 eligitur.
390 4618 528 4677 Ecce
562 4620 707 4678 facta
762 4631 845 4678 est
888 4622 1105 4694 querela
1149 4622 1361 4693 publica
1404 4639 1524 4694 quae
1566 4621 1697 4679 fecit

107 4723 327 4780 semper
348 4719 408 4765 ut
433 4709 739 4766 communis
763 4712 1016 4768 omnibus
1042 4712 1321 4768 tremenda
1350 4713 1422 4768 sit
1445 4726 1703 4768 reveren-

105 4803 203 4856 tia.
248 4800 339 4858 Sic
377 4801 565 4858 clerici
614 4801 1103 4859 ecclesiasticorum
1149 4803 1463 4875 dogmatum
1516 4801 1703 4858 nutriti

108 4892 194 4948 vel
247 4891 499 4948 honorati
562 4892 703 4946 intra
738 4892 930 4947 altaria
970 4892 1171 4948 Christi
1223 4901 1576 4964 respuuntur,
1628 4892 1702 4946 sic

112 4994 521 5057 praetereumtes
579 4996 1004 5056 promoventur,
1062 4985 1218 5058 quasi
1288 4988 1444 5046 nefas
1514 4984 1585 5041 sit
1635 4983 1701 5039 ad

115 5079 404 5149 primatum
435 5094 535 5151 per
557 5077 804 5133 ordinem
842 5080 1143 5149 pervenire.
1168 5076 1304 5137 Nam
1327 5096 1448 5138 cum
1476 5074 1700 5131 involuti

124 5172 403 5228 mundanis
432 5169 685 5234 nexibus,
708 5171 916 5225 actibus
935 5171 1018 5225 vel
1043 5169 1292 5229 moribus
1319 5177 1545 5241 abrupte
1566 5167 1702 5222 asci-

123 5271 340 5318 scuntur
364 5262 433 5318 ad
467 5260 601 5316 tanti
632 5260 914 5333 collegium
941 5262 1256 5330 sacerdotii,
1286 5265 1429 5322 etilli
1449 5261 1701 5315 videntur

1800 4338 1979 4405 nobis,
2008 4338 2093 4394 vel
2118 4338 2334 4394 aliunde
2353 4338 2668 4410 posterioris
2682 4339 3036 4395 ordinationis
3066 4337 3133 4391 ad
3155 4335 3374 4421 eosdem

1789 4431 2024 4497 venerit,
2056 4443 2114 4486 se
2145 4428 2262 4485 sine
2286 4421 2654 4484 controversia
2688 4425 3052 4487 recepturum,
3085 4423 3150 4464 ac
3183 4421 3382 4463 nomen

1789 4522 2027 4597 episcopi
2078 4520 2365 4578 memorati
2409 4519 2550 4574 inter
2594 4513 2955 4597 quiescentes,
2987 4503 3269 4597 episcopos
3298 4511 3387 4552 re-

1791 4594 2110 4674 citaturum.
2159 4612 2256 4668 Cui
2313 4610 2390 4667 rei
2439 4622 2537 4663 nos
2582 4602 2802 4660 noveris
2842 4594 3132 4654 tradidisse
3165 4605 3379 4649 manus.

1789 4709 1960 4766 frater
1986 4704 2331 4768 charissima,
2359 4711 2414 4757 et
2443 4713 2536 4754 eos
2570 4696 2622 4749 in
2645 4702 2832 4750 nostra
2856 4690 3063 4744 viscera
3090 4683 3380 4754 recepisse.

1781 4764 1968 4856 iisin“
1991 4794 2230 4851 membra
2254 4764 2374 4862 quae
2398 4784 2768 4856 requisierant
2786 4779 3072 4839 sanitatem
3088 4776 3162 4830 ab
3180 4774 3384 4829 unitate

1787 4869 2036 4961 corporis
2076 4886 2410 4942 haberentur
2458 4876 2656 4933 aliena.
2719 4874 2916 4933 Omnia
2963 4881 3093 4923 vero
3135 4881 3258 4961 qpm
3295 4880 3389 4936 per

1772 4958 2033 5042 ordinem
2070 4986 2220 5050 gesta
2268 4982 2417 5038 sunt,
2471 4968 2617 5023 illius
2662 4981 2828 5027 meus
2878 4964 3135 5021 diaconus
3169 4958 3389 5016 Paulus.

1788 5076 1982 5133 harmn
2010 5071 2216 5129 scilicet
2237 5060 2852 5139 portitor'litterarum,
2895 5054 3164 5117 dilectioni
3201 5054 3396 5109 vestra:

1788 5166 1987 5243 poterit
2015 5174 2292 5224 enarrare,
2324 5167 2383 5215 ut
2412 5163 2471 5212 et
2507 5153 2779 5222 gaudium
2809 5162 3097 5243 commune
3115 5147 3398 5243 nobiscum

1786 5236 2013 5322 habeas,
2061 5262 2116 5310 et
2161 5265 2254 5306 eos
2307 5250 2573 5307 informes
2630 5249 2734 5317 qui
2787 5265 2888 5327 pro
2942 5238 3103 5300 Attici
3153 5236 3402 5307 partibus

2186 5357 2205 5364 Α
2218 5358 2313 5364 μ---
2330 5353 2522 5364 ---Λ-...ιιι
