3968 6446
543 265 642 322 m
728 240 744 262 "
1068 240 1072 245 ’
1218 240 1223 242 ⁷
1355 257 1654 316 aereus.
1687 259 1782 314 an
1821 256 1997 316 saec.
2025 256 2120 314 1x.
2158 287 2229 300 --
2261 257 2514 317 tsmoat
2547 257 2997 322 macaroms:
3677 264 3756 325 ns

543 391 706 451 quam
730 375 842 447 pia,
869 389 1033 447 quam
1073 371 1379 430 necessaria
1410 370 1606 441 legatio
1635 385 1666 424 a
1695 377 1784 425 tua
1813 369 2121 436 sanctitate,
2147 381 2203 446 Α
2229 386 2360 426 num
2404 369 2771 436 laudaremus,
2800 382 3223 440 successumque
3256 369 3441 442 ipsum
3494 370 3610 428 ideo
3647 388 3757 444 pra-

542 455 715 526 frater
746 467 1089 534 charissime,
1138 464 1207 521 ad
1235 480 1336 520 nos
1383 463 1589 519 directa
1641 461 1824 529 fuerit,
1851 469 2126 532 gestorum
2228 462 2414 517 stitum
2464 460 2572 516 tuis
2626 459 2900 516 laboribus
2947 459 3248 526 videamus,
3276 459 3425 530 quod
3456 468 3562 516 tota
3599 463 3762 526 virtute

543 563 784 632 ipsorum
845 557 1196 629 replicatione
1246 569 1531 626 cognoces.
1558 551 1744 609 Voluit
1792 552 1937 607 enim
1974 566 2124 608 com-
2167 632 2173 638 _
2227 552 2378 625 pacis
2423 560 2634 608 amator
2654 551 2896 608 existens
2931 566 3052 607 eam
3079 551 3400 622 requisitam
3422 552 3693 622 inveneris,
3719 569 3762 615 et

540 651 825 723 presbyter
845 647 1332 704 nosterCassianus
1357 645 1501 701 hanc
1523 644 1888 700 amicitiarum
1909 651 2125 698 nostra-
2163 695 2198 729 ᾗ,
2229 653 2503 714 repertam
2543 657 2756 698 summa
2796 643 3063 699 charitate
3092 645 3335 699 tenueris
3371 659 3496 699 cum
3521 660 3638 717 erga
3674 662 3764 704 om-

540 760 662 800 rum
703 741 1141 813 paginulam,per
1161 738 1662 809 compresbyterum
1694 745 1956 800 vestrum,
1986 732 2125 787 Pau-
2162 734 2213 813 ᾖ
2228 752 2327 792 nes
2383 747 2497 792 tum
2528 738 2796 807 pmcipue
2838 737 2983 792 circa
3012 736 3134 793 illos
3166 737 3260 808 qui
3286 737 3562 809 quondam
3594 738 3765 798 Paulini

538 834 652 890 lum
703 799 980 888 bicolaum
1029 799 1338 896 diaconum,
1369 839 1426 883 et
1450 799 1692 883 'Petrum
1732 799 2213 910 subdiaconumj‘

537 923 680 980 filios
705 930 921 978 nostros
950 920 1106 992 quasi
1138 920 1406 990 primitias
1435 920 1584 989 pacis
1609 927 1811 974 nostrae
1836 914 2138 992 conscribi.‘

538 1014 730 1070 Saluto
757 1013 941 1084 itaque
966 988 1024 1068 et
1049 988 1197 1066 tuam
1221 1010 1352 1066 mihi
1372 1011 1427 1066 in
1439 988 1659 1066 Christo
1687 988 2135 1080 germanitatemj

537 1114 596 1162 et
619 1121 835 1162 omnem
874 1105 1020 1161 illam
1055 1120 1176 1174 qua:
1215 1111 1392 1159 tecum
1427 1104 1566 1159 bene
1607 1103 1773 1158 sentit
1806 1099 2124 1166 Ecclesiam,

537 1211 772 1270 nosque,
794 1207 856 1252 ut
875 1197 1076 1263 facitis,
1102 1203 1158 1252 et
1186 1194 1534 1264 alloquamini
1562 1203 1686 1263 peto
1719 1191 1963 1247 crebrius
1985 1191 2131 1245 litte-

535 1291 642 1358 ris,
664 1299 721 1347 et
751 1289 1094 1361 frequentius
1125 1289 1191 1343 de
1219 1297 1400 1343 vestra
1431 1285 1604 1340 salute
1635 1283 1938 1339 laetificetis.
1967 1281 2131 1337 Dabit

533 1383 708 1450 enim,
731 1390 794 1437 ut
821 1379 1055 1446 confido,
1079 1377 1342 1434 Dominus
1369 1375 1534 1432 totius
1567 1389 1666 1431 nos
1695 1371 1956 1454 praeteriti
1995 1380 2132 1426 tem-

535 1475 690 1545 poris
739 1473 1026 1544 dispendia
1096 1470 1471 1527 amantissimo
1509 1469 1813 1525 litterarum
1863 1464 2131 1536 colloquio

535 1581 979 1638 recompensare.

751 1648 1022 1713 De'Attico
1044 1659 1282 1728 episcopo
1308 1655 1912 1727 Constantinopolitano.

603 1749 960 1806 lnaocnnrws
999 1747 1314 1803 MAXIIIANO
1344 1748 1619 1818 episcopo.

603 1839 866 1897 Miramur
913 1840 1255 1914 prudentiam
1301 1849 1469 1907 tuam,
1514 1839 1715 1910 scripta
1764 1839 1833 1894 ad
1885 1836 2126 1893 Atticum

529 1931 846 2003 episcopum
907 1931 1520 2002 Constantinopolitanae
1563 1930 1714 1986 urbis
1763 1946 1795 1984 a
1836 1930 1994 1986 nobis
2018 1969 2034 1996 ,
2071 1937 2128 1985 et

529 2020 915 2090 prosecutione
970 2021 1190 2092 propria
1243 2029 1299 2076 et
1346 2021 1472 2076 dato
1519 2019 1733 2084 libello,
1791 2019 1883 2088 qui
1941 2019 2128 2074 subter

532 2124 778 2167 annexus
805 2119 910 2178 est,
939 2109 1215 2182 postulare
1253 2126 1284 2164 a
1327 2124 1435 2179 quo
1467 2123 1568 2165 nec
1618 2109 1814 2164 missas
1842 2107 1982 2163 ullas
2019 2106 2128 2162 sal-

533 2213 646 2259 tem
671 2201 932 2274 epistolas
962 2203 1030 2258 ad
1061 2217 1158 2258 vos
1183 2201 1267 2256 vel
1296 2203 1364 2256 ad
1386 2209 1622 2257 vestram
1645 2200 1909 2272 synodum
1938 2199 2128 2270 utique

531 2293 828 2365 protulisti.
855 2293 1025 2364 quue
1069 2309 1175 2348 non
1226 2292 1434 2363 petenti
1485 2291 1834 2348 tribuendum
1866 2290 2124 2356 aestimes,

530 2383 682 2456 quod
705 2383 857 2439 vides
908 2383 1334 2454 deprecantibus
1367 2383 1615 2438 discussa
1654 2381 1869 2437 ratione
1905 2394 2127 2436 conces-

529 2489 680 2532 sum.
705 2472 1028 2530 Communia
1050 2474 1198 2530 enim
1246 2487 1510 2543 suspensa
1534 2484 1541 2490 ·
1568 2470 1874 2526 restituitur
1900 2470 2126 2526 demon-

527 2567 728 2628 stranti
751 2581 964 2633 causas,
979 2568 1176 2637 quibus
1203 2567 1258 2620 id
1274 2564 1569 2632 acciderat,
1586 2560 1702 2631 jam
1721 2577 1842 2618 esse
1860 2563 2124 2628 detersas,

535 2665 596 2714 et
616 2657 896 2729 prolitenti
923 2657 1263 2713 conditiones
1290 2655 1443 2725 pacis
1469 2653 1739 2723 impletas.
1768 2653 1922 2720 Quod
1952 2652 2128 2723 neque

530 2748 676 2819 apud
723 2762 840 2815 vos,
895 2761 1071 2818 neque
1127 2747 1267 2817 apud
1315 2761 1415 2801 nos
1473 2746 1570 2817 (ut
1605 2745 1864 2815 praedixi)
1917 2744 2127 2799 Atticus

526 2837 717 2898 missis
760 2837 1034 2908 aliquibus
1071 2851 1294 2892 suorum
1346 2835 1432 2890 vel
1464 2835 1648 2892 dicere
1675 2834 1866 2900 voluit,
1897 2835 1982 2889 vel
2030 2835 2126 2888 de-

528 2937 844 2986 monstrare
886 2928 1240 3000 completum,
1264 2927 1725 2999 quemadmodum
1775 2925 2129 2981 Antiochense
2183 2941 2186 2944 '

526 3024 790 3085 Ecclesia:
844 3025 1015 3083 frater
1061 3035 1118 3083 et
1180 3027 1534 3100 eoepiscopus
1583 3038 1768 3084 noster
1821 3025 2127 3081 Alexander

2201 827 2393 925 antque
2419 828 2637 899 Evagrii
2672 828 3051 899 episcoporum
3079 827 3274 885 censiti
3322 827 3541 884 fuerant
3565 831 3764 887 nomine.

2229 920 2414 978 Habeo
2471 937 2738 977 summam
2785 931 3037 976 votorum
3096 937 3365 987 meorum,
3413 923 3555 992 quod
3597 925 3768 994 antiqui

2196 999 2365 1068 (natavi
2395 1015 2644 1084 purgatio
2672 1013 2778 1068 tuis
2809 1013 3160 1082 temporibus,
3196 1015 3417 1083 tuisque
3453 1013 3653 1070 meritis
3673 1029 3769 1085 pro-

2228 1113 2469 1174 rogatur.
2512 1101 2754 1170 Quorum
2785 1102 2949 1158 etiam
2989 1102 3110 1158 illos
3160 1102 3407 1172 ejusdem
3465 1103 3768 1175 nominisqui

2227 1193 2285 1250 in
2304 1193 2455 1248 Italia
2482 1194 2735 1250 meritum
2757 1194 3044 1250 clericatus
3071 1203 3423 1264 acceperant,
3455 1195 3634 1251 censui
3657 1197 3770 1252 bono

2229 1283 2428 1354 quietis
2457 1283 2684 1354 gratiam
2715 1283 2951 1338 retinere
3005 1281 3346 1354 susceptam.'
3371 1283 3443 1339 Et
3463 1284 3585 1355 quia
3623 1297 3769 1343 noster

2230 1375 2642 1446 compresbyter
2661 1373 2978 1441 Cassianus,
3025 1383 3240 1445 gratum
3268 1374 3432 1430 duxit
3458 1383 3561 1430 tua:
3589 1375 3690 1432 fore
3711 1379 3771 1433 di-

2229 1464 2492 1536 gnationi,
2521 1464 2568 1520 si
2605 1479 2726 1520 meo
2756 1465 2983 1522 consilio
3005 1465 3060 1520 in
3082 1466 3303 1522 civitate
3351 1476 3538 1522 vestra
3585 1466 3770 1524 clerica-

2230 1569 2317 1618 tus
2345 1561 2590 1617 ordinem
2621 1562 2819 1616 ducere
2840 1569 3184 1628 censeantur,
3216 1561 3382 1618 statui
3411 1571 3627 1632 propter
3644 1563 3772 1619 bene-

2229 1652 2517 1708 volentiam
2565 1661 2713 1708 tuam
2763 1653 3139 1726 promissaque
3189 1655 3516 1722 memorati,
3562 1661 3616 1710 ut
3660 1655 3772 1712 inter

2151 1747 2205 1811 B
2230 1752 2454 1800 caeteros
2485 1744 2795 1800 sacerdotes
2818 1744 3204 1816 ministrosque
3225 1745 3318 1816 qui
3357 1745 3416 1800 in
3453 1745 3776 1802 civitatesunt

2229 1844 2673 1898 annumerentur,
2699 1833 2870 1890 frater
2897 1835 3237 1903 charissime,
3259 1835 3520 1892 libenter.
3546 1835 3772 1892 Praeterea

2225 1927 2294 1983 de
2320 1926 2589 1998 episcopis
2619 1926 2867 1996 Helpidio
2896 1935 3061 1998 atque
3081 1927 3228 1997 Papo
3271 1927 3505 2000 cognovi
3531 1927 3661 1998 quod
3681 1927 3772 1984 sine

2227 2021 2528 2093 quaastione
2555 2035 2681 2076 suas
2700 2019 2972 2076 Ecclesias
3001 2021 3468 2090 recuperaverint,
3503 2029 3558 2076 et
3583 2019 3770 2076 multum

2227 2111 2284 2166 in
2307 2112 2496 2181 gestis,
2519 2120 2580 2166 ut
2602 2110 2906 2180 subscripta
2930 2119 3220 2177 testantur,
3243 2111 3512 2168 sollicitus
3535 2111 3768 2183 inquisivi,

2226 2213 2409 2260 utrum
2441 2205 2495 2260 in
2531 2205 2784 2260 omnibus
2830 2212 2976 2259 esset
3022 2203 3434 2259 conditionibus
3475 2202 3767 2260 satisfactum

2227 2296 2283 2352 in
2309 2312 2473 2352 causa
2503 2296 2647 2352 beati
2668 2305 2723 2351 et
2748 2311 2876 2351 vere
2905 2296 3014 2351 Deo
3041 2295 3188 2364 digni
3217 2295 3526 2352 sacerdotis
3563 2294 3766 2351 Joannis.

2224 2385 2295 2442 Et
2345 2403 2465 2442 cum
2516 2402 2616 2458 per
2670 2386 2880 2458 singula
2925 2387 3154 2442 assertio
3210 2386 3520 2459 legatorum
3563 2401 3625 2442 ex
3672 2396 3769 2444 voto

2227 2477 2491 2549 completa
2517 2492 2637 2533 esse
2666 2477 2951 2544 fateretur,
2979 2478 3190 2549 gratias
3224 2493 3397 2550 agens
3434 2479 3544 2535 Deo
3568 2494 3768 2536 commu-

2226 2569 2445 2625 nionem
2476 2568 2734 2624 Ecclesia:
2778 2578 2974 2624 vestra:
3022 2568 3096 2624 ita
3143 2569 3348 2639 recepi,
3378 2577 3440 2624 ut
3475 2584 3584 2640 prae
3614 2584 3688 2624 me
3711 2569 3770 2624 fe-

2227 2677 2343 2716 ram
2384 2661 2691 2732 apostolicae
2728 2661 2874 2717 sedis
2909 2661 3308 2732 condiscipulos
3357 2662 3561 2732 primos
3597 2661 3767 2717 dedisse

2226 2751 2440 2807 caeteris
2469 2752 2611 2806 viam
2633 2752 2804 2823 pacis,
2832 2752 2887 2807 in
2917 2767 3024 2822 qua
3061 2751 3248 2808 firmos
3296 2769 3419 2819 vos,
3471 2769 3662 2824 nosque
3692 2751 3767 2806 Do-

2227 2844 2361 2898 mini
2382 2842 2588 2898 Christi
2617 2843 2691 2897 ita
2729 2842 3036 2914 benignitas
3062 2843 3464 2913 amplexabitur
3492 2853 3639 2916 atque
3656 2858 3766 2900 com-

2227 2935 2455 3002 muniet,
2504 2943 2566 2990 ut
2599 2934 2748 2990 nullo
2793 2935 2859 2990 de
2897 2943 3095 2990 caetero
3151 2935 3526 3004 titillamento,
3574 2935 3649 2994 vel
3688 2934 3767 2990 levi

2228 3021 2490 3092 cujusque
2540 3024 2905 3080 contentionis
2963 3024 3172 3094 pudore
3224 3026 3534 3096 pulsentur.
3594 3025 3765 3098 Scripta

529 3117 694 3190 digna
719 3116 988 3189 legatione
1016 3129 1071 3173 et
1089 3127 1414 3188 prosecutus
1434 3125 1518 3174 est
1537 3125 1594 3172 et
1617 3116 2124 3190 probavit.‘Quibus
2153 3101 2199 3165 C
2229 3124 2410 3171 autem
2443 3115 2610 3172 Attici
2655 3116 2928 3187 episcopi,
2967 3118 3228 3187 quoniam
3274 3133 3406 3175 cum
3457 3119 3641 3176 vestris
3669 3127 3768 3174 sunt

527 3207 816 3279 sigillatim
841 3209 1095 3264 omnibus
1135 3209 1324 3281 utique
1353 3209 1618 3264 interesse
1645 3209 1895 3280 dignatus
1919 3221 2120 3277 cogno—

529 3299 684 3367 visti,
739 3302 1196 3372 quemadmodum
1244 3302 1520 3375 sigillatim
1571 3303 1754 3358 omnia
1796 3302 2123 3373 scriptorum

529 3397 847 3446 nostrorum
908 3391 1245 3448 anteriorum
1301 3392 1408 3446 hac
1461 3391 1530 3446 de
1589 3405 1754 3445 causa
1823 3387 2122 3444 beatissimi

527 3480 757 3538 Joannis
792 3483 1084 3554 quondam,
1113 3483 1356 3554 episcopi
1413 3482 1585 3540 nostri
1642 3483 2011 3548 discusserim,
2062 3488 2124 3536 ut

528 3572 627 3644 qui
658 3572 734 3628 illi
778 3573 833 3628 in
872 3573 1124 3630 omnibus
1166 3574 1299 3630 satis
1320 3573 1598 3630 evidenter
1626 3573 1963 3630 ostenderint
1997 3572 2121 3626 uni-

528 3675 715 3729 versa,
741 3678 864 3733 qua:
907 3665 1048 3735 apud
1081 3663 1427 3720 Antiochiam
1457 3662 1574 3720 ﬁeri
1602 3664 1907 3720 debuerint.
1955 3662 2125 3720 fuisse

529 3750 823 3822 completa.
863 3753 1106 3820 Quorum
1155 3753 1446 3826 amplexati
1497 3769 1685 3826 pacem
1729 3755 1914 3825 utique
1959 3755 2122 3810 fidem

524 3843 782 3910 fecimus,
807 3853 865 3900 et
919 3861 1116 3918 magno
1143 3847 1360 3903 tramite
1389 3847 1640 3903 omnibus
1669 3847 1915 3903 eamdem
1959 3863 2121 3919 quam

531 3933 872 4002 praestolaris
915 3936 1285 4002 ostendimus,
1316 3937 1362 3993 si
1395 3938 1555 3992 modo
1585 3952 1706 4007 quae
1731 3937 1972 3994 discussa
1996 3948 2124 3995 sunt

527 4033 698 4095 atque
718 4025 1006 4096 completa,
1030 4027 1195 4082 etiam
1222 4028 1322 4098 ipsi
1366 4043 1466 4100 pro
1499 4044 1597 4084 suo
1623 4029 1742 4085 loco
1783 4029 1978 4088 fecisse
2036 4029 2122 4086 vel

529 4117 834 4188 complesse
859 4117 1150 4188 aliquando
1174 4121 1619 4188 monstraverint,
1655 4123 2122 4178 communionem-
2200 4124 2206 4128 ’

529 4223 660 4278 que,
685 4217 745 4262 ut
773 4209 885 4275 isti,
908 4209 1179 4280 legatione
1200 4211 1514 4268 solemniter
1534 4214 1802 4269 destinata
1829 4214 1932 4269 sibi
1958 4229 2119 4284 roga-

525 4297 711 4352 verint
733 4299 1025 4356 redhiberi.
1051 4299 1443 4370 Exspectamus
1470 4316 1600 4373 ergo
1635 4312 1690 4358 et
1727 4302 2121 4372 professionem
2181 4333 2184 4336 -

528 4391 817 4447 memorati
851 4392 916 4448 de
937 4393 1220 4464 completis
1260 4394 1510 4451 omnibus
1541 4396 1956 4464 conditionibus,
1980 4411 2115 4466 quas

531 4480 763 4538 diversis
788 4483 1120 4553 temporibus
1143 4485 1513 4556 praediximus,
1545 4494 1600 4542 et
1622 4486 1935 4556 petitionem
1971 4502 2121 4543 com-

531 4570 826 4638 munionis,
860 4580 918 4626 ut
948 4582 1098 4629 recte
1124 4582 1180 4630 et
1203 4575 1408 4644 petenti
1447 4585 1502 4630 et
1525 4575 1772 4646 probanti
1795 4591 1854 4632 se
1872 4578 2119 4633 eamdem

528 4663 731 4718 mereri
753 4665 1063 4732 reddamus,
1081 4665 1249 4722 frater
1269 4667 1607 4722 charissimc.
1624 4666 1759 4721 Nam
1781 4667 1848 4722 de
1865 4669 2120 4726 omnibus

527 4752 876 4824 plenissimas
894 4755 964 4809 ad
983 4766 1228 4811 sanctam
1257 4765 1566 4812 nostrorum
1596 4755 1828 4813 fratrum
1851 4773 2117 4830 synouutl

530 4843 733 4900 dudum
757 4835 966 4901 litteras
984 4836 1296 4918 percepisti.
1851 4839 1855 4842 ’

601 4956 686 5011 Ad
741 4957 1109 5014 Atsmnauu
1158 4959 1538 5016 Antiochenam
1595 4962 1910 5034 episcopum.
1964 4965 2045 5020 De

582 5054 594 5094 ί
1243 5049 1390 5101 pace.

608 5118 768 5192 175
795 5119 1090 5191 Apostolici
1125 5122 1328 5178 favoris
1355 5123 1526 5194 gratia
1555 5138 1750 5196 magno
1771 5125 1922 5195 pacis
1947 5139 2118 5197 usque

528 5215 598 5270 ad
625 5231 727 5272 nos
755 5214 951 5272 decore
985 5215 1337 5287 resplenduit,
1366 5225 1684 5286 tantumque
1731 5215 1868 5272 lucis
1897 5217 2118 5288 gaudio-

526 5321 761 5376 rumque
792 5304 1002 5361 infulsit
1025 5304 1292 5373 ﬁdelibus,
1320 5313 1401 5372 ut,
1430 5306 1672 5362 dicentes
1706 5306 1818 5361 Deo
1846 5307 2117 5363 maximas

528 5399 744 5466 laudes,
768 5397 1003 5472 majores
1031 5397 1230 5454 debere
1256 5413 1356 5454 nos
1379 5398 1668 5466 fateamur,
1696 5398 1923 5470 plusque
1948 5413 1979 5452 a
2005 5399 2114 5454 Deo

523 5490 804 5563 jocundati
829 5507 1040 5557 sumus,
1071 5491 1238 5560 quod,
1263 5491 1523 5548 discussis
1573 5491 1824 5547 omnibus
1853 5490 2116 5546 lateribus

529 5588 808 5643 actionum
837 5597 943 5641 tua:
973 5586 1355 5654 fraternitatis,
1387 5587 1463 5641 ita
1495 5596 1664 5642 totum
1689 5588 1894 5658 pietate
1926 5602 1990 5641 ac
2019 5602 2114 5656 pa-

515 5679 723 5755 ,tieutia
747 5688 983 5756 _gestum
1014 5679 1412 5761 ~cpgnovimus,
1446 5689 1507 5759 ut
1539 5682 1596 5740 in
1623 5683 1876 5742 omnibus
1904 5682 2108 5757 _Domi-

2225 3212 2480 3275 porrecta
2531 3205 2889 3276 suscepimus,
2921 3220 2990 3261 ne
3015 3221 3115 3276 per
3147 3216 3394 3264 vestram
3430 3207 3665 3280 injuriam
3697 3206 3766 3262 ille

2226 3293 2318 3362 qui
2369 3293 2496 3349 olim
2548 3309 2580 3349 a
2625 3294 2781 3350 nobis
2832 3310 3128 3366 suspensus
3180 3295 3361 3352 fuerat
3414 3298 3763 3369 repudiaretur,

2225 3393 2282 3439 et
2309 3393 2488 3440 tamen
2519 3385 2652 3442 satis
2679 3386 2894 3442 abunde
2913 3402 3035 3456 quae
3063 3389 3119 3442 in
3145 3391 3282 3444 actis
3326 3389 3630 3456 statuimus,
3653 3387 3764 3444 sicut

2225 3479 2510 3549 dignanter
2535 3478 2777 3550 relegere
2801 3481 3140 3550 procurahis,
3183 3481 3316 3552 quid
3347 3483 3408 3538 in
3435 3483 3550 3552 ejus
3572 3495 3763 3553 persona

2226 3569 2420 3625 debeat
2467 3571 2752 3638 custodiri,
2782 3571 2866 3626 vel
2894 3572 2940 3627 si
2973 3586 3072 3641 per
3093 3573 3275 3628 omnia
3320 3575 3522 3630 vestris
3565 3571 3762 3629 consiliis

2225 3661 2547 3732 actibusque
2570 3669 2679 3716 tam
2701 3662 2904 3718 sanctis
2928 3677 2987 3719 se
3005 3663 3280 3735 rogaverit
3298 3679 3425 3722 esse
3445 3677 3759 3727 communem,

2223 3760 2550 3822 praestentur
2571 3753 2685 3808 seni
2707 3752 2892 3808 favore
2911 3763 3094 3811 vestro
3117 3756 3624 3828 nostroquejudicio
3649 3768 3763 3810 com-

2225 3844 2499 3900 munionis
2521 3853 2682 3915 atque
2709 3845 3016 3902 litterarum
3043 3864 3074 3903 a
3108 3849 3264 3906 nobis
3293 3850 3471 3922 gratia
3497 3858 3758 3923 prorogata.

2226 3937 2674 4010 Subscripserunt
2701 3940 2938 4012 episcopi
2967 3941 3055 3996 20.
3091 3942 3259 3999 Italia:
3293 3944 3385 4000 24.

2329 4028 2571 4101 Epistola
2615 4031 2848 4102 ejusdem
2892 4032 2962 4086 ad
2989 4033 3347 4090 Alexandrum
3382 4038 3676 4108 episcopum.

2296 4123 2348 4177 l.
2380 4121 2533 4190 Quod
2557 4125 2733 4194 prima
2756 4125 2914 4183 sedes
2933 4127 3080 4183 beati
3110 4127 3259 4186 Petri
3291 4132 3438 4188 anud
3457 4127 3757 4188 Antiochiam

2216 4219 2346 4274 esse
2375 4215 2726 4262 memoretur.

2292 4293 2346 4350 2.
2377 4293 2532 4362 Quod
2557 4311 2666 4352 non
2707 4305 2925 4368 oportet
2961 4301 3260 4358 secundum
3304 4303 3595 4361 constituta
3621 4300 3756 4371 impe-

2222 4394 2461 4442 ratorem
2489 4387 2624 4444 duos
2652 4403 2772 4445 esse
2794 4391 3109 4464 metropolis
3136 4397 3438 4468 episcopos.

2294 4479 2347 4533 3.
2378 4477 2528 4545 Quod
2567 4480 2890 4538 Arianorum
2935 4484 3119 4540 clerici
3149 4503 3254 4543 non
3283 4499 3412 4546 sunt
3434 4483 3698 4559 recipiendi
3714 4480 3754 4538 in

2223 4570 2339 4626 suis
2375 4569 2588 4638 ciliciis,
2615 4573 2862 4642 quamvis
2892 4589 3082 4630 eorum
3109 4575 3462 4649 baptismum,
3488 4578 3574 4650 qui
3600 4578 3753 4633 catho-

2223 4663 2361 4719 licus
2387 4671 2618 4731 constat,
2643 4666 2934 4722 confirmet
2961 4667 3223 4724 Ecclesia.

2294 4754 2424 4811 Car.
2453 4757 2492 4811 l.
2520 4758 2874 4815 lsnocsnrws
2917 4758 3250 4818 Anaxannno
3271 4764 3542 4835 episcopo.
3563 4761 3622 4818 Et
3644 4773 3752 4816 onus

2185 4924 2190 4927 Ι
2221 4855 2280 4902 et
2323 4849 2498 4904 honor
2520 4848 2674 4905 nobis
2696 4865 2727 4905 a
2764 4859 2854 4905 tua
2882 4849 3227 4908 fraternitate
3269 4853 3552 4925 impositus
3598 4865 3750 4908 neces-

2224 4941 2353 4996 sarii
2384 4949 2645 4997 tractatus
2685 4957 2881 5000 causas
2906 4943 3138 5009 induxit,
3169 4960 3278 5015 quo
3310 4945 3504 5002 litteris
3531 4945 3604 5001 vel
3633 4957 3749 5000 com-

2222 5033 2516 5090 monitorio
2560 5043 2764 5102 vestro,
2802 5043 2862 5090 ut
2887 5034 2979 5090 dat
3023 5036 3198 5090 sancti
3248 5036 3481 5106 Spiritus
3505 5035 3658 5107 gratia
3681 5046 3746 5086 rc-

2221 5116 2487 5203 spohdere
2512 5128 2801 5200 possimus.
2829 5126 3188 5183 Revolvenles
3218 5128 3400 5198 itaque
3421 5125 3745 5185 auctoritatem

2219 5221 2449 5278 Niemnae
2480 5219 2694 5291 synodi,
2727 5233 2848 5288 quae
2877 5233 2985 5272 una
3007 5217 3248 5274 omnium
3279 5234 3377 5290 per
3408 5220 3580 5275 orbem
3609 5223 3745 5268 terra-

2218 5330 2340 5371 rum
2366 5313 2603 5384 explicat
2643 5319 2881 5366 mentem
2931 5310 3297 5377 sacerdotum,
3337 5326 3456 5382 qua:
3488 5305 3674 5366 censuit
3695 5301 3745 5355 de

2219 5405 2559 5462 Antiochena
2615 5401 2860 5456 Ecclesia
2899 5401 3110 5456 cunctis
3161 5400 3409 5456 fidelibus
3450 5413 3514 5454 ne
3555 5390 3741 5451 dixerim

2221 5494 2594 5554 sacerdotibus
2624 5507 2742 5547 esse
2767 5490 3132 5547 necessarium
3173 5491 3465 5558 custodire,
3497 5502 3591 5559 qua
3615 5492 3744 5550 super

2223 5588 2500 5645 dioecesim
2551 5602 2704 5642 suam
2755 5582 3066 5655 prmdictam
3130 5581 3428 5639 Ecclesiam
3478 5595 3574 5635 non
3614 5582 3741 5641 super

2221 5679 2458 5752 aliquam
2522 5675 3360 5766 provinciam"recognoscimus
3389 5668 3740 5755 .‘coustitutam.
