3968 6466
932 525 941 532 ,
994 507 1138 526 ηισς..

149 548 265 605 715

1329 503 1819 607 DECRETALlUM
1859 549 2261 608 COLLECTIO.
2487 549 2491 554 '
2572 550 2599 587 ίι
2695 576 2788 619 ..ρι

3038 527 3069 597 ἰ
3134 533 3141 554 ⁷
3317 551 3425 611 714

148 661 313 718 Unde
351 658 684 718 advertimus
721 673 829 718 non
859 667 970 717 tam
994 649 1094 732 per
1115 660 1351 718 civitatis
1384 662 1737 734 magnificen-
1763 665 1821 729 Α
1842 663 1926 719 Ad
1946 664 2176 720 Atticum
2201 665 2354 750 Bero:
2378 665 2717 750 episcopum,
2750 655 3033 750 desﬁc'io
3054 646 3264 723 Ιὸῖῆἦε
3284 664 3435 722 Con-'

148 753 289 807 tiam
317 752 423 808 hoc
449 752 593 807 idem
629 752 974 820 attributum,
1004 769 1169 824 quam
1197 754 1340 824 quod
1373 754 1546 825 prima
1576 749 1740 826 primi

147 843 389 916 apostoli
424 845 580 900 sedes
607 859 730 902 esse
761 855 1117 912 monstratur,
1144 848 1235 903 ubi
1257 856 1313 903 et
1340 863 1537 904 nomen
1581 863 1740 905 acce-

146 940 235 1010 pit
263 939 459 1010 religio
500 938 811 996 Christiana
833 949 890 997 et
933 956 1054 1011 qua:
1101 949 1430 997 conventum
1465 949 1655 1013 aposto
1675 956 1740 998 o-

144 1045 276 1086 rum
327 1031 468 1101 apud
506 1045 565 1087 se
613 1031 732 1088 ﬁeri
773 1032 1191 1089 celeberrimum
1238 1033 1462 1100 meruit,
1513 1047 1742 1104 quaeque

145 1122 309 1178 urbis
339 1122 523 1178 licius:
555 1123 673 1179 sedi
700 1139 809 1179 non
830 1123 1071 1190 cederet,
1092 1124 1197 1181 nisi
1220 1125 1364 1194 quod
1380 1124 1470 1179 illa
1493 1125 1548 1179 in
1569 1135 1743 1181 trans-

147 1216 236 1271 itu
265 1217 511 1284 meruit;
558 1217 666 1272 ista
697 1225 952 1289 suscepto
986 1218 1127 1289 apud
1163 1232 1222 1274 se
1254 1226 1743 1287 consummatoque

145 1307 436 1378 gauderet.
462 1308 649 1378 Itaque
695 1307 1050 1374 arbitramur,
1098 1306 1273 1364 frater
1305 1308 1651 1374 charissime,
1681 1315 1744 1363 ut

140 1397 294 1452 sicut
341 1397 794 1469 metrOpolitanos
830 1398 1161 1455 auctoritate
1203 1399 1428 1454 ordinas
1453 1398 1738 1470 singulari,

142 1488 224 1543 sic
253 1495 315 1544 et
363 1498 591 1546 caeteros
634 1505 744 1546 non
802 1490 923 1546 sine
976 1491 1248 1561 permissu
1299 1492 1744 1563 conscientiaque

140 1590 238 1636 tua
283 1582 440 1638 sinas
487 1584 771 1655 episcopos
801 1585 1103 1654 procreari.
1133 1585 1191 1640 ln
1221 1585 1419 1656 quibus
1447 1587 1595 1642 hunc
1623 1601 1742 1642 mo—

141 1671 275 1727 dum
321 1682 472 1730 recte
508 1676 776 1742 servabis,
817 1685 877 1731 ut
903 1675 1063 1748 longe
1109 1676 1318 1749 positos
1356 1677 1556 1734 litteris
1600 1678 1742 1736 datis

139 1763 396 1819 ordinari
442 1780 667 1822 censeas
703 1766 771 1822 ab
813 1768 900 1824 his
932 1767 1026 1838 qui
1051 1783 1199 1824 nunc
1239 1783 1334 1825 eos
1377 1785 1478 1826 suo
1527 1778 1739 1827 tantum

138 1856 408 1912 ordinant
457 1859 751 1927 arbitratu,
785 1860 998 1918 vicinos
1060 1869 1243 1918 autem
1291 1863 1345 1934 si.
1390 1865 1628 1920 aestimas
1671 1865 1740 1920 ad

138 1961 347 2002 manus
373 1948 775 2018 impositionem
807 1960 914 2008 tua:
939 1953 1132 2026 gratia:
1172 1961 1381 2010 statuas
1424 1957 1734 2027 pervenire.

2246 738 2714 808 stantinopolitano
2753 738 3016 810 episcopo.

1911 852 2227 922 Aggaudere
2253 851 2450 910 litteris
2475 851 2872 908 fraternitatem
2907 860 3057 907 tuam
3096 853 3162 908 de
3183 851 3425 923 receptis

1839 941 2075 1009 Paulini,
2096 942 2182 998 vel
2198 943 2412 1015 Evagrii
2435 943 2810 1014 episcoporum
2825 941 3059 1008 clericis,
3081 941 3422 1013 populisque,

1841 1043 1896 1092 et
1923 1037 1990 1090 de
2020 1036 2286 1091 restitutis
2322 1035 2550 1107 Helpido
2572 1045 2734 1107 atque
2762 1035 2912 1106 Papo
2937 1034 3274 1105 coepisc0pis
3300 1049 3426 1105 pera

1841 1126 2174 1192 censuimus,
2231 1135 2287 1182 et
2333 1126 2417 1180 vel
2444 1142 2564 1183 sero
2591 1134 2821 1198 recepta:
2857 1126 3008 1198 pacis
3059 1125 3290 1197 gratiam
3340 1140 3426 1180 red

1842 1219 2026 1274 fovere
2070 1219 2367 1290 postposita
2416 1220 2564 1275 omni
2608 1219 3012 1290 contemptione
3067 1217 3425 1289 pervidimus.

1845 1308 2000 1366 Unde
2029 1309 2127 1366 has
2150 1311 2218 1365 ad
2246 1311 2750 1382 przestantissimum
2789 1310 3037 1375 fratrem,
3064 1317 3122 1366 et
3149 1310 3427 1382 coepiscoo

1841 1413 1970 1469 pum
1997 1407 2246 1454 nostrum
2273 1400 2643 1456 Alexandrum
2666 1399 2966 1456 reddendas
2995 1408 3100 1456 tute
3123 1399 3421 1456 transmisi-

1843 1505 1965 1546 mus
2009 1491 2378 1557 unanimitati,
2415 1490 2686 1558 videlicet,
2715 1499 2777 1546 ut
2805 1491 2852 1548 si
2881 1505 3073 1547 omnes
3104 1489 3426 1555 inimicitiae,

1842 1581 2018 1638 omnis
2047 1583 2342 1650 aemulatio,
2373 1591 2486 1638 tam
2527 1582 2593 1639 de
2632 1582 2852 1638 nomine
2881 1581 3058 1640 sancti
3082 1579 3307 1638 Joannis
3329 1579 3427 1634 Mi-

1844 1674 1998 1731 randi
2027 1674 2290 1746 episcopi,
2327 1691 2492 1746 quam
2534 1674 2602 1732 de
2623 1674 2876 1730 omnibus
2903 1671 3148 1742 ejusdem
3184 1686 3430 1728 commu-

1841 1767 2020 1823 nionis
2065 1766 2419 1838 participibus
2459 1782 2490 1822 a
2523 1779 2616 1822 tua
2647 1765 2994 1822 animositate
3023 1762 3296 1828 discessit,
3328 1763 3429 1818 has

1841 1866 2041 1914 nostrae
2065 1857 2344 1914 societatis
2365 1859 2592 1929 recipias
2625 1858 2854 1925 litteras,
2886 1856 3057 1912 frater
3081 1852 3427 1919 charissime,

1841 1949 2002 2005 modo
2037 1948 2322 2016 utomnia,
2350 1965 2468 2020 quae
2514 1951 2600 2006 his
2642 1951 2777 2007 actis
2826 1948 3042 2004 firmata
3097 1953 3245 2013 sunt,
3282 1943 3429 2017 apud

139 2037 393 2104 Quorum
424 2041 569 2096 enim
603 2050 655 2098 te
692 2043 928 2099 maxima
959 2053 1242 2116 exSpectat
1283 2061 1416 2102 cura
1465 2048 1737 2119 pracipue
1763 2033 1812 2096 B
1839 2039 2193 2096 mediatorem
2216 2049 2461 2094 nostrum
2488 2040 2772 2098 amabilem
2792 2039 3160 2096 Alexandmm
3183 2051 3280 2093 ore
3302 2050 3430 2108 pro-

140 2137 300 2183 tuum
325 2129 525 2187 debent
549 2134 748 2190 mereri
766 2134 1055 2205 judicium.

153 2261 169 2284 ,
207 2217 278 2272 ΙΙ.
321 2218 459 2274 Nam
495 2223 640 2292 quod
677 2223 974 2280 sciscitaris
1004 2231 1188 2281 utrum
1232 2226 1422 2285 divisis
1469 2228 1737 2301 imperiali

138 2306 353 2378 judicio
389 2314 705 2383 provinciis,
729 2323 792 2371 ut
821 2317 940 2373 duae
969 2317 1298 2388 metropoles
1348 2319 1502 2388 fiant,
1540 2321 1589 2377 si
1631 2321 1737 2378 duo

140 2403 558 2472 metropolitani
604 2405 846 2478 episcopi
893 2407 1095 2464 debent
1148 2409 1444 2478 nominari,
1474 2426 1581 2468 non
1610 2426 1740 2469 vere

142 2491 332 2548 visum
375 2503 458 2550 est
492 2497 561 2552 ad
588 2498 949 2555 mobilitatem
993 2500 1384 2556 necessitatum
1435 2503 1742 2558 mundana-

141 2599 263 2640 rum
303 2586 404 2641 Dei
421 2586 720 2645 Ecclesiam
762 2592 1108 2659 commutari,
1154 2593 1500 2664 honoresque
1534 2603 1628 2651 aut
1654 2595 1740 2652 di-

140 2675 392 2734 visiones
437 2681 668 2750 perpeti,
699 2697 834 2752 quas
856 2697 956 2754 pro
1002 2683 1118 2739 suis
1147 2685 1330 2740 causis
1354 2684 1618 2743 faciendis
1641 2687 1740 2743 du-
1796 2733 1807 2745 .

142 2769 292 2825 xerit
323 2771 642 2842 imperator.
674 2773 817 2845 Ergo
860 2774 1156 2831 secundum
1199 2776 1492 2848 pristinum
1521 2779 1741 2849 provin-

142 2861 360 2916 ciarum
401 2877 611 2920 morem
661 2865 1108 2937 metropolitanos
1155 2867 1442 2939 episcOpos
1486 2871 1740 2926 convenit

141 2954 443 3010 nominari.
476 2953 706 3028 Cyprios
735 2969 869 3012 sane
890 2959 1093 3014 asseris
1122 2958 1253 3014 olim
1286 2959 1505 3015 Arianae
1548 2960 1741 3031 impie-

143 3045 278 3100 tatis
299 3045 551 3116 potentia
603 3046 862 3119 fatigatos
891 3062 1000 3103 non
1035 3049 1281 3106 tenuisse
1300 3049 1552 3106 Nicaenos
1576 3065 1740 3106 cano-

142 3152 236 3193 nes
276 3137 331 3192 in
371 3138 697 3195 ordinandis
736 3139 841 3196 sibi
887 3141 1182 3211 episcopis,
1225 3150 1282 3197 et
1339 3158 1510 3214 usque
1563 3143 1739 3199 adhuc

143 3228 356 3286 habere
403 3239 817 3303 praesumptum,
863 3240 925 3287 ut
979 3247 1079 3288 suo
1145 3233 1410 3288 arbitratu
1480 3235 1738 3291 ordinent

144 3319 428 3376 neminem
472 3320 838 3377 consulentes.
893 3321 1158 3390 Quocirca
1202 3325 1593 3393 persuademus
1633 3326 1734 3394 eis,

1838 2132 1980 2203 prio,
2007 2140 2070 2187 ut
2089 2132 2606 2200 communicantem,
2623 2133 2891 2198 convenit,
2919 2132 3172 2199 fatearis;
3194 2138 3257 2186 ut
3279 2129 3429 2186 enim

1841 2229 1998 2285 nobis
2019 2229 2137 2285 haec
2161 2226 2539 2283 unanimitatis
2584 2226 2976 2296 charitatisque
3017 2240 3181 2282 causa
3202 2237 3430 2280 venera-

1839 2318 1962 2375 bilis
2003 2327 2105 2386 est,
2157 2318 2237 2374 sic
2270 2317 2497 2373 inhaeret
2544 2311 2893 2384 sollicita,'ne
2947 2317 3079 2388 quid
3124 2315 3427 2387 obliquum,

1841 2418 1936 2465 aut
1981 2409 2309 2466 succisivum
2338 2423 2459 2466 esse
2508 2408 2564 2465 in
2617 2423 2890 2482 quoquam
2929 2409 3173 2466 residere
3220 2421 3437 2486 cogno-q

1839 2508 2044 2558 scatur.
2556 2515 2560 2520 ‘

1840 2612 1977 2670 Item
2026 2613 2248 2686 epistola
2303 2613 2601 2671 Innocentii
2651 2633 2802 2687 papa:
2833 2616 2903 2672 ad
2931 2615 3280 2673 Laurentium
3328 2615 3431 2689 Sy-

2346 2702 2572 2760 ntensem
2600 2691 2916 2758 episcopum.

1887 2777 1968 2831 ’1.
1999 2777 2076 2832 De
2098 2777 2416 2834 Bonosiacis
2437 2778 2581 2849 quod
2606 2777 2806 2836 Iudaeis
2829 2779 2940 2835 sint
2968 2777 3341 2852 comparandi.
3431 2845 3437 2858 ι

1910 2869 1968 2924 2.
2021 2870 2099 2925 De
2133 2870 2492 2942 suscipiendis
2537 2869 2748 2927 clericis
2802 2887 2940 2943 quos
2989 2871 3234 2930 Bonosus
3279 2877 3431 2930 ante-

1842 2978 2004 3036 quam
2033 2965 2381 3022 damnaretur
2399 2965 2681 3022 ordinasse
2701 2967 3064 3039 cognoscitur.

1913 3055 2042 3112 CAP.
2068 3056 2110 3112 Ι.
2142 3056 2496 3116 luuocsu'nus
2524 3057 2854 3125 LAURENTIO,
2883 3059 3138 3130 episcopo
3153 3045 3440 3133 Symensi.

1841 3146 1941 3202 Diu
1965 3147 2148 3202 mirati
2175 3163 2360 3205 sumus
2382 3147 2686 3206 dilectionis
2718 3158 2820 3205 tua:
2847 3149 3042 3206 litteris
3068 3149 3222 3207 lectis
3253 3153 3430 3208 haere-

1841 3239 1980 3295 ticos
2004 3238 2204 3307 Fotini,
2233 3254 2442 3296 venena
2468 3247 2756 3306 sectantes,
2792 3242 2845 3295 in
2886 3241 3162 3298 territorio
3184 3242 3431 3300 dilectio-

1841 3331 1928 3386 nis
1966 3338 2072 3387 tute
2102 3345 2210 3387 non
2257 3329 2431 3386 solum
2453 3343 2596 3398 esse,
2625 3331 2719 3386 sed
2747 3331 2960 3400 publice
3007 3331 3110 3386 sibi
3149 3333 3430 3389 conventi-

142 3418 200 3464 ut
226 3407 612 3479 curentjuxta
644 3425 918 3467 canonum
964 3412 1128 3468 fidem
1157 3412 1482 3468 catholicam
1522 3428 1734 3486 sapere,
1763 3403 1811 3469 C
1841 3421 1963 3478 cula
1989 3421 2043 3476 in
2073 3421 2380 3492 aliquorum
2428 3421 2859 3492 possessionibus
2909 3437 3250 3493 praeparare,
3283 3413 3431 3478 cum

145 3507 310 3570 atque
333 3513 506 3553 unum
551 3514 676 3554 cum
706 3499 922 3556 czeteris
968 3501 1174 3556 sentire
1201 3501 1518 3570 provinciis,
1549 3511 1609 3558 ut
1636 3520 1736 3575 ap-
1838 3509 1906 3566 de
1936 3518 2048 3566 toto
2071 3526 2210 3582 pene
2236 3511 2370 3567 orbe
2399 3526 2666 3582 nusquam
2722 3519 2830 3566 tam
2873 3511 3030 3567 multi
3078 3527 3241 3584 quam
3287 3511 3432 3584 apud

141 3602 339 3664 pareat
382 3594 559 3650 sancti
591 3592 830 3665 Spiritus
880 3595 1079 3668 gratia,
1126 3595 1274 3666 ipsos
1300 3611 1515 3668 quoque
1539 3604 1597 3653 ut
1615 3612 1736 3654 om-
1835 3616 1934 3658 vos
1961 3603 2259 3674 delegerint
2302 3602 2570 3659 habitare.
2603 3602 2843 3671 Quorum
2891 3603 3151 3660 doctrinae
3206 3603 3430 3660 nefaria:

143 3699 236 3741 nes
269 3683 554 3740 Ecclesias
575 3686 886 3758 gubernari.

207 3775 304 3832 Ill.
340 3775 578 3832 Arianos
607 3788 872 3848 praeterea
923 3785 1263 3852 caeterosque
1309 3779 1518 3836 homini
1556 3788 1739 3852 pestes

145 3867 234 3938 qui
263 3882 462 3924 eorum
503 3868 674 3925 laicos
712 3884 1008 3928 conversos
1047 3874 1115 3928 ad
1146 3872 1435 3929 Dominum
1473 3874 1574 3931 sub
1598 3874 1737 3931 ima-

147 3957 268 4027 gine
299 3957 647 4029 paenitentiae
691 3975 755 4016 ac
799 3962 974 4017 sancti
1019 3961 1257 4034 Spiritus
1300 3965 1739 4023 sanctiﬁcatione

142 4064 240 4121 per
276 4064 479 4106 manus
517 4050 922 4121 impositionem
972 4054 1330 4125 suscipimus,
1379 4071 1489 4112 non
1523 4057 1739 4113 videtur

145 4139 384 4197 clericos
421 4156 612 4198 eorum
635 4143 1034 4200 consacerdotii
1061 4152 1156 4199 aut
1185 4145 1480 4202 ministerii
1547 4147 1738 4217 cujus-

150 4229 303 4300 piam
369 4230 573 4301 suscipi
650 4231 848 4288 debere
903 4232 1185 4304 dignitate,
1236 4235 1491 4303 quoniam
1541 4237 1739 4308 quibus

145 4326 325 4386 solum
388 4326 665 4397 baptisma
730 4334 910 4383 ratum
977 4343 1098 4385 esse
1153 4329 1520 4399 permittimus
1594 4333 1739 4401 quod

147 4419 344 4492 utique
370 4419 428 4474 in
456 4420 676 4477 nomine
705 4419 909 4489 Patris,
962 4429 1018 4478 et
1055 4421 1198 4489 Filii,
1224 4430 1280 4478 et
1332 4422 1569 4495 Spiritus
1605 4440 1736 4481 san-

147 4509 219 4565 cti
255 4509 568 4582 perficitur,
621 4526 725 4568 nec
781 4511 1044 4584 Spiritum
1083 4521 1328 4570 sanctum
1387 4529 1480 4572 eos
1534 4517 1740 4573 habere

148 4613 214 4656 ex
297 4599 393 4656 illo
455 4601 814 4674 baptismate,
874 4602 1089 4674 illisque
1159 4604 1438 4675 mysteriis
1505 4605 1741 4662 arbitra-

147 4707 292 4759 mur,
327 4694 585 4763 quoniam
619 4711 744 4752 cum
775 4711 806 4751 a
837 4697 1106 4753 catholica
1135 4698 1242 4754 fide
1261 4713 1450 4755 eorum
1489 4710 1738 4760 auctores

150 4782 515 4851 discederent,
541 4785 930 4857 perfectionem
964 4788 1196 4859 Spiritus
1217 4804 1381 4860 quem
1413 4803 1739 4865 acceperant

152 4873 477 4928 amiserunt.
499 4872 635 4930 Nam
660 4891 762 4932 nec
778 4877 908 4932 dare
933 4877 1050 4949 ejus
1068 4878 1460 4949 plenitudinem
1485 4895 1735 4956 possunt,

151 4974 271 5031 que
300 4964 538 5020 maxime
578 4965 634 5020 in
661 4967 1098 5026 ordinationibus
1137 4982 1416 5042 operatur,
1449 4991 1612 5047 quam
1639 4994 1738 5050 per

150 5050 448 5122 impietatis
494 5069 606 5111 suae
656 5058 939 5128 perﬁdiam
986 5062 1187 5132 potius,
1236 5079 1398 5134 quam
1428 5081 1526 5138 per
1573 5068 1737 5126 ﬁdem

153 5142 409 5210 dixerim,
444 5146 815 5216 perdiderunt.
867 5150 1147 5219 Quomodo
1177 5153 1294 5210 fieri
1331 5167 1534 5228 potest,
1557 5169 1619 5216 ut
1640 5176 1736 5217 eo-

152 5239 578 5308 rum,profanos
621 5243 930 5301 sacerdotes
974 5247 1166 5317 dignos
1203 5248 1410 5306 Christi
1438 5253 1737 5311 honoribus

155 5327 509 5396 arbitremur,
541 5345 774 5401 quorum
820 5333 986 5393 laicos
1027 5338 1394 5410 imperfectos,
1418 5351 1478 5398 ut
1503 5343 1638 5411 dixi,
1669 5345 1739 5403 ad

157 5420 334 5507 sancti
362 5418 598 5492 Spiritus
625 5424 1040 5496 praecipiendam
1077 5432 1306 5501 gratiam
1328 5450 1450 5490 cum
1465 5439 1737 5507 poeniten-

161 5506 253 5563 tia
273 5509 510 5583 imagine
534 5514 894 5583 recipiamus?
915 5517 1164 5577 Gravitas
1191 5522 1372 5594 itaque
1400 5506 1491 5580 tua
1527 5527 1643 5582 haec
1669 5527 1739 5584 ad

158 5600 406 5658 notitiam
441 5606 904 5678 coepiscoporum,
925 5610 1011 5666 vel
1038 5627 1135 5683 per
1167 5617 1451 5687 synodum,
1485 5618 1530 5674 si
1545 5627 1735 5690 potes,

156 5690 245 5746 vel
271 5707 368 5764 per
399 5710 585 5752 eorum
609 5700 986 5759 recitationem
1029 5703 1193 5762 faciat
1214 5710 1518 5778 pervenire,
1549 5720 1608 5768 ut
1647 5727 1735 5779 ea,

160 5797 284 5855 qua:
327 5787 442 5857 ipse
482 5797 597 5846 tam
649 5796 966 5852 necessario
1013 5808 1396 5868 percunctatus
1442 5818 1502 5859 es
1546 5811 1601 5859 et
1641 5819 1740 5861 nos

163 5881 281 5930 tam
319 5879 620 5954 eliminata
681 5887 1095 5958 respondimus,
1147 5895 1422 5951 communi
1493 5896 1739 5958 omnium

169 5975 436 6030 consensu
460 5973 747 6049 studioque
783 5986 1089 6038 serventur.
1531 5975 1534 5989 “

1838 3696 2050 3755 auctor,
2097 3688 2311 3745 Marcus
2345 3689 2546 3746 dudum
2573 3689 2640 3745 de
2672 3689 2810 3746 urbe
2861 3688 3050 3762 pulsus
3105 3690 3431 3746 temeritatis

1838 3783 1991 3834 tanta
2018 3779 2210 3834 ductus
2237 3786 2326 3834 est
2370 3777 2620 3845 audacia,
2652 3785 2715 3834 ut
2740 3779 2976 3849 primum
3006 3779 3110 3835 sibi
3137 3779 3280 3836 inter
3327 3793 3427 3839 eos

1837 3869 2075 3927 vindicet
2119 3867 2318 3924 locum.
2369 3866 2478 3924 Sed
2521 3883 2592 3926 ne
2614 3867 2844 3926 ulterius
2900 3869 3272 3927 debacchandi
3327 3869 3434 3926 ha-

1838 3957 2000 4013 beant
2018 3956 2354 4024 facultatem,
2381 3966 2436 4014 et
2450 3957 2661 4015 animas
2680 3958 3008 4032 simplicium
3031 3974 3097 4016 ac
3123 3952 3439 4017 rusticano?

1839 4064 1961 4105 rum
1982 4064 2168 4106 secum
2191 4048 2244 4104 in
2273 4049 2601 4120 gehennam,
2617 4050 2702 4106 cui
2724 4049 2978 4106 destinati
3007 4057 3155 4118 sunt,
3181 4051 3426 4118 trahant,

1841 4150 2022 4198 actum
2075 4150 2160 4198 est
2209 4142 2469 4200 adversus
2514 4157 2610 4200 eos
2653 4157 2685 4198 a
2735 4143 3108 4201 defensoribus
3166 4143 3428 4201 Ecclesia:

1840 4241 2060 4300 nostrae,
2091 4249 2199 4304 quo
2225 4249 2319 4290 eos
2342 4235 2553 4306 possint
2604 4235 2892 4308 expellere,
2924 4245 2986 4293 ut
3025 4237 3118 4310 qui
3147 4237 3427 4295 Christum

1841 4325 2009 4381 Deum
2037 4341 2103 4383 ex
2136 4325 2314 4382 Patris
2367 4328 2668 4382 substantia
2717 4337 2842 4384 ante
2869 4329 3066 4386 saecula
3099 4340 3303 4403 negant
3333 4344 3429 4402 ge-

1841 4416 2034 4483 nitum,
2066 4415 2122 4470 hi
2150 4430 2276 4472 cum
2304 4414 2522 4482 Judaeis,
2550 4416 2642 4486 qui
2669 4416 2786 4489 ejus
2810 4417 3066 4475 deitatem
3089 4426 3430 4492 negaverunt

1841 4515 1898 4564 et
1923 4522 2066 4563 nunc
2089 4520 2264 4578 usque
2301 4515 2521 4579 negant,
2549 4508 2895 4578 participium
2940 4510 3180 4567 habeant
3202 4510 3431 4566 damna-

1843 4597 2025 4655 tionis.
2057 4596 2234 4653 Tuum
2263 4605 2369 4665 est,
2399 4597 2569 4654 frater
2598 4599 2937 4668 charissima,
2983 4616 3104 4673 quae
3149 4608 3426 4673 prmeepta

1843 4697 1970 4746 sunt
1996 4703 2102 4744 non
2149 4689 2367 4762 segnius
2395 4703 2577 4762 agere,
2630 4705 2698 4747 ne
2741 4690 2955 4762 plebem
3009 4691 3107 4748 tibi
3162 4685 3429 4751 creditam

1765 4760 1819 4822 Ῑ)
1843 4760 2256 4838 dissimilatione
2279 4760 2475 4853 perdas
2495 4789 2550 4837 et
2575 4760 2802 4855 incipias
2827 4782 2942 4840 Deo
2963 4781 3029 4840 de
3053 4783 3280 4855 perditis
3302 4783 3428 4840 red.

1844 4874 1972 4932 dere
1996 4873 2281 4930 rationem.

1913 4967 1978 5023 ll.
2010 4965 2366 5024 INNOCENTIUS
2401 4965 2711 5035 Man-nmo,
2735 4966 2990 5040 episcopo
3010 4966 3298 5026 Nailitano.
3322 4965 3430 5024 Su-

1842 5057 2046 5130 periori
2093 5067 2355 5130 tempore,
2393 5057 2439 5114 si
2463 5066 2643 5115 tamen
2690 5067 2838 5114 recte
2888 5059 3164 5127 recordor,
3198 5057 3429 5116 memini

1842 5165 1931 5206 me
1975 5159 2083 5208 tam
2149 5151 2218 5206 ad
2263 5150 2609 5208 dilectionem
2656 5159 2806 5208 tuam
2849 5167 3013 5224 quam
3079 5153 3150 5210 ad
3223 5153 3430 5212 fratres

1842 5244 2192 5316 coepiscopos
2204 5251 2418 5300 nostros
2439 5243 2661 5309 Rufum,
2682 5251 2738 5301 et
2757 5252 2983 5302 caeteros
3005 5244 3315 5317 hujusmodi
3337 5245 3430 5303 lit-

1840 5343 1987 5393 teras
2009 5336 2075 5392 de
2098 5335 2309 5392 clericis
2357 5334 2706 5393 Naifensibus
2744 5337 3134 5404 transmisisse,
3160 5337 3247 5395 his
3273 5338 3425 5395 vide-

1842 5429 1970 5485 licet
1989 5445 2107 5500 quae
2131 5443 2188 5485 se
2213 5437 2338 5485 ante
2364 5428 2765 5484 damnationem
2791 5429 2987 5486 Bonosi
3016 5432 3330 5488 asserebant
3354 5431 3428 5487 ab

1844 5523 2033 5579 eodem
2064 5531 2176 5579 tam
2194 5523 2541 5594 presbyteros
2597 5536 2758 5592 quam
2810 5523 3066 5582 diaconos
3119 5524 3424 5590 ordinatos,

1843 5625 1905 5672 ut
1934 5617 2000 5684 si,
2040 5600 2232 5671 relicto
2283 5622 2447 5685 atque
2482 5615 2738 5672 damnato
2789 5615 2907 5686 ejus
2954 5631 3165 5684 errore,
3219 5615 3426 5674 vellent

1846 5709 2094 5766 Ecclesiae
2145 5706 2410 5777 copulari,
2461 5706 2693 5763 libenter
2743 5708 3136 5780 reciperentur,
3163 5721 3233 5764 ne
3285 5705 3426 5762 forte

1842 5802 1933 5875 qui
1957 5809 2140 5858 essent
2168 5800 2313 5873 digni
2358 5804 2744 5872 recuperandae
2793 5803 2982 5860 salutis
3019 5803 3075 5858 in
3098 5803 3290 5859 eodem
3331 5817 3427 5859 er-

1843 5909 1968 5950 rore
2015 5893 2348 5965 deperirent.
2394 5892 2594 5950 Verum
2650 5911 2795 5952 nunc
2845 5895 2899 5952 in
2947 5895 3249 5952 Ravennati
3287 5907 3424 5952 urbe

1843 5985 1980 6058 mihi
2003 5986 2298 6044 constituto
2327 5992 2547 6078 propter
2570 5986 2801 6050 Romani
2845 5985 3035 6076 populi
3071 5987 3425 6082 necessitang
