  <div class='ocr_page' id='page_1' title='image "/cluster/home/n/w/nwhite01/storage/ocr_20150623/130/hvd.32044015471717/387.png"; bbox 0 0 3968 6452; ppageno 0'>
   <div class='ocr_carea' id='block_1_1' title="bbox 556 483 669 551">
    <p class='ocr_par' dir='ltr' id='par_1_1' title="bbox 556 483 669 551">
     <span class='ocr_line' id='line_1_1' title="bbox 556 483 669 551; baseline 0.062 -10"><span class='ocrx_word' id='word_1_1' title='bbox 556 483 621 551; x_wconf 68' lang='grc'><strong>’11</strong></span> <span class='ocrx_word' id='word_1_2' title='bbox 631 483 669 549; x_wconf 83' lang='lat'><strong>5.</strong></span> 
     </span>
    </p>
   </div>
   <div class='ocr_carea' id='block_1_2' title="bbox 1404 463 3028 537">
    <p class='ocr_par' dir='ltr' id='par_1_2' title="bbox 1404 463 3028 537">
     <span class='ocr_line' id='line_1_2' title="bbox 1404 463 3028 537; baseline -0.001 -1"><span class='ocrx_word' id='word_1_3' title='bbox 1404 477 1691 537; x_wconf 83' lang='lat' dir='ltr'><strong>APPEND.</strong></span> <span class='ocrx_word' id='word_1_4' title='bbox 1724 476 1816 533; x_wconf 68' lang='lat' dir='ltr'><strong>an</strong></span> <span class='ocrx_word' id='word_1_5' title='bbox 1842 474 2017 533; x_wconf 67' lang='lat' dir='ltr'><strong>suac.</strong></span> <span class='ocrx_word' id='word_1_6' title='bbox 2048 473 2249 537; x_wconf 68' lang='lat' dir='ltr'><strong>IX.‘.£—</strong></span> <span class='ocrx_word' id='word_1_7' title='bbox 2286 475 2540 534; x_wconf 84' lang='lat' dir='ltr'><strong>lSlDORl</strong></span> <span class='ocrx_word' id='word_1_8' title='bbox 2573 463 3028 535; x_wconf 28' lang='lat' dir='ltr'><strong>MERCATORIS’</strong></span> 
     </span>
    </p>
   </div>
   <div class='ocr_carea' id='block_1_3' title="bbox 3717 470 3803 540">
    <p class='ocr_par' dir='ltr' id='par_1_3' title="bbox 3717 470 3803 540">
     <span class='ocr_line' id='line_1_3' title="bbox 3717 470 3803 540; baseline 0.035 -3"><span class='ocrx_word' id='word_1_9' title='bbox 3717 470 3803 540; x_wconf 25' lang='lat' dir='ltr'><strong>‘ilG</strong></span> 
     </span>
    </p>
   </div>
   <div class='ocr_carea' id='block_1_4' title="bbox 561 596 3805 683">
    <p class='ocr_par' dir='ltr' id='par_1_4' title="bbox 561 596 3805 683">
     <span class='ocr_line' id='line_1_4' title="bbox 561 596 3805 683; baseline -0.003 -23"><span class='ocrx_word' id='word_1_10' title='bbox 561 603 931 661; x_wconf 80' lang='lat' dir='ltr'><strong>creberrimas</strong></span> <span class='ocrx_word' id='word_1_11' title='bbox 970 602 1274 683; x_wconf 85' lang='lat' dir='ltr'><strong>Germanus</strong></span> <span class='ocrx_word' id='word_1_12' title='bbox 1304 640 1319 665; x_wconf 93' lang='lat'><strong>,</strong></span> <span class='ocrx_word' id='word_1_13' title='bbox 1362 600 1454 668; x_wconf 74' lang='lat' dir='ltr'><strong>qui</strong></span> <span class='ocrx_word' id='word_1_14' title='bbox 1507 598 1703 653; x_wconf 79' lang='lat' dir='ltr'><strong>asserit</strong></span> <span class='ocrx_word' id='word_1_15' title='bbox 1750 610 1809 652; x_wconf 92' lang='lat' dir='ltr'><strong>se</strong></span> <span class='ocrx_word' id='word_1_16' title='bbox 1857 610 1978 651; x_wconf 87' lang='lat' dir='ltr'><strong>esse</strong></span> <span class='ocrx_word' id='word_1_17' title='bbox 2025 608 2147 665; x_wconf 88' lang='lat' dir='ltr'><strong>pre-</strong></span> <span class='ocrx_word' id='word_1_18' title='bbox 2173 597 2221 658; x_wconf 84' lang='grc' dir='ltr'><strong>Α</strong></span> <span class='ocrx_word' id='word_1_19' title='bbox 2250 596 2521 652; x_wconf 74' lang='lat' dir='ltr'><strong>mentibus</strong></span> <span class='ocrx_word' id='word_1_20' title='bbox 2566 596 2770 651; x_wconf 77' lang='lat' dir='ltr'><strong>nostris</strong></span> <span class='ocrx_word' id='word_1_21' title='bbox 2820 596 3147 662; x_wconf 90' lang='lat' dir='ltr'><strong>indicerent,</strong></span> <span class='ocrx_word' id='word_1_22' title='bbox 3198 596 3557 666; x_wconf 78' lang='lat' dir='ltr'><strong>facerentque</strong></span> <span class='ocrx_word' id='word_1_23' title='bbox 3590 609 3682 652; x_wconf 86' lang='lat' dir='ltr'><strong>nos</strong></span> <span class='ocrx_word' id='word_1_24' title='bbox 3721 612 3805 657; x_wconf 66' lang='lat' dir='ltr'><strong>non</strong></span> 
     </span>
    </p>
   </div>
   <div class='ocr_carea' id='block_1_5' title="bbox 566 685 2142 770">
    <p class='ocr_par' dir='ltr' id='par_1_5' title="bbox 566 685 2142 770">
     <span class='ocr_line' id='line_1_5' title="bbox 566 685 2142 770; baseline -0.007 -18"><span class='ocrx_word' id='word_1_25' title='bbox 566 685 868 768; x_wconf 84' lang='lat' dir='ltr'><strong>sbyterum,</strong></span> <span class='ocrx_word' id='word_1_26' title='bbox 896 703 1059 770; x_wconf 81' lang='lat' dir='ltr'><strong>atque</strong></span> <span class='ocrx_word' id='word_1_27' title='bbox 1102 691 1437 763; x_wconf 87' lang='lat' dir='ltr'><strong>ancntinus</strong></span> <span class='ocrx_word' id='word_1_28' title='bbox 1466 690 1557 762; x_wconf 89' lang='lat' dir='ltr'><strong>qui</strong></span> <span class='ocrx_word' id='word_1_29' title='bbox 1590 706 1649 746; x_wconf 93' lang='lat' dir='ltr'><strong>se</strong></span> <span class='ocrx_word' id='word_1_30' title='bbox 1676 690 1962 745; x_wconf 85' lang='lat' dir='ltr'><strong>diaconum</strong></span> <span class='ocrx_word' id='word_1_31' title='bbox 1992 687 2142 752; x_wconf 89' lang='lat' dir='ltr'><strong>dicit,</strong></span> 
     </span>
    </p>
   </div>
   <div class='ocr_carea' id='block_1_6' title="bbox 562 782 2148 856">
    <p class='ocr_par' dir='ltr' id='par_1_6' title="bbox 562 782 2148 856">
     <span class='ocr_line' id='line_1_6' title="bbox 562 782 2148 856; baseline -0.006 -14"><span class='ocrx_word' id='word_1_32' title='bbox 562 787 856 842; x_wconf 87' lang='lat' dir='ltr'><strong>multorum</strong></span> <span class='ocrx_word' id='word_1_33' title='bbox 894 785 1102 851; x_wconf 89' lang='lat' dir='ltr'><strong>talium,</strong></span> <span class='ocrx_word' id='word_1_34' title='bbox 1135 784 1287 856; x_wconf 87' lang='lat' dir='ltr'><strong>quasi</strong></span> <span class='ocrx_word' id='word_1_35' title='bbox 1337 782 1605 853; x_wconf 81' lang='lat' dir='ltr'><strong>legatione</strong></span> <span class='ocrx_word' id='word_1_36' title='bbox 1661 790 1932 851; x_wconf 89' lang='lat' dir='ltr'><strong>suscepta,</strong></span> <span class='ocrx_word' id='word_1_37' title='bbox 1987 792 2148 849; x_wconf 87' lang='lat' dir='ltr'><strong>prece</strong></span> 
     </span>
    </p>
   </div>
   <div class='ocr_carea' id='block_1_7' title="bbox 562 872 2149 947">
    <p class='ocr_par' dir='ltr' id='par_1_7' title="bbox 562 872 2149 947">
     <span class='ocr_line' id='line_1_7' title="bbox 562 872 2149 947; baseline -0.007 -13"><span class='ocrx_word' id='word_1_38' title='bbox 562 872 684 934; x_wconf 79' lang='lat' dir='ltr'><strong>fusa</strong></span> <span class='ocrx_word' id='word_1_39' title='bbox 718 878 933 933; x_wconf 79' lang='lat' dir='ltr'><strong>dolores</strong></span> <span class='ocrx_word' id='word_1_40' title='bbox 956 877 1213 947; x_wconf 79' lang='lat' dir='ltr'><strong>proprios</strong></span> <span class='ocrx_word' id='word_1_41' title='bbox 1249 874 1557 945; x_wconf 82' lang='lat' dir='ltr'><strong>exprimere</strong></span> <span class='ocrx_word' id='word_1_42' title='bbox 1608 873 1969 944; x_wconf 87' lang='lat' dir='ltr'><strong>gestiverunt,</strong></span> <span class='ocrx_word' id='word_1_43' title='bbox 1999 884 2149 925; x_wconf 86' lang='lat' dir='ltr'><strong>asse-</strong></span> 
     </span>
    </p>
   </div>
   <div class='ocr_carea' id='block_1_8' title="bbox 563 960 2148 1039">
    <p class='ocr_par' dir='ltr' id='par_1_8' title="bbox 563 960 2148 1039">
     <span class='ocr_line' id='line_1_8' title="bbox 563 960 2148 1039; baseline -0.008 -15"><span class='ocrx_word' id='word_1_44' title='bbox 563 969 750 1025; x_wconf 69' lang='lat' dir='ltr'><strong>rentes</strong></span> <span class='ocrx_word' id='word_1_45' title='bbox 778 969 1043 1039; x_wconf 84' lang='lat' dir='ltr'><strong>siquidem</strong></span> <span class='ocrx_word' id='word_1_46' title='bbox 1100 965 1374 1021; x_wconf 84' lang='lat' dir='ltr'><strong>Ecclesias</strong></span> <span class='ocrx_word' id='word_1_47' title='bbox 1401 965 1452 1018; x_wconf 89' lang='lat' dir='ltr'><strong>in</strong></span> <span class='ocrx_word' id='word_1_48' title='bbox 1485 962 1789 1019; x_wconf 87' lang='lat' dir='ltr'><strong>dilectionis</strong></span> <span class='ocrx_word' id='word_1_49' title='bbox 1819 971 1920 1015; x_wconf 73' lang='lat' dir='ltr'><strong>tute</strong></span> <span class='ocrx_word' id='word_1_50' title='bbox 1941 960 2148 1016; x_wconf 86' lang='lat' dir='ltr'><strong>consti-</strong></span> 
     </span>
    </p>
   </div>
   <div class='ocr_carea' id='block_1_9' title="bbox 561 1052 2150 1132">
    <p class='ocr_par' dir='ltr' id='par_1_9' title="bbox 561 1052 2150 1132">
     <span class='ocr_line' id='line_1_9' title="bbox 561 1052 2150 1132; baseline -0.008 -16"><span class='ocrx_word' id='word_1_51' title='bbox 561 1068 706 1118; x_wconf 80' lang='lat' dir='ltr'><strong>tutas</strong></span> <span class='ocrx_word' id='word_1_52' title='bbox 737 1059 1010 1132; x_wconf 85' lang='lat' dir='ltr'><strong>parocbiis</strong></span> <span class='ocrx_word' id='word_1_53' title='bbox 1033 1059 1285 1119; x_wconf 91' lang='lat' dir='ltr'><strong>retinere,</strong></span> <span class='ocrx_word' id='word_1_54' title='bbox 1318 1056 1523 1111; x_wconf 86' lang='lat' dir='ltr'><strong>scilicet</strong></span> <span class='ocrx_word' id='word_1_55' title='bbox 1547 1063 1690 1109; x_wconf 90' lang='lat' dir='ltr'><strong>tuam</strong></span> <span class='ocrx_word' id='word_1_56' title='bbox 1715 1052 2150 1108; x_wconf 87' lang='lat' dir='ltr'><strong>communionem</strong></span> 
     </span>
    </p>
   </div>
   <div class='ocr_carea' id='block_1_10' title="bbox 561 1144 2151 1224">
    <p class='ocr_par' dir='ltr' id='par_1_10' title="bbox 561 1144 2151 1224">
     <span class='ocr_line' id='line_1_10' title="bbox 561 1144 2151 1224; baseline -0.008 -14"><span class='ocrx_word' id='word_1_57' title='bbox 561 1144 671 1210; x_wconf 79' lang='lat' dir='ltr'><strong>non</strong></span> <span class='ocrx_word' id='word_1_58' title='bbox 728 1154 970 1224; x_wconf 87' lang='lat' dir='ltr'><strong>potuisse</strong></span> <span class='ocrx_word' id='word_1_59' title='bbox 1028 1151 1265 1215; x_wconf 89' lang='lat' dir='ltr'><strong>mereri;</strong></span> <span class='ocrx_word' id='word_1_60' title='bbox 1318 1149 1571 1204; x_wconf 77' lang='lat' dir='ltr'><strong>videlicet</strong></span> <span class='ocrx_word' id='word_1_61' title='bbox 1620 1163 1684 1202; x_wconf 91' lang='lat' dir='ltr'><strong>ea</strong></span> <span class='ocrx_word' id='word_1_62' title='bbox 1739 1146 1967 1210; x_wconf 87' lang='lat' dir='ltr'><strong>ratione,</strong></span> <span class='ocrx_word' id='word_1_63' title='bbox 2026 1145 2151 1213; x_wconf 88' lang='lat' dir='ltr'><strong>quia</strong></span> 
     </span>
    </p>
   </div>
   <div class='ocr_carea' id='block_1_11' title="bbox 561 1236 2154 1315">
    <p class='ocr_par' dir='ltr' id='par_1_11' title="bbox 561 1236 2154 1315">
     <span class='ocr_line' id='line_1_11' title="bbox 561 1236 2154 1315; baseline -0.008 -15"><span class='ocrx_word' id='word_1_64' title='bbox 561 1245 838 1301; x_wconf 81' lang='lat' dir='ltr'><strong>Rusticius</strong></span> <span class='ocrx_word' id='word_1_65' title='bbox 891 1244 1107 1315; x_wconf 85' lang='lat' dir='ltr'><strong>quidem</strong></span> <span class='ocrx_word' id='word_1_66' title='bbox 1153 1242 1371 1297; x_wconf 91' lang='lat' dir='ltr'><strong>nomine</strong></span> <span class='ocrx_word' id='word_1_67' title='bbox 1396 1240 1590 1294; x_wconf 89' lang='lat' dir='ltr'><strong>iterata</strong></span> <span class='ocrx_word' id='word_1_68' title='bbox 1641 1236 1979 1292; x_wconf 85' lang='lat' dir='ltr'><strong>ordinatione</strong></span> <span class='ocrx_word' id='word_1_69' title='bbox 2030 1248 2154 1305; x_wconf 90' lang='lat' dir='ltr'><strong>pre-</strong></span> 
     </span>
    </p>
   </div>
   <div class='ocr_carea' id='block_1_12' title="bbox 563 1327 2150 1408">
    <p class='ocr_par' dir='ltr' id='par_1_12' title="bbox 563 1327 2150 1408">
     <span class='ocr_line' id='line_1_12' title="bbox 563 1327 2150 1408; baseline -0.008 -16"><span class='ocrx_word' id='word_1_70' title='bbox 563 1336 864 1408; x_wconf 85' lang='lat' dir='ltr'><strong>sbyterium</strong></span> <span class='ocrx_word' id='word_1_71' title='bbox 897 1334 1248 1405; x_wconf 76' lang='lat' dir='ltr'><strong>suscepisset,</strong></span> <span class='ocrx_word' id='word_1_72' title='bbox 1274 1343 1328 1388; x_wconf 93' lang='lat' dir='ltr'><strong>et</strong></span> <span class='ocrx_word' id='word_1_73' title='bbox 1355 1348 1461 1387; x_wconf 92' lang='lat' dir='ltr'><strong>non</strong></span> <span class='ocrx_word' id='word_1_74' title='bbox 1492 1331 1594 1386; x_wconf 87' lang='lat' dir='ltr'><strong>levi</strong></span> <span class='ocrx_word' id='word_1_75' title='bbox 1624 1330 2013 1401; x_wconf 89' lang='lat' dir='ltr'><strong>impedimento</strong></span> <span class='ocrx_word' id='word_1_76' title='bbox 2055 1327 2150 1392; x_wconf 86' lang='lat' dir='ltr'><strong>sit,</strong></span> 
     </span>
    </p>
   </div>
   <div class='ocr_carea' id='block_1_13' title="bbox 565 1418 2154 1484">
    <p class='ocr_par' dir='ltr' id='par_1_13' title="bbox 565 1418 2154 1484">
     <span class='ocr_line' id='line_1_13' title="bbox 565 1418 2154 1484; baseline -0.008 0"><span class='ocrx_word' id='word_1_77' title='bbox 565 1418 693 1484; x_wconf 87' lang='lat' dir='ltr'><strong>dum</strong></span> <span class='ocrx_word' id='word_1_78' title='bbox 720 1438 813 1483; x_wconf 90' lang='lat' dir='ltr'><strong>aut</strong></span> <span class='ocrx_word' id='word_1_79' title='bbox 837 1428 913 1484; x_wconf 85' lang='lat' dir='ltr'><strong>illi</strong></span> <span class='ocrx_word' id='word_1_80' title='bbox 942 1428 1126 1482; x_wconf 88' lang='lat' dir='ltr'><strong>dolent</strong></span> <span class='ocrx_word' id='word_1_81' title='bbox 1155 1425 1363 1481; x_wconf 87' lang='lat' dir='ltr'><strong>homini</strong></span> <span class='ocrx_word' id='word_1_82' title='bbox 1419 1423 1693 1478; x_wconf 86' lang='lat' dir='ltr'><strong>hominem</strong></span> <span class='ocrx_word' id='word_1_83' title='bbox 1723 1421 1775 1475; x_wconf 90' lang='lat' dir='ltr'><strong>in</strong></span> <span class='ocrx_word' id='word_1_84' title='bbox 1810 1419 2038 1474; x_wconf 78' lang='lat' dir='ltr'><strong>ecclesia</strong></span> <span class='ocrx_word' id='word_1_85' title='bbox 2069 1433 2154 1472; x_wconf 90' lang='lat' dir='ltr'><strong>re-</strong></span> 
     </span>
    </p>
   </div>
   <div class='ocr_carea' id='block_1_14' title="bbox 564 1510 2151 1588">
    <p class='ocr_par' dir='ltr' id='par_1_14' title="bbox 564 1510 2151 1588">
     <span class='ocr_line' id='line_1_14' title="bbox 564 1510 2151 1588; baseline -0.01 -11"><span class='ocrx_word' id='word_1_86' title='bbox 564 1519 908 1586; x_wconf 74' lang='lat' dir='ltr'><strong>ctinere,aut</strong></span> <span class='ocrx_word' id='word_1_87' title='bbox 928 1519 1016 1573; x_wconf 82' lang='lat' dir='ltr'><strong>iile</strong></span> <span class='ocrx_word' id='word_1_88' title='bbox 1037 1519 1081 1574; x_wconf 91' lang='lat' dir='ltr'><strong>si</strong></span> <span class='ocrx_word' id='word_1_89' title='bbox 1112 1529 1338 1588; x_wconf 80' lang='lat' dir='ltr'><strong>peccare</strong></span> <span class='ocrx_word' id='word_1_90' title='bbox 1363 1513 1562 1568; x_wconf 89' lang='lat' dir='ltr'><strong>debere</strong></span> <span class='ocrx_word' id='word_1_91' title='bbox 1586 1512 1640 1566; x_wconf 89' lang='lat' dir='ltr'><strong>in</strong></span> <span class='ocrx_word' id='word_1_92' title='bbox 1669 1511 1807 1565; x_wconf 90' lang='lat' dir='ltr'><strong>alios</strong></span> <span class='ocrx_word' id='word_1_93' title='bbox 1832 1510 2151 1574; x_wconf 86' lang='lat' dir='ltr'><strong>arbitretur,</strong></span> 
     </span>
    </p>
   </div>
   <div class='ocr_carea' id='block_1_15' title="bbox 568 1596 2157 1681">
    <p class='ocr_par' dir='ltr' id='par_1_15' title="bbox 568 1596 2157 1681">
     <span class='ocr_line' id='line_1_15' title="bbox 568 1596 2157 1681; baseline -0.007 -17"><span class='ocrx_word' id='word_1_94' title='bbox 568 1608 1025 1681; x_wconf 88' lang='lat' dir='ltr'><strong>quemadmodum</strong></span> <span class='ocrx_word' id='word_1_95' title='bbox 1079 1607 1133 1661; x_wconf 88' lang='lat' dir='ltr'><strong>in</strong></span> <span class='ocrx_word' id='word_1_96' title='bbox 1187 1620 1248 1661; x_wconf 91' lang='lat' dir='ltr'><strong>se</strong></span> <span class='ocrx_word' id='word_1_97' title='bbox 1299 1603 1543 1673; x_wconf 82' lang='lat' dir='ltr'><strong>agnoscit</strong></span> <span class='ocrx_word' id='word_1_98' title='bbox 1580 1617 1700 1656; x_wconf 91' lang='lat' dir='ltr'><strong>esse</strong></span> <span class='ocrx_word' id='word_1_99' title='bbox 1744 1608 2046 1671; x_wconf 79' lang='lat' dir='ltr'><strong>peccatum.</strong></span> <span class='ocrx_word' id='word_1_100' title='bbox 2089 1596 2157 1653; x_wconf 85' lang='lat' dir='ltr'><strong>Et</strong></span> 
     </span>
    </p>
   </div>
   <div class='ocr_carea' id='block_1_16' title="bbox 565 1689 2156 1774">
    <p class='ocr_par' dir='ltr' id='par_1_16' title="bbox 565 1689 2156 1774">
     <span class='ocr_line' id='line_1_16' title="bbox 565 1689 2156 1774; baseline -0.009 -18"><span class='ocrx_word' id='word_1_101' title='bbox 565 1703 817 1774; x_wconf 84' lang='lat' dir='ltr'><strong>quamvis</strong></span> <span class='ocrx_word' id='word_1_102' title='bbox 855 1698 921 1756; x_wconf 89' lang='lat' dir='ltr'><strong>de</strong></span> <span class='ocrx_word' id='word_1_103' title='bbox 970 1700 1159 1754; x_wconf 89' lang='lat' dir='ltr'><strong>eadem</strong></span> <span class='ocrx_word' id='word_1_104' title='bbox 1196 1713 1255 1752; x_wconf 92' lang='lat' dir='ltr'><strong>re</strong></span> <span class='ocrx_word' id='word_1_105' title='bbox 1302 1695 1513 1767; x_wconf 90' lang='lat' dir='ltr'><strong>plenius</strong></span> <span class='ocrx_word' id='word_1_106' title='bbox 1555 1692 1753 1748; x_wconf 62' lang='lat' dir='ltr'><strong>littera:</strong></span> <span class='ocrx_word' id='word_1_107' title='bbox 1797 1707 1932 1747; x_wconf 71' lang='lat' dir='ltr'><strong>mea:</strong></span> <span class='ocrx_word' id='word_1_108' title='bbox 1983 1689 2156 1746; x_wconf 89' lang='lat' dir='ltr'><strong>conti-</strong></span> 
     </span>
    </p>
   </div>
   <div class='ocr_carea' id='block_1_17' title="bbox 564 1782 2155 1865">
    <p class='ocr_par' dir='ltr' id='par_1_17' title="bbox 564 1782 2155 1865">
     <span class='ocr_line' id='line_1_17' title="bbox 564 1782 2155 1865; baseline -0.009 -16"><span class='ocrx_word' id='word_1_109' title='bbox 564 1782 751 1860; x_wconf 79' lang='lat' dir='ltr'><strong>neant,</strong></span> <span class='ocrx_word' id='word_1_110' title='bbox 778 1806 913 1865; x_wconf 90' lang='lat' dir='ltr'><strong>quas</strong></span> <span class='ocrx_word' id='word_1_111' title='bbox 942 1791 1191 1862; x_wconf 85' lang='lat' dir='ltr'><strong>superius</strong></span> <span class='ocrx_word' id='word_1_112' title='bbox 1230 1788 1548 1852; x_wconf 86' lang='lat' dir='ltr'><strong>memoravi,</strong></span> <span class='ocrx_word' id='word_1_113' title='bbox 1580 1795 1761 1841; x_wconf 90' lang='lat' dir='ltr'><strong>tamen</strong></span> <span class='ocrx_word' id='word_1_114' title='bbox 1806 1797 1950 1839; x_wconf 90' lang='lat' dir='ltr'><strong>nunc</strong></span> <span class='ocrx_word' id='word_1_115' title='bbox 1991 1783 2155 1837; x_wconf 67' lang='lat' dir='ltr'><strong>etiam</strong></span> 
     </span>
    </p>
   </div>
   <div class='ocr_carea' id='block_1_18' title="bbox 567 1870 2159 1959">
    <p class='ocr_par' dir='ltr' id='par_1_18' title="bbox 567 1870 2159 1959">
     <span class='ocr_line' id='line_1_18' title="bbox 567 1870 2159 1959; baseline -0.01 -16"><span class='ocrx_word' id='word_1_116' title='bbox 567 1870 962 1959; x_wconf 86' lang='lat' dir='ltr'><strong>admonendam</strong></span> <span class='ocrx_word' id='word_1_117' title='bbox 987 1884 1240 1939; x_wconf 79' lang='lat' dir='ltr'><strong>duximus</strong></span> <span class='ocrx_word' id='word_1_118' title='bbox 1265 1881 1659 1936; x_wconf 90' lang='lat' dir='ltr'><strong>fraternitatem</strong></span> <span class='ocrx_word' id='word_1_119' title='bbox 1688 1886 1859 1942; x_wconf 91' lang='lat' dir='ltr'><strong>tuam,</strong></span> <span class='ocrx_word' id='word_1_120' title='bbox 1883 1875 2007 1930; x_wconf 90' lang='lat' dir='ltr'><strong>utsi</strong></span> <span class='ocrx_word' id='word_1_121' title='bbox 2032 1886 2159 1928; x_wconf 90' lang='lat' dir='ltr'><strong>vere</strong></span> 
     </span>
    </p>
   </div>
   <div class='ocr_carea' id='block_1_19' title="bbox 2250 680 3806 761">
    <p class='ocr_par' dir='ltr' id='par_1_19' title="bbox 2250 680 3806 761">
     <span class='ocr_line' id='line_1_19' title="bbox 2250 680 3806 761; baseline 0.003 -17"><span class='ocrx_word' id='word_1_122' title='bbox 2250 689 2520 744; x_wconf 88' lang='lat' dir='ltr'><strong>modicum</strong></span> <span class='ocrx_word' id='word_1_123' title='bbox 2555 689 2801 744; x_wconf 91' lang='lat' dir='ltr'><strong>dubitare</strong></span> <span class='ocrx_word' id='word_1_124' title='bbox 2826 699 3004 744; x_wconf 89' lang='lat' dir='ltr'><strong>utrum</strong></span> <span class='ocrx_word' id='word_1_125' title='bbox 3033 680 3192 745; x_wconf 88' lang='lat' dir='ltr'><strong>aliter</strong></span> <span class='ocrx_word' id='word_1_126' title='bbox 3220 700 3544 761; x_wconf 87' lang='lat' dir='ltr'><strong>putaremus</strong></span> <span class='ocrx_word' id='word_1_127' title='bbox 3573 691 3806 749; x_wconf 82' lang='lat' dir='ltr'><strong>anitaan</strong></span> 
     </span>
    </p>
   </div>
   <div class='ocr_carea' id='block_1_20' title="bbox 2251 779 3806 851">
    <p class='ocr_par' dir='ltr' id='par_1_20' title="bbox 2251 779 3806 851">
     <span class='ocr_line' id='line_1_20' title="bbox 2251 779 3806 851; baseline 0.003 -18"><span class='ocrx_word' id='word_1_128' title='bbox 2251 786 2430 833; x_wconf 90' lang='lat' dir='ltr'><strong>essent</strong></span> <span class='ocrx_word' id='word_1_129' title='bbox 2458 779 2626 848; x_wconf 78' lang='lat' dir='ltr'><strong>posita</strong></span> <span class='ocrx_word' id='word_1_130' title='bbox 2673 779 3123 849; x_wconf 89' lang='lat' dir='ltr'><strong>quemadmodum</strong></span> <span class='ocrx_word' id='word_1_131' title='bbox 3162 780 3553 851; x_wconf 86' lang='lat' dir='ltr'><strong>personabant.</strong></span> <span class='ocrx_word' id='word_1_132' title='bbox 3577 780 3693 846; x_wconf 78' lang='lat' dir='ltr'><strong>Qua:</strong></span> <span class='ocrx_word' id='word_1_133' title='bbox 3712 798 3806 838; x_wconf 87' lang='lat' dir='ltr'><strong>cum</strong></span> 
     </span>
    </p>
   </div>
   <div class='ocr_carea' id='block_1_21' title="bbox 2252 870 3805 945">
    <p class='ocr_par' dir='ltr' id='par_1_21' title="bbox 2252 870 3805 945">
     <span class='ocr_line' id='line_1_21' title="bbox 2252 870 3805 945; baseline 0.006 -20"><span class='ocrx_word' id='word_1_134' title='bbox 2252 871 2448 941; x_wconf 64' lang='lat' dir='ltr'><strong>saepius</strong></span> <span class='ocrx_word' id='word_1_135' title='bbox 2476 872 2640 941; x_wconf 88' lang='lat' dir='ltr'><strong>repeti</strong></span> <span class='ocrx_word' id='word_1_136' title='bbox 2670 870 2938 937; x_wconf 85' lang='lat' dir='ltr'><strong>fecissem,</strong></span> <span class='ocrx_word' id='word_1_137' title='bbox 2970 873 3177 928; x_wconf 86' lang='lat' dir='ltr'><strong>adverti</strong></span> <span class='ocrx_word' id='word_1_138' title='bbox 3205 874 3320 930; x_wconf 89' lang='lat' dir='ltr'><strong>sedi</strong></span> <span class='ocrx_word' id='word_1_139' title='bbox 3376 873 3677 945; x_wconf 73' lang='lat' dir='ltr'><strong>apostolicae</strong></span> <span class='ocrx_word' id='word_1_140' title='bbox 3716 876 3805 934; x_wconf 85' lang='lat' dir='ltr'><strong>fleri</strong></span> 
     </span>
    </p>
   </div>
   <div class='ocr_carea' id='block_1_22' title="bbox 2253 963 3810 1039">
    <p class='ocr_par' dir='ltr' id='par_1_22' title="bbox 2253 963 3810 1039">
     <span class='ocr_line' id='line_1_22' title="bbox 2253 963 3810 1039; baseline 0.004 -20"><span class='ocrx_word' id='word_1_141' title='bbox 2253 963 2527 1035; x_wconf 88' lang='lat' dir='ltr'><strong>injuriam,</strong></span> <span class='ocrx_word' id='word_1_142' title='bbox 2556 965 2621 1018; x_wconf 92' lang='lat' dir='ltr'><strong>ad</strong></span> <span class='ocrx_word' id='word_1_143' title='bbox 2653 981 2812 1035; x_wconf 84' lang='lat' dir='ltr'><strong>quam</strong></span> <span class='ocrx_word' id='word_1_144' title='bbox 2843 966 3033 1021; x_wconf 83' lang='lat' dir='ltr'><strong>relatio</strong></span> <span class='ocrx_word' id='word_1_145' title='bbox 3057 968 3210 1038; x_wconf 81' lang='lat' dir='ltr'><strong>quasi</strong></span> <span class='ocrx_word' id='word_1_146' title='bbox 3267 968 3340 1023; x_wconf 88' lang='lat' dir='ltr'><strong>ad</strong></span> <span class='ocrx_word' id='word_1_147' title='bbox 3401 968 3810 1039; x_wconf 80' lang='lat' dir='ltr'><strong>caputEcclesia—</strong></span> 
     </span>
    </p>
   </div>
   <div class='ocr_carea' id='block_1_23' title="bbox 2254 1054 3805 1129">
    <p class='ocr_par' dir='ltr' id='par_1_23' title="bbox 2254 1054 3805 1129">
     <span class='ocr_line' id='line_1_23' title="bbox 2254 1054 3805 1129; baseline 0.007 -21"><span class='ocrx_word' id='word_1_148' title='bbox 2254 1070 2372 1108; x_wconf 89' lang='lat' dir='ltr'><strong>rum</strong></span> <span class='ocrx_word' id='word_1_149' title='bbox 2405 1054 2566 1110; x_wconf 89' lang='lat' dir='ltr'><strong>missa</strong></span> <span class='ocrx_word' id='word_1_150' title='bbox 2590 1056 2860 1121; x_wconf 91' lang='lat' dir='ltr'><strong>currebat,</strong></span> <span class='ocrx_word' id='word_1_151' title='bbox 2890 1055 3047 1126; x_wconf 89' lang='lat' dir='ltr'><strong>cujus</strong></span> <span class='ocrx_word' id='word_1_152' title='bbox 3084 1059 3260 1113; x_wconf 91' lang='lat' dir='ltr'><strong>adhuc</strong></span> <span class='ocrx_word' id='word_1_153' title='bbox 3286 1058 3349 1114; x_wconf 88' lang='lat' dir='ltr'><strong>in</strong></span> <span class='ocrx_word' id='word_1_154' title='bbox 3381 1058 3687 1129; x_wconf 80' lang='lat' dir='ltr'><strong>ambiguum</strong></span> <span class='ocrx_word' id='word_1_155' title='bbox 3711 1076 3805 1118; x_wconf 83' lang='lat' dir='ltr'><strong>seu-</strong></span> 
     </span>
    </p>
   </div>
   <div class='ocr_carea' id='block_1_24' title="bbox 2254 1149 3810 1223">
    <p class='ocr_par' dir='ltr' id='par_1_24' title="bbox 2254 1149 3810 1223">
     <span class='ocr_line' id='line_1_24' title="bbox 2254 1149 3810 1223; baseline 0.006 -22"><span class='ocrx_word' id='word_1_156' title='bbox 2254 1149 2423 1202; x_wconf 90' lang='lat' dir='ltr'><strong>tcntia</strong></span> <span class='ocrx_word' id='word_1_157' title='bbox 2450 1150 2754 1207; x_wconf 78' lang='lat' dir='ltr'><strong>duceretur.</strong></span> <span class='ocrx_word' id='word_1_158' title='bbox 2790 1149 2943 1205; x_wconf 88' lang='lat' dir='ltr'><strong>Unde</strong></span> <span class='ocrx_word' id='word_1_159' title='bbox 2980 1150 3049 1207; x_wconf 90' lang='lat' dir='ltr'><strong>de</strong></span> <span class='ocrx_word' id='word_1_160' title='bbox 3100 1152 3297 1223; x_wconf 90' lang='lat' dir='ltr'><strong>quibus</strong></span> <span class='ocrx_word' id='word_1_161' title='bbox 3349 1150 3663 1221; x_wconf 77' lang='lat' dir='ltr'><strong>jamdudum</strong></span> <span class='ocrx_word' id='word_1_162' title='bbox 3708 1155 3810 1210; x_wconf 83' lang='lat' dir='ltr'><strong>scri-</strong></span> 
     </span>
    </p>
   </div>
   <div class='ocr_carea' id='block_1_25' title="bbox 2254 1242 3808 1319">
    <p class='ocr_par' dir='ltr' id='par_1_25' title="bbox 2254 1242 3808 1319">
     <span class='ocr_line' id='line_1_25' title="bbox 2254 1242 3808 1319; baseline 0.006 -24"><span class='ocrx_word' id='word_1_163' title='bbox 2254 1242 2428 1312; x_wconf 89' lang='lat' dir='ltr'><strong>psisse</strong></span> <span class='ocrx_word' id='word_1_164' title='bbox 2455 1258 2539 1297; x_wconf 92' lang='lat' dir='ltr'><strong>me</strong></span> <span class='ocrx_word' id='word_1_165' title='bbox 2571 1243 2815 1310; x_wconf 89' lang='lat' dir='ltr'><strong>memini,</strong></span> <span class='ocrx_word' id='word_1_166' title='bbox 2849 1260 2995 1300; x_wconf 91' lang='lat' dir='ltr'><strong>nunc</strong></span> <span class='ocrx_word' id='word_1_167' title='bbox 3029 1245 3228 1301; x_wconf 91' lang='lat' dir='ltr'><strong>iterare</strong></span> <span class='ocrx_word' id='word_1_168' title='bbox 3267 1246 3509 1302; x_wconf 87' lang='lat' dir='ltr'><strong>formam</strong></span> <span class='ocrx_word' id='word_1_169' title='bbox 3556 1249 3808 1319; x_wconf 66' lang='lat' dir='ltr'><strong>augmenti:</strong></span> 
     </span>
    </p>
   </div>
   <div class='ocr_carea' id='block_1_26' title="bbox 2257 1331 3807 1406">
    <p class='ocr_par' dir='ltr' id='par_1_26' title="bbox 2257 1331 3807 1406">
     <span class='ocr_line' id='line_1_26' title="bbox 2257 1331 3807 1406; baseline 0.004 -19"><span class='ocrx_word' id='word_1_170' title='bbox 2257 1331 2681 1388; x_wconf 89' lang='lat' dir='ltr'><strong>cvidentioribus</strong></span> <span class='ocrx_word' id='word_1_171' title='bbox 2708 1333 2918 1404; x_wconf 89' lang='lat' dir='ltr'><strong>gemina</strong></span> <span class='ocrx_word' id='word_1_172' title='bbox 2948 1335 3327 1405; x_wconf 80' lang='lat' dir='ltr'><strong>percunctatio</strong></span> <span class='ocrx_word' id='word_1_173' title='bbox 3353 1345 3543 1391; x_wconf 86' lang='lat' dir='ltr'><strong>vestra</strong></span> <span class='ocrx_word' id='word_1_174' title='bbox 3562 1338 3807 1406; x_wconf 85' lang='lat' dir='ltr'><strong>compellit.</strong></span> 
     </span>
    </p>
   </div>
   <div class='ocr_carea' id='block_1_27' title="bbox 2327 1420 3808 1498">
    <p class='ocr_par' dir='ltr' id='par_1_27' title="bbox 2327 1420 3808 1498">
     <span class='ocr_line' id='line_1_27' title="bbox 2327 1420 3808 1498; baseline 0.005 -22"><span class='ocrx_word' id='word_1_175' title='bbox 2327 1420 2457 1477; x_wconf 74' lang='lat' dir='ltr'><strong>Cm.</strong></span> <span class='ocrx_word' id='word_1_176' title='bbox 2485 1423 2525 1477; x_wconf 92' lang='grc'><strong>1.</strong></span> <span class='ocrx_word' id='word_1_177' title='bbox 2557 1423 2659 1478; x_wconf 86' lang='lat' dir='ltr'><strong>Eos</strong></span> <span class='ocrx_word' id='word_1_178' title='bbox 2687 1424 2777 1494; x_wconf 88' lang='lat' dir='ltr'><strong>qui</strong></span> <span class='ocrx_word' id='word_1_179' title='bbox 2820 1425 3008 1479; x_wconf 89' lang='lat' dir='ltr'><strong>viduas</strong></span> <span class='ocrx_word' id='word_1_180' title='bbox 3040 1426 3315 1495; x_wconf 87' lang='lat' dir='ltr'><strong>accepisse</strong></span> <span class='ocrx_word' id='word_1_181' title='bbox 3347 1436 3808 1498; x_wconf 83' lang='lat' dir='ltr'><strong>suggerunturuxo-</strong></span> 
     </span>
    </p>
   </div>
   <div class='ocr_carea' id='block_1_28' title="bbox 2256 1513 3810 1587">
    <p class='ocr_par' dir='ltr' id='par_1_28' title="bbox 2256 1513 3810 1587">
     <span class='ocr_line' id='line_1_28' title="bbox 2256 1513 3810 1587; baseline 0.005 -20"><span class='ocrx_word' id='word_1_182' title='bbox 2256 1526 2347 1567; x_wconf 88' lang='lat' dir='ltr'><strong>res</strong></span> <span class='ocrx_word' id='word_1_183' title='bbox 2376 1528 2482 1567; x_wconf 94' lang='lat' dir='ltr'><strong>non</strong></span> <span class='ocrx_word' id='word_1_184' title='bbox 2514 1513 2686 1568; x_wconf 85' lang='lat' dir='ltr'><strong>solum</strong></span> <span class='ocrx_word' id='word_1_185' title='bbox 2717 1513 2947 1570; x_wconf 90' lang='lat' dir='ltr'><strong>clericos</strong></span> <span class='ocrx_word' id='word_1_186' title='bbox 2970 1513 3189 1570; x_wconf 76' lang='lat' dir='ltr'><strong>effectos</strong></span> <span class='ocrx_word' id='word_1_187' title='bbox 3228 1516 3457 1587; x_wconf 83' lang='lat' dir='ltr'><strong>agnovi,</strong></span> <span class='ocrx_word' id='word_1_188' title='bbox 3482 1531 3662 1571; x_wconf 89' lang='lat' dir='ltr'><strong>verum</strong></span> <span class='ocrx_word' id='word_1_189' title='bbox 3684 1518 3810 1574; x_wconf 83' lang='lat' dir='ltr'><strong>etiam</strong></span> 
     </span>
    </p>
   </div>
   <div class='ocr_carea' id='block_1_29' title="bbox 2260 1596 3808 1680">
    <p class='ocr_par' dir='ltr' id='par_1_29' title="bbox 2260 1596 3808 1680">
     <span class='ocr_line' id='line_1_29' title="bbox 2260 1596 3808 1680; baseline 0.006 -25"><span class='ocrx_word' id='word_1_190' title='bbox 2260 1596 2430 1672; x_wconf 81' lang='lat' dir='ltr'><strong>nsque</strong></span> <span class='ocrx_word' id='word_1_191' title='bbox 2458 1603 2523 1657; x_wconf 91' lang='lat' dir='ltr'><strong>ad</strong></span> <span class='ocrx_word' id='word_1_192' title='bbox 2547 1603 2744 1660; x_wconf 77' lang='lat' dir='ltr'><strong>infulas</strong></span> <span class='ocrx_word' id='word_1_193' title='bbox 2774 1606 2969 1660; x_wconf 92' lang='lat' dir='ltr'><strong>summi</strong></span> <span class='ocrx_word' id='word_1_194' title='bbox 2998 1606 3283 1661; x_wconf 84' lang='lat' dir='ltr'><strong>sacerdotii</strong></span> <span class='ocrx_word' id='word_1_195' title='bbox 3322 1607 3654 1678; x_wconf 84' lang='lat' dir='ltr'><strong>pervenisse,</strong></span> <span class='ocrx_word' id='word_1_196' title='bbox 3703 1609 3808 1680; x_wconf 85' lang='lat' dir='ltr'><strong>quod</strong></span> 
     </span>
    </p>
   </div>
   <div class='ocr_carea' id='block_1_30' title="bbox 2259 1693 3808 1766">
    <p class='ocr_par' dir='ltr' id='par_1_30' title="bbox 2259 1693 3808 1766">
     <span class='ocr_line' id='line_1_30' title="bbox 2259 1693 3808 1766; baseline 0.003 -18"><span class='ocrx_word' id='word_1_197' title='bbox 2259 1702 2447 1748; x_wconf 90' lang='lat' dir='ltr'><strong>contra</strong></span> <span class='ocrx_word' id='word_1_198' title='bbox 2478 1693 2612 1764; x_wconf 80' lang='lat' dir='ltr'><strong>legis</strong></span> <span class='ocrx_word' id='word_1_199' title='bbox 2632 1709 2751 1750; x_wconf 93' lang='lat' dir='ltr'><strong>esse</strong></span> <span class='ocrx_word' id='word_1_200' title='bbox 2774 1704 3037 1766; x_wconf 67' lang='lat' dir='ltr'><strong>praecepta</strong></span> <span class='ocrx_word' id='word_1_201' title='bbox 3069 1695 3244 1750; x_wconf 89' lang='lat' dir='ltr'><strong>nullus</strong></span> <span class='ocrx_word' id='word_1_202' title='bbox 3284 1698 3526 1766; x_wconf 76' lang='lat' dir='ltr'><strong>ignorat.</strong></span> <span class='ocrx_word' id='word_1_203' title='bbox 3573 1697 3695 1753; x_wconf 81' lang='lat' dir='ltr'><strong>Nam</strong></span> <span class='ocrx_word' id='word_1_204' title='bbox 3719 1712 3808 1753; x_wconf 73' lang='lat' dir='ltr'><strong>eam</strong></span> 
     </span>
    </p>
   </div>
   <div class='ocr_carea' id='block_1_31' title="bbox 2259 1784 3809 1863">
    <p class='ocr_par' dir='ltr' id='par_1_31' title="bbox 2259 1784 3809 1863">
     <span class='ocr_line' id='line_1_31' title="bbox 2259 1784 3809 1863; baseline 0.005 -25"><span class='ocrx_word' id='word_1_205' title='bbox 2259 1784 2469 1857; x_wconf 80' lang='lat' dir='ltr'><strong>Moyses</strong></span> <span class='ocrx_word' id='word_1_206' title='bbox 2491 1787 2775 1859; x_wconf 88' lang='lat' dir='ltr'><strong>legislator</strong></span> <span class='ocrx_word' id='word_1_207' title='bbox 2801 1788 3041 1844; x_wconf 87' lang='lat' dir='ltr'><strong>clamitet</strong></span> <span class='ocrx_word' id='word_1_208' title='bbox 3071 1808 3081 1842; x_wconf 94' lang='lat'><strong>:</strong></span> <span class='ocrx_word' id='word_1_209' title='bbox 3109 1789 3382 1845; x_wconf 85' lang='lat' dir='ltr'><strong>Sacerdos</strong></span> <span class='ocrx_word' id='word_1_210' title='bbox 3411 1805 3636 1847; x_wconf 78' lang='lat' dir='ltr'><strong>uxorem</strong></span> <span class='ocrx_word' id='word_1_211' title='bbox 3683 1790 3809 1863; x_wconf 80' lang='lat' dir='ltr'><strong>virgi-</strong></span> 
     </span>
    </p>
   </div>
   <div class='ocr_carea' id='block_1_32' title="bbox 2261 1880 3810 1956">
    <p class='ocr_par' dir='ltr' id='par_1_32' title="bbox 2261 1880 3810 1956">
     <span class='ocr_line' id='line_1_32' title="bbox 2261 1880 3810 1956; baseline 0.005 -21"><span class='ocrx_word' id='word_1_212' title='bbox 2261 1894 2383 1935; x_wconf 88' lang='lat' dir='ltr'><strong>nem</strong></span> <span class='ocrx_word' id='word_1_213' title='bbox 2417 1880 2675 1951; x_wconf 91' lang='lat' dir='ltr'><strong>accipiat;</strong></span> <span class='ocrx_word' id='word_1_214' title='bbox 2710 1896 2774 1937; x_wconf 92' lang='lat' dir='ltr'><strong>ac</strong></span> <span class='ocrx_word' id='word_1_215' title='bbox 2806 1897 2873 1937; x_wconf 92' lang='lat' dir='ltr'><strong>ne</strong></span> <span class='ocrx_word' id='word_1_216' title='bbox 2900 1881 2952 1937; x_wconf 90' lang='lat' dir='ltr'><strong>in</strong></span> <span class='ocrx_word' id='word_1_217' title='bbox 2978 1883 3079 1938; x_wconf 88' lang='lat' dir='ltr'><strong>hoc</strong></span> <span class='ocrx_word' id='word_1_218' title='bbox 3100 1892 3376 1954; x_wconf 68' lang='lat' dir='ltr'><strong>prmcepto</strong></span> <span class='ocrx_word' id='word_1_219' title='bbox 3396 1884 3598 1955; x_wconf 90' lang='lat' dir='ltr'><strong>aliquid</strong></span> <span class='ocrx_word' id='word_1_220' title='bbox 3640 1894 3810 1956; x_wconf 77' lang='lat' dir='ltr'><strong>putare-</strong></span> 
     </span>
    </p>
   </div>
   <div class='ocr_carea' id='block_1_33' title="bbox 565 1960 3808 2048">
    <p class='ocr_par' dir='ltr' id='par_1_33' title="bbox 565 1960 3808 2048">
     <span class='ocr_line' id='line_1_33' title="bbox 565 1960 3808 2048; baseline -0.001 -15"><span class='ocrx_word' id='word_1_221' title='bbox 565 1974 781 2033; x_wconf 78' lang='lat' dir='ltr'><strong>constat</strong></span> <span class='ocrx_word' id='word_1_222' title='bbox 806 1978 1015 2048; x_wconf 88' lang='lat' dir='ltr'><strong>aliquos</strong></span> <span class='ocrx_word' id='word_1_223' title='bbox 1048 1985 1173 2029; x_wconf 89' lang='lat' dir='ltr'><strong>ante</strong></span> <span class='ocrx_word' id='word_1_224' title='bbox 1226 1972 1628 2028; x_wconf 85' lang='lat' dir='ltr'><strong>damnationem</strong></span> <span class='ocrx_word' id='word_1_225' title='bbox 1648 1969 1847 2024; x_wconf 90' lang='lat' dir='ltr'><strong>Bonosi</strong></span> <span class='ocrx_word' id='word_1_226' title='bbox 1870 1967 1939 2022; x_wconf 91' lang='lat' dir='ltr'><strong>ab</strong></span> <span class='ocrx_word' id='word_1_227' title='bbox 1968 1966 2157 2020; x_wconf 69' lang='lat' dir='ltr'><strong>eodem</strong></span> <span class='ocrx_word' id='word_1_228' title='bbox 2191 1960 2235 2020; x_wconf 85' lang='grc' dir='ltr'><strong>Β</strong></span> <span class='ocrx_word' id='word_1_229' title='bbox 2266 1980 2353 2026; x_wconf 87' lang='lat' dir='ltr'><strong>tur</strong></span> <span class='ocrx_word' id='word_1_230' title='bbox 2373 1971 2680 2044; x_wconf 89' lang='lat' dir='ltr'><strong>ambiguum</strong></span> <span class='ocrx_word' id='word_1_231' title='bbox 2703 1970 2910 2028; x_wconf 89' lang='lat' dir='ltr'><strong>addidit</strong></span> <span class='ocrx_word' id='word_1_232' title='bbox 2954 1990 3058 2029; x_wconf 90' lang='lat' dir='ltr'><strong>non</strong></span> <span class='ocrx_word' id='word_1_233' title='bbox 3111 1974 3357 2041; x_wconf 88' lang='lat' dir='ltr'><strong>viduam,</strong></span> <span class='ocrx_word' id='word_1_234' title='bbox 3419 1990 3593 2047; x_wconf 88' lang='lat' dir='ltr'><strong>neque</strong></span> <span class='ocrx_word' id='word_1_235' title='bbox 3631 1973 3808 2045; x_wconf 80' lang='lat' dir='ltr'><strong>ejectam</strong></span> 
     </span>
    </p>
   </div>
   <div class='ocr_carea' id='block_1_34' title="bbox 563 2054 2155 2139">
    <p class='ocr_par' dir='ltr' id='par_1_34' title="bbox 563 2054 2155 2139">
     <span class='ocr_line' id='line_1_34' title="bbox 563 2054 2155 2139; baseline -0.007 -17"><span class='ocrx_word' id='word_1_236' title='bbox 563 2054 869 2139; x_wconf 78' lang='lat' dir='ltr'><strong>ordinatos,</strong></span> <span class='ocrx_word' id='word_1_237' title='bbox 886 2073 1074 2136; x_wconf 87' lang='lat' dir='ltr'><strong>postea</strong></span> <span class='ocrx_word' id='word_1_238' title='bbox 1100 2063 1334 2118; x_wconf 86' lang='lat' dir='ltr'><strong>voluisse</strong></span> <span class='ocrx_word' id='word_1_239' title='bbox 1363 2061 1447 2116; x_wconf 86' lang='lat' dir='ltr'><strong>vel</strong></span> <span class='ocrx_word' id='word_1_240' title='bbox 1476 2076 1619 2115; x_wconf 92' lang='lat' dir='ltr'><strong>nunc</strong></span> <span class='ocrx_word' id='word_1_241' title='bbox 1643 2059 1779 2114; x_wconf 89' lang='lat' dir='ltr'><strong>velle</strong></span> <span class='ocrx_word' id='word_1_242' title='bbox 1806 2057 2028 2123; x_wconf 92' lang='lat' dir='ltr'><strong>reverti,</strong></span> <span class='ocrx_word' id='word_1_243' title='bbox 2060 2070 2155 2111; x_wconf 91' lang='lat' dir='ltr'><strong>eos</strong></span> 
     </span>
    </p>
   </div>
   <div class='ocr_carea' id='block_1_35' title="bbox 564 2140 2153 2229">
    <p class='ocr_par' dir='ltr' id='par_1_35' title="bbox 564 2140 2153 2229">
     <span class='ocr_line' id='line_1_35' title="bbox 564 2140 2153 2229; baseline -0.008 -15"><span class='ocrx_word' id='word_1_244' title='bbox 564 2140 909 2229; x_wconf 61' lang='lat' dir='ltr'><strong>recipiendos</strong></span> <span class='ocrx_word' id='word_1_245' title='bbox 938 2171 1055 2212; x_wconf 87' lang='lat' dir='ltr'><strong>esse</strong></span> <span class='ocrx_word' id='word_1_246' title='bbox 1082 2170 1389 2220; x_wconf 91' lang='lat' dir='ltr'><strong>censemus,</strong></span> <span class='ocrx_word' id='word_1_247' title='bbox 1440 2153 1675 2206; x_wconf 81' lang='lat' dir='ltr'><strong>maxime</strong></span> <span class='ocrx_word' id='word_1_248' title='bbox 1719 2166 1841 2205; x_wconf 91' lang='lat' dir='ltr'><strong>cum</strong></span> <span class='ocrx_word' id='word_1_249' title='bbox 1869 2147 2153 2205; x_wconf 86' lang='lat' dir='ltr'><strong>memorati</strong></span> 
     </span>
    </p>
   </div>
   <div class='ocr_carea' id='block_1_36' title="bbox 572 2240 2157 2312">
    <p class='ocr_par' dir='ltr' id='par_1_36' title="bbox 572 2240 2157 2312">
     <span class='ocr_line' id='line_1_36' title="bbox 572 2240 2157 2312; baseline -0.004 -10"><span class='ocrx_word' id='word_1_250' title='bbox 572 2240 829 2305; x_wconf 77' lang='lat' dir='ltr'><strong>asserunt</strong></span> <span class='ocrx_word' id='word_1_251' title='bbox 858 2264 915 2303; x_wconf 91' lang='lat' dir='ltr'><strong>se</strong></span> <span class='ocrx_word' id='word_1_252' title='bbox 944 2249 1215 2303; x_wconf 88' lang='lat' dir='ltr'><strong>intantum</strong></span> <span class='ocrx_word' id='word_1_253' title='bbox 1280 2244 1540 2300; x_wconf 89' lang='lat' dir='ltr'><strong>anteriori</strong></span> <span class='ocrx_word' id='word_1_254' title='bbox 1591 2252 1834 2312; x_wconf 90' lang='lat' dir='ltr'><strong>tempore</strong></span> <span class='ocrx_word' id='word_1_255' title='bbox 1872 2240 2157 2297; x_wconf 92' lang='lat' dir='ltr'><strong>ordinatos</strong></span> 
     </span>
    </p>
   </div>
   <div class='ocr_carea' id='block_1_37' title="bbox 566 2337 2155 2411">
    <p class='ocr_par' dir='ltr' id='par_1_37' title="bbox 566 2337 2155 2411">
     <span class='ocr_line' id='line_1_37' title="bbox 566 2337 2155 2411; baseline -0.006 -13"><span class='ocrx_word' id='word_1_256' title='bbox 566 2342 631 2398; x_wconf 75' lang='lat' dir='ltr'><strong>Iit</strong></span> <span class='ocrx_word' id='word_1_257' title='bbox 659 2353 860 2399; x_wconf 71' lang='lat' dir='ltr'><strong>sancta:</strong></span> <span class='ocrx_word' id='word_1_258' title='bbox 886 2342 1279 2398; x_wconf 91' lang='lat' dir='ltr'><strong>recordationis</strong></span> <span class='ocrx_word' id='word_1_259' title='bbox 1306 2342 1481 2396; x_wconf 91' lang='lat' dir='ltr'><strong>virum</strong></span> <span class='ocrx_word' id='word_1_260' title='bbox 1513 2338 1819 2395; x_wconf 90' lang='lat' dir='ltr'><strong>Cornelium</strong></span> <span class='ocrx_word' id='word_1_261' title='bbox 1844 2337 2155 2411; x_wconf 88' lang='lat' dir='ltr'><strong>episcopum</strong></span> 
     </span>
    </p>
   </div>
   <div class='ocr_carea' id='block_1_38' title="bbox 569 2420 2160 2506">
    <p class='ocr_par' dir='ltr' id='par_1_38' title="bbox 569 2420 2160 2506">
     <span class='ocr_line' id='line_1_38' title="bbox 569 2420 2160 2506; baseline -0.005 -16"><span class='ocrx_word' id='word_1_262' title='bbox 569 2420 907 2506; x_wconf 71' lang='lat' dir='ltr'><strong>Syrimensis</strong></span> <span class='ocrx_word' id='word_1_263' title='bbox 949 2433 1135 2499; x_wconf 63' lang='lat' dir='ltr'><strong>urbis,~</strong></span> <span class='ocrx_word' id='word_1_264' title='bbox 1172 2447 1381 2487; x_wconf 90' lang='lat' dir='ltr'><strong>necnon</strong></span> <span class='ocrx_word' id='word_1_265' title='bbox 1411 2440 1467 2485; x_wconf 91' lang='lat' dir='ltr'><strong>et</strong></span> <span class='ocrx_word' id='word_1_266' title='bbox 1519 2429 1740 2484; x_wconf 82' lang='lat' dir='ltr'><strong>fratrem</strong></span> <span class='ocrx_word' id='word_1_267' title='bbox 1796 2437 2041 2483; x_wconf 90' lang='lat' dir='ltr'><strong>nostrum</strong></span> <span class='ocrx_word' id='word_1_268' title='bbox 2070 2425 2160 2482; x_wconf 86' lang='lat' dir='ltr'><strong>Ni-</strong></span> 
     </span>
    </p>
   </div>
   <div class='ocr_carea' id='block_1_39' title="bbox 569 2518 2159 2596">
    <p class='ocr_par' dir='ltr' id='par_1_39' title="bbox 569 2518 2159 2596">
     <span class='ocr_line' id='line_1_39' title="bbox 569 2518 2159 2596; baseline -0.008 -12"><span class='ocrx_word' id='word_1_269' title='bbox 569 2535 749 2584; x_wconf 87' lang='lat' dir='ltr'><strong>cetam</strong></span> <span class='ocrx_word' id='word_1_270' title='bbox 780 2526 1026 2596; x_wconf 88' lang='lat' dir='ltr'><strong>aliosque</strong></span> <span class='ocrx_word' id='word_1_271' title='bbox 1056 2523 1348 2580; x_wconf 89' lang='lat' dir='ltr'><strong>nonnullos</strong></span> <span class='ocrx_word' id='word_1_272' title='bbox 1375 2522 1539 2577; x_wconf 87' lang='lat' dir='ltr'><strong>fuisse</strong></span> <span class='ocrx_word' id='word_1_273' title='bbox 1568 2529 1882 2590; x_wconf 85' lang='lat' dir='ltr'><strong>praesentes,</strong></span> <span class='ocrx_word' id='word_1_274' title='bbox 1911 2535 2031 2574; x_wconf 90' lang='lat' dir='ltr'><strong>cum</strong></span> <span class='ocrx_word' id='word_1_275' title='bbox 2066 2518 2159 2573; x_wconf 85' lang='lat' dir='ltr'><strong>bo-</strong></span> 
     </span>
    </p>
   </div>
   <div class='ocr_carea' id='block_1_40' title="bbox 572 2617 2156 2688">
    <p class='ocr_par' dir='ltr' id='par_1_40' title="bbox 572 2617 2156 2688">
     <span class='ocr_line' id='line_1_40' title="bbox 572 2617 2156 2688; baseline -0.007 -12"><span class='ocrx_word' id='word_1_276' title='bbox 572 2620 800 2677; x_wconf 82' lang='lat' dir='ltr'><strong>nuribus</strong></span> <span class='ocrx_word' id='word_1_277' title='bbox 828 2634 964 2688; x_wconf 89' lang='lat' dir='ltr'><strong>quos</strong></span> <span class='ocrx_word' id='word_1_278' title='bbox 989 2632 1050 2673; x_wconf 89' lang='lat' dir='ltr'><strong>se</strong></span> <span class='ocrx_word' id='word_1_279' title='bbox 1091 2617 1295 2672; x_wconf 86' lang='lat' dir='ltr'><strong>habere</strong></span> <span class='ocrx_word' id='word_1_280' title='bbox 1325 2623 1757 2671; x_wconf 85' lang='lat' dir='ltr'><strong>commemorant</strong></span> <span class='ocrx_word' id='word_1_281' title='bbox 1806 2621 2156 2683; x_wconf 80' lang='lat' dir='ltr'><strong>augerentur.</strong></span> 
     </span>
    </p>
   </div>
   <div class='ocr_carea' id='block_1_41' title="bbox 572 2702 2159 2773">
    <p class='ocr_par' dir='ltr' id='par_1_41' title="bbox 572 2702 2159 2773">
     <span class='ocr_line' id='line_1_41' title="bbox 572 2702 2159 2773; baseline -0.008 -5"><span class='ocrx_word' id='word_1_282' title='bbox 572 2711 748 2773; x_wconf 90' lang='lat' dir='ltr'><strong>Unde,</strong></span> <span class='ocrx_word' id='word_1_283' title='bbox 804 2710 975 2765; x_wconf 89' lang='lat' dir='ltr'><strong>frater</strong></span> <span class='ocrx_word' id='word_1_284' title='bbox 1014 2708 1357 2773; x_wconf 91' lang='lat' dir='ltr'><strong>cbarissime,</strong></span> <span class='ocrx_word' id='word_1_285' title='bbox 1392 2707 1435 2761; x_wconf 90' lang='lat' dir='ltr'><strong>si</strong></span> <span class='ocrx_word' id='word_1_286' title='bbox 1480 2720 1667 2763; x_wconf 91' lang='lat' dir='ltr'><strong>eorum</strong></span> <span class='ocrx_word' id='word_1_287' title='bbox 1721 2704 1948 2760; x_wconf 89' lang='lat' dir='ltr'><strong>assertio</strong></span> <span class='ocrx_word' id='word_1_288' title='bbox 1995 2702 2159 2764; x_wconf 75' lang='lat' dir='ltr'><strong>ﬁdem</strong></span> 
     </span>
    </p>
   </div>
   <div class='ocr_carea' id='block_1_42' title="bbox 574 2793 2157 2874">
    <p class='ocr_par' dir='ltr' id='par_1_42' title="bbox 574 2793 2157 2874">
     <span class='ocr_line' id='line_1_42' title="bbox 574 2793 2157 2874; baseline -0.009 -14"><span class='ocrx_word' id='word_1_289' title='bbox 574 2803 772 2874; x_wconf 85' lang='lat' dir='ltr'><strong>recipit</strong></span> <span class='ocrx_word' id='word_1_290' title='bbox 800 2802 939 2864; x_wconf 88' lang='lat' dir='ltr'><strong>veri,</strong></span> <span class='ocrx_word' id='word_1_291' title='bbox 969 2798 1345 2868; x_wconf 89' lang='lat' dir='ltr'><strong>suscipiendos</strong></span> <span class='ocrx_word' id='word_1_292' title='bbox 1386 2810 1507 2851; x_wconf 90' lang='lat' dir='ltr'><strong>esse</strong></span> <span class='ocrx_word' id='word_1_293' title='bbox 1538 2793 1813 2865; x_wconf 77' lang='lat' dir='ltr'><strong>ambigere</strong></span> <span class='ocrx_word' id='word_1_294' title='bbox 1843 2809 1947 2848; x_wconf 91' lang='lat' dir='ltr'><strong>non</strong></span> <span class='ocrx_word' id='word_1_295' title='bbox 1970 2793 2157 2857; x_wconf 88' lang='lat' dir='ltr'><strong>debes,</strong></span> 
     </span>
    </p>
   </div>
   <div class='ocr_carea' id='block_1_43' title="bbox 572 2885 2158 2965">
    <p class='ocr_par' dir='ltr' id='par_1_43' title="bbox 572 2885 2158 2965">
     <span class='ocr_line' id='line_1_43' title="bbox 572 2885 2158 2965; baseline -0.006 -16"><span class='ocrx_word' id='word_1_296' title='bbox 572 2890 712 2965; x_wconf 78' lang='lat' dir='ltr'><strong>quos</strong></span> <span class='ocrx_word' id='word_1_297' title='bbox 742 2891 927 2947; x_wconf 89' lang='lat' dir='ltr'><strong>tandiu</strong></span> <span class='ocrx_word' id='word_1_298' title='bbox 958 2891 1234 2947; x_wconf 85' lang='lat' dir='ltr'><strong>Ecclesias</strong></span> <span class='ocrx_word' id='word_1_299' title='bbox 1266 2888 1369 2944; x_wconf 85' lang='lat' dir='ltr'><strong>sibi</strong></span> <span class='ocrx_word' id='word_1_300' title='bbox 1396 2888 1632 2943; x_wconf 88' lang='lat' dir='ltr'><strong>creditas</strong></span> <span class='ocrx_word' id='word_1_301' title='bbox 1654 2902 1844 2956; x_wconf 92' lang='lat' dir='ltr'><strong>passus</strong></span> <span class='ocrx_word' id='word_1_302' title='bbox 1892 2893 1977 2940; x_wconf 92' lang='lat' dir='ltr'><strong>est</strong></span> <span class='ocrx_word' id='word_1_303' title='bbox 2025 2885 2158 2941; x_wconf 89' lang='lat' dir='ltr'><strong>reti-</strong></span> 
     </span>
    </p>
   </div>
   <div class='ocr_carea' id='block_1_44' title="bbox 571 3001 2088 3147">
    <p class='ocr_par' dir='ltr' id='par_1_44' title="bbox 571 3001 2088 3147">
     <span class='ocr_line' id='line_1_44' title="bbox 571 3001 2088 3147; baseline -0.007 -15"><span class='ocrx_word' id='word_1_304' title='bbox 571 3001 786 3131; x_wconf 41' lang='lat' dir='ltr'><strong>Imitem</strong></span> <span class='ocrx_word' id='word_1_305' title='bbox 812 3074 1032 3147; x_wconf 80' lang='lat' dir='ltr'><strong>epistola</strong></span> <span class='ocrx_word' id='word_1_306' title='bbox 1071 3074 1306 3146; x_wconf 79' lang='lat' dir='ltr'><strong>ejusdem</strong></span> <span class='ocrx_word' id='word_1_307' title='bbox 1333 3072 1402 3126; x_wconf 89' lang='lat' dir='ltr'><strong>ad</strong></span> <span class='ocrx_word' id='word_1_308' title='bbox 1445 3071 1709 3143; x_wconf 80' lang='lat' dir='ltr'><strong>episcOpos</strong></span> <span class='ocrx_word' id='word_1_309' title='bbox 1739 3067 2088 3123; x_wconf 63' lang='lat' dir='ltr'><strong>Macedonia.</strong></span> 
     </span>
    </p>
   </div>
   <div class='ocr_carea' id='block_1_45' title="bbox 649 3160 2160 3235">
    <p class='ocr_par' dir='ltr' id='par_1_45' title="bbox 649 3160 2160 3235">
     <span class='ocr_line' id='line_1_45' title="bbox 649 3160 2160 3235; baseline -0.008 -10"><span class='ocrx_word' id='word_1_310' title='bbox 649 3169 703 3225; x_wconf 76' lang='lat' dir='ltr'><strong>l.</strong></span> <span class='ocrx_word' id='word_1_311' title='bbox 736 3167 809 3225; x_wconf 89' lang='lat' dir='ltr'><strong>Ut</strong></span> <span class='ocrx_word' id='word_1_312' title='bbox 850 3167 897 3223; x_wconf 88' lang='lat' dir='ltr'><strong>si</strong></span> <span class='ocrx_word' id='word_1_313' title='bbox 927 3167 1204 3231; x_wconf 88' lang='lat' dir='ltr'><strong>sacerdos,</strong></span> <span class='ocrx_word' id='word_1_314' title='bbox 1245 3165 1329 3220; x_wconf 92' lang='lat' dir='ltr'><strong>vel</strong></span> <span class='ocrx_word' id='word_1_315' title='bbox 1372 3163 1600 3235; x_wconf 88' lang='lat' dir='ltr'><strong>quilibet</strong></span> <span class='ocrx_word' id='word_1_316' title='bbox 1645 3177 1711 3218; x_wconf 81' lang='lat' dir='ltr'><strong>ex</strong></span> <span class='ocrx_word' id='word_1_317' title='bbox 1742 3162 1906 3226; x_wconf 88' lang='lat' dir='ltr'><strong>clero,</strong></span> <span class='ocrx_word' id='word_1_318' title='bbox 1940 3160 2160 3215; x_wconf 88' lang='lat' dir='ltr'><strong>viduam</strong></span> 
     </span>
    </p>
   </div>
   <div class='ocr_carea' id='block_1_46' title="bbox 573 3248 2163 3324">
    <p class='ocr_par' dir='ltr' id='par_1_46' title="bbox 573 3248 2163 3324">
     <span class='ocr_line' id='line_1_46' title="bbox 573 3248 2163 3324; baseline -0.007 -7"><span class='ocrx_word' id='word_1_319' title='bbox 573 3260 801 3317; x_wconf 76' lang='lat' dir='ltr'><strong>uxorem</strong></span> <span class='ocrx_word' id='word_1_320' title='bbox 856 3258 1093 3324; x_wconf 81' lang='lat' dir='ltr'><strong>duxerit,</strong></span> <span class='ocrx_word' id='word_1_321' title='bbox 1134 3256 1218 3312; x_wconf 89' lang='lat' dir='ltr'><strong>vel</strong></span> <span class='ocrx_word' id='word_1_322' title='bbox 1276 3255 1530 3321; x_wconf 89' lang='lat' dir='ltr'><strong>eiectam,</strong></span> <span class='ocrx_word' id='word_1_323' title='bbox 1598 3267 1755 3310; x_wconf 92' lang='lat' dir='ltr'><strong>suum</strong></span> <span class='ocrx_word' id='word_1_324' title='bbox 1817 3252 2012 3323; x_wconf 88' lang='lat' dir='ltr'><strong>perdat</strong></span> <span class='ocrx_word' id='word_1_325' title='bbox 2053 3248 2163 3307; x_wconf 69' lang='lat' dir='ltr'><strong>oli-</strong></span> 
     </span>
    </p>
   </div>
   <div class='ocr_carea' id='block_1_47' title="bbox 574 3350 865 3409">
    <p class='ocr_par' dir='ltr' id='par_1_47' title="bbox 574 3350 865 3409">
     <span class='ocr_line' id='line_1_47' title="bbox 574 3350 865 3409; baseline -0.003 0"><span class='ocrx_word' id='word_1_326' title='bbox 574 3351 743 3409; x_wconf 84' lang='lat' dir='ltr'><strong>cium.</strong></span> <span class='ocrx_word' id='word_1_327' title='bbox 862 3350 865 3353; x_wconf 77' lang='grc'><em>’</em></span> 
     </span>
    </p>
   </div>
   <div class='ocr_carea' id='block_1_48' title="bbox 648 3438 2168 3514">
    <p class='ocr_par' dir='ltr' id='par_1_48' title="bbox 648 3438 2168 3514">
     <span class='ocr_line' id='line_1_48' title="bbox 648 3438 2168 3514; baseline -0.005 -15"><span class='ocrx_word' id='word_1_328' title='bbox 648 3445 705 3500; x_wconf 76' lang='grc'><strong>2.</strong></span> <span class='ocrx_word' id='word_1_329' title='bbox 731 3444 866 3500; x_wconf 84' lang='lat' dir='ltr'><strong>Utsi</strong></span> <span class='ocrx_word' id='word_1_330' title='bbox 890 3443 1011 3514; x_wconf 91' lang='lat' dir='ltr'><strong>quis</strong></span> <span class='ocrx_word' id='word_1_331' title='bbox 1046 3442 1471 3497; x_wconf 79' lang='lat' dir='ltr'><strong>catechumenos</strong></span> <span class='ocrx_word' id='word_1_332' title='bbox 1511 3438 1765 3493; x_wconf 86' lang='lat' dir='ltr'><strong>habuerit</strong></span> <span class='ocrx_word' id='word_1_333' title='bbox 1809 3449 2059 3501; x_wconf 82' lang='lat' dir='ltr'><strong>uxorem,</strong></span> <span class='ocrx_word' id='word_1_334' title='bbox 2110 3443 2168 3492; x_wconf 88' lang='lat' dir='ltr'><strong>ct</strong></span> 
     </span>
    </p>
   </div>
   <div class='ocr_carea' id='block_1_49' title="bbox 579 3528 2165 3608">
    <p class='ocr_par' dir='ltr' id='par_1_49' title="bbox 579 3528 2165 3608">
     <span class='ocr_line' id='line_1_49' title="bbox 579 3528 2165 3608; baseline -0.008 -13"><span class='ocrx_word' id='word_1_335' title='bbox 579 3538 835 3595; x_wconf 88' lang='lat' dir='ltr'><strong>defuncta</strong></span> <span class='ocrx_word' id='word_1_336' title='bbox 858 3554 921 3593; x_wconf 92' lang='lat' dir='ltr'><strong>ea</strong></span> <span class='ocrx_word' id='word_1_337' title='bbox 949 3545 1071 3608; x_wconf 91' lang='lat' dir='ltr'><strong>post</strong></span> <span class='ocrx_word' id='word_1_338' title='bbox 1100 3535 1423 3605; x_wconf 89' lang='lat' dir='ltr'><strong>baptismum</strong></span> <span class='ocrx_word' id='word_1_339' title='bbox 1456 3532 1727 3602; x_wconf 86' lang='lat' dir='ltr'><strong>acceperit</strong></span> <span class='ocrx_word' id='word_1_340' title='bbox 1772 3531 2023 3594; x_wconf 89' lang='lat' dir='ltr'><strong>alteram,</strong></span> <span class='ocrx_word' id='word_1_341' title='bbox 2054 3528 2165 3584; x_wconf 92' lang='lat' dir='ltr'><strong>cle-</strong></span> 
     </span>
    </p>
   </div>
   <div class='ocr_carea' id='block_1_50' title="bbox 580 3622 1531 3704">
    <p class='ocr_par' dir='ltr' id='par_1_50' title="bbox 580 3622 1531 3704">
     <span class='ocr_line' id='line_1_50' title="bbox 580 3622 1531 3704; baseline -0.009 -12"><span class='ocrx_word' id='word_1_342' title='bbox 580 3634 730 3692; x_wconf 87' lang='lat' dir='ltr'><strong>ricus</strong></span> <span class='ocrx_word' id='word_1_343' title='bbox 756 3650 876 3691; x_wconf 87' lang='lat' dir='ltr'><strong>esse</strong></span> <span class='ocrx_word' id='word_1_344' title='bbox 907 3649 1013 3689; x_wconf 93' lang='lat' dir='ltr'><strong>non</strong></span> <span class='ocrx_word' id='word_1_345' title='bbox 1045 3630 1236 3704; x_wconf 89' lang='lat' dir='ltr'><strong>possit.</strong></span> <span class='ocrx_word' id='word_1_346' title='bbox 1520 3622 1531 3635; x_wconf 77' lang='lat'>&#39;</span> 
     </span>
    </p>
   </div>
   <div class='ocr_carea' id='block_1_51' title="bbox 653 3716 2175 3796">
    <p class='ocr_par' dir='ltr' id='par_1_51' title="bbox 653 3716 2175 3796">
     <span class='ocr_line' id='line_1_51' title="bbox 653 3716 2175 3796; baseline -0.009 -13"><span class='ocrx_word' id='word_1_347' title='bbox 653 3729 707 3784; x_wconf 79' lang='lat'><strong>&#39;5.</strong></span> <span class='ocrx_word' id='word_1_348' title='bbox 741 3725 895 3796; x_wconf 84' lang='lat' dir='ltr'><strong>Quod</strong></span> <span class='ocrx_word' id='word_1_349' title='bbox 943 3740 1050 3781; x_wconf 88' lang='lat' dir='ltr'><strong>non</strong></span> <span class='ocrx_word' id='word_1_350' title='bbox 1076 3723 1434 3778; x_wconf 78' lang='lat' dir='ltr'><strong>admittuntur</strong></span> <span class='ocrx_word' id='word_1_351' title='bbox 1465 3719 1671 3788; x_wconf 46' lang='lat' dir='ltr'><strong>clerici-</strong></span> <span class='ocrx_word' id='word_1_352' title='bbox 1694 3718 1762 3774; x_wconf 92' lang='lat' dir='ltr'><strong>ab</strong></span> <span class='ocrx_word' id='word_1_353' title='bbox 1786 3716 2059 3773; x_wconf 58' lang='lat' dir='ltr'><strong>haereticis</strong></span> <span class='ocrx_word' id='word_1_354' title='bbox 2084 3729 2175 3771; x_wconf 86' lang='lat' dir='ltr'><strong>or-</strong></span> 
     </span>
    </p>
   </div>
   <div class='ocr_carea' id='block_1_52' title="bbox 583 3806 775 3877">
    <p class='ocr_par' dir='ltr' id='par_1_52' title="bbox 583 3806 775 3877">
     <span class='ocr_line' id='line_1_52' title="bbox 583 3806 775 3877; baseline -0.016 0"><span class='ocrx_word' id='word_1_355' title='bbox 583 3806 775 3877; x_wconf 86' lang='lat' dir='ltr'><strong>dinati.</strong></span> 
     </span>
    </p>
   </div>
   <div class='ocr_carea' id='block_1_53' title="bbox 600 3898 2180 3985">
    <p class='ocr_par' dir='ltr' id='par_1_53' title="bbox 600 3898 2180 3985">
     <span class='ocr_line' id='line_1_53' title="bbox 600 3898 2180 3985; baseline -0.009 -18"><span class='ocrx_word' id='word_1_356' title='bbox 600 3982 605 3983; x_wconf 15' lang='grc' dir='ltr'><em>γ</em></span> <span class='ocrx_word' id='word_1_357' title='bbox 655 3913 816 3985; x_wconf 78' lang='lat'><strong>176</strong></span> <span class='ocrx_word' id='word_1_358' title='bbox 847 3910 907 3968; x_wconf 74' lang='grc'><strong>4.</strong></span> <span class='ocrx_word' id='word_1_359' title='bbox 935 3907 1107 3978; x_wconf 84' lang='lat' dir='ltr'><strong>Quod,</strong></span> <span class='ocrx_word' id='word_1_360' title='bbox 1142 3908 1194 3962; x_wconf 92' lang='lat' dir='ltr'><strong>in</strong></span> <span class='ocrx_word' id='word_1_361' title='bbox 1224 3904 1656 3961; x_wconf 89' lang='lat' dir='ltr'><strong>ordinationibus</strong></span> <span class='ocrx_word' id='word_1_362' title='bbox 1699 3901 1927 3958; x_wconf 91' lang='lat' dir='ltr'><strong>crimina</strong></span> <span class='ocrx_word' id='word_1_363' title='bbox 1968 3899 2056 3955; x_wconf 87' lang='lat' dir='ltr'><strong>vel</strong></span> <span class='ocrx_word' id='word_1_364' title='bbox 2097 3898 2180 3953; x_wconf 78' lang='lat' dir='ltr'><strong>vi-</strong></span> 
     </span>
    </p>
   </div>
   <div class='ocr_carea' id='block_1_54' title="bbox 581 3993 1556 4066">
    <p class='ocr_par' dir='ltr' id='par_1_54' title="bbox 581 3993 1556 4066">
     <span class='ocr_line' id='line_1_54' title="bbox 581 3993 1556 4066; baseline -0.011 -9"><span class='ocrx_word' id='word_1_365' title='bbox 581 4008 680 4066; x_wconf 81' lang='lat' dir='ltr'><strong>tia,</strong></span> <span class='ocrx_word' id='word_1_366' title='bbox 708 4016 814 4055; x_wconf 86' lang='lat' dir='ltr'><strong>non</strong></span> <span class='ocrx_word' id='word_1_367' title='bbox 846 4000 982 4054; x_wconf 89' lang='lat' dir='ltr'><strong>bene</strong></span> <span class='ocrx_word' id='word_1_368' title='bbox 1012 3997 1306 4053; x_wconf 87' lang='lat' dir='ltr'><strong>credantur</strong></span> <span class='ocrx_word' id='word_1_369' title='bbox 1333 3993 1556 4048; x_wconf 91' lang='lat' dir='ltr'><strong>auferri.</strong></span> 
     </span>
    </p>
   </div>
   <div class='ocr_carea' id='block_1_55' title="bbox 606 4082 2180 4160">
    <p class='ocr_par' dir='ltr' id='par_1_55' title="bbox 606 4082 2180 4160">
     <span class='ocr_line' id='line_1_55' title="bbox 606 4082 2180 4160; baseline -0.005 -12"><span class='ocrx_word' id='word_1_370' title='bbox 606 4082 611 4087; x_wconf 65' lang='grc'><strong>’</strong></span> <span class='ocrx_word' id='word_1_371' title='bbox 657 4093 710 4148; x_wconf 82' lang='lat'><strong>5.</strong></span> <span class='ocrx_word' id='word_1_372' title='bbox 754 4092 906 4159; x_wconf 88' lang='lat' dir='ltr'><strong>Quod</strong></span> <span class='ocrx_word' id='word_1_373' title='bbox 930 4090 1173 4160; x_wconf 90' lang='lat' dir='ltr'><strong>hi,quia</strong></span> <span class='ocrx_word' id='word_1_374' title='bbox 1206 4088 1419 4142; x_wconf 88' lang='lat' dir='ltr'><strong>Bonoso</strong></span> <span class='ocrx_word' id='word_1_375' title='bbox 1446 4084 1703 4140; x_wconf 69' lang='lat' dir='ltr'><strong>breretico</strong></span> <span class='ocrx_word' id='word_1_376' title='bbox 1742 4083 1977 4139; x_wconf 90' lang='lat' dir='ltr'><strong>ordinati</strong></span> <span class='ocrx_word' id='word_1_377' title='bbox 2032 4094 2180 4151; x_wconf 91' lang='lat' dir='ltr'><strong>sunt,</strong></span> 
     </span>
    </p>
   </div>
   <div class='ocr_carea' id='block_1_56' title="bbox 589 4176 2180 4255">
    <p class='ocr_par' dir='ltr' id='par_1_56' title="bbox 589 4176 2180 4255">
     <span class='ocr_line' id='line_1_56' title="bbox 589 4176 2180 4255; baseline -0.003 -17"><span class='ocrx_word' id='word_1_378' title='bbox 589 4192 879 4255; x_wconf 87' lang='lat' dir='ltr'><strong>propterea</strong></span> <span class='ocrx_word' id='word_1_379' title='bbox 904 4181 1013 4237; x_wconf 87' lang='lat' dir='ltr'><strong>sint</strong></span> <span class='ocrx_word' id='word_1_380' title='bbox 1042 4181 1262 4251; x_wconf 88' lang='lat' dir='ltr'><strong>recepti,</strong></span> <span class='ocrx_word' id='word_1_381' title='bbox 1291 4194 1359 4235; x_wconf 90' lang='lat' dir='ltr'><strong>ne</strong></span> <span class='ocrx_word' id='word_1_382' title='bbox 1392 4176 1701 4234; x_wconf 86' lang='lat' dir='ltr'><strong>scandalum</strong></span> <span class='ocrx_word' id='word_1_383' title='bbox 1730 4188 2034 4234; x_wconf 88' lang='lat' dir='ltr'><strong>remaneret</strong></span> <span class='ocrx_word' id='word_1_384' title='bbox 2075 4176 2180 4234; x_wconf 88' lang='lat' dir='ltr'><strong>Ec-</strong></span> 
     </span>
    </p>
   </div>
   <div class='ocr_carea' id='block_1_57' title="bbox 594 4260 795 4352">
    <p class='ocr_par' dir='ltr' id='par_1_57' title="bbox 594 4260 795 4352">
     <span class='ocr_line' id='line_1_57' title="bbox 594 4260 795 4352; baseline 0 -25"><span class='ocrx_word' id='word_1_385' title='bbox 594 4260 795 4352; x_wconf 73' lang='lat' dir='ltr'><strong>clesim.</strong></span> 
     </span>
    </p>
   </div>
   <div class='ocr_carea' id='block_1_58' title="bbox 663 4367 2185 4443">
    <p class='ocr_par' dir='ltr' id='par_1_58' title="bbox 663 4367 2185 4443">
     <span class='ocr_line' id='line_1_58' title="bbox 663 4367 2185 4443; baseline -0.004 -14"><span class='ocrx_word' id='word_1_386' title='bbox 663 4371 720 4429; x_wconf 84' lang='lat'><strong>6.</strong></span> <span class='ocrx_word' id='word_1_387' title='bbox 756 4372 910 4441; x_wconf 85' lang='lat' dir='ltr'><strong>Quod</strong></span> <span class='ocrx_word' id='word_1_388' title='bbox 951 4371 1003 4428; x_wconf 91' lang='lat' dir='ltr'><strong>in</strong></span> <span class='ocrx_word' id='word_1_389' title='bbox 1024 4372 1268 4429; x_wconf 88' lang='lat' dir='ltr'><strong>Ecclesia</strong></span> <span class='ocrx_word' id='word_1_390' title='bbox 1295 4378 1580 4443; x_wconf 80' lang='lat' dir='ltr'><strong>peccatum</strong></span> <span class='ocrx_word' id='word_1_391' title='bbox 1608 4368 1791 4440; x_wconf 84' lang='lat' dir='ltr'><strong>ponuli</strong></span> <span class='ocrx_word' id='word_1_392' title='bbox 1817 4367 2048 4423; x_wconf 91' lang='lat' dir='ltr'><strong>multum</strong></span> <span class='ocrx_word' id='word_1_393' title='bbox 2091 4382 2185 4423; x_wconf 84' lang='lat' dir='ltr'><strong>so-</strong></span> 
     </span>
    </p>
   </div>
   <div class='ocr_carea' id='block_1_59' title="bbox 586 4450 1022 4533">
    <p class='ocr_par' dir='ltr' id='par_1_59' title="bbox 586 4450 1022 4533">
     <span class='ocr_line' id='line_1_59' title="bbox 586 4450 1022 4533; baseline -0.005 -13"><span class='ocrx_word' id='word_1_394' title='bbox 586 4450 697 4533; x_wconf 64' lang='lat' dir='ltr'><strong>leat</strong></span> <span class='ocrx_word' id='word_1_395' title='bbox 720 4478 1022 4522; x_wconf 84' lang='lat' dir='ltr'><strong>remanere.</strong></span> 
     </span>
    </p>
   </div>
   <div class='ocr_carea' id='block_1_60' title="bbox 2263 2063 3808 2139">
    <p class='ocr_par' dir='ltr' id='par_1_60' title="bbox 2263 2063 3808 2139">
     <span class='ocr_line' id='line_1_60' title="bbox 2263 2063 3808 2139; baseline 0.003 -22"><span class='ocrx_word' id='word_1_396' title='bbox 2263 2063 2480 2135; x_wconf 78' lang='lat' dir='ltr'><strong>(Ezech.</strong></span> <span class='ocrx_word' id='word_1_397' title='bbox 2516 2081 2659 2131; x_wconf 69' lang='grc' dir='ltr'><strong>κων,</strong></span> <span class='ocrx_word' id='word_1_398' title='bbox 2688 2065 2800 2136; x_wconf 72' lang='lat'><strong>52).</strong></span> <span class='ocrx_word' id='word_1_399' title='bbox 2835 2084 2854 2117; x_wconf 75' lang='grc' dir='ltr'><strong><em>ι</em></strong></span> <span class='ocrx_word' id='word_1_400' title='bbox 2891 2064 3089 2121; x_wconf 87' lang='lat' dir='ltr'><strong>Contra</strong></span> <span class='ocrx_word' id='word_1_401' title='bbox 3131 2069 3273 2137; x_wconf 92' lang='lat' dir='ltr'><strong>quod</strong></span> <span class='ocrx_word' id='word_1_402' title='bbox 3305 2075 3633 2139; x_wconf 75' lang='lat' dir='ltr'><strong>praeceptum</strong></span> <span class='ocrx_word' id='word_1_403' title='bbox 3672 2066 3808 2121; x_wconf 76' lang='lat' dir='ltr'><strong>divina</strong></span> 
     </span>
    </p>
   </div>
   <div class='ocr_carea' id='block_1_61' title="bbox 2265 2155 3809 2213">
    <p class='ocr_par' dir='ltr' id='par_1_61' title="bbox 2265 2155 3809 2213">
     <span class='ocr_line' id='line_1_61' title="bbox 2265 2155 3809 2213; baseline 0.001 -4"><span class='ocrx_word' id='word_1_404' title='bbox 2265 2156 2589 2210; x_wconf 89' lang='lat' dir='ltr'><strong>auctoritate</strong></span> <span class='ocrx_word' id='word_1_405' title='bbox 2611 2156 2898 2210; x_wconf 72' lang='lat' dir='ltr'><strong>subnixum</strong></span> <span class='ocrx_word' id='word_1_406' title='bbox 2930 2157 3075 2211; x_wconf 91' lang='lat' dir='ltr'><strong>nulla</strong></span> <span class='ocrx_word' id='word_1_407' title='bbox 3098 2157 3343 2213; x_wconf 83' lang='lat' dir='ltr'><strong>defensio</strong></span> <span class='ocrx_word' id='word_1_408' title='bbox 3372 2158 3612 2213; x_wconf 89' lang='lat' dir='ltr'><strong>mandati</strong></span> <span class='ocrx_word' id='word_1_409' title='bbox 3635 2155 3809 2211; x_wconf 72' lang='lat' dir='ltr'><strong>alterius</strong></span> 
     </span>
    </p>
   </div>
   <div class='ocr_carea' id='block_1_62' title="bbox 2262 2232 3807 2320">
    <p class='ocr_par' dir='ltr' id='par_1_62' title="bbox 2262 2232 3807 2320">
     <span class='ocr_line' id='line_1_62' title="bbox 2262 2232 3807 2320; baseline 0.002 -20"><span class='ocrx_word' id='word_1_410' title='bbox 2262 2245 2571 2315; x_wconf 90' lang='lat' dir='ltr'><strong>opponitur,</strong></span> <span class='ocrx_word' id='word_1_411' title='bbox 2599 2246 2698 2300; x_wconf 91' lang='lat' dir='ltr'><strong>nisi</strong></span> <span class='ocrx_word' id='word_1_412' title='bbox 2724 2232 3058 2301; x_wconf 82' lang='lat' dir='ltr'><strong>consuetudo</strong></span> <span class='ocrx_word' id='word_1_413' title='bbox 3081 2257 3286 2313; x_wconf 90' lang='lat' dir='ltr'><strong>vestra,</strong></span> <span class='ocrx_word' id='word_1_414' title='bbox 3314 2265 3464 2320; x_wconf 62' lang='lat' dir='ltr'><strong>qure.</strong></span> <span class='ocrx_word' id='word_1_415' title='bbox 3516 2255 3577 2303; x_wconf 91' lang='lat' dir='ltr'><strong>ut</strong></span> <span class='ocrx_word' id='word_1_416' title='bbox 3602 2247 3689 2320; x_wconf 89' lang='lat' dir='ltr'><strong>ipsi</strong></span> <span class='ocrx_word' id='word_1_417' title='bbox 3713 2245 3807 2303; x_wconf 73' lang='lat' dir='ltr'><strong>fate-</strong></span> 
     </span>
    </p>
   </div>
   <div class='ocr_carea' id='block_1_63' title="bbox 2263 2336 3808 2412">
    <p class='ocr_par' dir='ltr' id='par_1_63' title="bbox 2263 2336 3808 2412">
     <span class='ocr_line' id='line_1_63' title="bbox 2263 2336 3808 2412; baseline 0.003 -22"><span class='ocrx_word' id='word_1_418' title='bbox 2263 2336 2416 2400; x_wconf 91' lang='lat' dir='ltr'><strong>mini,</strong></span> <span class='ocrx_word' id='word_1_419' title='bbox 2457 2351 2522 2391; x_wconf 84' lang='lat' dir='ltr'><strong>ex</strong></span> <span class='ocrx_word' id='word_1_420' title='bbox 2548 2337 2848 2409; x_wconf 87' lang='lat' dir='ltr'><strong>ignorantia</strong></span> <span class='ocrx_word' id='word_1_421' title='bbox 2875 2344 2955 2406; x_wconf 90' lang='lat' dir='ltr'><strong>(ut</strong></span> <span class='ocrx_word' id='word_1_422' title='bbox 2992 2340 3356 2397; x_wconf 87' lang='lat' dir='ltr'><strong>verecundius</strong></span> <span class='ocrx_word' id='word_1_423' title='bbox 3384 2339 3602 2412; x_wconf 87' lang='lat' dir='ltr'><strong>dicam),</strong></span> <span class='ocrx_word' id='word_1_424' title='bbox 3631 2353 3721 2395; x_wconf 85' lang='lat' dir='ltr'><strong>non</strong></span> <span class='ocrx_word' id='word_1_425' title='bbox 3758 2352 3808 2394; x_wconf 77' lang='lat' dir='ltr'><strong>ex</strong></span> 
     </span>
    </p>
   </div>
   <div class='ocr_carea' id='block_1_64' title="bbox 2264 2429 3804 2504">
    <p class='ocr_par' dir='ltr' id='par_1_64' title="bbox 2264 2429 3804 2504">
     <span class='ocr_line' id='line_1_64' title="bbox 2264 2429 3804 2504; baseline 0.003 -22"><span class='ocrx_word' id='word_1_426' title='bbox 2264 2429 2555 2498; x_wconf 90' lang='lat' dir='ltr'><strong>apostolica</strong></span> <span class='ocrx_word' id='word_1_427' title='bbox 2584 2431 2868 2486; x_wconf 87' lang='lat' dir='ltr'><strong>traditione</strong></span> <span class='ocrx_word' id='word_1_428' title='bbox 2892 2440 2945 2487; x_wconf 91' lang='lat' dir='ltr'><strong>et</strong></span> <span class='ocrx_word' id='word_1_429' title='bbox 2968 2433 3173 2488; x_wconf 90' lang='lat' dir='ltr'><strong>ratione</strong></span> <span class='ocrx_word' id='word_1_430' title='bbox 3213 2433 3453 2504; x_wconf 83' lang='lat' dir='ltr'><strong>integra.</strong></span> <span class='ocrx_word' id='word_1_431' title='bbox 3509 2440 3691 2490; x_wconf 79' lang='lat' dir='ltr'><strong>statuta</strong></span> <span class='ocrx_word' id='word_1_432' title='bbox 3729 2439 3804 2487; x_wconf 86' lang='lat' dir='ltr'><strong>est.</strong></span> 
     </span>
    </p>
   </div>
   <div class='ocr_carea' id='block_1_65' title="bbox 2264 2514 3806 2593">
    <p class='ocr_par' dir='ltr' id='par_1_65' title="bbox 2264 2514 3806 2593">
     <span class='ocr_line' id='line_1_65' title="bbox 2264 2514 3806 2593; baseline 0.001 -19"><span class='ocrx_word' id='word_1_433' title='bbox 2264 2514 2374 2575; x_wconf 87' lang='lat' dir='ltr'><strong>Nos</strong></span> <span class='ocrx_word' id='word_1_434' title='bbox 2386 2532 2563 2575; x_wconf 92' lang='lat' dir='ltr'><strong>autem</strong></span> <span class='ocrx_word' id='word_1_435' title='bbox 2578 2536 2764 2577; x_wconf 91' lang='lat' dir='ltr'><strong>omnes</strong></span> <span class='ocrx_word' id='word_1_436' title='bbox 2777 2524 2867 2593; x_wconf 90' lang='lat' dir='ltr'><strong>qui</strong></span> <span class='ocrx_word' id='word_1_437' title='bbox 2885 2538 2980 2593; x_wconf 92' lang='lat' dir='ltr'><strong>per</strong></span> <span class='ocrx_word' id='word_1_438' title='bbox 2993 2523 3266 2579; x_wconf 89' lang='lat' dir='ltr'><strong>Orientem</strong></span> <span class='ocrx_word' id='word_1_439' title='bbox 3282 2522 3720 2592; x_wconf 83' lang='lat' dir='ltr'><strong>Occidentemque</strong></span> <span class='ocrx_word' id='word_1_440' title='bbox 3731 2521 3806 2576; x_wconf 80' lang='lat' dir='ltr'><strong>Eo-</strong></span> 
     </span>
    </p>
   </div>
   <div class='ocr_carea' id='block_1_66' title="bbox 2265 2606 3806 2685">
    <p class='ocr_par' dir='ltr' id='par_1_66' title="bbox 2265 2606 3806 2685">
     <span class='ocr_line' id='line_1_66' title="bbox 2265 2606 3806 2685; baseline -0.001 -17"><span class='ocrx_word' id='word_1_441' title='bbox 2265 2606 2461 2669; x_wconf 85' lang='lat' dir='ltr'><strong>c1esias</strong></span> <span class='ocrx_word' id='word_1_442' title='bbox 2489 2615 2745 2685; x_wconf 90' lang='lat' dir='ltr'><strong>regimus,</strong></span> <span class='ocrx_word' id='word_1_443' title='bbox 2777 2616 2990 2671; x_wconf 90' lang='lat' dir='ltr'><strong>noverit</strong></span> <span class='ocrx_word' id='word_1_444' title='bbox 3024 2626 3202 2672; x_wconf 90' lang='lat' dir='ltr'><strong>vestra</strong></span> <span class='ocrx_word' id='word_1_445' title='bbox 3226 2617 3452 2673; x_wconf 89' lang='lat' dir='ltr'><strong>dilectio</strong></span> <span class='ocrx_word' id='word_1_446' title='bbox 3497 2616 3608 2672; x_wconf 69' lang='lat' dir='ltr'><strong>haec</strong></span> <span class='ocrx_word' id='word_1_447' title='bbox 3642 2613 3806 2685; x_wconf 81' lang='lat' dir='ltr'><strong>penitus</strong></span> 
     </span>
    </p>
   </div>
   <div class='ocr_carea' id='block_1_67' title="bbox 2266 2704 3807 2770">
    <p class='ocr_par' dir='ltr' id='par_1_67' title="bbox 2266 2704 3807 2770">
     <span class='ocr_line' id='line_1_67' title="bbox 2266 2704 3807 2770; baseline 0 -11"><span class='ocrx_word' id='word_1_448' title='bbox 2266 2720 2371 2759; x_wconf 93' lang='lat' dir='ltr'><strong>non</strong></span> <span class='ocrx_word' id='word_1_449' title='bbox 2406 2706 2712 2770; x_wconf 90' lang='lat' dir='ltr'><strong>admittere.</strong></span> <span class='ocrx_word' id='word_1_450' title='bbox 2741 2722 2841 2763; x_wconf 91' lang='lat' dir='ltr'><strong>nec</strong></span> <span class='ocrx_word' id='word_1_451' title='bbox 2868 2708 2933 2761; x_wconf 91' lang='lat' dir='ltr'><strong>ad</strong></span> <span class='ocrx_word' id='word_1_452' title='bbox 2962 2708 3211 2763; x_wconf 91' lang='lat' dir='ltr'><strong>ultimum</strong></span> <span class='ocrx_word' id='word_1_453' title='bbox 3248 2708 3605 2766; x_wconf 87' lang='lat' dir='ltr'><strong>ecclesiastici</strong></span> <span class='ocrx_word' id='word_1_454' title='bbox 3647 2704 3807 2759; x_wconf 75' lang='lat' dir='ltr'><strong>ordinis</strong></span> 
     </span>
    </p>
   </div>
   <div class='ocr_carea' id='block_1_68' title="bbox 2265 2794 3804 2870">
    <p class='ocr_par' dir='ltr' id='par_1_68' title="bbox 2265 2794 3804 2870">
     <span class='ocr_line' id='line_1_68' title="bbox 2265 2794 3804 2870; baseline 0.001 -20"><span class='ocrx_word' id='word_1_455' title='bbox 2265 2794 2444 2851; x_wconf 91' lang='lat' dir='ltr'><strong>locum</strong></span> <span class='ocrx_word' id='word_1_456' title='bbox 2468 2797 2601 2853; x_wconf 89' lang='lat' dir='ltr'><strong>tales</strong></span> <span class='ocrx_word' id='word_1_457' title='bbox 2628 2813 2924 2867; x_wconf 85' lang='lat' dir='ltr'><strong>assumere,</strong></span> <span class='ocrx_word' id='word_1_458' title='bbox 2949 2808 3023 2868; x_wconf 89' lang='lat' dir='ltr'><strong>et,</strong></span> <span class='ocrx_word' id='word_1_459' title='bbox 3062 2800 3107 2856; x_wconf 89' lang='lat' dir='ltr'><strong>si</strong></span> <span class='ocrx_word' id='word_1_460' title='bbox 3149 2800 3355 2870; x_wconf 84' lang='lat' dir='ltr'><strong>reperti</strong></span> <span class='ocrx_word' id='word_1_461' title='bbox 3389 2799 3607 2861; x_wconf 79' lang='lat' dir='ltr'><strong>fuerint.</strong></span> <span class='ocrx_word' id='word_1_462' title='bbox 3638 2797 3804 2856; x_wconf 83' lang='lat' dir='ltr'><strong>submo-</strong></span> 
     </span>
    </p>
   </div>
   <div class='ocr_carea' id='block_1_69' title="bbox 2266 2895 3170 2944">
    <p class='ocr_par' dir='ltr' id='par_1_69' title="bbox 2266 2895 3170 2944">
     <span class='ocr_line' id='line_1_69' title="bbox 2266 2895 3170 2944; baseline -0.002 -1"><span class='ocrx_word' id='word_1_463' title='bbox 2266 2902 2414 2944; x_wconf 88' lang='lat' dir='ltr'><strong>vere.</strong></span> <span class='ocrx_word' id='word_1_464' title='bbox 3165 2895 3170 2899; x_wconf 70' lang='grc'><em>’</em></span> 
     </span>
    </p>
   </div>
   <div class='ocr_carea' id='block_1_70' title="bbox 2336 2980 3802 3058">
    <p class='ocr_par' dir='ltr' id='par_1_70' title="bbox 2336 2980 3802 3058">
     <span class='ocr_line' id='line_1_70' title="bbox 2336 2980 3802 3058; baseline 0 -23"><span class='ocrx_word' id='word_1_465' title='bbox 2336 2980 2399 3036; x_wconf 90' lang='lat' dir='ltr'><strong>ll.</strong></span> <span class='ocrx_word' id='word_1_466' title='bbox 2457 2981 2661 3037; x_wconf 86' lang='lat' dir='ltr'><strong>Deinde</strong></span> <span class='ocrx_word' id='word_1_467' title='bbox 2718 2984 2936 3055; x_wconf 90' lang='lat' dir='ltr'><strong>ponitur</strong></span> <span class='ocrx_word' id='word_1_468' title='bbox 2986 3001 3091 3043; x_wconf 90' lang='lat' dir='ltr'><strong>non</strong></span> <span class='ocrx_word' id='word_1_469' title='bbox 3139 2985 3243 3041; x_wconf 91' lang='lat' dir='ltr'><strong>dici</strong></span> <span class='ocrx_word' id='word_1_470' title='bbox 3287 2994 3545 3058; x_wconf 90' lang='lat' dir='ltr'><strong>oportere</strong></span> <span class='ocrx_word' id='word_1_471' title='bbox 3591 2982 3802 3056; x_wconf 79' lang='lat' dir='ltr'><strong>digamutl</strong></span> 
     </span>
    </p>
   </div>
   <div class='ocr_carea' id='block_1_71' title="bbox 2265 3074 3802 3149">
    <p class='ocr_par' dir='ltr' id='par_1_71' title="bbox 2265 3074 3802 3149">
     <span class='ocr_line' id='line_1_71' title="bbox 2265 3074 3802 3149; baseline -0.001 -21"><span class='ocrx_word' id='word_1_472' title='bbox 2265 3087 2389 3128; x_wconf 91' lang='lat' dir='ltr'><strong>eum</strong></span> <span class='ocrx_word' id='word_1_473' title='bbox 2442 3074 2534 3145; x_wconf 92' lang='lat' dir='ltr'><strong>qui</strong></span> <span class='ocrx_word' id='word_1_474' title='bbox 2586 3076 3007 3132; x_wconf 87' lang='lat' dir='ltr'><strong>catechumenus</strong></span> <span class='ocrx_word' id='word_1_475' title='bbox 3078 3078 3333 3133; x_wconf 89' lang='lat' dir='ltr'><strong>habuerit</strong></span> <span class='ocrx_word' id='word_1_476' title='bbox 3406 3087 3567 3149; x_wconf 90' lang='lat' dir='ltr'><strong>atque</strong></span> <span class='ocrx_word' id='word_1_477' title='bbox 3614 3074 3802 3131; x_wconf 74' lang='lat' dir='ltr'><strong>amiserit</strong></span> 
     </span>
    </p>
   </div>
   <div class='ocr_carea' id='block_1_72' title="bbox 2267 3164 3800 3239">
    <p class='ocr_par' dir='ltr' id='par_1_72' title="bbox 2267 3164 3800 3239">
     <span class='ocr_line' id='line_1_72' title="bbox 2267 3164 3800 3239; baseline -0.001 -19"><span class='ocrx_word' id='word_1_478' title='bbox 2267 3180 2519 3232; x_wconf 83' lang='lat' dir='ltr'><strong>uxorem,</strong></span> <span class='ocrx_word' id='word_1_479' title='bbox 2562 3167 2605 3221; x_wconf 90' lang='lat' dir='ltr'><strong>si</strong></span> <span class='ocrx_word' id='word_1_480' title='bbox 2653 3176 2776 3238; x_wconf 91' lang='lat' dir='ltr'><strong>post</strong></span> <span class='ocrx_word' id='word_1_481' title='bbox 2830 3167 3159 3239; x_wconf 88' lang='lat' dir='ltr'><strong>baptismum</strong></span> <span class='ocrx_word' id='word_1_482' title='bbox 3195 3169 3360 3226; x_wconf 86' lang='lat' dir='ltr'><strong>fuerit</strong></span> <span class='ocrx_word' id='word_1_483' title='bbox 3411 3169 3569 3225; x_wconf 87' lang='lat' dir='ltr'><strong>aliam</strong></span> <span class='ocrx_word' id='word_1_484' title='bbox 3614 3164 3800 3227; x_wconf 77' lang='lat' dir='ltr'><strong>sortitus,</strong></span> 
     </span>
    </p>
   </div>
   <div class='ocr_carea' id='block_1_73' title="bbox 2271 3252 3802 3329">
    <p class='ocr_par' dir='ltr' id='par_1_73' title="bbox 2271 3252 3802 3329">
     <span class='ocr_line' id='line_1_73' title="bbox 2271 3252 3802 3329; baseline -0.001 -19"><span class='ocrx_word' id='word_1_485' title='bbox 2271 3270 2500 3326; x_wconf 91' lang='lat' dir='ltr'><strong>eamque</strong></span> <span class='ocrx_word' id='word_1_486' title='bbox 2529 3257 2758 3329; x_wconf 88' lang='lat' dir='ltr'><strong>primam</strong></span> <span class='ocrx_word' id='word_1_487' title='bbox 2786 3257 2959 3313; x_wconf 91' lang='lat' dir='ltr'><strong>videri</strong></span> <span class='ocrx_word' id='word_1_488' title='bbox 3001 3275 3120 3329; x_wconf 69' lang='lat' dir='ltr'><strong>qua:</strong></span> <span class='ocrx_word' id='word_1_489' title='bbox 3166 3276 3308 3316; x_wconf 91' lang='lat' dir='ltr'><strong>novo</strong></span> <span class='ocrx_word' id='word_1_490' title='bbox 3363 3259 3564 3319; x_wconf 89' lang='lat' dir='ltr'><strong>homini</strong></span> <span class='ocrx_word' id='word_1_491' title='bbox 3611 3252 3802 3326; x_wconf 70' lang='lat' dir='ltr'><strong>copulata</strong></span> 
     </span>
    </p>
   </div>
   <div class='ocr_carea' id='block_1_74' title="bbox 2189 3326 3803 3422">
    <p class='ocr_par' dir='ltr' id='par_1_74' title="bbox 2189 3326 3803 3422">
     <span class='ocr_line' id='line_1_74' title="bbox 2189 3326 3803 3422; baseline -0.001 -23"><span class='ocrx_word' id='word_1_492' title='bbox 2189 3326 2235 3390; x_wconf 64' lang='grc' dir='ltr'><strong>(ἶ</strong></span> <span class='ocrx_word' id='word_1_493' title='bbox 2268 3344 2360 3411; x_wconf 88' lang='lat' dir='ltr'><strong>sit,</strong></span> <span class='ocrx_word' id='word_1_494' title='bbox 2390 3346 2515 3417; x_wconf 89' lang='lat' dir='ltr'><strong>quia</strong></span> <span class='ocrx_word' id='word_1_495' title='bbox 2532 3326 2672 3401; x_wconf 79' lang='lat' dir='ltr'><strong>illud</strong></span> <span class='ocrx_word' id='word_1_496' title='bbox 2702 3326 3163 3421; x_wconf 35' lang='lat' dir='ltr'><strong>conjugium‘post</strong></span> <span class='ocrx_word' id='word_1_497' title='bbox 3189 3352 3445 3422; x_wconf 84' lang='lat' dir='ltr'><strong>baptismi</strong></span> <span class='ocrx_word' id='word_1_498' title='bbox 3472 3352 3803 3405; x_wconf 78' lang='lat' dir='ltr'><strong>sacramentum</strong></span> 
     </span>
    </p>
   </div>
   <div class='ocr_carea' id='block_1_75' title="bbox 2272 3433 3801 3508">
    <p class='ocr_par' dir='ltr' id='par_1_75' title="bbox 2272 3433 3801 3508">
     <span class='ocr_line' id='line_1_75' title="bbox 2272 3433 3801 3508; baseline -0.001 -18"><span class='ocrx_word' id='word_1_499' title='bbox 2272 3450 2394 3490; x_wconf 92' lang='lat' dir='ltr'><strong>cum</strong></span> <span class='ocrx_word' id='word_1_500' title='bbox 2422 3435 2635 3491; x_wconf 61' lang='lat' dir='ltr'><strong>cwtcris</strong></span> <span class='ocrx_word' id='word_1_501' title='bbox 2647 3437 2964 3493; x_wconf 90' lang='lat' dir='ltr'><strong>criminibus</strong></span> <span class='ocrx_word' id='word_1_502' title='bbox 2978 3439 3048 3494; x_wconf 91' lang='lat' dir='ltr'><strong>sit</strong></span> <span class='ocrx_word' id='word_1_503' title='bbox 3064 3439 3334 3495; x_wconf 90' lang='lat' dir='ltr'><strong>ablutum.</strong></span> <span class='ocrx_word' id='word_1_504' title='bbox 3382 3438 3532 3508; x_wconf 89' lang='lat' dir='ltr'><strong>Quod</strong></span> <span class='ocrx_word' id='word_1_505' title='bbox 3548 3433 3801 3494; x_wconf 70' lang='lat' dir='ltr'><strong>cumdeuna</strong></span> 
     </span>
    </p>
   </div>
   <div class='ocr_carea' id='block_1_76' title="bbox 2273 3523 3801 3600">
    <p class='ocr_par' dir='ltr' id='par_1_76' title="bbox 2273 3523 3801 3600">
     <span class='ocr_line' id='line_1_76' title="bbox 2273 3523 3801 3600; baseline -0.002 -15"><span class='ocrx_word' id='word_1_506' title='bbox 2273 3530 2461 3600; x_wconf 88' lang='lat' dir='ltr'><strong>utique</strong></span> <span class='ocrx_word' id='word_1_507' title='bbox 2486 3528 2705 3596; x_wconf 90' lang='lat' dir='ltr'><strong>dicitur,</strong></span> <span class='ocrx_word' id='word_1_508' title='bbox 2732 3541 2882 3585; x_wconf 91' lang='lat' dir='ltr'><strong>certe</strong></span> <span class='ocrx_word' id='word_1_509' title='bbox 2907 3531 2951 3585; x_wconf 89' lang='lat' dir='ltr'><strong>si</strong></span> <span class='ocrx_word' id='word_1_510' title='bbox 2977 3540 3087 3587; x_wconf 87' lang='lat' dir='ltr'><strong>tres</strong></span> <span class='ocrx_word' id='word_1_511' title='bbox 3115 3531 3372 3588; x_wconf 86' lang='lat' dir='ltr'><strong>habuerit</strong></span> <span class='ocrx_word' id='word_1_512' title='bbox 3403 3533 3457 3588; x_wconf 92' lang='lat' dir='ltr'><strong>in</strong></span> <span class='ocrx_word' id='word_1_513' title='bbox 3501 3538 3667 3587; x_wconf 88' lang='lat' dir='ltr'><strong>vetere</strong></span> <span class='ocrx_word' id='word_1_514' title='bbox 3699 3523 3801 3598; x_wconf 74' lang='grc' dir='ltr'><strong>ναί·</strong></span> 
     </span>
    </p>
   </div>
   <div class='ocr_carea' id='block_1_77' title="bbox 2274 3618 3801 3695">
    <p class='ocr_par' dir='ltr' id='par_1_77' title="bbox 2274 3618 3801 3695">
     <span class='ocr_line' id='line_1_77' title="bbox 2274 3618 3801 3695; baseline -0.001 -19"><span class='ocrx_word' id='word_1_515' title='bbox 2274 3628 2361 3676; x_wconf 89' lang='lat' dir='ltr'><strong>tus</strong></span> <span class='ocrx_word' id='word_1_516' title='bbox 2398 3619 2639 3687; x_wconf 88' lang='lat' dir='ltr'><strong>homine,</strong></span> <span class='ocrx_word' id='word_1_517' title='bbox 2688 3636 2826 3676; x_wconf 75' lang='lat' dir='ltr'><strong>uxor</strong></span> <span class='ocrx_word' id='word_1_518' title='bbox 2880 3618 2985 3677; x_wconf 92' lang='lat' dir='ltr'><strong>erit</strong></span> <span class='ocrx_word' id='word_1_519' title='bbox 3039 3621 3155 3692; x_wconf 86' lang='lat' dir='ltr'><strong>ejus</strong></span> <span class='ocrx_word' id='word_1_520' title='bbox 3215 3639 3338 3694; x_wconf 63' lang='lat' dir='ltr'><strong>quae</strong></span> <span class='ocrx_word' id='word_1_521' title='bbox 3380 3632 3502 3695; x_wconf 90' lang='lat' dir='ltr'><strong>post</strong></span> <span class='ocrx_word' id='word_1_522' title='bbox 3542 3619 3801 3693; x_wconf 77' lang='lat' dir='ltr'><strong>baptismum</strong></span> 
     </span>
    </p>
   </div>
   <div class='ocr_carea' id='block_1_78' title="bbox 2276 3710 3802 3786">
    <p class='ocr_par' dir='ltr' id='par_1_78' title="bbox 2276 3710 3802 3786">
     <span class='ocr_line' id='line_1_78' title="bbox 2276 3710 3802 3786; baseline -0.001 -20"><span class='ocrx_word' id='word_1_523' title='bbox 2276 3721 2469 3783; x_wconf 91' lang='lat' dir='ltr'><strong>quarta</strong></span> <span class='ocrx_word' id='word_1_524' title='bbox 2495 3720 2596 3777; x_wconf 86' lang='lat' dir='ltr'><strong>est,</strong></span> <span class='ocrx_word' id='word_1_525' title='bbox 2624 3712 2704 3767; x_wconf 92' lang='lat' dir='ltr'><strong>sic</strong></span> <span class='ocrx_word' id='word_1_526' title='bbox 2731 3713 3210 3784; x_wconf 87' lang='lat' dir='ltr'><strong>interpretantibus</strong></span> <span class='ocrx_word' id='word_1_527' title='bbox 3231 3716 3407 3785; x_wconf 83' lang='lat' dir='ltr'><strong>prima</strong></span> <span class='ocrx_word' id='word_1_528' title='bbox 3433 3728 3453 3768; x_wconf 91' lang='lat'><strong><em>:</em></strong></span> <span class='ocrx_word' id='word_1_529' title='bbox 3478 3710 3678 3786; x_wconf 85' lang='lat' dir='ltr'><strong>virginis</strong></span> <span class='ocrx_word' id='word_1_530' title='bbox 3693 3716 3802 3778; x_wconf 65' lang='lat' dir='ltr'><strong>tum</strong></span> 
     </span>
    </p>
   </div>
   <div class='ocr_carea' id='block_1_79' title="bbox 2278 3801 3796 3875">
    <p class='ocr_par' dir='ltr' id='par_1_79' title="bbox 2278 3801 3796 3875">
     <span class='ocr_line' id='line_1_79' title="bbox 2278 3801 3796 3875; baseline -0.005 -17"><span class='ocrx_word' id='word_1_531' title='bbox 2278 3819 2475 3859; x_wconf 92' lang='lat' dir='ltr'><strong>nomen</strong></span> <span class='ocrx_word' id='word_1_532' title='bbox 2499 3804 2730 3874; x_wconf 90' lang='lat' dir='ltr'><strong>accipiat</strong></span> <span class='ocrx_word' id='word_1_533' title='bbox 2750 3820 2870 3875; x_wconf 78' lang='lat' dir='ltr'><strong>quae</strong></span> <span class='ocrx_word' id='word_1_534' title='bbox 2898 3815 3093 3875; x_wconf 90' lang='lat' dir='ltr'><strong>quarto</strong></span> <span class='ocrx_word' id='word_1_535' title='bbox 3119 3805 3281 3861; x_wconf 92' lang='lat' dir='ltr'><strong>ducta</strong></span> <span class='ocrx_word' id='word_1_536' title='bbox 3294 3821 3377 3862; x_wconf 84' lang='lat' dir='ltr'><strong>e5t</strong></span> <span class='ocrx_word' id='word_1_537' title='bbox 3397 3806 3533 3862; x_wconf 92' lang='lat' dir='ltr'><strong>loco.</strong></span> <span class='ocrx_word' id='word_1_538' title='bbox 3557 3801 3686 3871; x_wconf 90' lang='lat' dir='ltr'><strong>Quis,</strong></span> <span class='ocrx_word' id='word_1_539' title='bbox 3708 3808 3796 3860; x_wconf 86' lang='lat' dir='ltr'><strong>oro.</strong></span> 
     </span>
    </p>
   </div>
   <div class='ocr_carea' id='block_1_80' title="bbox 2280 3895 3797 3967">
    <p class='ocr_par' dir='ltr' id='par_1_80' title="bbox 2280 3895 3797 3967">
     <span class='ocr_line' id='line_1_80' title="bbox 2280 3895 3797 3967; baseline 0.003 -18"><span class='ocrx_word' id='word_1_540' title='bbox 2280 3895 2423 3950; x_wconf 90' lang='lat' dir='ltr'><strong>istud</strong></span> <span class='ocrx_word' id='word_1_541' title='bbox 2456 3910 2559 3949; x_wconf 93' lang='lat' dir='ltr'><strong>non</strong></span> <span class='ocrx_word' id='word_1_542' title='bbox 2589 3895 2769 3950; x_wconf 88' lang='lat' dir='ltr'><strong>videat</strong></span> <span class='ocrx_word' id='word_1_543' title='bbox 2814 3904 3003 3951; x_wconf 90' lang='lat' dir='ltr'><strong>contra</strong></span> <span class='ocrx_word' id='word_1_544' title='bbox 3053 3896 3298 3967; x_wconf 82' lang='lat' dir='ltr'><strong>Apostoli</strong></span> <span class='ocrx_word' id='word_1_545' title='bbox 3349 3912 3471 3954; x_wconf 84' lang='lat' dir='ltr'><strong>esse</strong></span> <span class='ocrx_word' id='word_1_546' title='bbox 3515 3897 3797 3966; x_wconf 70' lang='lat' dir='ltr'><strong>[)mele</strong></span> 
     </span>
    </p>
   </div>
   <div class='ocr_carea' id='block_1_81' title="bbox 2281 3971 3799 4060">
    <p class='ocr_par' dir='ltr' id='par_1_81' title="bbox 2281 3971 3799 4060">
     <span class='ocr_line' id='line_1_81' title="bbox 2281 3971 3799 4060; baseline -0.003 -22"><span class='ocrx_word' id='word_1_547' title='bbox 2281 3986 2372 4057; x_wconf 90' lang='lat' dir='ltr'><strong>qui</strong></span> <span class='ocrx_word' id='word_1_548' title='bbox 2396 3986 2502 4041; x_wconf 90' lang='lat' dir='ltr'><strong>ait:</strong></span> <span class='ocrx_word' id='word_1_549' title='bbox 2539 4004 2558 4038; x_wconf 75' lang='grc' dir='ltr'><strong><em>ι</em></strong></span> <span class='ocrx_word' id='word_1_550' title='bbox 2592 3985 2762 4041; x_wconf 82' lang='lat' dir='ltr'><strong>Unius</strong></span> <span class='ocrx_word' id='word_1_551' title='bbox 2787 3988 2975 4043; x_wconf 82' lang='lat' dir='ltr'><strong>uxoris</strong></span> <span class='ocrx_word' id='word_1_552' title='bbox 2999 3989 3174 4043; x_wconf 88' lang='lat' dir='ltr'><strong>virum</strong></span> <span class='ocrx_word' id='word_1_553' title='bbox 3202 4004 3339 4060; x_wconf 91' lang='lat' dir='ltr'><strong>opus</strong></span> <span class='ocrx_word' id='word_1_554' title='bbox 3367 3988 3484 4045; x_wconf 83' lang='lat' dir='ltr'><strong>fieri</strong></span> <span class='ocrx_word' id='word_1_555' title='bbox 3510 3971 3799 4043; x_wconf 59' lang='lat' dir='ltr'><strong>sacerdotem!</strong></span> 
     </span>
    </p>
   </div>
   <div class='ocr_carea' id='block_1_82' title="bbox 2284 4077 3799 4151">
    <p class='ocr_par' dir='ltr' id='par_1_82' title="bbox 2284 4077 3799 4151">
     <span class='ocr_line' id='line_1_82' title="bbox 2284 4077 3799 4151; baseline -0.003 -20"><span class='ocrx_word' id='word_1_556' title='bbox 2284 4077 2409 4150; x_wconf 83' lang='lat' dir='ltr'><strong>(Tit.</strong></span> <span class='ocrx_word' id='word_1_557' title='bbox 2436 4095 2473 4142; x_wconf 81' lang='grc' dir='ltr'><strong>ι,</strong></span> <span class='ocrx_word' id='word_1_558' title='bbox 2512 4077 2591 4150; x_wconf 74' lang='lat'><strong>6.)</strong></span> <span class='ocrx_word' id='word_1_559' title='bbox 2616 4098 2633 4130; x_wconf 76' lang='grc' dir='ltr'><strong><em>ι</em></strong></span> <span class='ocrx_word' id='word_1_560' title='bbox 2668 4077 2773 4133; x_wconf 91' lang='lat' dir='ltr'><strong>Sed</strong></span> <span class='ocrx_word' id='word_1_561' title='bbox 2806 4079 3060 4149; x_wconf 88' lang='lat' dir='ltr'><strong>objicitur</strong></span> <span class='ocrx_word' id='word_1_562' title='bbox 3081 4081 3225 4150; x_wconf 92' lang='lat' dir='ltr'><strong>quod</strong></span> <span class='ocrx_word' id='word_1_563' title='bbox 3276 4081 3332 4136; x_wconf 92' lang='lat' dir='ltr'><strong>in</strong></span> <span class='ocrx_word' id='word_1_564' title='bbox 3392 4079 3642 4151; x_wconf 89' lang='lat' dir='ltr'><strong>baptismo</strong></span> <span class='ocrx_word' id='word_1_565' title='bbox 3676 4079 3799 4126; x_wconf 70' lang='lat' dir='ltr'><strong>town</strong></span> 
     </span>
    </p>
   </div>
   <div class='ocr_carea' id='block_1_83' title="bbox 2283 4154 3780 4241">
    <p class='ocr_par' dir='ltr' id='par_1_83' title="bbox 2283 4154 3780 4241">
     <span class='ocr_line' id='line_1_83' title="bbox 2283 4154 3780 4241; baseline -0.005 -17"><span class='ocrx_word' id='word_1_566' title='bbox 2283 4169 2542 4241; x_wconf 91' lang='lat' dir='ltr'><strong>quidquid</strong></span> <span class='ocrx_word' id='word_1_567' title='bbox 2563 4168 2616 4224; x_wconf 89' lang='lat' dir='ltr'><strong>in</strong></span> <span class='ocrx_word' id='word_1_568' title='bbox 2648 4178 2827 4224; x_wconf 86' lang='lat' dir='ltr'><strong>vetere</strong></span> <span class='ocrx_word' id='word_1_569' title='bbox 2856 4168 3072 4224; x_wconf 91' lang='lat' dir='ltr'><strong>homine</strong></span> <span class='ocrx_word' id='word_1_570' title='bbox 3094 4184 3304 4241; x_wconf 88' lang='lat' dir='ltr'><strong>gestum</strong></span> <span class='ocrx_word' id='word_1_571' title='bbox 3336 4180 3422 4226; x_wconf 89' lang='lat' dir='ltr'><strong>est</strong></span> <span class='ocrx_word' id='word_1_572' title='bbox 3442 4170 3509 4225; x_wconf 85' lang='lat' dir='ltr'><strong>sit</strong></span> <span class='ocrx_word' id='word_1_573' title='bbox 3540 4167 3699 4222; x_wconf 82' lang='lat' dir='ltr'><strong>lotum.</strong></span> <span class='ocrx_word' id='word_1_574' title='bbox 3737 4154 3780 4211; x_wconf 76' lang='grc' dir='ltr'><strong>υἱ</strong></span> 
     </span>
    </p>
   </div>
   <div class='ocr_carea' id='block_1_84' title="bbox 2286 4256 3797 4335">
    <p class='ocr_par' dir='ltr' id='par_1_84' title="bbox 2286 4256 3797 4335">
     <span class='ocr_line' id='line_1_84' title="bbox 2286 4256 3797 4335; baseline -0.003 -20"><span class='ocrx_word' id='word_1_575' title='bbox 2286 4259 2394 4315; x_wconf 90' lang='lat' dir='ltr'><strong>cite</strong></span> <span class='ocrx_word' id='word_1_576' title='bbox 2417 4260 2571 4326; x_wconf 92' lang='lat' dir='ltr'><strong>mihi,</strong></span> <span class='ocrx_word' id='word_1_577' title='bbox 2609 4276 2729 4315; x_wconf 92' lang='lat' dir='ltr'><strong>cum</strong></span> <span class='ocrx_word' id='word_1_578' title='bbox 2753 4274 2885 4330; x_wconf 88' lang='lat' dir='ltr'><strong>pace</strong></span> <span class='ocrx_word' id='word_1_579' title='bbox 2911 4270 3091 4315; x_wconf 90' lang='lat' dir='ltr'><strong>vestra</strong></span> <span class='ocrx_word' id='word_1_580' title='bbox 3124 4260 3340 4335; x_wconf 87' lang='lat' dir='ltr'><strong>loquor,</strong></span> <span class='ocrx_word' id='word_1_581' title='bbox 3387 4259 3602 4317; x_wconf 88' lang='lat' dir='ltr'><strong>crimina</strong></span> <span class='ocrx_word' id='word_1_582' title='bbox 3645 4256 3797 4306; x_wconf 56' lang='lat' dir='ltr'><strong>lanium</strong></span> 
     </span>
    </p>
   </div>
   <div class='ocr_carea' id='block_1_85' title="bbox 2288 4339 3796 4426">
    <p class='ocr_par' dir='ltr' id='par_1_85' title="bbox 2288 4339 3796 4426">
     <span class='ocr_line' id='line_1_85' title="bbox 2288 4339 3796 4426; baseline -0.003 -19"><span class='ocrx_word' id='word_1_583' title='bbox 2288 4351 2633 4407; x_wconf 91' lang='lat' dir='ltr'><strong>dimittuntur</strong></span> <span class='ocrx_word' id='word_1_584' title='bbox 2660 4354 2710 4408; x_wconf 91' lang='lat' dir='ltr'><strong>in</strong></span> <span class='ocrx_word' id='word_1_585' title='bbox 2738 4353 3025 4422; x_wconf 90' lang='lat' dir='ltr'><strong>baptismo,</strong></span> <span class='ocrx_word' id='word_1_586' title='bbox 3077 4370 3144 4408; x_wconf 91' lang='lat' dir='ltr'><strong>an</strong></span> <span class='ocrx_word' id='word_1_587' title='bbox 3174 4365 3230 4410; x_wconf 92' lang='lat' dir='ltr'><strong>et</strong></span> <span class='ocrx_word' id='word_1_588' title='bbox 3275 4355 3381 4410; x_wconf 91' lang='lat' dir='ltr'><strong>alia</strong></span> <span class='ocrx_word' id='word_1_589' title='bbox 3414 4368 3529 4426; x_wconf 80' lang='lat' dir='ltr'><strong>qua:</strong></span> <span class='ocrx_word' id='word_1_590' title='bbox 3568 4339 3796 4403; x_wconf 64' lang='lat' dir='ltr'><strong>secundum</strong></span> 
     </span>
    </p>
   </div>
   <div class='ocr_carea' id='block_1_86' title="bbox 2290 4436 3798 4517">
    <p class='ocr_par' dir='ltr' id='par_1_86' title="bbox 2290 4436 3798 4517">
     <span class='ocr_line' id='line_1_86' title="bbox 2290 4436 3798 4517; baseline -0.005 -18"><span class='ocrx_word' id='word_1_591' title='bbox 2290 4445 2500 4500; x_wconf 88' lang='lat' dir='ltr'><strong>Domini</strong></span> <span class='ocrx_word' id='word_1_592' title='bbox 2532 4456 2821 4517; x_wconf 81' lang='lat' dir='ltr'><strong>praecepta,</strong></span> <span class='ocrx_word' id='word_1_593' title='bbox 2861 4462 2924 4501; x_wconf 88' lang='lat' dir='ltr'><strong>ac</strong></span> <span class='ocrx_word' id='word_1_594' title='bbox 2954 4446 3050 4502; x_wconf 86' lang='lat' dir='ltr'><strong>Dei</strong></span> <span class='ocrx_word' id='word_1_595' title='bbox 3077 4447 3320 4504; x_wconf 87' lang='lat' dir='ltr'><strong>instituta</strong></span> <span class='ocrx_word' id='word_1_596' title='bbox 3353 4436 3798 4516; x_wconf 78' lang='lat' dir='ltr'><strong>complentur?th</strong></span> 
     </span>
    </p>
   </div>
   <div class='ocr_carea' id='block_1_87' title="bbox 610 4520 2182 4637">
    <p class='ocr_par' dir='ltr' id='par_1_87' title="bbox 610 4520 2182 4637">
     <span class='ocr_line' id='line_1_87' title="bbox 610 4520 2182 4637; baseline -0.003 -25"><span class='ocrx_word' id='word_1_597' title='bbox 610 4614 617 4637; x_wconf 38' lang='grc' dir='ltr'><strong><em>ἱ</em></strong></span> <span class='ocrx_word' id='word_1_598' title='bbox 657 4556 713 4612; x_wconf 92' lang='lat'><strong>7.</strong></span> <span class='ocrx_word' id='word_1_599' title='bbox 762 4520 934 4622; x_wconf 80' lang='lat' dir='ltr'><strong>Quod</strong></span> <span class='ocrx_word' id='word_1_600' title='bbox 981 4555 1296 4625; x_wconf 87' lang='lat' dir='ltr'><strong>subreptum</strong></span> <span class='ocrx_word' id='word_1_601' title='bbox 1353 4552 1517 4609; x_wconf 90' lang='lat' dir='ltr'><strong>fuerit</strong></span> <span class='ocrx_word' id='word_1_602' title='bbox 1561 4551 1871 4623; x_wconf 66' lang='lat' dir='ltr'><strong>apostolicae</strong></span> <span class='ocrx_word' id='word_1_603' title='bbox 1922 4551 2086 4619; x_wconf 86' lang='lat' dir='ltr'><strong>sedi,</strong></span> <span class='ocrx_word' id='word_1_604' title='bbox 2137 4559 2182 4608; x_wconf 94' lang='lat' dir='ltr'><strong>et</strong></span> 
     </span>
    </p>
   </div>
   <div class='ocr_carea' id='block_1_88' title="bbox 2271 4520 3796 4637">
    <p class='ocr_par' dir='ltr' id='par_1_88' title="bbox 2291 4520 3796 4605">
     <span class='ocr_line' id='line_1_88' title="bbox 2291 4520 3796 4605; baseline -0.011 -14"><span class='ocrx_word' id='word_1_605' title='bbox 2291 4550 2405 4591; x_wconf 92' lang='lat' dir='ltr'><strong>rem</strong></span> <span class='ocrx_word' id='word_1_606' title='bbox 2427 4534 2626 4592; x_wconf 89' lang='lat' dir='ltr'><strong>ducere</strong></span> <span class='ocrx_word' id='word_1_607' title='bbox 2653 4538 2855 4592; x_wconf 90' lang='lat' dir='ltr'><strong>crimen</strong></span> <span class='ocrx_word' id='word_1_608' title='bbox 2890 4548 2995 4605; x_wconf 90' lang='lat' dir='ltr'><strong>est,</strong></span> <span class='ocrx_word' id='word_1_609' title='bbox 3046 4556 3222 4596; x_wconf 90' lang='lat' dir='ltr'><strong>annon</strong></span> <span class='ocrx_word' id='word_1_610' title='bbox 3254 4552 3336 4597; x_wconf 86' lang='lat' dir='ltr'><strong>est</strong></span> <span class='ocrx_word' id='word_1_611' title='bbox 3367 4533 3593 4598; x_wconf 81' lang='lat' dir='ltr'><strong>crimen?</strong></span> <span class='ocrx_word' id='word_1_612' title='bbox 3638 4529 3685 4584; x_wconf 91' lang='lat' dir='ltr'><strong>Si</strong></span> <span class='ocrx_word' id='word_1_613' title='bbox 3719 4520 3796 4578; x_wconf 83' lang='lat' dir='ltr'><strong>cri-</strong></span> 
     </span>
    </p>
   </div>
   <div class='ocr_carea' id='block_1_89' title="bbox 599 4644 2186 4730">
    <p class='ocr_par' dir='ltr' id='par_1_89' title="bbox 599 4644 2186 4730">
     <span class='ocr_line' id='line_1_89' title="bbox 599 4644 2186 4730; baseline -0.003 -26"><span class='ocrx_word' id='word_1_614' title='bbox 599 4662 754 4730; x_wconf 64' lang='lat' dir='ltr'><strong>suam</strong></span> <span class='ocrx_word' id='word_1_615' title='bbox 777 4648 831 4703; x_wconf 94' lang='lat' dir='ltr'><strong>in</strong></span> <span class='ocrx_word' id='word_1_616' title='bbox 849 4648 1042 4705; x_wconf 89' lang='lat' dir='ltr'><strong>melius</strong></span> <span class='ocrx_word' id='word_1_617' title='bbox 1065 4648 1388 4703; x_wconf 90' lang='lat' dir='ltr'><strong>sententiam</strong></span> <span class='ocrx_word' id='word_1_618' title='bbox 1415 4645 1765 4701; x_wconf 81' lang='lat' dir='ltr'><strong>comntutarit</strong></span> <span class='ocrx_word' id='word_1_619' title='bbox 1789 4644 2003 4716; x_wconf 90' lang='lat' dir='ltr'><strong>quando</strong></span> <span class='ocrx_word' id='word_1_620' title='bbox 2034 4644 2186 4701; x_wconf 88' lang='lat' dir='ltr'><strong>dam-</strong></span> 
     </span>
    </p>
   </div>
   <div class='ocr_carea' id='block_1_90' title="bbox 595 4739 1332 4809">
    <p class='ocr_par' dir='ltr' id='par_1_90' title="bbox 595 4739 1332 4809">
     <span class='ocr_line' id='line_1_90' title="bbox 595 4739 1332 4809; baseline -0.004 -14"><span class='ocrx_word' id='word_1_621' title='bbox 595 4740 872 4809; x_wconf 77' lang='lat' dir='ltr'><strong>nationem</strong></span> <span class='ocrx_word' id='word_1_622' title='bbox 898 4739 1073 4795; x_wconf 91' lang='lat' dir='ltr'><strong>Fotini</strong></span> <span class='ocrx_word' id='word_1_623' title='bbox 1094 4739 1332 4797; x_wconf 86' lang='lat' dir='ltr'><strong>rescidit.</strong></span> 
     </span>
    </p>
   </div>
   <div class='ocr_carea' id='block_1_91' title="bbox 556 4828 2185 4900">
    <p class='ocr_par' dir='ltr' id='par_1_91' title="bbox 556 4828 2185 4900">
     <span class='ocr_line' id='line_1_91' title="bbox 556 4828 2185 4900; baseline -0.001 -13"><span class='ocrx_word' id='word_1_624' title='bbox 556 4892 561 4897; x_wconf 95' lang='lat'><em>_</em></span> <span class='ocrx_word' id='word_1_625' title='bbox 661 4828 1014 4887; x_wconf 69' lang='lat' dir='ltr'><strong>luuocearws</strong></span> <span class='ocrx_word' id='word_1_626' title='bbox 1053 4830 1205 4886; x_wconf 72' lang='lat' dir='ltr'><strong>[iuro</strong></span> <span class='ocrx_word' id='word_1_627' title='bbox 1230 4841 1284 4885; x_wconf 90' lang='lat' dir='ltr'><strong>et</strong></span> <span class='ocrx_word' id='word_1_628' title='bbox 1323 4830 1574 4895; x_wconf 76' lang='lat' dir='ltr'><strong>EUSEBIO,</strong></span> <span class='ocrx_word' id='word_1_629' title='bbox 1621 4837 1676 4884; x_wconf 92' lang='lat' dir='ltr'><strong>et</strong></span> <span class='ocrx_word' id='word_1_630' title='bbox 1708 4829 1922 4886; x_wconf 69' lang='lat' dir='ltr'><strong>caneris</strong></span> <span class='ocrx_word' id='word_1_631' title='bbox 1976 4830 2185 4900; x_wconf 91' lang='lat' dir='ltr'><strong>episco-</strong></span> 
     </span>
    </p>
   </div>
   <div class='ocr_carea' id='block_1_92' title="bbox 551 4922 2182 5001">
    <p class='ocr_par' dir='ltr' id='par_1_92' title="bbox 551 4922 2182 5001">
     <span class='ocr_line' id='line_1_92' title="bbox 551 4922 2182 5001; baseline -0.002 -18"><span class='ocrx_word' id='word_1_632' title='bbox 551 4938 559 4995; x_wconf 57' lang='grc' dir='ltr'><em>λ</em></span> <span class='ocrx_word' id='word_1_633' title='bbox 591 4924 680 4992; x_wconf 73' lang='lat' dir='ltr'><strong>uis</strong></span> <span class='ocrx_word' id='word_1_634' title='bbox 696 4925 1111 5001; x_wconf 73' lang='lat' dir='ltr'><strong>Macedonibus,</strong></span> <span class='ocrx_word' id='word_1_635' title='bbox 1134 4933 1188 4980; x_wconf 91' lang='lat' dir='ltr'><strong>et</strong></span> <span class='ocrx_word' id='word_1_636' title='bbox 1223 4925 1502 4990; x_wconf 91' lang='lat' dir='ltr'><strong>diaconis,</strong></span> <span class='ocrx_word' id='word_1_637' title='bbox 1544 4924 1596 4979; x_wconf 91' lang='lat' dir='ltr'><strong>in</strong></span> <span class='ocrx_word' id='word_1_638' title='bbox 1638 4922 1866 4979; x_wconf 93' lang='lat' dir='ltr'><strong>Domino</strong></span> <span class='ocrx_word' id='word_1_639' title='bbox 1928 4924 2182 4979; x_wconf 91' lang='lat' dir='ltr'><strong>salutem.</strong></span> 
     </span>
    </p>
   </div>
   <div class='ocr_carea' id='block_1_93' title="bbox 612 5014 2185 5093">
    <p class='ocr_par' dir='ltr' id='par_1_93' title="bbox 612 5014 2185 5093">
     <span class='ocr_line' id='line_1_93' title="bbox 612 5014 2185 5093; baseline -0.001 -22"><span class='ocrx_word' id='word_1_640' title='bbox 612 5048 617 5093; x_wconf 61' lang='grc'>;</span> <span class='ocrx_word' id='word_1_641' title='bbox 669 5015 860 5085; x_wconf 83' lang='lat' dir='ltr'><strong>Magna</strong></span> <span class='ocrx_word' id='word_1_642' title='bbox 889 5031 977 5073; x_wconf 84' lang='lat' dir='ltr'><strong>me</strong></span> <span class='ocrx_word' id='word_1_643' title='bbox 998 5016 1290 5087; x_wconf 87' lang='lat' dir='ltr'><strong>gratulatio</strong></span> <span class='ocrx_word' id='word_1_644' title='bbox 1311 5016 1498 5071; x_wconf 88' lang='lat' dir='ltr'><strong>habuit</strong></span> <span class='ocrx_word' id='word_1_645' title='bbox 1524 5029 1645 5069; x_wconf 90' lang='lat' dir='ltr'><strong>cum</strong></span> <span class='ocrx_word' id='word_1_646' title='bbox 1675 5054 1691 5079; x_wconf 87' lang='lat'><strong>,</strong></span> <span class='ocrx_word' id='word_1_647' title='bbox 1723 5023 1844 5083; x_wconf 92' lang='lat' dir='ltr'><strong>post</strong></span> <span class='ocrx_word' id='word_1_648' title='bbox 1872 5014 2185 5070; x_wconf 90' lang='lat' dir='ltr'><strong>discrimina</strong></span> 
     </span>
    </p>
   </div>
   <div class='ocr_carea' id='block_1_94' title="bbox 596 5103 2185 5183">
    <p class='ocr_par' dir='ltr' id='par_1_94' title="bbox 596 5103 2185 5183">
     <span class='ocr_line' id='line_1_94' title="bbox 596 5103 2185 5183; baseline 0.001 -23"><span class='ocrx_word' id='word_1_649' title='bbox 596 5104 765 5183; x_wconf 72' lang='lat' dir='ltr'><strong>totius</strong></span> <span class='ocrx_word' id='word_1_650' title='bbox 790 5103 973 5175; x_wconf 87' lang='lat' dir='ltr'><strong>(utita</strong></span> <span class='ocrx_word' id='word_1_651' title='bbox 1024 5105 1278 5176; x_wconf 79' lang='lat' dir='ltr'><strong>dixerim)</strong></span> <span class='ocrx_word' id='word_1_652' title='bbox 1336 5106 1546 5168; x_wconf 88' lang='lat' dir='ltr'><strong>mundi,</strong></span> <span class='ocrx_word' id='word_1_653' title='bbox 1610 5104 1800 5158; x_wconf 77' lang='lat' dir='ltr'><strong>\‘italis</strong></span> <span class='ocrx_word' id='word_1_654' title='bbox 1850 5104 2185 5161; x_wconf 86' lang='lat' dir='ltr'><strong>archidiaco-</strong></span> 
     </span>
    </p>
   </div>
   <div class='ocr_carea' id='block_1_95' title="bbox 597 5194 2187 5270">
    <p class='ocr_par' dir='ltr' id='par_1_95' title="bbox 597 5194 2187 5270">
     <span class='ocr_line' id='line_1_95' title="bbox 597 5194 2187 5270; baseline 0.001 -20"><span class='ocrx_word' id='word_1_655' title='bbox 597 5211 703 5270; x_wconf 77' lang='lat' dir='ltr'><strong>nus</strong></span> <span class='ocrx_word' id='word_1_656' title='bbox 723 5204 1027 5252; x_wconf 85' lang='lat' dir='ltr'><strong>vestrarum</strong></span> <span class='ocrx_word' id='word_1_657' title='bbox 1048 5197 1280 5269; x_wconf 89' lang='lat' dir='ltr'><strong>portitor</strong></span> <span class='ocrx_word' id='word_1_658' title='bbox 1301 5197 1599 5252; x_wconf 90' lang='lat' dir='ltr'><strong>litterarum</strong></span> <span class='ocrx_word' id='word_1_659' title='bbox 1626 5210 1689 5251; x_wconf 70' lang='lat' dir='ltr'><strong>ex</strong></span> <span class='ocrx_word' id='word_1_660' title='bbox 1721 5194 1826 5250; x_wconf 90' lang='lat' dir='ltr'><strong>illis</strong></span> <span class='ocrx_word' id='word_1_661' title='bbox 1852 5195 2095 5266; x_wconf 91' lang='lat' dir='ltr'><strong>partibus</strong></span> <span class='ocrx_word' id='word_1_662' title='bbox 2120 5195 2187 5252; x_wconf 90' lang='lat' dir='ltr'><strong>ad</strong></span> 
     </span>
    </p>
   </div>
   <div class='ocr_carea' id='block_1_96' title="bbox 600 5286 2185 5362">
    <p class='ocr_par' dir='ltr' id='par_1_96' title="bbox 600 5286 2185 5362">
     <span class='ocr_line' id='line_1_96' title="bbox 600 5286 2185 5362; baseline 0 -20"><span class='ocrx_word' id='word_1_663' title='bbox 600 5300 701 5362; x_wconf 81' lang='lat' dir='ltr'><strong>nos</strong></span> <span class='ocrx_word' id='word_1_664' title='bbox 725 5301 895 5357; x_wconf 87' lang='lat' dir='ltr'><strong>usque</strong></span> <span class='ocrx_word' id='word_1_665' title='bbox 926 5287 1163 5344; x_wconf 90' lang='lat' dir='ltr'><strong>directus</strong></span> <span class='ocrx_word' id='word_1_666' title='bbox 1184 5287 1417 5344; x_wconf 87' lang='lat' dir='ltr'><strong>advenit.</strong></span> <span class='ocrx_word' id='word_1_667' title='bbox 1452 5287 1621 5356; x_wconf 91' lang='lat' dir='ltr'><strong>Quem</strong></span> <span class='ocrx_word' id='word_1_668' title='bbox 1667 5302 1790 5341; x_wconf 91' lang='lat' dir='ltr'><strong>cum</strong></span> <span class='ocrx_word' id='word_1_669' title='bbox 1838 5286 2185 5352; x_wconf 86' lang='lat' dir='ltr'><strong>vidissemus,</strong></span> 
     </span>
    </p>
   </div>
   <div class='ocr_carea' id='block_1_97' title="bbox 597 5377 2188 5463">
    <p class='ocr_par' dir='ltr' id='par_1_97' title="bbox 597 5377 2188 5463">
     <span class='ocr_line' id='line_1_97' title="bbox 597 5377 2188 5463; baseline -0.001 -29"><span class='ocrx_word' id='word_1_670' title='bbox 597 5377 745 5463; x_wconf 73' lang='lat' dir='ltr'><strong>illico</strong></span> <span class='ocrx_word' id='word_1_671' title='bbox 775 5387 833 5434; x_wconf 91' lang='lat' dir='ltr'><strong>ut</strong></span> <span class='ocrx_word' id='word_1_672' title='bbox 859 5380 1159 5450; x_wconf 87' lang='lat' dir='ltr'><strong>oportebat,</strong></span> <span class='ocrx_word' id='word_1_673' title='bbox 1192 5381 1527 5452; x_wconf 89' lang='lat' dir='ltr'><strong>percunctati</strong></span> <span class='ocrx_word' id='word_1_674' title='bbox 1552 5381 1619 5435; x_wconf 91' lang='lat' dir='ltr'><strong>de</strong></span> <span class='ocrx_word' id='word_1_675' title='bbox 1663 5387 1845 5435; x_wconf 89' lang='lat' dir='ltr'><strong>vestro</strong></span> <span class='ocrx_word' id='word_1_676' title='bbox 1893 5386 2039 5433; x_wconf 89' lang='lat' dir='ltr'><strong>statu</strong></span> <span class='ocrx_word' id='word_1_677' title='bbox 2097 5393 2188 5433; x_wconf 63' lang='lat' dir='ltr'><strong>suo</strong></span> 
     </span>
    </p>
   </div>
   <div class='ocr_carea' id='block_1_98' title="bbox 594 5472 2185 5545">
    <p class='ocr_par' dir='ltr' id='par_1_98' title="bbox 594 5472 2185 5545">
     <span class='ocr_line' id='line_1_98' title="bbox 594 5472 2185 5545; baseline 0 -19"><span class='ocrx_word' id='word_1_678' title='bbox 594 5487 736 5529; x_wconf 92' lang='lat' dir='ltr'><strong>mus.</strong></span> <span class='ocrx_word' id='word_1_679' title='bbox 764 5473 988 5543; x_wconf 77' lang='lat' dir='ltr'><strong>Verum,</strong></span> <span class='ocrx_word' id='word_1_680' title='bbox 1016 5475 1105 5531; x_wconf 91' lang='lat' dir='ltr'><strong>ubi</strong></span> <span class='ocrx_word' id='word_1_681' title='bbox 1136 5474 1435 5545; x_wconf 91' lang='lat' dir='ltr'><strong>reperimus</strong></span> <span class='ocrx_word' id='word_1_682' title='bbox 1466 5490 1560 5531; x_wconf 91' lang='lat' dir='ltr'><strong>vos</strong></span> <span class='ocrx_word' id='word_1_683' title='bbox 1585 5489 1651 5530; x_wconf 85' lang='lat' dir='ltr'><strong>ex</strong></span> <span class='ocrx_word' id='word_1_684' title='bbox 1680 5474 1945 5529; x_wconf 91' lang='lat' dir='ltr'><strong>sententia</strong></span> <span class='ocrx_word' id='word_1_685' title='bbox 1967 5472 2185 5543; x_wconf 89' lang='lat' dir='ltr'><strong>degere,</strong></span> 
     </span>
    </p>
   </div>
   <div class='ocr_carea' id='block_1_99' title="bbox 598 5554 2183 5647">
    <p class='ocr_par' dir='ltr' id='par_1_99' title="bbox 598 5554 2183 5647">
     <span class='ocr_line' id='line_1_99' title="bbox 598 5554 2183 5647; baseline -0.001 -29"><span class='ocrx_word' id='word_1_686' title='bbox 598 5554 711 5621; x_wconf 85' lang='lat' dir='ltr'><strong>Deo</strong></span> <span class='ocrx_word' id='word_1_687' title='bbox 732 5576 918 5621; x_wconf 91' lang='lat' dir='ltr'><strong>nostro</strong></span> <span class='ocrx_word' id='word_1_688' title='bbox 945 5566 1139 5647; x_wconf 82' lang='lat' dir='ltr'><strong>uberes</strong></span> <span class='ocrx_word' id='word_1_689' title='bbox 1184 5567 1385 5635; x_wconf 89' lang='lat' dir='ltr'><strong>gratias</strong></span> <span class='ocrx_word' id='word_1_690' title='bbox 1424 5564 1729 5633; x_wconf 90' lang='lat' dir='ltr'><strong>retulimus,</strong></span> <span class='ocrx_word' id='word_1_691' title='bbox 1775 5564 1916 5637; x_wconf 92' lang='lat' dir='ltr'><strong>quod</strong></span> <span class='ocrx_word' id='word_1_692' title='bbox 1964 5577 2061 5618; x_wconf 91' lang='lat' dir='ltr'><strong>vos</strong></span> <span class='ocrx_word' id='word_1_693' title='bbox 2101 5560 2183 5616; x_wconf 89' lang='lat' dir='ltr'><strong>fa-</strong></span> 
     </span>
    </p>
   </div>
   <div class='ocr_carea' id='block_1_100' title="bbox 596 5653 2182 5725">
    <p class='ocr_par' dir='ltr' id='par_1_100' title="bbox 596 5653 2182 5725">
     <span class='ocr_line' id='line_1_100' title="bbox 596 5653 2182 5725; baseline 0 -16"><span class='ocrx_word' id='word_1_694' title='bbox 596 5655 773 5725; x_wconf 90' lang='lat' dir='ltr'><strong>mulos</strong></span> <span class='ocrx_word' id='word_1_695' title='bbox 800 5671 928 5711; x_wconf 85' lang='lat' dir='ltr'><strong>suos</strong></span> <span class='ocrx_word' id='word_1_696' title='bbox 949 5655 1062 5712; x_wconf 86' lang='lat' dir='ltr'><strong>suis</strong></span> <span class='ocrx_word' id='word_1_697' title='bbox 1089 5654 1350 5712; x_wconf 86' lang='lat' dir='ltr'><strong>altaribus</strong></span> <span class='ocrx_word' id='word_1_698' title='bbox 1372 5656 1690 5722; x_wconf 86' lang='lat' dir='ltr'><strong>servientes,</strong></span> <span class='ocrx_word' id='word_1_699' title='bbox 1748 5663 1799 5709; x_wconf 93' lang='lat' dir='ltr'><strong>et</strong></span> <span class='ocrx_word' id='word_1_700' title='bbox 1846 5654 1900 5710; x_wconf 90' lang='lat' dir='ltr'><strong>in</strong></span> <span class='ocrx_word' id='word_1_701' title='bbox 1939 5653 2182 5709; x_wconf 88' lang='lat' dir='ltr'><strong>adversis</strong></span> 
     </span>
    </p>
   </div>
   <div class='ocr_carea' id='block_1_101' title="bbox 599 5743 2179 5819">
    <p class='ocr_par' dir='ltr' id='par_1_101' title="bbox 599 5743 2179 5819">
     <span class='ocr_line' id='line_1_101' title="bbox 599 5743 2179 5819; baseline -0.002 -20"><span class='ocrx_word' id='word_1_702' title='bbox 599 5754 802 5812; x_wconf 88' lang='lat' dir='ltr'><strong>tuetur,</strong></span> <span class='ocrx_word' id='word_1_703' title='bbox 827 5756 880 5802; x_wconf 92' lang='lat' dir='ltr'><strong>et</strong></span> <span class='ocrx_word' id='word_1_704' title='bbox 912 5747 963 5802; x_wconf 94' lang='lat' dir='ltr'><strong>in</strong></span> <span class='ocrx_word' id='word_1_705' title='bbox 989 5746 1264 5819; x_wconf 78' lang='lat' dir='ltr'><strong>prosperis</strong></span> <span class='ocrx_word' id='word_1_706' title='bbox 1294 5748 1598 5819; x_wconf 89' lang='lat' dir='ltr'><strong>gubernare</strong></span> <span class='ocrx_word' id='word_1_707' title='bbox 1628 5746 1902 5814; x_wconf 88' lang='lat' dir='ltr'><strong>dignatur.</strong></span> <span class='ocrx_word' id='word_1_708' title='bbox 1932 5743 2032 5812; x_wconf 88' lang='lat' dir='ltr'><strong>Qui</strong></span> <span class='ocrx_word' id='word_1_709' title='bbox 2058 5758 2179 5797; x_wconf 92' lang='lat' dir='ltr'><strong>cum</strong></span> 
     </span>
    </p>
   </div>
   <div class='ocr_carea' id='block_1_102' title="bbox 602 5832 2187 5908">
    <p class='ocr_par' dir='ltr' id='par_1_102' title="bbox 602 5832 2187 5908">
     <span class='ocr_line' id='line_1_102' title="bbox 602 5832 2187 5908; baseline -0.002 -18"><span class='ocrx_word' id='word_1_710' title='bbox 602 5836 919 5891; x_wconf 90' lang='lat' dir='ltr'><strong>tradidisset</strong></span> <span class='ocrx_word' id='word_1_711' title='bbox 944 5832 1222 5908; x_wconf 85' lang='lat' dir='ltr'><strong>epistolas,</strong></span> <span class='ocrx_word' id='word_1_712' title='bbox 1249 5852 1341 5891; x_wconf 89' lang='lat' dir='ltr'><strong>eas</strong></span> <span class='ocrx_word' id='word_1_713' title='bbox 1366 5836 1599 5908; x_wconf 55' lang='lat' dir='ltr'><strong>praecepi</strong></span> <span class='ocrx_word' id='word_1_714' title='bbox 1632 5835 1779 5891; x_wconf 90' lang='lat' dir='ltr'><strong>illico</strong></span> <span class='ocrx_word' id='word_1_715' title='bbox 1805 5832 2098 5900; x_wconf 89' lang='lat' dir='ltr'><strong>recenseri,</strong></span> <span class='ocrx_word' id='word_1_716' title='bbox 2132 5833 2187 5888; x_wconf 91' lang='lat' dir='ltr'><strong>in</strong></span> 
     </span>
    </p>
   </div>
   <div class='ocr_carea' id='block_1_103' title="bbox 598 5923 2189 6011">
    <p class='ocr_par' dir='ltr' id='par_1_103' title="bbox 598 5923 2189 6011">
     <span class='ocr_line' id='line_1_103' title="bbox 598 5923 2189 6011; baseline 0.004 -32"><span class='ocrx_word' id='word_1_717' title='bbox 598 5923 796 6011; x_wconf 77' lang='lat' dir='ltr'><strong>quibus</strong></span> <span class='ocrx_word' id='word_1_718' title='bbox 819 5925 985 5981; x_wconf 88' lang='lat' dir='ltr'><strong>multa</strong></span> <span class='ocrx_word' id='word_1_719' title='bbox 1035 5927 1208 5999; x_wconf 88' lang='lat' dir='ltr'><strong>posita</strong></span> <span class='ocrx_word' id='word_1_720' title='bbox 1260 5942 1380 5983; x_wconf 87' lang='lat' dir='ltr'><strong>esse</strong></span> <span class='ocrx_word' id='word_1_721' title='bbox 1434 5926 1677 6003; x_wconf 74' lang='lat' dir='ltr'><strong>praevidi,</strong></span> <span class='ocrx_word' id='word_1_722' title='bbox 1745 5941 1866 6003; x_wconf 79' lang='lat' dir='ltr'><strong>quae</strong></span> <span class='ocrx_word' id='word_1_723' title='bbox 1916 5935 2189 5999; x_wconf 88' lang='lat' dir='ltr'><strong>stuporem</strong></span> 
     </span>
    </p>
   </div>
   <div class='ocr_carea' id='block_1_104' title="bbox 2292 4612 3797 4704">
    <p class='ocr_par' dir='ltr' id='par_1_104' title="bbox 2292 4612 3797 4704">
     <span class='ocr_line' id='line_1_104' title="bbox 2292 4612 3797 4704; baseline -0.009 -21"><span class='ocrx_word' id='word_1_724' title='bbox 2292 4645 2414 4685; x_wconf 90' lang='lat' dir='ltr'><strong>men</strong></span> <span class='ocrx_word' id='word_1_725' title='bbox 2449 4638 2553 4693; x_wconf 90' lang='lat' dir='ltr'><strong>est,</strong></span> <span class='ocrx_word' id='word_1_726' title='bbox 2577 4645 2706 4702; x_wconf 89' lang='lat' dir='ltr'><strong>ergo</strong></span> <span class='ocrx_word' id='word_1_727' title='bbox 2733 4631 2977 4701; x_wconf 58' lang='lat' dir='ltr'><strong>(praefata</strong></span> <span class='ocrx_word' id='word_1_728' title='bbox 3000 4632 3153 4687; x_wconf 89' lang='lat' dir='ltr'><strong>venia</strong></span> <span class='ocrx_word' id='word_1_729' title='bbox 3185 4633 3433 4704; x_wconf 82' lang='lat' dir='ltr'><strong>dixerim)</strong></span> <span class='ocrx_word' id='word_1_730' title='bbox 3458 4629 3557 4688; x_wconf 89' lang='lat' dir='ltr'><strong>erit</strong></span> <span class='ocrx_word' id='word_1_731' title='bbox 3590 4627 3741 4681; x_wconf 84' lang='lat' dir='ltr'><strong>auctor</strong></span> <span class='ocrx_word' id='word_1_732' title='bbox 3760 4612 3797 4666; x_wconf 83' lang='lat' dir='ltr'><strong>in</strong></span> 
     </span>
    </p>
   </div>
   <div class='ocr_carea' id='block_1_105' title="bbox 2291 4706 3793 4793">
    <p class='ocr_par' dir='ltr' id='par_1_105' title="bbox 2291 4706 3793 4793">
     <span class='ocr_line' id='line_1_105' title="bbox 2291 4706 3793 4793; baseline -0.022 3"><span class='ocrx_word' id='word_1_733' title='bbox 2291 4721 2445 4793; x_wconf 74' lang='grc' dir='ltr'><strong>⁰υ¹Ρ³</strong></span> <span class='ocrx_word' id='word_1_734' title='bbox 2471 4724 2584 4792; x_wconf 69' lang='lat' dir='ltr'><strong>qni.</strong></span> <span class='ocrx_word' id='word_1_735' title='bbox 2616 4730 2675 4776; x_wconf 88' lang='lat' dir='ltr'><strong>ut</strong></span> <span class='ocrx_word' id='word_1_736' title='bbox 2703 4723 2929 4777; x_wconf 89' lang='lat' dir='ltr'><strong>crimina</strong></span> <span class='ocrx_word' id='word_1_737' title='bbox 2980 4725 3448 4781; x_wconf 89' lang='lat' dir='ltr'><strong>committerentur</strong></span> <span class='ocrx_word' id='word_1_738' title='bbox 3496 4721 3546 4775; x_wconf 92' lang='lat' dir='ltr'><strong>in</strong></span> <span class='ocrx_word' id='word_1_739' title='bbox 3588 4706 3793 4787; x_wconf 67' lang='lat' dir='ltr'><strong>paradiso.</strong></span> 
     </span>
    </p>
   </div>
   <div class='ocr_carea' id='block_1_106' title="bbox 2294 4798 3795 4887">
    <p class='ocr_par' dir='ltr' id='par_1_106' title="bbox 2294 4798 3795 4887">
     <span class='ocr_line' id='line_1_106' title="bbox 2294 4798 3795 4887; baseline -0.004 -16"><span class='ocrx_word' id='word_1_740' title='bbox 2294 4832 2415 4871; x_wconf 91' lang='lat' dir='ltr'><strong>cum</strong></span> <span class='ocrx_word' id='word_1_741' title='bbox 2451 4816 2564 4887; x_wconf 87' lang='lat' dir='ltr'><strong>ipse</strong></span> <span class='ocrx_word' id='word_1_742' title='bbox 2590 4832 2683 4871; x_wconf 86' lang='lat' dir='ltr'><strong>eos</strong></span> <span class='ocrx_word' id='word_1_743' title='bbox 2704 4815 2980 4887; x_wconf 89' lang='lat' dir='ltr'><strong>jungeret,</strong></span> <span class='ocrx_word' id='word_1_744' title='bbox 3012 4817 3307 4871; x_wconf 84' lang='lat' dir='ltr'><strong>benedixit.</strong></span> <span class='ocrx_word' id='word_1_745' title='bbox 3363 4816 3420 4871; x_wconf 91' lang='lat' dir='ltr'><strong>Si</strong></span> <span class='ocrx_word' id='word_1_746' title='bbox 3454 4825 3573 4868; x_wconf 89' lang='lat' dir='ltr'><strong>vero</strong></span> <span class='ocrx_word' id='word_1_747' title='bbox 3617 4816 3703 4861; x_wconf 74' lang='lat' dir='ltr'><strong>non</strong></span> <span class='ocrx_word' id='word_1_748' title='bbox 3737 4798 3795 4850; x_wconf 65' lang='grc' dir='ltr'>ὅί</span> 
     </span>
    </p>
   </div>
   <div class='ocr_carea' id='block_1_107' title="bbox 2294 4896 3794 4977">
    <p class='ocr_par' dir='ltr' id='par_1_107' title="bbox 2294 4896 3794 4977">
     <span class='ocr_line' id='line_1_107' title="bbox 2294 4896 3794 4977; baseline -0.003 -19"><span class='ocrx_word' id='word_1_749' title='bbox 2294 4905 2519 4969; x_wconf 91' lang='lat' dir='ltr'><strong>crimen,</strong></span> <span class='ocrx_word' id='word_1_750' title='bbox 2548 4905 2673 4976; x_wconf 89' lang='lat' dir='ltr'><strong>quia</strong></span> <span class='ocrx_word' id='word_1_751' title='bbox 2698 4906 2839 4975; x_wconf 88' lang='lat' dir='ltr'><strong>quod</strong></span> <span class='ocrx_word' id='word_1_752' title='bbox 2867 4904 3007 4960; x_wconf 90' lang='lat' dir='ltr'><strong>Deus</strong></span> <span class='ocrx_word' id='word_1_753' title='bbox 3022 4906 3203 4977; x_wconf 77' lang='lat' dir='ltr'><strong>junxit</strong></span> <span class='ocrx_word' id='word_1_754' title='bbox 3236 4905 3388 4962; x_wconf 87' lang='lat' dir='ltr'><strong>nefas</strong></span> <span class='ocrx_word' id='word_1_755' title='bbox 3417 4904 3485 4959; x_wconf 89' lang='lat' dir='ltr'><strong>sit</strong></span> <span class='ocrx_word' id='word_1_756' title='bbox 3511 4898 3686 4957; x_wconf 86' lang='lat' dir='ltr'><strong>crimen</strong></span> <span class='ocrx_word' id='word_1_757' title='bbox 3725 4896 3794 4953; x_wconf 66' lang='grc' dir='ltr'><strong>φ’</strong></span> 
     </span>
    </p>
   </div>
   <div class='ocr_carea' id='block_1_108' title="bbox 2295 4987 3795 5071">
    <p class='ocr_par' dir='ltr' id='par_1_108' title="bbox 2295 4987 3795 5071">
     <span class='ocr_line' id='line_1_108' title="bbox 2295 4987 3795 5071; baseline 0.008 -24"><span class='ocrx_word' id='word_1_758' title='bbox 2295 4996 2501 5069; x_wconf 84' lang='lat' dir='ltr'><strong>pellari,</strong></span> <span class='ocrx_word' id='word_1_759' title='bbox 2530 5007 2584 5051; x_wconf 91' lang='lat' dir='ltr'><strong>et</strong></span> <span class='ocrx_word' id='word_1_760' title='bbox 2612 4995 2864 5053; x_wconf 90' lang='lat' dir='ltr'><strong>Salomon</strong></span> <span class='ocrx_word' id='word_1_761' title='bbox 2893 4998 3097 5053; x_wconf 90' lang='lat' dir='ltr'><strong>addidit</strong></span> <span class='ocrx_word' id='word_1_762' title='bbox 3128 5020 3142 5053; x_wconf 74' lang='grc' dir='ltr'><strong><em>ι</em></strong></span> <span class='ocrx_word' id='word_1_763' title='bbox 3199 5018 3219 5051; x_wconf 71' lang='grc' dir='ltr'><strong>ε</strong></span> <span class='ocrx_word' id='word_1_764' title='bbox 3250 5000 3449 5055; x_wconf 90' lang='lat' dir='ltr'><strong>etenim</strong></span> <span class='ocrx_word' id='word_1_765' title='bbox 3469 5010 3498 5049; x_wconf 79' lang='lat' dir='ltr'><strong>a</strong></span> <span class='ocrx_word' id='word_1_766' title='bbox 3520 4992 3619 5046; x_wconf 80' lang='grc' dir='ltr'><strong>Ι)θο</strong></span> 
     </span>
    </p>
   </div>
   <div class='ocr_carea' id='block_1_109' title="bbox 2292 5062 3795 5163">
    <p class='ocr_par' dir='ltr' id='par_1_109' title="bbox 2292 5062 3795 5163">
     <span class='ocr_line' id='line_1_109' title="bbox 2292 5062 3795 5163; baseline -0.007 -19"><span class='ocrx_word' id='word_1_767' title='bbox 2292 5062 2445 5144; x_wconf 76' lang='lat' dir='ltr'><strong>ratur</strong></span> <span class='ocrx_word' id='word_1_768' title='bbox 2464 5090 2581 5143; x_wconf 85' lang='lat' dir='ltr'><strong>viro</strong></span> <span class='ocrx_word' id='word_1_769' title='bbox 2616 5104 2753 5144; x_wconf 83' lang='lat' dir='ltr'><strong>uxor</strong></span> <span class='ocrx_word' id='word_1_770' title='bbox 2801 5084 2987 5160; x_wconf 83' lang='lat' dir='ltr'><strong>(Prov.</strong></span> <span class='ocrx_word' id='word_1_771' title='bbox 3029 5106 3141 5156; x_wconf 74' lang='lat' dir='ltr'><strong>XIX,</strong></span> <span class='ocrx_word' id='word_1_772' title='bbox 3176 5091 3288 5163; x_wconf 75' lang='grc'><strong>14).</strong></span> <span class='ocrx_word' id='word_1_773' title='bbox 3318 5109 3336 5143; x_wconf 76' lang='grc' dir='ltr'><strong><em>ι</em></strong></span> <span class='ocrx_word' id='word_1_774' title='bbox 3384 5062 3795 5163; x_wconf 40' lang='lat' dir='ltr'><strong>Quomodo‘ﬁf&#39;ﬁd.it</strong></span> 
     </span>
    </p>
   </div>
   <div class='ocr_carea' id='block_1_110' title="bbox 2296 5158 3790 5254">
    <p class='ocr_par' dir='ltr' id='par_1_110' title="bbox 2296 5158 3790 5254">
     <span class='ocr_line' id='line_1_110' title="bbox 2296 5158 3790 5254; baseline -0.006 -15"><span class='ocrx_word' id='word_1_775' title='bbox 2296 5183 2440 5239; x_wconf 86' lang='lat' dir='ltr'><strong>inter</strong></span> <span class='ocrx_word' id='word_1_776' title='bbox 2477 5183 2703 5239; x_wconf 92' lang='lat' dir='ltr'><strong>crimina</strong></span> <span class='ocrx_word' id='word_1_777' title='bbox 2725 5198 2844 5239; x_wconf 90' lang='lat' dir='ltr'><strong>esse</strong></span> <span class='ocrx_word' id='word_1_778' title='bbox 2870 5184 3150 5240; x_wconf 89' lang='lat' dir='ltr'><strong>dimissum</strong></span> <span class='ocrx_word' id='word_1_779' title='bbox 3177 5184 3321 5254; x_wconf 92' lang='lat' dir='ltr'><strong>quod</strong></span> <span class='ocrx_word' id='word_1_780' title='bbox 3348 5189 3554 5238; x_wconf 86' lang='lat' dir='ltr'><strong>auctore</strong></span> <span class='ocrx_word' id='word_1_781' title='bbox 3574 5169 3666 5225; x_wconf 77' lang='lat' dir='ltr'><strong>Deo</strong></span> <span class='ocrx_word' id='word_1_782' title='bbox 3698 5158 3790 5225; x_wconf 50' lang='grc' dir='ltr'><strong>πεδ’</strong></span> 
     </span>
    </p>
   </div>
   <div class='ocr_carea' id='block_1_111' title="bbox 2296 5257 3791 5347">
    <p class='ocr_par' dir='ltr' id='par_1_111' title="bbox 2296 5257 3791 5347">
     <span class='ocr_line' id='line_1_111' title="bbox 2296 5257 3791 5347; baseline -0.001 -19"><span class='ocrx_word' id='word_1_783' title='bbox 2296 5282 2386 5328; x_wconf 91' lang='lat' dir='ltr'><strong>tur</strong></span> <span class='ocrx_word' id='word_1_784' title='bbox 2420 5273 2887 5330; x_wconf 86' lang='lat' dir='ltr'><strong>consmnmatum?</strong></span> <span class='ocrx_word' id='word_1_785' title='bbox 2934 5276 3063 5344; x_wconf 87' lang='lat' dir='ltr'><strong>quid</strong></span> <span class='ocrx_word' id='word_1_786' title='bbox 3094 5276 3159 5329; x_wconf 92' lang='lat' dir='ltr'><strong>de</strong></span> <span class='ocrx_word' id='word_1_787' title='bbox 3190 5274 3376 5330; x_wconf 91' lang='lat' dir='ltr'><strong>talium</strong></span> <span class='ocrx_word' id='word_1_788' title='bbox 3406 5270 3523 5327; x_wconf 82' lang='lat' dir='ltr'><strong>filiis</strong></span> 
     </span>
    </p>
   </div>
   <div class='ocr_carea' id='block_1_112' title="bbox 2297 5343 3786 5437">
    <p class='ocr_par' dir='ltr' id='par_1_112' title="bbox 2297 5343 3786 5437">
     <span class='ocr_line' id='line_1_112' title="bbox 2297 5343 3786 5437; baseline -0.011 -15"><span class='ocrx_word' id='word_1_789' title='bbox 2297 5366 2421 5422; x_wconf 87' lang='lat' dir='ltr'><strong>tur?</strong></span> <span class='ocrx_word' id='word_1_790' title='bbox 2452 5365 2703 5437; x_wconf 86' lang='lat' dir='ltr'><strong>Nunquid</strong></span> <span class='ocrx_word' id='word_1_791' title='bbox 2740 5381 2847 5422; x_wconf 91' lang='lat' dir='ltr'><strong>non</strong></span> <span class='ocrx_word' id='word_1_792' title='bbox 2890 5343 3053 5422; x_wconf 86' lang='lat' dir='ltr'><strong>erunt</strong></span> <span class='ocrx_word' id='word_1_793' title='bbox 3082 5366 3397 5424; x_wconf 88' lang='lat' dir='ltr'><strong>admittendi</strong></span> <span class='ocrx_word' id='word_1_794' title='bbox 3441 5364 3491 5418; x_wconf 85' lang='lat' dir='ltr'><strong>in</strong></span> <span class='ocrx_word' id='word_1_795' title='bbox 3530 5343 3786 5437; x_wconf 51' lang='grc' dir='ltr'><strong>ιιωτεῷιιφξε</strong></span> 
     </span>
    </p>
   </div>
   <div class='ocr_carea' id='block_1_113' title="bbox 2297 5435 3788 5530">
    <p class='ocr_par' dir='ltr' id='par_1_113' title="bbox 2297 5435 3788 5530">
     <span class='ocr_line' id='line_1_113' title="bbox 2297 5435 3788 5530; baseline -0.013 -16"><span class='ocrx_word' id='word_1_796' title='bbox 2297 5435 2607 5526; x_wconf 70' lang='lat' dir='ltr'><strong>consortio,</strong></span> <span class='ocrx_word' id='word_1_797' title='bbox 2625 5459 2752 5530; x_wconf 91' lang='lat' dir='ltr'><strong>quia</strong></span> <span class='ocrx_word' id='word_1_798' title='bbox 2783 5473 2851 5514; x_wconf 80' lang='lat' dir='ltr'><strong>ex</strong></span> <span class='ocrx_word' id='word_1_799' title='bbox 2886 5474 2948 5515; x_wconf 90' lang='lat' dir='ltr'><strong>ea</strong></span> <span class='ocrx_word' id='word_1_800' title='bbox 2982 5460 3218 5530; x_wconf 89' lang='lat' dir='ltr'><strong>suscepti</strong></span> <span class='ocrx_word' id='word_1_801' title='bbox 3252 5468 3377 5515; x_wconf 88' lang='lat' dir='ltr'><strong>sunt</strong></span> <span class='ocrx_word' id='word_1_802' title='bbox 3404 5467 3515 5526; x_wconf 75' lang='lat' dir='ltr'><strong>qua:</strong></span> <span class='ocrx_word' id='word_1_803' title='bbox 3536 5454 3642 5503; x_wconf 87' lang='lat' dir='ltr'><strong>ante</strong></span> <span class='ocrx_word' id='word_1_804' title='bbox 3664 5435 3788 5501; x_wconf 58' lang='lat' dir='ltr'><strong>NW</strong></span> 
     </span>
    </p>
   </div>
   <div class='ocr_carea' id='block_1_114' title="bbox 2296 5531 3783 5636">
    <p class='ocr_par' dir='ltr' id='par_1_114' title="bbox 2296 5531 3783 5636">
     <span class='ocr_line' id='line_1_114' title="bbox 2296 5531 3783 5636; baseline 0.001 -28"><span class='ocrx_word' id='word_1_805' title='bbox 2296 5568 2485 5636; x_wconf 30' lang='lat' dir='ltr'><strong>smum.</strong></span> <span class='ocrx_word' id='word_1_806' title='bbox 2512 5553 2614 5607; x_wconf 91' lang='lat' dir='ltr'><strong>fuit</strong></span> <span class='ocrx_word' id='word_1_807' title='bbox 2647 5554 2817 5609; x_wconf 83' lang='lat' dir='ltr'><strong>uxor?</strong></span> <span class='ocrx_word' id='word_1_808' title='bbox 2850 5553 3128 5623; x_wconf 88' lang='lat' dir='ltr'><strong>Eruntque</strong></span> <span class='ocrx_word' id='word_1_809' title='bbox 3160 5549 3477 5625; x_wconf 84' lang='lat' dir='ltr'><strong>appellandi,</strong></span> <span class='ocrx_word' id='word_1_810' title='bbox 3520 5531 3783 5636; x_wconf 49' lang='lat' dir='ltr'><strong>sciliw‘f:</strong></span> 
     </span>
    </p>
   </div>
   <div class='ocr_carea' id='block_1_115' title="bbox 2290 5621 3786 5719">
    <p class='ocr_par' dir='ltr' id='par_1_115' title="bbox 2290 5621 3786 5719">
     <span class='ocr_line' id='line_1_115' title="bbox 2290 5621 3786 5719; baseline -0.008 -18"><span class='ocrx_word' id='word_1_811' title='bbox 2290 5630 2515 5713; x_wconf 83' lang='lat' dir='ltr'><strong>turales,</strong></span> <span class='ocrx_word' id='word_1_812' title='bbox 2545 5647 2629 5702; x_wconf 91' lang='lat' dir='ltr'><strong>vel</strong></span> <span class='ocrx_word' id='word_1_813' title='bbox 2677 5646 2864 5719; x_wconf 80' lang='lat' dir='ltr'><strong>Spurii,</strong></span> <span class='ocrx_word' id='word_1_814' title='bbox 2888 5647 3014 5718; x_wconf 87' lang='lat' dir='ltr'><strong>quia</strong></span> <span class='ocrx_word' id='word_1_815' title='bbox 3041 5621 3172 5702; x_wconf 44' lang='lat' dir='ltr'><strong>_non</strong></span> <span class='ocrx_word' id='word_1_816' title='bbox 3194 5621 3319 5703; x_wconf 72' lang='lat' dir='ltr'><strong>esse</strong></span> <span class='ocrx_word' id='word_1_817' title='bbox 3349 5639 3614 5717; x_wconf 82' lang='lat' dir='ltr'><strong>legitimum</strong></span> <span class='ocrx_word' id='word_1_818' title='bbox 3650 5621 3786 5719; x_wconf 56' lang='lat' dir='ltr'><strong>“mf</strong></span> 
     </span>
    </p>
   </div>
   <div class='ocr_carea' id='block_1_116' title="bbox 2292 5703 3771 5807">
    <p class='ocr_par' dir='ltr' id='par_1_116' title="bbox 2292 5703 3771 5807">
     <span class='ocr_line' id='line_1_116' title="bbox 2292 5703 3771 5807; baseline -0.001 -11"><span class='ocrx_word' id='word_1_819' title='bbox 2292 5738 2533 5797; x_wconf 90' lang='lat' dir='ltr'><strong>monium</strong></span> <span class='ocrx_word' id='word_1_820' title='bbox 2550 5780 2566 5807; x_wconf 94' lang='lat'><strong>,</strong></span> <span class='ocrx_word' id='word_1_821' title='bbox 2602 5703 2987 5806; x_wconf 47' lang='lat' dir='ltr'><strong>nisi.illud,.ut</strong></span> <span class='ocrx_word' id='word_1_822' title='bbox 3016 5739 3168 5795; x_wconf 90' lang='lat' dir='ltr'><strong>vobis</strong></span> <span class='ocrx_word' id='word_1_823' title='bbox 3190 5703 3427 5803; x_wconf 65' lang='lat' dir='ltr'><strong>videtur:</strong></span> <span class='ocrx_word' id='word_1_824' title='bbox 3456 5724 3583 5802; x_wconf 75' lang='lat' dir='ltr'><strong>quod</strong></span> <span class='ocrx_word' id='word_1_825' title='bbox 3600 5718 3695 5789; x_wconf 74' lang='grc' dir='ltr'><strong>ροει</strong></span> <span class='ocrx_word' id='word_1_826' title='bbox 3719 5703 3771 5758; x_wconf 60' lang='grc' dir='ltr'><strong>ω</strong></span> 
     </span>
    </p>
   </div>
   <div class='ocr_carea' id='block_1_117' title="bbox 2294 5810 3769 5910">
    <p class='ocr_par' dir='ltr' id='par_1_117' title="bbox 2294 5810 3769 5910">
     <span class='ocr_line' id='line_1_117' title="bbox 2294 5810 3769 5910; baseline -0.007 -19"><span class='ocrx_word' id='word_1_827' title='bbox 2294 5838 2551 5910; x_wconf 87' lang='lat' dir='ltr'><strong>ptismum</strong></span> <span class='ocrx_word' id='word_1_828' title='bbox 2588 5840 2903 5896; x_wconf 88' lang='lat' dir='ltr'><strong>assumitur.</strong></span> <span class='ocrx_word' id='word_1_829' title='bbox 2932 5837 3052 5909; x_wconf 83' lang='lat' dir='ltr'><strong>Ipse</strong></span> <span class='ocrx_word' id='word_1_830' title='bbox 3072 5838 3333 5894; x_wconf 89' lang='lat' dir='ltr'><strong>Dominus</strong></span> <span class='ocrx_word' id='word_1_831' title='bbox 3353 5846 3469 5891; x_wconf 87' lang='lat' dir='ltr'><strong>cum</strong></span> <span class='ocrx_word' id='word_1_832' title='bbox 3504 5810 3769 5910; x_wconf 56' lang='grc' dir='ltr'><strong>ἰηιθτἮ</strong></span> 
     </span>
    </p>
   </div>
   <div class='ocr_carea' id='block_1_118' title="bbox 2301 5884 3774 5997">
    <p class='ocr_par' dir='ltr' id='par_1_118' title="bbox 2301 5884 3774 5997">
     <span class='ocr_line' id='line_1_118' title="bbox 2301 5884 3774 5997; baseline -0.008 -14"><span class='ocrx_word' id='word_1_833' title='bbox 2301 5884 2387 5983; x_wconf 66' lang='lat' dir='ltr'><strong>iur</strong></span> <span class='ocrx_word' id='word_1_834' title='bbox 2415 5943 2446 5983; x_wconf 89' lang='lat' dir='ltr'><strong>a</strong></span> <span class='ocrx_word' id='word_1_835' title='bbox 2483 5884 3336 5997; x_wconf 53' lang='grc' dir='ltr'><strong>ιυαὲῖἓζζϊῖίῖεὲἓῖὧῶἷίίὲῐὲ</strong></span> <span class='ocrx_word' id='word_1_836' title='bbox 3358 5884 3581 5983; x_wconf 42' lang='lat' dir='ltr'><strong>illam</strong></span> <span class='ocrx_word' id='word_1_837' title='bbox 3620 5884 3774 5975; x_wconf 63' lang='grc' dir='ltr'><strong>(κακά’</strong></span> 
     </span>
    </p>
   </div>
  </div>
