3832 5364
26 192 79 247 ⁷1
91 192 121 246 7
786 136 1070 186 Μῖξχὲιέ
1134 167 1158 175 ..

1213 157 2128 264 ῡεειὶετΑιιυΜςοοιιεοτιο.

2893 210 2989 292 ,ε
3013 196 3049 239 ί
3175 185 3285 256 πε

27 323 128 370 πως,
170 305 246 375 5),
296 309 457 375 atque
502 312 794 376 exponeret
830 305 947 361 fieri
985 321 1092 363 non
1115 307 1331 373 debere,
1365 306 1597 363 addidit:
1628 317 1676 376 Α
1705 307 1850 378 quia
1877 308 2654 369 benedictione'ordinationis
2709 310 2963 378 crimina,
3026 332 3103 368 σω
3151 310 3287 368 vitia

31 420 46 450 ι
65 397 208 465 Quod
230 411 360 466 ergo
388 395 529 451 Deus
557 397 750 463 iunxit,
777 397 937 452 homo
968 413 1072 453 non
1112 406 1326 469 separet
1374 396 1588 469 (Matth.

25 506 129 554 xix,
147 490 221 560 6).
247 509 266 541 ι
285 489 364 543 Ae
381 503 447 542 ne
467 489 533 543 de
555 488 638 544 his
659 489 869 544 locutus
889 505 1010 545 esse
1032 492 1304 555 credatur,
1329 505 1449 560 quae
1469 496 1595 560 post

26 582 336 650 baptismum
360 581 686 647 sortiuntur,
716 583 1065 637 meminerint
1091 584 1192 638 hoc
1211 592 1267 638 et
1304 599 1336 638 a
1384 582 1586 638 ludatis

27 675 427 742 interrogatum,
457 681 514 727 et
541 672 740 728 Judaais
767 688 890 729 esse
922 689 1260 745 responsum.
1293 674 1510 742 Quaaro,
1538 682 1594 730 et

25 765 267 820 sollicitus
292 780 497 836 quaero,
528 767 574 820 si
601 781 706 821 una
742 769 1041 838 eademque
1087 768 1159 823 sit
1185 784 1322 825 uxor
1354 768 1470 838 ejus
1498 768 1592 839 qui

23 867 132 914 ante
179 857 607 915 catechumenus
655 861 974 932 susceperit,
1033 871 1220 933 postea
1275 863 1346 917 sit
1393 861 1590 930 lidius,

24 950 250 1020 ﬁliosque
278 964 346 1003 ex
370 965 434 1006 ea
461 967 586 1006 cum
617 962 760 1007 esset
788 954 1210 1010 catechumenus
1265 955 1587 1025 susceperit,

22 1057 75 1097 ac
99 1049 276 1113 postea
301 1042 440 1099 alios
465 1059 591 1099 cum
641 1045 839 1111 fidelis,
886 1055 1067 1101 utrum
1121 1047 1232 1103 sint
1283 1046 1589 1119 appellandi

21 1124 220 1199 fratres,
253 1149 321 1189 an
348 1150 459 1190 non
487 1136 724 1192 habeant
758 1146 944 1208 postea
971 1138 1228 1196 defuncto
1265 1149 1419 1212 patre
1457 1141 1586 1196 her-

21 1223 267 1280 ciscundae
317 1225 657 1282 haereditatis
713 1230 1069 1297 consortium,
1110 1232 1307 1302 quibus
1352 1231 1587 1287 ﬁliorum

20 1331 190 1372 nomen
232 1320 578 1390 regeneratio
623 1322 920 1392 spiritualis
973 1324 1213 1379 creditur
1265 1323 1585 1380 abstulisse?

21 1410 149 1478 Quod
174 1426 292 1466 cum
317 1411 394 1466 ita
426 1414 630 1470 sentire
651 1424 811 1486 atque
841 1417 1086 1488 judicare
1130 1418 1420 1474 absurdum
1475 1425 1584 1486 est,

19 1519 118 1576 qua
140 1504 272 1560 ratio
298 1507 512 1563 esthoc
560 1508 760 1564 malum
814 1508 1050 1576 defendi,
1075 1519 1130 1566 et
1187 1527 1359 1566 vacua
1412 1511 1585 1583 magis

21 1596 239 1667 opinione
254 1596 456 1667 jactari
484 1614 647 1670 quam
700 1601 880 1672 aliqua
935 1603 1262 1660 auctoritate
1313 1603 1580 1672 roborari,

1697 410 1955 472 putantur
1997 404 2217 472 auferri,
2253 406 2433 462 nullus
2471 407 2542 463 sit
2567 406 2902 478 poenitentiae
2943 404 3113 471 locus,
3160 405 3288 476 quia

1697 492 1750 548 id
1779 504 1955 564 potest
1998 508 2256 567 praestare
2283 498 2552 554 ordinatio
2579 499 2721 570 quod
2777 499 2933 569 longa
2987 497 3288 556 satisfactio

1694 596 1954 655 przestare
1993 591 2289 647 consuevit.
2321 591 2428 648 Sed
2451 601 2648 648 nostra:
2670 592 2755 646 lex
2777 590 3034 647 Ecclesiae
3061 599 3144 647 est
3193 605 3288 646 ve-

1696 678 1973 737 nientibus
2002 684 2069 738 ab
2100 684 2372 741 hmreticis
2393 687 2484 756 qui
2509 697 2688 741 tamen
2716 684 2826 740 illic
2853 684 3112 755 baptizati
3160 692 3288 740 sunt

1694 784 1793 841 per
1833 785 2025 827 manus
2075 775 2470 847 impositionem
2529 777 2724 834 laicam
2778 786 2992 832 tantum
3043 776 3305 862 tribuere;

1694 867 2154 935 communionem,
2186 884 2286 924 nec
2316 885 2382 926 ex
2409 871 2496 926 his
2519 870 2754 941 aliquem
2788 870 2842 926 in
2875 868 3162 926 clericatus
3185 863 3303 926 ᾗσι-⁸

1692 969 1902 1022 norem,
1935 956 2020 1013 vel
2048 958 2321 1030 exiguum,
2355 959 2670 1032 subrogare.

1765 1048 1829 1104 V.
1870 1048 1941 1105 At
1968 1065 2096 1106 vero
2141 1051 2198 1105 hi
2253 1051 2406 1120 quia
2433 1052 2702 1108 catholica
2752 1051 2858 1108 iide
2921 1053 2989 1108 ad
3030 1050 3284 1108 haeresim

1693 1141 2050 1208 transierunt,
2084 1157 2221 1212 quos
2248 1158 2354 1198 non
2379 1144 2536 1199 aliter
2562 1151 2801 1216 oportet,
2832 1143 2935 1198 nisi
2963 1141 3282 1214 poenitentia

1689 1235 1912 1305 suscipi,
1939 1237 2080 1306 apud
2107 1252 2203 1292 vos
2229 1251 2337 1292 non
2367 1236 2540 1292 solum
2564 1237 2939 1308 paenitentiam
2964 1249 3072 1290 non
3095 1241 3281 1305 agunt,

1689 1343 1876 1383 verum
1898 1329 2061 1385 etiam
2082 1331 2287 1386 honore
2315 1328 2681 1384 cumulantur.
2731 1328 2840 1383 Sed
2879 1325 3052 1381 Anisii
3105 1337 3282 1396 quon-

1688 1418 1812 1474 dam
1834 1418 2018 1475 fratris
2063 1421 2235 1476 nostri
2283 1419 2619 1489 aliorumque
2669 1418 3014 1473 sacerdotum
3070 1425 3282 1470 summa

1687 1509 2005 1566 deliberatio
2028 1511 2144 1566 haec
2170 1510 2291 1578 fuit,
2319 1519 2380 1564 ut
2428 1524 2565 1582 quos
2613 1509 2856 1565 Bonosus
2908 1506 3280 1572 ordinaverat,

1685 1619 1754 1659 ne
1781 1619 1902 1658 cum
1935 1602 2126 1658 eodem
2158 1611 2527 1668 remanerent,
2556 1617 2621 1658 ac
2659 1601 2812 1656 fieret
2840 1615 2948 1655 non
3003 1597 3280 1654 mediocre

19 1703 118 1742 cum
143 1704 242 1744 non
264 1691 440 1760 possit
470 1692 612 1746 inter
639 1703 862 1762 peccata
889 1693 1136 1763 deputari
1162 1693 1305 1764 quod
1333 1695 1418 1750 lex
1445 1710 1588 1766 pra:—
1617 1711 1666 1771 Β
1694 1692 2030 1759 scandalum,
2048 1693 2284 1749 ordinati
2307 1703 2673 1748 remanerent.
2691 1692 2934 1748 Vicimus
2960 1690 3041 1760 (ut
3063 1685 3281 1760 opinor)

24 1779 157 1849 cepit,
180 1789 231 1835 et
254 1779 399 1836 Deus
427 1781 628 1852 jnnxit,
667 1790 722 1837 et
750 1783 1074 1854 lexjunxit?
1099 1785 1354 1856 Nunquid
1389 1788 1435 1844 si
1465 1791 1586 1861 quis

23 1871 413 1930 catechumenus
442 1874 736 1931 virtutibus
763 1878 1053 1945 studuerit,
1083 1879 1448 1936 humilitatem
1504 1897 1588 1938 se-

26 1973 156 2019 cutus
174 1964 350 2032 fuerit,
393 1969 718 2038 patientiam
751 1971 1007 2037 tenuerit,
1041 1971 1419 2046 eleemosynas
1440 1973 1589 2030 fece-

20 2055 96 2120 rit,
125 2058 271 2113 morti
293 2058 600 2116 destinatos
628 2061 866 2132 qualibet
888 2063 1098 2118 ratione
1131 2064 1414 2134 eripuerit,
1437 2064 1588 2120 adul-

22 2149 132 2204 teria
153 2151 510 2220 exhorruerit,
536 2157 840 2210 castitatem
867 2157 1121 2223 tenuerit,
1145 2173 1350 2229 quaero,
1374 2159 1419 2214 si
1444 2159 1584 2227 haec,

25 2254 124 2296 cum
153 2242 296 2299 fuerit
331 2243 516 2301 factus
567 2245 758 2311 ﬁdelis,
812 2249 1031 2315 amittit,
1081 2252 1206 2319 quia
1261 2266 1357 2321 per
1410 2251 1588 2322 bapti-

21 2345 164 2389 smum
190 2345 347 2392 totum
376 2337 529 2408 quod
558 2351 713 2395 vetus
741 2340 904 2396 homo
933 2351 1194 2412 gesserat,
1217 2351 1440 2413 putatur
1489 2358 1587 2398 au-

20 2420 157 2476 ferri?
199 2426 548 2496 Aspiciamus
603 2429 856 2499 gentilem
921 2431 1196 2487 hominem
1274 2432 1586 2488 Cornelium

18 2515 307 2572 orationibus
338 2527 514 2590 atque
533 2518 889 2591 eleemosynis
917 2536 1016 2592 per
1041 2522 1432 2579 revelationem
1488 2538 1587 2578 an-

22 2607 167 2676 gelum
191 2607 524 2680 Petrumque
553 2612 728 2682 ipsum
753 2613 973 2669 vidisse.
1024 2613 1276 2684 Nunquid
1341 2630 1440 2686 per
1491 2615 1587 2669 ba-

21 2699 236 2765 ptismum
263 2701 375 2757 hac
397 2699 477 2756 illi
529 2703 709 2758 ablata
734 2711 862 2758 sunt
913 2712 1135 2775 propter
1163 2720 1282 2776 quae
1310 2705 1362 2760 ei
1409 2704 1587 2776 bapti-

24 2801 145 2846 smus
158 2793 359 2849 videtur
372 2796 706 2851 concessus?
733 2795 790 2852 Si
820 2797 893 2852 ita
917 2800 1176 2864 creditur,
1205 2799 1336 2854 mihi
1358 2800 1582 2856 credite.

25 2877 118 2936 Non
141 2883 398 2942 modicum
425 2896 669 2954 erratur,
696 2888 824 2958 quia
869 2889 1132 2960 quidquid
1183 2891 1322 2946 bene
1371 2902 1584 2962 gestum

19 2973 238 3045 fuerit,et
260 2983 561 3036 secundum
587 2993 853 3052 praecepta
876 2983 1068 3054 legalia
1092 2983 1445 3051 custoditum,
1473 3000 1584 3040 non

1691 1784 1960 1855 ambigua.
1988 1783 2105 1839 iam
2135 1799 2264 1855 ergo
2291 1782 2432 1854 quod
2468 1798 2566 1854 pro
2590 1782 2830 1839 remedio
2864 1796 2930 1837 ac
2956 1778 3282 1835 necessitate

1691 1877 1951 1947 temporis
1981 1885 2244 1932 statutum
2272 1885 2356 1931 est
2378 1883 2593 1932 constat
2642 1875 2894 1945 primitus
2943 1885 3052 1927 non
3085 1871 3280 1936 fuisse,

1690 1982 1754 2022 ac
1775 1966 1941 2022 fuisse
1971 1966 2182 2037 regulas
2205 1975 2438 2033 veteres,
2467 1980 2603 2036 quas
2628 1967 2696 2020 ab
2723 1963 3005 2036 apostolis,
3029 1961 3111 2016 vel
3141 1973 3276 2030 apo-

1685 2056 1897 2113 stolicis
1929 2057 2061 2112 viris
2089 2057 2316 2112 traditas
2337 2055 2582 2112 Ecclesia
2616 2054 2862 2110 Romana
2891 2053 3152 2118 custodit,
3181 2065 3283 2106 cu~

1690 2151 2108 2221 stodiendasque
2146 2151 2367 2205 mandat
2399 2149 2486 2204 his
2523 2148 2617 2218 qui
2660 2162 2783 2203 eam
2819 2145 3012 2201 audire
3055 2156 3284 2200 censue-

1690 2252 1836 2296 runt.
1870 2241 1978 2297 Sed
2025 2241 2323 2298 necessitas
2379 2241 2641 2312 temporis
2673 2239 2728 2294 id
2789 2237 2908 2293 ﬁeri
2953 2247 3284 2306 magnopere

1687 2332 2020 2403 postulabat.
2046 2334 2185 2404 Ergo
2215 2333 2358 2403 quod
2382 2332 2684 2388 necessitas
2705 2345 2804 2401 pro
2830 2327 3074 2384 remedio
3131 2337 3282 2395 repo-

1690 2425 1764 2479 rit
1793 2433 2042 2481 cessante
2069 2427 2413 2491 necessitate,
2469 2424 2627 2480 debet
2659 2423 2850 2493 utique
2879 2431 3100 2477 cessare
3138 2414 3284 2488 pari-

1691 2529 1772 2576 ter
1794 2520 1939 2591 quod
1963 2521 2214 2592 urgebat,
2245 2520 2371 2590 quia
2403 2517 2543 2574 alius
2571 2527 2656 2573 est
2683 2517 2820 2572 ordo
2849 2513 3144 2586 legitimus,
3171 2509 3278 2564 alia

1687 2623 1772 2671 est
1800 2614 2078 2686 usurpatio
2133 2628 2295 2684 quam
2333 2613 2401 2668 ad
2430 2626 2672 2685 praesens
2701 2619 2916 2682 tempus
2952 2606 3070 2663 fieri
3093 2603 3283 2677 impel-

1689 2707 1769 2762 lit.
1802 2705 1910 2763 Sed
1938 2721 2174 2762 canones
2202 2708 2343 2779 apud
2373 2706 2610 2762 Nicaeam
2639 2703 2918 2760 constituti
2974 2700 3042 2756 de
3103 2697 3282 2754 Nova-

1687 2801 1851 2856 tinnis
1889 2801 2004 2855 fieri
2035 2801 2416 2870 permiserunt.
2456 2797 2614 2853 Prius
2639 2796 2726 2852 ille
2773 2809 2948 2852 canon
2969 2807 3002 2848 a
3030 2787 3286 2848 Patribus

1688 2892 1969 2948 institutus
1990 2893 2270 2962 ponendus
2307 2899 2415 2958 est,
2443 2898 2503 2961 ut
2525 2889 2796 2961 possimus
2836 2887 3141 2950 advertere,
3200 2880 3286 2938 vel

1687 2983 1949 3055 quid,vel
1970 2983 2206 3054 qualiter
2233 2985 2300 3038 ab
2346 2982 2551 3037 eisdem
2609 2994 2828 3035 sensum
2856 2978 2928 3033 sit
2978 2975 3108 3032 illud
3149 2977 3288 3046 pra!-

19 3078 165 3137 potest
190 3072 512 3130 facientibus
541 3075 809 3146 deperire.
860 3077 1184 3148 Nuptiarum
1210 3093 1340 3148 ergo
1368 3079 1582 3150 copula,
1611 3071 1656 3134 C
1688 3083 1922 3145 ceptum.
1940 3073 2016 3128 De
2036 3075 2139 3139 his,
2160 3073 2354 3144 inquit,
2370 3072 2460 3142 qui
2478 3071 2762 3125 nominant
2784 3068 2990 3138 seipsos
3006 3065 3284 3133 catharos,

19 3163 118 3232 quia
135 3164 214 3221 Dei
232 3167 488 3222 mandato
503 3168 784 3237 perﬁcitur
800 3208 816 3234 ,
831 3185 936 3223 non
950 3179 1079 3239 pote
1091 3177 1142 3225 st
1157 3169 1261 3224 dici
1279 3180 1582 3239 peccatum,

19 3262 62 3307 et
75 3255 110 3308 si
123 3266 389 3324 peceatum
417 3272 527 3313 non
542 3267 644 3321 est,
663 3261 792 3329 quia
819 3259 951 3314 solvi
969 3261 1111 3315 inter
1126 3269 1350 3332 peccata
1365 3263 1586 3318 omnino

17 3360 104 3402 non
127 3349 304 3418 debet,
345 3351 561 3422 eritque
585 3352 856 3424 integrum
899 3355 1176 3410 aestimare
1215 3355 1421 3411 aboleri
1464 3370 1571 3412 non

16 3453 146 3510 posse
191 3446 382 3517 prioris
431 3461 626 3502 nomen
678 3449 899 3515 uxoris,
963 3464 1085 3503 cum
1138 3464 1246 3505 non
1303 3448 1587 3506 dimissum

18 3537 73 3590 sit
91 3555 175 3609 pro
201 3551 444 3611 peccato,
469 3543 596 3614 quia
624 3556 690 3596 ex
715 3541 810 3598 Dei
842 3543 912 3598 sit
932 3541 1212 3598 voluntate
1235 3544 1582 3616 completum.

72 3631 144 3687 lll.
180 3633 406 3691 Ventum
429 3645 514 3691 est
544 3635 611 3691 ad
640 3636 858 3690 tertiam
901 3636 1276 3707 qumstionem,
1317 3652 1437 3708 qum
1485 3653 1584 3708 pro

17 3724 82 3778 sui
107 3725 401 3784 dillicultate
432 3728 730 3801 longiorem
754 3729 924 3800 exigit
955 3729 1376 3800 disputationem
1399 3772 1415 3798 ,
1460 3746 1584 3788 cum

19 3828 98 3870 nos
123 3818 352 3876 dicamus
389 3819 459 3876 ab
489 3820 760 3876 haereticis
799 3821 1101 3888 ordinatos,
1144 3822 1430 3878 vulnerum
1485 3837 1585 3893 per

19 3904 138 3961 illam
160 3925 346 3966 manus
373 3912 779 3982 impositionem
802 3912 1006 3967 habere
1033 3922 1216 3984 caput.
1256 3912 1359 3969 Ubi
1389 3912 1586 3970 vulnus

22 3994 215 4056 infixum
243 4011 346 4069 est,
379 4003 647 4059 medicina
674 4010 757 4058 est
787 4003 1114 4068 adhibenda,
1149 4018 1269 4073 quae
1294 4004 1469 4074 possit
1500 4018 1584 4060 re-

20 4085 172 4156 cipere
190 4094 496 4149 sanitatem.
545 4093 676 4162 Quae
724 4093 929 4149 sanitas
975 4103 1098 4164 post
1152 4093 1345 4150 vulnus
1399 4103 1585 4151 secuta

22 4179 118 4235 sine
142 4185 387 4242 cicatrice
406 4202 526 4243 esse
545 4204 651 4242 non
677 4187 896 4258 poterit,
929 4195 1093 4257 atque
1123 4187 1213 4242 ubi
1241 4177 1582 4258 poenitentia:

23 4275 285 4330 remedium
339 4277 712 4333 necessarium
741 4287 846 4342 est,
871 4275 981 4332 illic
1003 4277 1366 4333 ordinationis
1413 4280 1586 4335 hono-

23 4374 117 4416 rem
132 4363 294 4423 locum
310 4385 417 4426 non
432 4386 590 4441 posse
605 4367 976 4438 habere.Nam
1020 4368 1353 4438 siutlegitnr
1386 4390 1404 4423 ι
1441 4372 1584 4442 quod

1691 3167 1746 3223 id
1781 3174 1865 3222 est
1892 3168 2140 3232 mundos,
2163 3174 2219 3220 et
2249 3163 2540 3234 aliquando
2565 3161 2789 3217 veniunt
2833 3161 2902 3216 ad
2962 3155 3288 3214 catholicam

1691 3259 2004 3322 Ecclesiam,
2030 3258 2233 3330 placuit
2253 3267 2454 3312 sanctae
2475 3263 2531 3311 et
2551 3270 2760 3326 magna:
2782 3253 3009 3326 synodo,
3025 3259 3104 3316 ut,
3126 3259 3286 3305 acce-

1689 3364 1782 3425 pta
1806 3367 1996 3408 manus
2024 3351 2386 3422 impositione,
2415 3351 2494 3404 sic
2523 3355 2783 3403 maneant
2809 3346 2863 3399 in
2890 3344 3053 3399 clero.
3084 3342 3288 3397 Possu-

1690 3461 1811 3500 mus
1829 3459 1958 3500 vero
1979 3443 2162 3498 dicere
2183 3443 2250 3496 de
2303 3440 2433 3496 solis
2481 3441 2565 3495 his
2611 3437 2924 3493 Novatianis
2973 3448 3093 3491 esse
3147 3446 3289 3504 prte-

1689 3550 1926 3612 ceptum,
1960 3553 2063 3593 nec
2091 3537 2159 3592 ad
2180 3536 2407 3591 aliarum
2430 3536 2698 3590 haeresum
2732 3531 2957 3587 clericos
2984 3527 3283 3600 pertinere.

1687 3631 1824 3687 Nam
1859 3632 1904 3687 si
1935 3631 2123 3702 utique
2149 3629 2217 3685 de
2241 3627 2492 3684 omnibus
2516 3627 2589 3681 ita
2613 3622 2923 3689 delinirent,
2946 3619 3286 3676 addidissent

1689 3740 1721 3780 a
1749 3723 2065 3779 Novatianis
2094 3722 2323 3791 aliisque
2349 3719 2620 3776 haereticis
2643 3723 2978 3772 revertentes
3002 3711 3199 3767 debere
3227 3710 3287 3766 in

1688 3832 1846 3873 suum
1869 3816 2116 3871 ordinem
2138 3812 2327 3884 recipi.
2359 3810 2512 3879 Quod
2542 3811 2589 3865 si
2616 3809 2690 3864 ita
2719 3813 2883 3873 esset,
2943 3805 3108 3860 etiam
3152 3800 3286 3856 illud

1669 3905 1944 3973 maxime,
1995 3905 2139 3976 quod
2185 3904 2252 3959 de
2283 3900 2634 3956 Paulianistis
2679 3897 2883 3953 dictum
2933 3903 3036 3960 est,
3087 3888 3289 3964 poterit

1687 3998 2032 4064 conﬁrmari,
2050 4013 2081 4051 a
2107 3995 2303 4067 quibus
2327 3995 2608 4050 venientes
2633 3991 2799 4048 etiam
2827 3987 3095 4060 baptizari
3142 3999 3286 4057 prae-

1686 4095 1975 4165 cipiuntur.
2020 4090 2400 4160 Nunquidnam
2443 4102 2565 4143 cum
2597 4087 2663 4142 de
2705 4084 3053 4140 Paulianistis
3088 4079 3286 4150 jubent

1685 4200 1877 4243 omnes
1898 4184 1991 4255 qui
2013 4184 2078 4238 ab
2106 4181 2374 4238 luereticis
2402 4186 2772 4244 revertuntur,
2795 4186 2956 4232 erunt
2978 4175 3079 4231 hoc
3100 4187 3288 4228 exem-

1672 4263 1776 4353 pio
1802 4277 2145 4350 baptizandi?
2175 4276 2329 4344 Quod
2358 4290 2480 4330 cum
2515 4273 2692 4329 nullus
2740 4273 2934 4327 audeat
2981 4268 3186 4331 facere,
3216 4265 3286 4322 de

1687 4373 1822 4444 ipsis
1845 4379 2051 4427 tantum
2073 4383 2193 4424 esse
2222 4375 2552 4438 praeceptum
2575 4365 2714 4421 ratio
2766 4363 2880 4434 ipsa
2926 4361 3281 4418 demonstrat.

24 4455 906 4525 tetigeritimmundusimmundum
922 4461 1028 4515 erit
1064 4460 1386 4532 (Num.x1x,
1415 4463 1532 4534 22),
1556 4482 1576 4516 ι
1612 4452 1660 4514 D
1689 4467 1928 4535 Denique
1949 4462 2249 4533 baptizatos
2272 4462 2377 4516 rite
2411 4461 2479 4515 ab
2506 4457 2839 4530 evangelista
2870 4453 3138 4524 Philippo,
3180 4449 3286 4506 Pe-

29 4545 149 4610 quod
177 4549 223 4604 ei
242 4550 524 4620 tribuetur,
553 4553 824 4624 quomodo
854 4553 1116 4607 munditia
1143 4569 1205 4608 ac
1219 4556 1426 4624 puritas
1447 4571 1580 4611 con-

33 4641 182 4695 suevit
216 4645 507 4715 accipere?
529 4644 634 4700 Sed
663 4661 695 4701 e
736 4647 1013 4700 contrario
1035 4648 1459 4714 asseritureum,
1490 4650 1582 4720 qui

31 4725 257 4790 honorem
278 4738 479 4805 amisit,
514 4739 774 4794 honorem
801 4741 931 4793 dare
964 4756 1070 4794 non
1101 4756 1279 4811 posse,
1317 4742 1584 4798 necillum

35 4821 210 4895 aliquid
237 4831 546 4902 accepisse,
588 4833 712 4903 quia
740 4832 873 4887 nihil
898 4835 950 4888 in
979 4834 1139 4891 dante
1167 4846 1303 4904 erat,
1344 4839 1486 4911 quod
1502 4838 1588 4893 ille

33 4925 187 4980 posset
221 4923 476 4994 accipere.
508 4923 941 4999 Acquiescimus,
973 4935 1028 4982 et
1050 4943 1236 4982 verum
1268 4941 1354 4990 est
1391 4948 1403 4985 :
1440 4939 1586 4986 certe

37 5007 112 5072 qni
134 5024 230 5065 non
259 5013 437 5070 habuit
463 5016 592 5072 dare
628 5031 734 5070 non
755 5019 947 5086 potuit.
967 5017 1377 5082 Damnationem
1405 5019 1588 5091 utique

40 5110 176 5166 quam
197 5103 394 5172 habuit,
422 5123 517 5178 per
536 5124 752 5178 pravam
775 5125 967 5168 manus
993 5113 1393 5183 impositionem
1423 5115 1585 5181 dedit,

42 5195 204 5283 etiqui
263 5197 527 5270 particeps
593 5199 812 5257 effectus
865 5212 952 5260 est
996 5205 1264 5275 damnato,
1322 5207 1589 5283 quomodo

42 5279 202 5341 debeat
233 5289 484 5349 honorem
513 5294 774 5364 accipere,
798 5297 1040 5355 invenire
1067 5314 1169 5355 non
1189 5279 1444 5364 possum.

1693 4569 1826 4624 trus,
1863 4565 1918 4612 et
1944 4555 2180 4612 Joannes
2210 4554 2324 4610 sola
2380 4567 2575 4608 manus
2629 4550 2979 4620 impositione
3028 4559 3287 4600 consum-

1692 4661 1864 4708 mant.
1895 4649 2016 4704 illos
2040 4663 2169 4704 vero
2197 4663 2333 4719 quos
2363 4643 2644 4715 apostolus
2685 4642 2884 4698 Paulus
2924 4637 3147 4694 Joannis
3193 4638 3292 4693 ba-

1692 4748 1951 4820 ptismate
1981 4743 2281 4814 baptizatos
2317 4747 2601 4808 repererat
2631 4733 2986 4810 interrogavit
3017 4748 3036 4782 ‹
3060 4746 3130 4784 an
3170 4729 3298 4802 Spi—

1671 4835 1674 4840 ’
1697 4843 1864 4896 ritum
1880 4848 2124 4894 sanctum
2142 4835 2503 4905 accepissent,
2518 4851 2537 4884 ι
2550 4829 3104 4902 respondentibusque
3125 4843 3144 4875 ι
3155 4839 3217 4880 se
3230 4835 3303 4877 ne

1698 4934 1833 4990 illud
1889 4932 2107 5002 quidem
2151 4942 2349 4983 nomen
2409 4921 2660 4993 audisse,
2698 4923 2864 4996 jussit
2905 4933 2999 4976 eos
3041 4911 3308 4986 baptizari

1703 5029 1843 5102 (Act.
1869 5039 1986 5090 xxx,
2015 5020 2180 5090 2-6).
2221 5041 2241 5074 ι
2278 5012 2496 5071 Videtis
2529 5030 2667 5090 ergo
2694 5028 2843 5075 recte
2870 5009 3175 5102 baptizatos
3217 5003 3308 5102 illo

1703 5099 1847 5178 dono
1871 5121 2068 5173 iterare
2096 5129 2204 5168 non
2227 5123 2416 5187 posse,
2457 5116 2519 5162 et
2552 5114 2716 5169 aliter
2741 5116 2854 5171 sola
2885 5120 3024 5178 aqua
3046 5101 3187 5154 lotos
3225 5099 3320 5187 ba-

1704 5210 1903 5285 ptizari
1933 5210 1987 5263 in
2015 5186 2244 5260 nomine
2259 5199 2464 5263 Patris,
2500 5210 2565 5257 et
2595 5205 2740 5273 Filii,
2768 5217 2824 5264 et
2864 5186 3322 5294 Spiritussancti,

1705 5301 2071 5364 necessarium
2131 5293 2435 5364 provideri.
2488 5291 2579 5352 Ita
2630 5309 2684 5357 ει
2725 5301 2795 5358 de
2835 5289 3149 5355 Novatianis
3205 5294 3328 5338 tan-
