3968 6470
553 409 662 472 719

1435 410 1730 470 ΑΡΡΕΝῙ).
1762 411 1857 470 AD
1892 411 2066 471 SAEC.
2096 411 2192 470 IX.
2232 441 2304 456 —-
2337 411 2591 473 lSIDORI
2629 390 3076 472 MERCATORIS

553 527 704 586 nime
727 524 1031 599 baptizant,
1061 535 1164 586 nec
1196 527 1338 602 apud
1358 526 1491 585 istos
1525 529 1591 584 de
1623 527 1831 584 unitate
1866 527 2148 599 potestatis
2173 531 2227 594 Α
2251 529 2616 587 annitentibus
2654 539 2778 602 post
2817 528 3334 589 condemnationem
3363 487 3831 606 mone’apostolico

554 618 772 685 divinae,
796 617 898 674 hoc
919 617 1396 688 est,Patris,Filii,
1429 627 1486 676 et
1514 618 1749 690 Spiritus
1779 619 1972 687 sancti,
2001 634 2147 690 quae-

553 711 664 768 stio
692 709 978 780 aliquando
997 719 1268 768 commota
1291 719 1395 767 est.
1435 710 1503 765 Et
1527 709 1648 766 ideo
1675 711 1926 766 omnibus
1966 725 2147 782 segre-

555 803 698 876 gatis
740 803 859 859 haec
901 801 1016 859 sola
1068 802 1240 859 electa
1289 811 1393 868 est,
1444 803 1532 858 cui
1558 803 1701 858 istud
1731 803 1975 858 crederet
2013 816 2147 857 con-

554 893 875 962 cedendum,
903 895 1029 966 quia
1055 895 1182 951 nihil
1217 897 1275 951 in
1307 894 1505 962 Patris,
1545 903 1601 952 et
1634 894 1792 960 Filii,
1825 903 1880 950 et
1914 893 2148 966 Spiritus

555 987 738 1042 sancti
824 995 1169 1044 sacramento
1238 995 1512 1058 peccaret.
1574 988 1632 1043 Si
1699 987 1821 1058 quis
1884 1001 2014 1043 vero
2081 987 2150 1042 de

551 1079 664 1138 ﬁde
711 1082 981 1139 catholica
1029 1081 1096 1137 ad
1133 1083 1385 1139 haeresim
1417 1082 1712 1149 transiens,
1745 1089 1838 1137 aut
1879 1080 2052 1136 ﬁdelis
2080 1080 2148 1136 ab

557 1174 833 1245 apostasia
872 1181 1173 1243 revertens,
1211 1184 1267 1230 et
1309 1175 1640 1246 resipiscens
1682 1173 1863 1230 redire
1890 1173 2147 1240 voluerit,

547 1265 811 1338 nunquid
839 1267 1031 1322 eadem
1072 1267 1286 1323 ratione
1331 1268 1532 1339 poterit
1565 1267 1634 1321 ad
1673 1266 1877 1323 clerum
1913 1266 2145 1331 admitti,

556 1355 712 1427 cujus
739 1357 1094 1414 commissum
1123 1357 1344 1415 nonnisi
1388 1374 1486 1430 per
1527 1359 1740 1430 longam
1770 1357 2149 1430 paenitentiam

551 1450 760 1521 poterit
783 1451 1024 1507 aboleri?
1053 1449 1164 1508 Nec
1196 1459 1320 1522 post
1345 1452 1720 1523 paenitentiam
1743 1451 1999 1507 clericum
2031 1450 2150 1507 ﬁeri

551 1540 664 1613 ipsi
692 1555 932 1598 canones
965 1557 1062 1597 sua
1086 1541 1406 1598 auctoritate
1435 1541 1794 1613 permittunt?
1822 1539 1973 1596 Unde
2014 1554 2149 1596 con-

554 1639 667 1690 stat
684 1633 777 1705 qui
806 1632 874 1690 de
899 1633 1168 1690 catholica
1189 1635 1257 1690 ad
1279 1634 1549 1689 Bonosum
1578 1633 1910 1689 transierunt
1928 1633 2150 1687 damna-

556 1733 695 1794 tum,
728 1736 892 1798 atque
921 1727 1069 1797 passi
1099 1736 1246 1795 sunt,
1269 1736 1363 1782 aut
1385 1727 1673 1798 cupierunt
1696 1727 1763 1782 ab
1790 1726 1978 1781 eodem
2006 1723 2149 1779 ordi—

555 1818 722 1887 nari,
784 1834 894 1876 non
969 1820 1306 1892 oportuisse.
1353 1819 1710 1876 ordinationis
1767 1816 2150 1874 ecclesiasticae

2246 621 2623 692 subrogamus,
2649 621 2925 692 tantisque
2943 621 3140 682 veStris
3163 622 3589 680 assertionibus
3608 624 3830 699 vobisque

2247 721 2357 769 tam
2385 713 2563 780 bonis,
2590 722 2702 769 tam
2718 713 2900 770 charis
2925 729 3031 770 non
3061 715 3195 771 dare
3215 729 3596 782 consensum,
3614 718 3832 776 omnibus

2246 805 2432 863 durius
2462 805 2624 863 rebus
2654 805 3006 862 arbitramur.
3049 805 3157 862 Pro
3191 815 3393 863 vestra
3419 820 3561 878 ergo
3599 811 3828 879 approba-

2248 899 2412 965 tione,
2436 898 2634 966 fratres
2664 897 3001 965 charissimi,
3049 905 3105 954 et
3149 898 3476 964 sententia,
3526 899 3829 970 ac'postula.

2249 987 2394 1043 tione
2442 988 2754 1058 episcopum
2796 987 3050 1043 Fotinum
3079 987 3380 1045 Habetote.
3418 988 3662 1045 Licitum
3683 991 3828 1047 estita

2247 1080 2612 1149 constituere,
2647 1088 2708 1136 ut
2734 1080 3122 1151 deprecamini,
3151 1089 3207 1138 et
3251 1071 3540 1138 nostram~
3578 1082 3634 1138 in
3673 1085 3829 1142 melius

2247 1187 2562 1230 conversam
2590 1175 2916 1232 sententiam
2946 1175 3150 1241 labore,
3182 1175 3268 1230 vel
3319 1175 3656 1232 testimonio
3679 1186 3830 1234 nostra

2247 1273 2550 1338 compotem
2580 1267 2764 1323 verbis
2795 1267 3069 1338 suscipite.
3108 1265 3288 1337 Eque
3313 1266 3683 1324 Eustachium
3713 1284 3740 1322 a
3763 1285 3829 1326 me

2247 1357 2548 1428 saepissime
2592 1359 3003 1430 comprobatum
3053 1358 3219 1414 nolite
3258 1366 3612 1429 exspectare
3652 1367 3708 1415 ut
3743 1361 3830 1416 dia-

2247 1451 2390 1508 conii
2418 1452 2594 1524 gratia
2633 1452 2916 1524 spolietur.
2951 1452 3223 1510 Sollicitos
3251 1454 3417 1510 enim
3450 1469 3553 1511 vos
3576 1469 3672 1526 pro
3690 1454 3827 1512 salute

2246 1542 2478 1600 libenter
2509 1545 2692 1613 audio,
2723 1553 2914 1602 contra
2949 1555 3113 1616 caput
3144 1547 3312 1602 etiam
3351 1561 3419 1602 se
3445 1545 3744 1603 faciendum
3766 1555 3829 1602 est

2247 1648 2355 1690 non
2393 1632 2625 1690 libenter
2660 1635 2906 1690 admitto.
2937 1634 3037 1691 Cui
3083 1627 3304 1692 manum
3330 1635 3649 1708 porrigitis,
3677 1635 3822 1692 vobis-

2248 1739 2370 1780 cum
2414 1726 2657 1797 porrigo.
2719 1725 2818 1782 Cui
2865 1727 3117 1798 porrigo,
3163 1742 3389 1785 mecum
3425 1728 3707 1799 porrigite.
3730 1727 3826 1783 liae

2249 1815 2396 1870 enim
2435 1817 2504 1871 ad
2549 1815 2860 1874 Corinthios
2897 1818 3192 1889 apostolica
3229 1827 3321 1875 est
3376 1818 3660 1876 declarata
3700 1819 3821 1876 beni-

555 1909 2148 1986 susciperedignitatem,quicommunioneomniumEccle-
2176 1896 2224 1957 Β
2253 1905 2468 1976 gnitais,
2518 1914 2580 1961 ut
2618 1907 2674 1962 in
2727 1923 2834 1963 uno
2879 1910 3071 1979 spiritu
3141 1909 3371 1966 ductam
3452 1925 3523 1966 ac
3586 1910 3823 1967 reductam

554 2001 763 2059 siarum
805 2003 1071 2074 judicium
1118 2005 1450 2070 deserentes,
1487 2017 1644 2058 suam
1695 2001 2049 2073 spiritualiter
2090 2001 2146 2056 in

554 2093 771 2152 Bonoso
811 2097 1076 2156 unitatem
1139 2096 1472 2184 sequendam
1537 2107 1657 2151 esse
1708 2095 1995 2149 duxerunt.
2040 2092 2186 2149 Sed

553 2187 759 2245 multos
803 2198 1022 2245 constat
1063 2189 1172 2245 vim
1222 2203 1413 2259 passos
1448 2194 1613 2257 atque
1660 2186 1856 2242 invitos
1886 2192 2149 2240 attractos

553 2288 1030 2349 repugnantesque
1068 2279 1136 2335 ab
1185 2279 1376 2334 eodem
1423 2279 1722 2335 ordinatos.
1781 2277 1937 2332 Dicat
1991 2275 2146 2342 mihi,

547 2367 702 2435 .volo,
732 2368 978 2440 quisquis
1023 2369 1129 2426 hoc
1156 2369 1349 2436 credit,
1379 2368 1427 2425 si
1470 2384 1579 2425 non
1600 2375 1725 2439 post
1751 2367 2148 2424 ordinationem

555 2459 756 2516 Bonosi
788 2460 1052 2529 interfuit,
1069 2477 1190 2518 cum
1220 2461 1516 2524 conﬁceret
1536 2469 1905 2528 sacramenta,
1929 2461 1975 2517 si
1999 2475 2149 2516 com-

545 2553 914 2612 .municationi
963 2555 1080 2626 ejus
1131 2554 1489 2626 participatus
1534 2569 1643 2610 non
1693 2560 1812 2619 est,
1870 2552 1916 2607 si
1963 2551 2148 2607 statim

557 2644 844 2703 discedens
871 2646 938 2702 de
967 2647 1085 2718 ejus
1113 2647 1350 2717 pessimo
1375 2645 1734 2703 conciliabulo
1759 2646 1828 2701 ad
1846 2644 2149 2701 Ecclesiam

553 2736 742 2803 rediit,
792 2736 896 2794 iste
953 2737 1076 2794 talis
1129 2746 1308 2808 potest
1366 2737 1569 2794 habere
1624 2737 1862 2793 colorem
1914 2736 2149 2807 aliquem

557 2826 948 2885 excusationis.
980 2827 1249 2884 Caeterum
1276 2829 1370 2900 qui
1394 2839 1516 2900 post
1545 2844 1748 2885 annum
1777 2836 1872 2883 aut
1906 2843 2150 2884 mensem

557 2919 630 2976 ad
673 2919 974 2976 Ecclesiam
1007 2922 1306 2989 redierunt,
1359 2923 1708 2995 intelligimus
1737 2937 1938 2993 eosque
1963 2923 2054 2993 qui
2095 2923 2151 2978 in

543 3010 886 3076 catholicam
911 3022 1178 3070 noverant
1220 3028 1280 3070 se
1305 3024 1529 3086 propter
1557 3015 1688 3072 vitia
1727 3031 1824 3072 sua
1850 3031 1956 3071 non
1991 3029 2152 3085 posse

561 3103 842 3176 suscipere
868 3105 1286 3174 ordinationem,
1329 3107 1534 3163 idcirco
1561 3108 1630 3164 ad
1664 3108 1813 3164 illum
1845 3108 2152 3184 per-rexisse

561 3193 655 3266 qui
691 3195 916 3266 passim,
959 3203 1016 3252 et
1063 3195 1184 3252 sine
1230 3196 1342 3252 ulla
1390 3197 1728 3255 discussione
1778 3199 2150 3254 ordinationes

2250 2000 2571 2055 sententiam
2601 2000 2729 2056 boni
2754 2015 2966 2072 semper
3011 2001 3399 2058 indill‘erenter
3433 2010 3727 2073 sequantur
3756 2001 3822 2067 (II

2251 2089 2372 2146 Cor.
2398 2108 2472 2158 IV,
2506 2093 2614 2164 15).
2646 2091 2803 2160 Nam,
2830 2092 3027 2160 fateor,
3051 2093 3166 2149 haec
3196 2108 3286 2150 me
3338 2093 3591 2165 primum
3617 2108 3700 2149 res
3716 2095 3822 2148 bene

2251 2183 2416 2238 habet
2443 2198 2572 2254 erga
2601 2183 2957 2239 Eustachium
2995 2184 3286 2240 diaconum
3307 2225 3325 2253 ,
3363 2185 3522 2254 quod
3551 2197 3650 2240 nec
3667 2191 3818 2240 contra

2251 2274 2415 2330 ﬁdem
2447 2275 2743 2346 quidquam
2785 2275 3121 2342 locutus'sit,
3162 2291 3266 2332 nec
3315 2275 3643 2346 loquentem
3685 2273 3819 2352 admi-

2251 2362 2413 2429 serit,
2458 2376 2560 2418 nec
2586 2364 2655 2419 ad
2685 2375 2916 2421 mortem
2955 2366 3162 2420 crimen
3204 2365 3438 2435 aliquod
3473 2363 3816 2431 commississe,

2241 2449 2337 2527 vel
2355 2454 2621 2524 jactatum
2647 2472 2887 2528 unquam
2907 2457 2994 2513 vel
3015 2457 3200 2513 ﬁctum
3229 2457 3612 2530 cognoverim.
3639 2456 3700 2511 Et
3718 2456 3816 2526 quia

2252 2550 2308 2605 in
2337 2550 2424 2605 his
2451 2551 2630 2608 salvus
2661 2562 2769 2621 est,
2812 2554 2857 2609 si
2886 2568 2993 2623 quo
3028 2562 3185 2624 pacto
3219 2554 3669 2610 conversationes
3703 2565 3818 2606 ama-

2187 2714 2194 2734 .
2251 2627 2529 2700 biles-(non
2555 2645 2742 2714 habet,
2768 2646 3049 2702 habendus
3073 2656 3174 2713 est,
3196 2656 3254 2702 ut
3275 2649 3468 2704 minus
3495 2661 3595 2718 pro
3615 2653 3814 2715 tempore

2254 2733 2502 2803 dilectus,
2535 2751 2643 2791 non
2673 2745 2735 2791 ut
2770 2738 3022 2794 inimicus
3055 2739 3381 2806 aestimatus,
3409 2739 3623 2795 diabolo
3649 2737 3697 2792 in
3715 2748 3813 2806 per-

2252 2834 2416 2895 petuo
2457 2827 2872 2898 mancipandus.
2913 2828 3194 2901 Cognosco
3229 2829 3391 2886 illum
3441 2830 3585 2886 inter
3608 2828 3730 2885 'illas
3757 2825 3810 2880 εἰς

2241 2917 2510 2983 _multates
2541 2934 2604 2975 ac
2643 2920 2892 2977 turbines
2920 2929 3110 2976 contra
3153 2921 3463 2978 multorum
3498 2920 3697 2986 studia,
3728 2932 3809 2973 nou

2256 3007 2377 3064 dico
2413 3009 2615 3081 qualia,
2661 3011 2874 3068 diversa
2913 3013 3170 3080 sensisse,
3210 3025 3267 3071 et
3312 3030 3443 3072 cum
3490 3014 3614 3070 hinc
3646 3027 3723 3075 res
3759 3023 3806 3064 ac

2254 3098 2592 3158 calamitates
2617 3102 2747 3172 ipsae
2792 3104 3095 3160 emendatae
3125 3105 3254 3172 sint,
3279 3105 3467 3164 adhuc
3494 3102 3746 3162 Dizoniani
3768 3108 3808 3155 et

2260 3191 2459 3249 Siriaci
2479 3195 2936 3252 subdiaconorum
2965 3212 3073 3254 non
3093 3191 3338 3268 potuisse
3367 3199 3516 3271 apud
3549 3209 3639 3254 vos
3661 3208 3803 3251 cmen-

547 3284 784 3360 illicitas
809 3285 1062 3355 faciebat,
1087 3289 1372 3346 credentes
1401 3304 1460 3346 se
1483 3306 1644 3362 posse
1681 3306 1781 3363 per
1811 3291 1970 3346 istam
1993 3291 2153 3348 insti-
2181 3275 2228 3340 C
2259 3283 2530 3339 dalionem
2585 3285 2932 3342 reviviscere.
2975 3285 3320 3367 compescite
3345 3331 3361 3356 ,
3394 3302 3579 3360 quaso
3604 3327 3619 3353 ,
3663 3282 3804 3339 abillo

545 3377 832 3444 ,tutionem
867 3377 1060 3436 'locum
1099 3381 1155 3436 in
1205 3381 1451 3438 Ecclesia
1479 3383 1748 3440 catholica
1797 3383 2061 3453 recipere,
2088 3383 2155 3438 de

542 3484 680 3541 .qua
725 3479 886 3528 antea
914 3473 1304 3545 desperarant._
1340 3473 1496 3532 Nunc
1535 3475 1666 3532 illud
1702 3476 1846 3547 quod
1873 3483 2153 3546 superest,

541 3574 730 3631 -rogo,
772 3563 864 3634 qui
919 3573 1042 3635 post
1105 3578 1371 3632 mensem,
1422 3574 1516 3622 aut
1573 3581 1639 3623 eo
1691 3567 1922 3645 amplius
1971 3568 2151 3634 rediit,

540 3665 690 3710 .cum
730 3665 790 3708 se
826 3653 1206 3726 presbyterum
1256 3671 1288 3711 a
1339 3656 1552 3712 Bonoso
1594 3656 1892 3713 conﬁderet
1937 3658 2158 3734 ordina-

563 3749 702 3809 tum,
726 3742 914 3831 sinon
943 3754 1286 3802 sacramenta
1316 3747 1570 3814 confecit,
1600 3749 1644 3803 si
1672 3764 1779 3805 non
1810 3748 2021 3820 populis
2059 3749 2158 3804 tri-

563 3832 704 3900 buit,
728 3834 782 3897 si
799 3849 907 3890 non
935 3836 1127 3892 missas
1142 3838 1436 3893 secundum
1453 3839 1897 3894 consuetudinem
1920 3838 2157 3908 comple-

541 3921 665 3994 _vit,
687 3923 817 3994 quid
842 3923 909 3978 de
946 3925 1031 3980 his
1055 3926 1343 3992 censeatis,
1376 3942 1580 3996 quaeso,
1604 3927 1866 3997 prematis
1895 3915 2155 3996 apertius.

565 4010 650 4066 Ad
671 4027 936 4068 summam
959 4023 1106 4071 certe
1127 4017 1218 4086 qui
1247 4015 1384 4071 nihil
1422 4031 1452 4070 a
1480 4017 1694 4073 Boroso
1723 4027 2053 4089 acceperunt
2076 4019 2158 4074 rei

565 4110 697 4158 sunt
724 4115 994 4175 usurpata:
1017 4095 1318 4178 dignitatis,
1350 4109 1442 4180 qui
1481 4111 1944 4170 conﬁciendorum
1977 4127 2160 4168 sacro-

545 4206 689 4260 _rum
715 4192 820 4248 sibi
847 4195 1261 4252 vindicaverunt
1284 4206 1456 4254 auctu!
1473 4199 1504 4253 i'
1520 4213 1546 4256 a
1578 4215 1682 4266 em,
1707 4209 1874 4272 atque
1898 4201 1966 4256 ad
1988 4217 2047 4258 se
2066 4216 2161 4272 pu-

570 4272 824 4339 taverunt
850 4300 970 4342 esse
997 4288 1140 4358 quod
1171 4289 1237 4344 de
1266 4288 1351 4345 his
1387 4304 1452 4346 nu
1471 4288 1534 4347 ill
1577 4279 1757 4346 fuerat
1786 4291 2021 4364 regulari
2072 4307 2160 4347 ra-

551 4373 719 4449 tione
748 4390 1091 4434 concessum.

545 4533 550 4538 η
645 4469 806 4542 177
840 4469 923 4526 VI.
955 4469 1111 4528 Pervi
1134 4471 1240 4528 leat
1261 4487 1398 4546 ergit
1428 4472 1533 4533 die
1560 4475 1647 4539 ttio
1687 4483 1870 4533 vestra
1898 4478 2164 4535 hactenus

567 4556 700 4613 talia
733 4559 1014 4626 transisse,
1043 4570 1098 4617 et
1120 4561 1397 4618 atdvertitn
1421 4578 1528 4634 qia
1559 4563 1780 4634 lutique
1803 4607 1818 4632 ,
1871 4574 1932 4620 ut
1956 4566 2157 4632 dicitis,

2254 3376 2636 3446 praedictisque
2703 3392 3151 3450 quorumcunque
3211 3379 3416 3435 videtis
3454 3379 3690 3434 animos.
3726 3384 3802 3426 aue

2245 3459 2362 3519 'non
2385 3465 2562 3536 justas
2591 3466 2994 3534 aemulationes,
3025 3477 3087 3524 ut
3125 3469 3240 3540 ipse
3286 3469 3436 3540 apud
3482 3482 3578 3524 nos
3615 3466 3799 3530 integer.

2254 3556 2396 3626 apud
2421 3571 2520 3612 vos
2539 3571 2665 3612 cum
2704 3557 2818 3614 suis
2865 3568 3147 3629 reparatus
3190 3569 3476 3616 mereatur
3512 3570 3684 3631 pacem
3718 3565 3797 3607 ηοι

2255 3647 2459 3714 ﬁctam,
2487 3648 2779 3719 providens
2805 3650 3151 3708 charitatem.
3181 3651 3452 3710 Omnibus
3472 3651 3629 3723 igitur
3653 3643 3794 3706 vobis.

2256 3752 2323 3794 ac
2383 3739 2660 3810 sigillatim
2706 3750 2958 3796 occurrat
3009 3742 3288 3811 charitas,
3344 3753 3404 3800 et
3450 3737 3666 3797 vinculis
3709 3745 3798 3803 qua!

2258 3829 2419 3885 nullis
2452 3830 2628 3886 modis
2667 3846 2698 3885 a
2727 3831 2943 3888 Christo
2981 3833 3285 3900 solvuntur,
3316 3834 3592 3890 vobiscum
3637 3823 3796 3898 pariter

2259 3921 2315 3976 in
2350 3932 2668 3994 perpetuum
2700 3938 2946 3980 connexa
2975 3925 3188 3981 laetetur
3225 3926 3280 3981 in
3305 3926 3555 3983 Domino.

2365 4015 2448 4068 Ad
2469 4016 2727 4085 synodum
2755 4016 2811 4068 in
2858 4014 3122 4072 Tolosana
3150 4018 3358 4072 civitate
3387 4015 3711 4072 constitutam.

2332 4104 2387 4159 l.
2429 4103 2504 4159 De
2529 4104 2907 4176 Hyspanorum
2949 4107 3376 4177 reprehensione
3412 4106 3504 4179 qui
3543 4099 3794 4160 inordinate

2261 4193 2604 4251 constituunt
2629 4195 2880 4252 clericos.

2329 4287 2385 4341 2.
2427 4284 2499 4342 Ut
2534 4287 2816 4355 causidici,
2844 4285 2929 4343 vel
2960 4287 3228 4355 curiales,
3251 4287 3340 4346 vel
3361 4281 3609 4361 saeculari
3633 4276 3790 4338 militia:

2246 4377 2448 4461 dediti,
2482 4379 2776 4461 adlelcrum
2805 4393 2912 4434 non
2939 4379 3317 4436 admittantur.

2333 4470 2386 4524 5.
2428 4469 2500 4526 Ut
2533 4455 2842 4541 quicunque
2879 4470 3014 4526 tales
3038 4471 3273 4527 ordinati
3306 4470 3508 4530 fuerint
3541 4478 3651 4525 cum
3678 4455 3790 4515 ordi-

2263 4563 2545 4618 natoribus
2573 4562 2687 4618 suis
2708 4561 3047 4632 deponantur

541 4651 868 4732 _necessitas
888 4652 1146 4722 imperavi
1162 4659 1179 4706 t
1195 4653 1248 4707 in
1274 4668 1370 4724 pac
1390 4653 1459 4723 ait
1477 4669 1531 4711 ll)
1560 4655 1809 4712 ecclesias
1836 4658 2158 4714 constitutas
2183 4655 2238 4716 D
2331 4655 2387 4708 4ο
2437 4654 2514 4710 De
2553 4653 3066 4709 commemoratione
3094 4651 3298 4711 Nicaeni
3342 4650 3551 4712 concilii
3575 4688 3590 4717 ι
3631 4645 3677 4702 in
3707 4648 3785 4710 ⁴Ι⁰⁰

573 4756 680 4797 non
711 4756 1061 4813 prazsumere,
1086 4743 1203 4812 set‘,
1233 4753 1294 4800 ut
1320 4760 1460 4816 sape
1483 4761 1516 4801 a
1561 4747 1706 4814 cidit,
1728 4749 1940 4820 quoties
1983 4765 2014 4804 a
2057 4764 2159 4820 po-

541 4821 735 4917 ;pulis,
763 4843 858 4890 aut
899 4850 931 4890 a
976 4836 1131 4891 turba
1158 4845 1437 4907 peccatur,
1476 4841 1602 4910 quia
1635 4839 1690 4893 in
1717 4854 1906 4895 omnes
1941 4849 2161 4911 propter

574 4927 973 4983 multitudinem
1009 4945 1117 4984 non
1157 4938 1338 5000 potest
1379 4930 1675 4995 vindicari,
1720 4932 1949 4986 multum
1989 4933 2163 4989 soleat

540 5005 829 5102 :transire.
858 5017 1043 5073 Priora
1096 5027 1217 5090 3rgo
1267 5021 1584 5076 dimittenda
1633 5021 1754 5078 dico
1803 5023 1900 5078 Dei
1929 5022 2156 5092 judicio,

576 5117 632 5164 et
652 5109 718 5164 de
745 5109 950 5180 reliquo
971 5113 1207 5167 maxima
1231 5112 1593 5169 sollicitudine
1618 5117 2053 5184 praecavendum.

657 5205 760 5262 Vll.
788 5204 1013 5263 Veniam
1038 5209 1273 5263 nunc'ad
1298 5210 1593 5264 maximum
1622 5210 1775 5279 quasi
1804 5211 1869 5264 ad
1896 5211 2166 5280 quoddam

577 5295 759 5352 thema
781 5294 1035 5364 fontium,
1066 5307 1120 5354 et
1146 5300 1289 5370 quod
1316 5299 1449 5354 mihi
1479 5300 1701 5356 anxium
1724 5309 1808 5356 est
1837 5315 1903 5355 ac
1952 5299 2166 5356 diﬁicil-

577 5389 791 5456 linv;m,
816 5391 1081 5461 majorum
1112 5390 1382 5446 revolvam
1411 5391 1727 5447 sententias.
1749 5389 1949 5446 Fuerat
1971 5391 2038 5446 de
2076 5390 2169 5447 illo

581 5499 812 5558 quoqu0'
831 5495 1010 5556 pacto,
1056 5493 1115 5539 ut
1160 5485 1326 5540 etiam
1366 5485 1464 5557 ipsi
1504 5485 1951 5542 commeministis
1977 5525 1993 5551 ,
2018 5483 2166 5540 aliud

539 5569 546 5572 ’
579 5579 766 5649 utique
796 5578 1012 5649 gravius
1035 5577 1410 5632 constitutum.
1439 5576 1637 5632 Verum
1679 5576 1934 5647 quoniam
1977 5575 2030 5630 id
2068 5575 2166 5644 per

583 5684 853 5726 rumorem
883 5669 1099 5734 falsum,
1129 5674 1186 5721 ut
1209 5667 1476 5734 asseritis,
1516 5669 1832 5738 subreptum
1871 5665 1998 5722 huic
2027 5666 2163 5733 sedi,

537 5749 552 5844 Ἰ
583 5770 638 5818 ct
665 5762 901 5818 elicitum
930 5777 1027 5834 per
1068 5761 1291 5818 insidias
1337 5760 1738 5827 demonstratis,
1792 5761 1919 5831 quia
1965 5775 2054 5815 res
2097 5759 2167 5814 ad

586 5855 817 5919 salutem
870 5858 1031 5915 rediit
1067 5897 1084 5927 ,
1124 5855 1339 5919 veniam
1385 5869 1483 5912 nos
1530 5856 1670 5910 hanc
1710 5855 1974 5910 intantum
2014 5852 2168 5910 vobis

2261 4746 2571 4820 supradicta
2589 4745 2968 4818 prohibentur.

2335 4839 2388 4896 5.
2431 4837 2631 4906 Quales
2652 4837 2883 4908 eligendi
2908 4843 3038 4892 sunt
3059 4837 3116 4892 in
3146 4837 3340 4893 ordine
3367 4821 3675 4894 clericorum.
3713 4899 3722 4902 ξ

2334 4931 2388 4987 6.
2431 4930 2508 4986 De
2534 4945 2600 4986 eo
2626 4929 2720 4999 qui
2748 4937 2874 4984 ante
2902 4929 3233 4998 baptismum
3272 4943 3492 4986 uxorem
3532 4911 3709 4984 habuit}
3739 4909 3779 4961 οε

2262 5030 2386 5094 post
2412 5021 2741 5091 baptismum
2766 5020 2951 5087 aliam,
2977 5019 3211 5076 clericus
3232 5035 3341 5076 non
3365 5022 3476 5075 ﬁat.

2334 5113 2462 5169 CAP.
2489 5112 2530 5166 l.
2565 5111 2918 5168 Innocen'rws
2950 5112 3223 5168 universis
3262 5113 3521 5182 episcopis
3541 5145 3557 5174 ,
3586 5104 3632 5158 in
3662 5090 3776 5193 ΤΟῙῩ·

2265 5221 2396 5263 sana
2434 5205 2638 5278 synodo
2678 5204 3007 5271 constitutis,
3067 5203 3399 5260 dulcissimis
3439 5194 3696 5257 fratribus,
3733 5193 3773 5278 to

2242 5275 2494 5356 'Domino
2515 5297 2765 5355 salutem.
2804 5295 2960 5367 Saepe
2998 5310 3087 5351 me
3125 5303 3182 5351 et
3224 5295 3449 5351 nimium
3485 5300 3593 5346 cum
3619 5275 3774 5367 teneret

2267 5409 2396 5450 cura
2431 5392 2722 5449 sollicitum
2753 5362 2917 5459 super
2941 5387 3292 5444 dissentionis
3329 5385 3600 5443 schismata
3626 5362 3766 5459 Eccie'

2239 5485 2494 5549 ‘siarum,
2532 5481 2677 5552 quod
2705 5451 2905 5534 malum
2949 5491 3049 5548 per
3083 5475 3372 5547 Hispanias
3421 5470 3565 5529 latius
3605 5461 3650 5516 in
3686 5451 3769 5508 dies

2270 5573 2626 5647 separationis
2652 5571 2821 5643 gradu
2863 5568 3114 5625 incedere
3156 5567 3300 5622 fama
3353 5552 3763 5647 proloquitur,-nf:

2271 5636 2565 5724 cessarium
2597 5636 2807 5734 tempus
2829 5661 3050 5717 emersit
3079 5675 3186 5730 quo
3213 5674 3320 5716 non
3349 5636 3510 5731 possit
3532 5636 3763 5732 emendalio

2271 5769 2422 5816 tanta
2456 5757 2680 5822 diﬁ‘erri,
2719 5765 2774 5812 et
2811 5757 3033 5811 deberet
3078 5768 3316 5826 congrua
3363 5745 3596 5808 medicina
3629 5737 3758 5826 illo?

2273 5850 2410 5912 deri.
2446 5849 2584 5906 Nam
2609 5819 2676 5906 de
2703 5844 3135 5910 ordinationibus
3181 5819 3318 5916 quas
3355 5851 3522 5918 pravae
3545 5819 3758 5894 οοιιξιιθιυ·
