3968 6490
151 435 282 496 721
981 479 996 504 ,.
1356 443 2282 508 DECRETALIUMCOLLECTIO,
2443 449 2456 469 ‘~
2821 455 2933 492 θ’
3065 437 3076 454 "
3337 448 3459 519 "iis

151 554 324 614 diuis
351 551 481 611 vitio
508 551 894 624 Hispanienses
941 559 1224 632 episcopos
1262 566 1542 622 celebrare
1571 558 1848 639 cognoé-“A
1874 584 1996 624 nem
2021 552 2479 642 habuerint,'quia
2503 563 2772 643 scriptum
2790 558 3049 628 mVetert
3082 565 3455 632 Testamento“:

155 657 601 725 sctmus,‘fuerat
621 655 1134 730 aliquidseeundum
1148 662 1410 734 majorum
1427 663 1773 720 traditionem
1838 676 1840 678 '
1883 656 2147 722 «Uxorem
2171 665 2431 738 virginem
2460 666 2689 737 accipiat
2715 667 2983 734 sacerdos;
3013 686 3036 719 ι
3055 675 3110 723 et
3132 667 3255 724 alibi
3280 685 3294 723 :
3317 686 3336 722 ‹
3360 668 3454 726 δτιι

76 748 84 841 l
157 748 563 813 statuendum,
597 750 701 806 nisi
733 753 1191 823 perpenderemus
1233 771 1304 811 ne
1344 757 1776 827 perturbationes

76 848 88 919 ξ
158 858 352 913 quam
370 842 629 915 plurimas
648 843 906 901 Ecclesiis
928 860 1287 905 moveremus.
1311 848 1552 919 Quorum
1571 850 1775 905 factum

159 934 264 990 ita
290 935 736 1006 reprehendimus
762 977 777 1004 ,
826 944 888 992 ut
928 947 1147 1009 propter
1187 955 1472 997 numerum
1501 942 1777 1014 eorrigen-
1842 942 1844 946 ’

161 1026 405 1093 dorum,
437 1041 501 1084 ea
525 1043 646 1098 quae
673 1045 891 1101 quoquo
932 1030 1075 1088 facta
1112 1043 1242 1090 sunt
1291 1050 1401 1091 non
1449 1036 1504 1092 in
1553 1037 1776 1093 dubium

162 1132 467 1186 vocemus,
490 1121 586 1176 sed
602 1119 709 1176 .Dei
734 1122 916 1192 potius
943 1123 1280 1181 dimittamus
1306 1125 1534 1196 judicio.

248 1209 324 1266 Π.
353 1209 595 1279 Quantos
621 1212 767 1267 enim
796 1229 864 1270 ex
891 1215 971 1270 eis
995 1255 1012 1281 ,
1057 1216 1148 1286 qui
1194 1225 1318 1287 post
1356 1226 1633 1289 acceptam
1676 1219 1774 1274 ba-

159 1300 371 1371 ptismi
402 1303 630 1373 gratiam
655 1302 712 1358 in
731 1302 938 1361 forensi
978 1307 1367 1364 exercitatione
1391 1311 1590 1366 versati
1631 1318 1776 1380 sunt,

164 1398 236 1448 et
279 1391 564 1449 obtinendi
605 1394 964 1464 pertinaciam
1023 1408 1418 1470 susceperunt,
1464 1401 1663 1457 ascitos
1709 1402 1779 1456 ad

165 1481 555 1539 sacerdotium
577 1498 696 1540 esse
716 1487 1108 1556 comperimus!
1161 1490 1242 1544 Ex
1280 1506 1512 1562 quorum
1551 1506 1780 1549 numero

165 1570 422 1628 Ruﬁnus
489 1583 546 1629 et
616 1573 909 1646 Gregorius
970 1579 1344 1648 perhibentur.
1405 1583 1647 1650 Quantos
1710 1599 1779 1640 ex

166 1660 386 1716 militia
413 1663 504 1733 qui
549 1678 673 1721 cum
718 1669 1079 1736 potestatibus
1115 1670 1422 1742 obedierint
1457 1687 1644 1729 severa
1686 1687 1780 1728 ne-

169 1755 436 1811 cessario
462 1766 731 1828 praecepta
762 1768 890 1814 sunt
911 1763 1176 1830 exsecuti,
1211 1771 1444 1833 quantos
1488 1780 1556 1819 ex
1601 1765 1782 1820 curia-

171 1843 336 1902 libus
383 1846 476 1916 qui
520 1847 646 1903 dum
691 1858 888 1919 parent
941 1855 1301 1921 potestatibus
1355 1871 1475 1926 quia:
1522 1856 1625 1911 sibi
1654 1864 1781 1911 sunt

1878 756 2123 812 cerdotes
2145 758 2250 813 mei
2279 758 2442 814 semel
2464 760 2685 814 nubant.
2717 777 2735 809 ι
2775 757 2958 829 Neque
2983 759 3074 831 qui
3101 761 3234 816 duas
3261 776 3460 820 uxores

1877 849 2187 915 habuerint,
2212 850 2337 921 quia
2366 850 2564 906 Paulus
2590 851 2864 922 apostolus
2893 852 2987 920 ait,
3023 870 3041 905 ι
3075 853 3236 911 mius
3271 855 3459 911 uxoris

1876 941 2209 1012 virumf(Tit.
2245 959 2284 1009 ι,
2318 942 2394 1014 6).
2428 961 2446 995 ι

1947 1031 2037 1087 Vl.
2078 1032 2189 1090 Nec
2226 1033 2356 1090 illud
2405 1034 2599 1090 debere
2621 1023 2831 1090 admitti
2885 1035 3026 1107 quod
3058 1020 3348 1109 aliquanti.
3362 1050 3462 1108 pro

1878 1123 2186 1182 defensione
2227 1125 2380 1196 pravi
2419 1126 2624 1181 erroris
2651 1135 2929 1197 opponunt
2962 1134 3016 1182 et
3042 1137 3291 1183 asserunt
3317 1128 3463 1199 quod

1880 1224 2004 1272 ante
2029 1217 2357 1287 baptismum
2381 1217 2560 1272 omnia
2584 1218 2948 1284 dimittuntur,
2972 1234 3078 1274 non
3100 1218 3464 1290 intelligentes

1877 1307 2183 1377 huiusmodi
2201 1309 2341 1378 quod
2362 1309 2472 1363 sola
2495 1309 2546 1362 in
2570 1308 2840 1378 baptismo
2860 1317 3082 1379 peccata
3100 1309 3462 1376 dimittuntur,

1877 1417 1979 1457 nec
2007 1401 2192 1456 uxoris
2220 1415 2475 1455 numerus
2502 1400 2760 1456 aboletur.
2789 1399 2924 1455 Nam
2949 1401 2992 1456 si
3016 1415 3048 1454 a
3074 1401 3185 1457 Deo
3207 1441 3223 1467 ,
3258 1409 3318 1454 ut
3339 1400 3470 1456 scri-

1877 1500 2031 1564 ptum
2058 1500 2141 1548 est
2173 1510 2192 1543 ‹
2219 1499 2554 1562 praeparatur
2583 1492 2703 1546 viro
2732 1506 2868 1546 uxor
2894 1489 3077 1562 (Prov.
3109 1490 3379 1561 ΧΙΧ,14),)
3413 1496 3470 1546 et

1884 1584 2057 1654 «quod
2078 1583 2219 1638 Deus
2235 1581 2434 1651 junxit,
2459 1583 2618 1638 homo
2640 1597 2745 1637 non
2769 1582 3210 1654 separet(.llatlh.
3226 1597 3336 1644 nx,
3357 1580 3465 1652 6),»

1879 1690 1934 1736 et
1955 1682 2052 1751 ipsi
2076 1688 2325 1735 auctores
2344 1675 2794 1751 generishumani
2819 1679 2871 1733 in
2893 1678 3102 1748 origine
3122 1693 3152 1732 a
3169 1677 3280 1734 Deo
3303 1677 3472 1731 bene-

1851 1789 1855 1794 ·
1881 1770 2435 1839 dicuntur,quomodo
2462 1767 2853 1837 interperfecta
2881 1768 2983 1822 ista
3007 1767 3474 1836 credunturposse

1852 1859 2123 1915 'dimitti?
2151 1859 2303 1925 Quod
2352 1858 2396 1912 si
2441 1860 2736 1913 secundum
2783 1857 2903 1912 illos
2946 1857 3035 1927 qui
3077 1857 3152 1912 ita
3199 1857 3472 1922 credunt,

173 1939 460 2010 imperata
498 1938 768 1997 fecerunt!
816 1943 1056 2010 Quantos
1097 1946 1189 2016 qui
1235 1945 1538 2016 voluptates
1567 1956 1621 2002 et
1655 1947 1771 2002 edi-
1803 1943 1850 2002 B
1876 1967 2062 2007 verum
2101 1961 2218 2014 est,
2259 1966 2387 2021 ergo
2414 1949 2589 2004 omnis
2630 1948 2840 2020 justitia
2887 1964 2992 2019 qua
3022 1964 3052 2003 a
3083 1947 3474 2004 catechuminis

175 2029 372 2087 tiones
419 2031 617 2102 populo
645 2032 1018 2102 celebrarunt,
1071 2037 1140 2091 ad
1177 2037 1436 2093 honorem
1467 2040 1664 2094 summi
1696 2053 1780 2094 sa-

175 2127 421 2183 cerdotii
462 2129 803 2198 pervenisse!
845 2129 1088 2197 Quorum
1136 2132 1379 2186 omnium
1408 2133 1681 2188 neminem
1714 2149 1782 2188 ne

175 2220 256 2276 ad
289 2221 614 2279 societatem
639 2223 858 2294 quidem
879 2224 1086 2281 ordinis
1120 2225 1442 2282 clericorum
1470 2235 1784 2296 oportuerat

176 2311 523 2382 pervenisse.
541 2312 669 2379 Quae
683 2313 728 2368 si
747 2313 955 2384 singula
969 2314 1304 2370 discutienda
1322 2315 1658 2382 mandemus,
1675 2329 1784 2370 non

177 2404 440 2460 modicos
477 2412 688 2472 motus,
732 2414 826 2460 aut
869 2405 1126 2462 scandala
1162 2405 1612 2476 Hispaniensibus
1653 2420 1782 2478 pro-

178 2495 416 2564 vinciis,
447 2496 644 2566 quibus
669 2497 876 2552 mederi
915 2496 1182 2566 cupimus,
1217 2498 1284 2551 de
1325 2497 1504 2553 studio
1533 2498 1787 2553 emenda-

185 2587 364 2643 tionis
406 2587 738 2652 indicemus;
787 2587 989 2644 idcirco
1035 2588 1362 2644 remittenda
1430 2588 1610 2658 potius
1670 2589 1788 2644 haec

180 2687 475 2750 putamus.
527 2678 634 2735 Sed
678 2694 746 2734 ne
795 2680 1047 2750 deinceps
1095 2680 1291 2736 similia
1337 2681 1744 2736 committantur
1771 2721 1787 2749 ,

184 2770 509 2827 dilectionis
553 2780 747 2826 vestra:
792 2773 1079 2829 maturitas
1113 2773 1402 2843 providere
1433 2773 1686 2839 debebit,
1729 2781 1791 2828 ut

186 2869 368 2918 tantae
427 2863 764 2935 usurpationi
828 2863 1017 2920 saltem
1073 2880 1218 2920 nunc
1267 2863 1393 2920 ﬁnis
1446 2866 1791 2921 necessarius

185 2953 513 3025 imponatur
539 2996 552 3020 ,
594 2969 660 3011 eo
713 2954 964 3012 videlicet
1006 2955 1320 3021 constituto,
1372 2962 1434 3010 ut
1481 2956 1793 3026 quicunque

186 3045 338 3102 tales
361 3045 597 3103 ordinati
643 3046 848 3102 fuerint
883 3061 1007 3102 cum
1034 3046 1438 3103 ordinatoribus
1476 3047 1590 3102 suis
1624 3047 1794 3115 depo-

187 3147 426 3196 nantur.

272 3231 362 3288 Ill.
394 3231 524 3288 Post
550 3235 666 3289 haec
690 3233 736 3289 si
771 3232 892 3304 quis
938 3233 1194 3290 adversus
1247 3233 1453 3290 formas
1497 3247 1792 3299 canonum,

1885 2050 2010 2096 ante
2040 2041 2365 2110 baptismum
2393 2040 2557 2095 fuerit
2580 2048 2824 2110 operata,
2853 2055 2950 2111 per
2971 2040 3298 2110 baptismum
3327 2037 3476 2093 aufe-

1854 2139 2053 2185 'ratur.
2112 2129 2298 2185 Nullus
2344 2145 2474 2201 ergo
2535 2141 2727 2186 contra
2803 2130 3073 2202 apostolos
3127 2130 3232 2187 tale
3274 2129 3477 2201 aliquid

1885 2222 2104 2286 sentiat,
2134 2237 2236 2277 nec
2265 2223 2536 2288 admittat,
2576 2223 2671 2277 sed
2711 2222 2944 2277 ﬁdeliter
2973 2223 3236 2294 intelligat
3269 2241 3288 2276 ι
3317 2221 3478 2276 unius

1886 2313 2073 2369 uxoris
2093 2314 2286 2377 virum,
2301 2333 2320 2365 ι
2342 2314 2454 2369 sive
2476 2323 2601 2370 ante
2623 2314 2948 2385 baptismum
2971 2328 3092 2371 esse
3116 2315 3473 2381 nominatum,

1887 2405 2000 2458 sive
2049 2413 2172 2475 post
2227 2404 2576 2474 baptismum.
2629 2403 2688 2459 Si
2735 2405 2878 2459 enim
2928 2419 3067 2460 uxor
3116 2413 3241 2460 ante
3296 2403 3478 2474 bapti-

1888 2513 2065 2553 smum
2093 2506 2316 2566 accepta
2345 2513 2449 2552 non
2471 2498 2688 2554 ducitur
2715 2498 2768 2553 in
2809 2514 3117 2565 numerum,
3149 2513 3247 2553 nec
3281 2498 3376 2554 ﬁlii
3410 2513 3480 2554 ex

1859 2587 2077 2641 eadem
2134 2588 2368 2657 suscepti
2428 2587 2568 2642 inter
2621 2588 2760 2643 ﬁlios
2808 2588 3021 2658 debent.
3065 2589 3476 2646 communicari.

1890 2678 2044 2746 Quod
2077 2693 2238 2749 quam
2268 2678 2559 2733 absurdum
2603 2679 2674 2733 sit
2717 2688 2879 2749 atque
2923 2680 3155 2733 alienum
3195 2679 3482 2750 prudentia

1889 2778 2068 2825 vestra
2139 2769 2334 2824 melius
2395 2769 2704 2825 aestimabit.
2766 2770 2920 2829 Unde
2987 2770 3256 2825 neminem
3320 2771 3484 2825 liceat

1892 2863 2236 2933 interpretari
2259 2861 2417 2916 aliter
2440 2861 2652 2917 divinas
2681 2860 3011 2933 Scripturas,
3033 2861 3134 2916 nisi
3161 2861 3305 2932 quod
3336 2867 3483 2916 recta

1867 2954 2034 3008 ratio
2069 2953 2358 3024 permittit,
2401 2969 2468 3008 ne
2501 2955 2628 3008 dum
2674 2955 2892 3024 quidam
2945 2952 3184 3008 remedia
3225 2953 3329 3008 sibi
3373 2952 3481 3007 iui-

1895 3059 2000 3114 qua
2067 3045 2136 3099 ad
2201 3045 2608 3100 excusationem
2661 3052 2990 3116 praeparant,
3046 3060 3113 3101 ex
3161 3060 3227 3100 eo
3274 3043 3486 3113 rupisse

1893 3135 2087 3207 legem,
2113 3144 2167 3190 et
2189 3137 2404 3207 regulas
2423 3139 2683 3192 evertisse
2693 3136 3024 3204 judicentur,
3050 3135 3146 3191 sed
3167 3149 3230 3190 ea
3256 3133 3485 3189 tenenda

1897 3237 2024 3284 sunt
2051 3243 2171 3298 quae
2205 3229 2509 3283 divinarum
2556 3227 2959 3298 Scripturarum
3001 3227 3170 3282 series
3213 3227 3482 3292 continet,

191 3325 286 3382 vel
320 3326 396 3382 ad
427 3325 854 3382 ecclesiasticum
883 3327 1150 3392 ordinem,
1189 3327 1274 3382 vel
1304 3327 1372 3381 ad
1403 3327 1576 3396 ipsum
1617 3340 1798 3381 sacer-
1823 3329 1870 3392 α
1899 3329 1954 3375 et
1982 3334 2012 3373 a
2037 3319 2410 3374 sacerdotibus
2438 3318 2557 3372 utili
2607 3318 2817 3373 ratione
2851 3324 2978 3372 sunt
2997 3318 3318 3373 constituta.
3340 3316 3487 3371 Bene

195 3417 417 3474 dotium
431 3418 619 3474 venire
647 3417 1079 3482 tentaverit,una
1109 3432 1230 3472 cum
1259 3417 1662 3473 ordinatoribus
1681 3417 1796 3472 suis

198 3510 328 3582 ipso
383 3509 438 3565 in
471 3525 578 3581 quo
615 3509 820 3565 inventi
862 3508 1062 3564 fuerint
1106 3509 1295 3564 ordine
1335 3518 1392 3564 et
1431 3510 1636 3564 honore
1679 3507 1797 3578 pri-

195 3609 384 3657 vetur.
414 3600 484 3656 Et
525 3600 773 3670 quamvis
813 3600 1086 3657 dilectioni
1111 3608 1328 3666 vestrae,
1363 3599 1562 3656 fratres
1591 3600 1800 3655 charis-

198 3692 358 3760 simi,
381 3691 580 3764 regula:
613 3692 844 3750 Nicaeum
890 3693 1000 3748 sint
1047 3692 1296 3764 cognitae,
1344 3691 1636 3747 secundum
1665 3704 1800 3760 quos
1873 3726 1878 3730 -

194 3785 429 3843 ordines
452 3799 574 3841 esse
611 3784 889 3840 faciendos
935 3783 1311 3848 decernentes,
1348 3791 1531 3837 tamen
1561 3781 1800 3850 aliquam

200 3882 421 3946 partem
434 3889 553 3945 quae
573 3875 638 3930 de
660 3874 1092 3930 ordinationibus
1111 3882 1194 3929 est
1217 3872 1432 3942 provisa
1459 3873 1802 3935 inserendam

199 3966 418 4038 putavi,
461 3973 523 4020 ut
568 3966 862 4022 secundum
897 3965 1411 4039 eamordinationes
1437 3965 1488 4019 in
1521 3972 1802 4034 posterum

204 4057 568 4116 celebrandas
594 4071 716 4113 esse
761 4056 1029 4126 sciamus,
1077 4071 1178 4113 nec
1212 4056 1602 4127 interpretandi
1647 4055 1804 4111 aliter

203 4147 444 4206 liberum
492 4149 777 4206 arbitrium
823 4148 1180 4220 relinquatur.
1237 4147 1365 4204 Haec
1409 4149 1644 4219 primum
1671 4162 1792 4218 quae

205 4247 346 4297 sunt
369 4240 643 4312 prohibita
666 4239 1000 4310 digerantur.
1737 4237 1748 4248 '

309 4329 403 4389 IV.
451 4331 531 4390 Ne
584 4332 855 4405 quispiam
899 4331 993 4404 qui
1041 4340 1166 4404 post
1223 4332 1551 4403 baptismum
1605 4331 1805 4386 milita-

206 4424 378 4491 verit,
418 4424 485 4480 ad
509 4425 754 4480 ordinem
797 4423 993 4480 debeat
1035 4423 1320 4478 clericatus
1353 4422 1600 4488 admitti,
1629 4435 1805 4492 neque

206 4516 312 4588 qui
337 4529 533 4572 causas
569 4522 695 4586 post
733 4522 1015 4584 acceptum
1052 4513 1379 4582 baptismum
1422 4512 1669 4584 egerint,
1711 4519 1804 4567 aut

212 4607 313 4680 qui
356 4615 480 4678 post
524 4614 802 4676 acceptam
839 4605 937 4660 Dei
991 4605 1221 4675 gratiam
1265 4603 1800 4668 administraverint;

1898 3401 2147 3477 valeatis,
2181 3410 2379 3466 fratres
2409 3410 2721 3465 charissimi

2046 3525 2283 3596 Epistola
2313 3524 2521 3598 concilii
2545 3523 2971 3598 Carthagipensis
2994 3523 3061 3598 gd
3091 3530 3332 3577 sanctum

2383 3594 2756 3648 Innocentium
2777 3594 3001 3664 Papam.

1973 3687 2202 3743 Domino
2227 3684 2547 3742 beatissimo
2579 3693 2635 3739 et
2671 3683 3092 3740 honoratissimo
3122 3682 3303 3748 fratri,
3336 3679 3488 3738 Inno—

1901 3796 2094 3838 cen'no
2150 3793 2339 3850 papm,
2379 3776 2668 3843 Aurelius,
2722 3775 3042 3842 Numidius,
3105 3774 3492 3850 Rusticianus,

1902 3871 2182 3929 Fidentius
2204 3849 2231 3936 ,γ
2249 3870 2512 3942 Evagrius
2535 3910 2550 3935 ,
2577 3869 2844 3924 Antonius
2867 3909 2882 3935 ,
2937 3868 3210 3924 Palatinus
3243 3849 3495 3923 Adeoda-

1905 3975 2012 4033 tus,
2051 3965 2401 4030 Vincentius,
2428 3963 2752 4029 Publianus,
2791 3961 3086 4028 Theasius,
3129 3961 3320 4028 Tutus,
3352 3961 3492 4016 Pan—

1904 4057 2124 4122 nonius,
2158 4039 2368 4121 Victor,
2397 4053 2703 4109 Restitutus
2725 4093 2742 4121 ,
2771 4051 2909 4107 alius
2945 4052 3276 4118 Restitutus,
3309 4050 3492 4105 Rusti-

1905 4165 2001 4206 cus
2023 4191 2038 4217 ,
2082 4148 2503 4204 Fortunalianus
2532 4187 2547 4213 ,
2597 4145 2879 4216 Ampelius
2907 4184 2922 4211 ,
2979 4144 3207 4200 Avinius
3236 4183 3251 4210 ,
3299 4141 3451 4208 Felix
3474 4181 3492 4208 ,

1905 4242 2240 4298 Donatianus
2263 4241 2562 4296 Adeotatus
2587 4280 2601 4304 ,
2631 4239 2889 4296 Octavius
2913 4279 2929 4304 ,
2972 4236 3258 4294 Serotinus
3283 4277 3298 4303 ,
3327 4235 3497 4307 Majo-

1881 4335 2086 4401 .rinus,
2119 4334 2508 4398 Porturianus,
2537 4333 2827 4403 Crispolis,
2852 4332 3071 4398 Victor,
3110 4332 3247 4386 alius
3285 4329 3490 4395 Victor,

1906 4425 2154 4491 Leutius,
2190 4423 2448 4490 Marinus,
2478 4425 2812 4479 Fructuosus
2840 4465 2855 4490 ,
2881 4416 3284 4487 Faustinianus,
3315 4419 3496 4487 Quod-

1906 4519 2173 4584 vultdeus,
2203 4518 2536 4590 candorius,
2567 4517 2856 4582 Maximus,
2884 4516 3176 4589 Magarius,
3219 4513 3491 4577 Rusticus,

1911 4612 2249 4678 Ruﬁnianus,
2273 4611 2536 4667 Proculus
2557 4651 2572 4677 ,
2604 4610 2860 4676 Thomas,
2889 4608 3180 4663 Januarius
3203 4646 3216 4670 ,
3245 4603 3495 4660 Octavia-

212 4713 396 4770 neque
418 4697 484 4754 de
509 4686 801 4754 curialibus
821 4697 1056 4767 aliquem
1094 4697 1164 4752 ad
1197 4695 1626 4752 ecclesiasticum
1656 4695 1792 4750 ordi-

1911 4719 2035 4768 nus,
2065 4701 2442 4767 Praetextatus,
2473 4701 2676 4766 Sixtus,
2711 4699 3115 4769 Quodvultdeus
3135 4737 3151 4762 ,
3176 4693 3491 4759 Pentadius,

212 4803 344 4845 nem
381 4789 568 4845 venire
593 4785 773 4860 posse,
802 4788 893 4858 qui
937 4795 1060 4858 post
1089 4787 1416 4858 baptismum
1443 4787 1529 4842 vel
1557 4787 1804 4844 coronati

214 4879 443 4947 fuerint,
464 4879 551 4936 vel
574 4879 937 4936 sacerdotium
968 4879 1112 4950 quod
1154 4877 1376 4946 dicitur,
1424 4879 1819 4945 sustinuerint,‘

215 4980 275 5028 et
307 4970 572 5028 editiones
596 4971 839 5042 publicas
862 4970 1275 5027 celebraverint.
1307 4970 1442 5026 Nam
1483 4982 1540 5028 et
1587 4973 1692 5028 hoc
1737 4972 1805 5029 de

219 5066 532 5123 carnalibus
554 5075 637 5122 est
671 5065 993 5132 cavendum,
1026 5078 1095 5119 ne
1141 5065 1326 5130 iidem,
1374 5064 1468 5135 qui
1507 5079 1575 5120 ex
1620 5065 1803 5120 curia-

219 5157 365 5214 libus
384 5157 604 5226 fuerint,
621 5156 910 5228 aliquando
927 5172 960 5211 a
985 5157 1098 5213 suis
1120 5157 1307 5222 curiis,
1331 5157 1472 5227 quod
1494 5155 1808 5227 frequenter

220 5248 470 5307 videmus
513 5250 780 5315 accidere,
814 5257 1128 5320 poscantur.
1159 5248 1291 5316 Quae
1338 5250 1520 5305 omnia
1565 5251 1804 5306 rationa-

222 5339 406 5399 biliter
439 5341 709 5413 prohibita
730 5348 944 5411 oportet
972 5341 1147 5398 modis
1167 5341 1422 5398 omnibus
1449 5342 1732 5398 custodiri.

297 5430 363 5488 V.
390 5431 587 5501 Quales
612 5447 741 5489 vero
768 5433 1000 5506 eligendi
1027 5441 1156 5488 sunt
1182 5433 1235 5488 in
1267 5434 1459 5488 ordine
1482 5433 1805 5490 clericorum

227 5521 450 5580 evidens
474 5522 646 5579 forma
671 5521 928 5589 declarat,
959 5523 1012 5577 id
1051 5531 1156 5588 est,
1188 5523 1280 5592 qui
1309 5522 1377 5578 ab
1405 5523 1624 5579 ineunte
1649 5529 1808 5578 aetate

230 5615 491 5687 baptizati
536 5615 772 5682 fuerint,
814 5624 870 5672 et
911 5615 1173 5672 lectorum
1197 5614 1372 5672 ollicio
1393 5615 1580 5672 sociati
1607 5656 1623 5681 ,
1649 5615 1731 5670 vel
1763 5615 1808 5672 si

231 5705 462 5777 majores
481 5713 628 5772 sunt,
654 5720 778 5761 cum
799 5703 1001 5761 fuerint
1039 5705 1135 5760 Dei
1173 5706 1401 5775 gratiam
1431 5706 1738 5772 consecuti,
1762 5706 1809 5762 si

234 5798 413 5854 statim
438 5813 497 5857 se
525 5798 910 5856 ecclesiasticis
941 5799 1219 5854 ordinibus
1263 5800 1709 5868 mancipaverint.
1740 5799 1809 5856 Et

235 5888 284 5976 gi
309 5902 505 5976 tutores
527 5891 852 5983 habuerint,
884 5891 1236 5980 quaerendum
1284 5892 1330 5950 si
1377 5907 1602 5951 uxorem
1642 5892 1806 5972 virgi—

1911 4794 2232 4865 Cyprianus,
2259 4791 2539 4858 Servilius,
2566 4791 2834 4862 Pelagius,
2861 4783 3492 4852 Marcellus,Venantius,

1912 4886 2171 4960 Dydimus
2196 4926 2210 4951 ,
2264 4884 2589 4941 Saturninus
2615 4925 2630 4951 ,
2677 4884 2985 4939 Bazecenus
3008 4923 3023 4947 ,
3057 4877 3451 4936 Germanianus
3477 4917 3494 4944 ,

1913 4979 2338 5043 Germamenus,
2395 4974 2715 5040 Juventius,
2788 4971 3079 5040 Majorinus
3103 5010 3119 5036 ,
3170 4966 3455 5023 Juventius
3478 5005 3494 5034 ,

1913 5067 2229 5134 Candidus,
2297 5065 2657 5138 Cyprianus,
2710 5071 2768 5117 et
2817 5060 3115 5116 Emilianus
3174 5057 3493 5121 Romanus,

1911 5158 2200 5215 Africanus
2216 5198 2248 5225 ,,
2277 5166 2331 5213 et
2357 5155 2718 5219 Marcellinus,
2751 5152 2844 5223 qui
2895 5151 2951 5207 in
2992 5149 3217 5208 consilio
3240 5147 3496 5206 Ecclesia:

1911 5249 2322 5321 Cathaginensis
2356 5247 2625 5302 alfuimus.
3077 5233 3080 5239 “

1980 5339 2114 5396 Cum
2143 5355 2211 5396 ex
2245 5354 2398 5396 more
2433 5336 3020 5410 ad-Carthaginensem
3060 5336 3360 5395 Eeclesiam
3403 5348 3494 5390 so-

1909 5433 2161 5489 lemniter
2188 5433 2516 5498 veniremus,
2548 5439 2710 5502 atque
2760 5447 2829 5487 ex
2873 5432 3099 5488 diversis
3143 5429 3321 5487 causis
3368 5442 3497 5482 con-

1912 5533 2136 5598 gregata
2175 5540 2242 5580 ex
2293 5525 2451 5580 nobis
2487 5524 2725 5596 synodus
2757 5523 3070 5590 haberetur,
3091 5522 3496 5592 compresbyter

1912 5626 2098 5673 noster
2134 5616 2358 5672 Orosius
2391 5617 2548 5672 nobis
2576 5617 2789 5673 litteras
2840 5626 3153 5674 sanctorum
3183 5614 3412 5668 fratrum
3442 5619 3497 5666 et

1912 5708 2359 5764 consacerdotum
2386 5715 2694 5764 nostrorum
2723 5706 3178 5764 deditAverorhis
3199 5713 3253 5760 et
3278 5701 3492 5768 Lazari,

1911 5814 2139 5869 quarum
2179 5798 2410 5854 formam
2438 5799 2522 5855 his
2547 5799 2946 5856 constituimus-
2976 5811 3096 5852 esse
3142 5790 3493 5850 subdendam.

1911 5889 2006 5966 llis
2039 5906 2168 5966 ergo
2217 5891 2400 5960 lectis,
2461 5890 2732 5966 Pelagium
2784 5898 2839 5954 et
2891 5886 3204 5958 Caelestium
3246 5890 3496 5949 auctores
