3968 6454
518 413 626 478 723

1371 407 1659 464 APPEND.
1689 407 1780 463 AD
1808 409 1980 466 Sz’liC.
2017 409 2108 465 IX.
2133 441 2203 453 —
2235 412 2483 470 lSlDORl
2521 414 2963 474 MERCATORIS

3707 416 3811 472 [2O

517 531 714 590 nefarii
767 544 990 604 prorsus
1059 536 1114 588 et
1173 529 1665 587 anathematizandi
1729 528 1796 584 ab
1850 528 2101 584 omnibus
2129 534 2179 596 Α
2205 531 2288 602 (II
2315 533 2712 606 Cor.xu,10);i
2733 547 2812 594 et:
2836 539 3046 594 «Gratia
3069 539 3161 596 Dei
3189 554 3305 596 sum
3327 550 3386 596 m
3409 539 3554 611 quod
3583 554 3737 603 sum.
3757 551 3813 596 et

521 626 678 683 nobis
702 626 905 682 erroris
942 625 1292 680 advertimus.
1347 623 1500 679 Unde
1544 623 1746 679 factum
1792 632 1875 680 est
1914 632 1974 678 ut
2022 637 2106 678 re-

521 719 848 775 censendum
870 727 1173 790 peteremus
1197 719 1323 789 quid
1347 727 1470 773 ante
1491 718 1918 788 quinquennium
1947 732 2110 788 super

521 810 762 867 leestii
786 811 1005 866 nomine
1037 810 1124 865 hic
1152 809 1290 880 apud
1315 810 2108 881 EcclesiumCarthaginenscm

522 902 684 957 fuerit
711 903 1060 974 exagitatam.
1109 900 1228 969 Quo
1279 902 1523 970 recitato,
1571 903 1711 957 sicut
1764 919 1830 957 ex
1881 903 2110 958 subditis

521 997 806 1052 advertere
857 997 1058 1068 poterit
1107 996 1365 1052 sanctitas
1417 1004 1528 1062 tua,
1579 994 2111 1066 qttamvisjudicatio

523 1089 806 1146 manifesta
836 1099 1113 1146 constaret
1160 1091 1286 1160 quia
1335 1090 1391 1144 in
1425 1089 1516 1144 illo
1549 1099 1790 1159 tempore
1818 1087 2112 1159 episcopali

517 1181 721 1255 judicio
742 1183 983 1239 excisum
1014 1183 1114 1238 hoc
1141 1192 1346 1238 tantum
1383 1181 1576 1236 vulnus
1602 1183 1669 1236 ab
1697 1181 1937 1236 Ecclesia
1961 1180 2114 1235 vide-

437 1326 439 1328 .
524 1284 706 1343 retur,
767 1275 1117 1331 nihilominus
1179 1284 1359 1330 tamen
1426 1275 1477 1329 id
1529 1275 1802 1329 communi
1851 1273 2118 1328 delibera-

529 1367 675 1423 tione
715 1367 1046 1431 censuimus,
1087 1373 1149 1420 ut
1184 1365 1489 1436 hujusmodi
1525 1363 1892 1434 persuasionis
1928 1370 2114 1418 aucto-

524 1473 634 1525 res,
668 1459 914 1530 quamvis
963 1465 1020 1512 et
1065 1457 1133 1512 ad
1185 1455 1581 1528 presbyterium
1638 1455 1778 1509 idem
1829 1453 2116 1509 Caelestius

524 1559 714 1620 postea
783 1549 1097 1619 pervenisse
1156 1548 1370 1602 dicatur
1402 1587 1417 1613 ,
1481 1547 1584 1601 nisi
1649 1546 1704 1600 hi
1773 1545 2116 1615 apertissime

526 1641 1137 1704 anathematizaverint,
1203 1641 1348 1711 ipsos
1402 1655 1616 1711 quoque
1661 1637 2116 1695 anathematizari

527 1739 784 1802 oportet,
838 1739 898 1785 ut
970 1731 1017 1786 si
1085 1731 1324 1802 ipsorum
1394 1745 1501 1785 non
1571 1731 1864 1800 potuerit,
1925 1729 2116 1784 saltem

526 1837 714 1879 eorum
765 1824 858 1895 qui
908 1823 1116 1894 decepti
1178 1833 1305 1878 sunt
1356 1823 1422 1876 ab
1466 1822 1589 1888 eis,
1640 1821 1726 1876 vel
1775 1821 1947 1891 decipi
1993 1835 2117 1892 pos-

2207 627 2378 696 gratia
2401 627 2519 694 ejus
2573 629 2624 683 in
2648 645 2733 684 me
2761 645 2926 684 vacua
2973 648 3077 685 non
3104 631 3223 695 fuit,
3268 633 3360 688 sed
3381 633 3503 702 plus
3546 633 3814 687 omnibus

2209 717 2314 773 illis
2342 718 2605 785 laboravi,
2637 737 2742 776 non
2776 738 2876 794 ego
2902 735 3106 788 autem,
3136 727 3228 780 sed
3254 727 3426 796 gratia
3461 726 3556 779 Dei
3587 741 3814 781 mecum

2211 810 2264 882 (Ι
2287 810 2410 867 Cor.
2428 814 2677 883 xv,10):t
2704 823 2757 870 et
2775 833 2788 869 :
2809 835 2827 867 ι
2852 817 3066 872 Gratias
3093 831 3193 889 ago
3220 817 3332 872 Deo
3359 819 3448 887 qui
3476 817 3629 872 dedit
3649 815 3817 872 nobis

2209 902 2491 958 victoriam
2532 921 2631 974 per
2672 906 2956 961 Dominum
3009 917 3259 965 nostrum
3303 907 3490 962 Jesum
3523 907 3820 963 Christum

2211 993 2264 1067 (I
2286 995 2408 1050 Cor.
2438 1013 2528 1060 xv,
2555 999 2673 1068 57),
2707 1018 2726 1052 ι
2797 1018 2816 1051 t
2855 1000 2981 1070 quia
3033 1000 3210 1054 idonei
3243 1015 3347 1054 non
3375 1015 3571 1055 sumus
3601 998 3819 1070 aliquid

2213 1087 2453 1155 cogitare
2497 1089 2654 1157 quasi
2719 1104 2788 1144 ex
2854 1091 3284 1160 nobismetipsis,
3333 1090 3428 1145 sed
3484 1087 3821 1144 sufﬁcientia

2213 1187 2397 1235 nostra
2446 1195 2511 1236 ex
2545 1181 2656 1237 Deo
2698 1197 2758 1238 se
2803 1181 2888 1252 (II
2921 1183 3041 1237 Cor.
3072 1199 3156 1247 ut,
3182 1183 3272 1255 5);
3297 1203 3316 1237 ι
3345 1191 3442 1238 et:
3473 1201 3494 1234 t
3533 1182 3824 1238 Habemus

2216 1270 2526 1324 thesaurum
2564 1271 2724 1325 istum
2753 1271 2807 1326 in
2834 1272 2978 1327 vasis
3003 1271 3279 1338 ﬁctilibus,
3310 1282 3370 1328 ut
3403 1272 3717 1328 eminentia
3750 1272 3823 1326 sit

2215 1362 2432 1419 virtutis
2459 1365 2551 1420 Dei
2575 1373 2629 1419 et
2653 1381 2760 1420 non
2781 1347 2848 1420 ex
2872 1366 3027 1421 nobis
3051 1364 3133 1437 (II
3153 1365 3274 1422 Cor.
3301 1382 3376 1432 tv,
3400 1367 3479 1438 7),
3513 1385 3533 1418 ι
3571 1373 3628 1421 et
3655 1367 3823 1420 innu-

2218 1457 2500 1515 merahilia
2544 1473 2666 1527 qua:
2711 1459 2777 1513 de
2818 1458 3116 1528 Scripturis
3159 1458 3410 1513 omnibus
3459 1459 3508 1514 si
3561 1457 3828 1528 colligere

2216 1550 2464 1608 volumus
2495 1558 2674 1604 tomus
2707 1563 2813 1604 non
2851 1546 3065 1604 subicit.
3093 1547 3160 1603 Et
3185 1563 3438 1603 veremur
3465 1562 3542 1602 ne
3575 1548 3729 1617 apud
3772 1553 3826 1600 te

2220 1651 2463 1713 tempora
2496 1641 2597 1695 ista
2626 1641 3107 1695 commemorando
3135 1653 3255 1708 qua:
3299 1639 3510 1709 majore
3539 1638 3728 1711 gratia
3761 1637 3825 1692 de

2219 1736 2349 1791 sede
2375 1734 2671 1806 apostolica
2715 1732 2977 1803 praedicas
3021 1731 3470 1788 ineonvenienter
3521 1730 3713 1786 facere
3748 1731 3828 1784 vi-

2223 1831 2468 1895 deamur,
2495 1828 2590 1884 sed
2618 1827 2741 1882 ideo
2789 1823 3037 1890 facimus,
3078 1825 3206 1896 quia
3254 1824 3308 1880 in
3355 1840 3422 1880 eo
3468 1825 3623 1895 quod
3676 1821 3832 1878 infir-

525 1923 674 1981 sunt,
707 1915 921 1985 cognita
961 1913 1228 1968 sententia
1268 1928 1390 1985 qua:
1427 1913 1483 1967 in
1522 1926 1618 1969 eos
1653 1912 1763 1968 lata
1789 1921 1892 1976 est,
1917 1911 2124 1967 sanitas
2151 1915 2198 1975 B
2226 1922 2426 1978 miorcs
2469 1935 2655 1976 sumus
2684 1933 3095 1990 quaquaversus
3128 1917 3356 1989 quisque
3408 1926 3672 1972 nostrum
3707 1930 3826 1971 τοι».

525 2017 867 2082 procuretur.
928 2007 1041 2064 lloc
1098 2009 1281 2078 itaque
1329 2018 1540 2078 gestum
1568 2048 1584 2073 ,
1651 2007 1867 2063 domine
1921 2005 2112 2070 frater,

528 2109 732 2157 sancta:
767 2100 1023 2156 charitati
1066 2108 1170 2156 tuae
1211 2099 1572 2154 intimandum
1605 2098 1880 2164 duximus,
1919 2107 1980 2153 ut
2009 2107 2119 2154 sta-

529 2190 660 2246 tutis
703 2199 903 2247 nostrte
953 2190 1342 2246 mediocritatis
1392 2190 1556 2245 etiam
1610 2190 1922 2261 apostolica:
1977 2188 2122 2245 sedis

529 2280 850 2338 adhibeatur
879 2282 1172 2338 auctoritas
1208 2297 1305 2353 pro
1338 2282 1538 2337 tuenda
1577 2279 1752 2336 salute
1793 2280 2118 2346 multorum,

533 2384 591 2430 et
639 2375 992 2446 quorumdam
1040 2375 1202 2430 etiam
1257 2375 1614 2444 perversitate
1669 2373 2006 2445 corrigenda.
2064 2373 2121 2430 ld

536 2466 684 2523 enim
712 2475 878 2539 agunt
908 2467 998 2524 isti
1023 2466 1420 2523 damnabilibus
1447 2467 1902 2538 disputationibus
1926 2467 2038 2521 suis
2065 2473 2126 2521 ut

531 2574 640 2615 non
666 2559 1033 2626 defendendo,
1096 2559 1190 2615 sed
1235 2559 1416 2631 potius
1468 2559 1525 2614 in
1573 2558 1892 2627 sacrilegam
1938 2573 2126 2628 super-

531 2651 680 2708 hiam
699 2653 1001 2710 extollendo
1029 2653 1259 2710 liberum
1279 2653 1558 2709 arbitrium
1583 2653 1787 2709 nullum
1817 2653 2127 2722 relinquant

534 2742 712 2799 locum
768 2745 956 2815 gratiae
1002 2744 1096 2800 Dei
1160 2759 1268 2815 qua
1318 2744 1614 2800 Christiani
1664 2759 1868 2799 sumus.
1916 2744 2032 2810 Qua
2072 2752 2129 2798 et

535 2834 770 2907 idipsum
812 2844 1011 2892 nostra:
1056 2833 1349 2892 voluntatis
1395 2836 1682 2891 arbitrium
1720 2851 1846 2890 vere
1895 2835 1954 2889 ﬁt
1994 2835 2129 2890 llic-

537 2946 678 3000 rum,
711 2932 842 2988 dum
893 2947 925 2988 a
971 2932 1272 2988 carnalium
1299 2931 1864 3002 concupiscentiarum
1893 2931 2122 2986 damna-

540 3022 686 3079 tione
713 3022 996 3092 liberatur,
1023 3023 1234 3080 dicente
1261 3021 1492 3080 Domino
1519 3041 1533 3078 :
1566 3042 1584 3075 t
1621 3022 1678 3078 Si
1709 3039 1801 3079 vos
1832 3024 1972 3080 filius
2000 3024 2131 3080 libe-

541 3121 768 3189 raverit,
791 3129 922 3178 tunc
943 3137 1070 3180 vere
1091 3122 1244 3178 liberi
1269 3123 1426 3178 eritis
1455 3121 1637 3193 (Joan.
1655 3137 1774 3187 vtu,
1797 3121 1910 3192 56).
1925 3142 1943 3174 ι
1977 3121 2132 3190 Quod

540 3211 800 3269 auxilium
842 3213 977 3271 fides
1030 3215 1323 3286 impetrat,
1380 3229 1499 3286 quae
1521 3221 1604 3270 est
1639 3215 1693 3269 in
1743 3213 1962 3270 Christo
2003 3213 2130 3270 Jesu

2220 2017 2350 2072 bum
2381 2014 2473 2069 Dei
2505 2013 2846 2084 praedicando
2875 2020 3101 2082 putatur
3127 2010 3404 2076 attentior,
3443 2010 3706 2066 crebrius
3735 2023 3829 2065 eos

2223 2105 2463 2176 patimur
2491 2104 2543 2159 in
2581 2119 2680 2158 nos
2707 2103 2969 2158 audacius
3003 2103 3364 2173 insurgentes.
3415 2099 3473 2155 Si
3504 2115 3648 2171 ergo
3678 2099 3829 2156 Pela-

2223 2198 2343 2269 gius
2371 2195 2768 2267 episcopalibus
2792 2194 2962 2266 gestis
2992 2209 3112 2263 qua:
3137 2194 3191 2248 in
3223 2193 3435 2248 oriente
3459 2192 3723 2247 confecta
3757 2190 3833 2246 di-

2225 2298 2422 2344 cuntur
2449 2287 2633 2342 omnia
2666 2295 2770 2341 tute
2799 2283 3138 2340 venerationi
3181 2284 3325 2354 juste
3349 2282 3502 2338 visus
3531 2281 3710 2337 fuerit
3739 2281 3833 2335 ah-

2225 2379 2454 2445 solutus,
2504 2393 2661 2435 error
2707 2385 2889 2432 tamen
2956 2376 3074 2446 ipse
3134 2382 3193 2430 et
3241 2375 3490 2446 impietas
3546 2388 3678 2444 quae
3720 2370 3832 2443 jam

2225 2472 2424 2530 multos
2444 2481 2746 2528 assertores
2763 2469 2963 2526 habent
2988 2484 3085 2540 per
3109 2468 3324 2524 diversa
3343 2468 3652 2538 dispersos,
3668 2467 3830 2522 etiam

2228 2565 2536 2636 apostolicze
2583 2563 2728 2619 sedis
2778 2562 3104 2618 auctoritate
3153 2561 3676 2616 anathematizanda
3731 2568 3832 2614 est.

2229 2656 2547 2712 Consideret
2582 2653 2728 2710 enim
2756 2653 3019 2710 sanctitas
3050 2659 3164 2720 tua,
3193 2659 3249 2705 et
3273 2649 3646 2721 pastoraliius
3677 2647 3835 2703 nobis

2231 2749 2589 2819 compatiatur
2634 2746 2980 2812 visceribus,
3042 2760 3206 2816 quam
3265 2744 3343 2799 sit
3386 2741 3723 2815 pestiferum
3779 2749 3834 2798 et

2230 2843 2668 2899 exitialerovibus
2692 2841 2895 2898 Christi
2923 2839 3066 2910 quod
3113 2839 3340 2894 istorum
3382 2835 3695 2907 sacrilegas
3728 2833 3835 2891 dis-

2228 2936 2536 3006 putationes
2565 2934 2882 2990 necessario
2921 2932 3192 3002 sequitur,
3228 2940 3288 2984 ut
3310 2944 3411 2985 nec
3433 2942 3600 2983 orare
3637 2927 3835 2983 debea-

2231 3043 2372 3093 mus,
2399 3043 2467 3083 ne
2494 3027 2759 3081 intremus
2786 3027 2840 3080 in
2867 3025 3239 3089 tentationem,
3263 3023 3406 3094 quod
3432 3022 3702 3080 Dominus
3724 3019 3838 3076 dis-

2231 3122 2440 3193 cipulos
2483 3119 2724 3184 monuit,
2775 3125 2829 3173 et
2873 3117 3053 3188 posuit
3103 3117 3157 3171 in
3211 3115 3461 3171 oratione
3507 3112 3835 3184 (Mattltn't,

2233 3216 2322 3288 15)
2366 3229 2529 3286 quam
2560 3212 2759 3275 docuit,
2799 3219 2859 3265 ut
2888 3225 2994 3266 non
3025 3209 3240 3265 deficiat
3269 3207 3401 3264 fides
3443 3215 3658 3271 nostra,
3690 3203 3836 3273 quod

544 3308 776 3367 Domino
799 3318 1002 3366 nostro.
1064 3309 1156 3366 lsti
1193 3317 1370 3365 autem
1401 3316 1652 3364 asserunt
1681 3307 1846 3379 (sicut
1887 3323 1916 3361 a
1948 3306 2136 3361 fratri-
2165 3317 2210 3378 (ς
2243 3324 2341 3380 pro
2363 3306 2605 3379 apostolo
2631 3306 2792 3361 Petro
2817 3319 2876 3361 se
2899 3318 3118 3375 rogasse
3161 3304 3277 3376 ipse
3306 3310 3539 3358 testatus
3567 3310 3654 3356 est
3679 3298 3836 3372 (Luc.

543 3402 646 3459 bus
705 3402 801 3475 qui
860 3417 1047 3458 eorum
1106 3401 1275 3458 libros
1335 3400 1567 3473 legerint
1635 3399 2030 3470 cognovimus)
2077 3399 2134 3452 in

541 3505 609 3548 eo
669 3491 764 3548 Dei
812 3493 1045 3566 gratiam
1094 3492 1388 3562 putaudam
1421 3531 1436 3558 ,
1497 3491 1643 3563 quod
1679 3489 1838 3546 talem
1898 3489 2135 3546 hominis

545 3583 782 3639 instituit
831 3586 1144 3654 creavitque
1197 3591 1486 3648 naturam,
1541 3597 1662 3652 quae
1703 3598 1802 3652 per
1857 3582 2134 3654 propriam

545 3676 710 3748 178
739 3675 1070 3733 voluntatem
1097 3675 1269 3748 legem
1299 3675 1390 3731 Dei
1421 3674 1594 3744 possit
1619 3674 1844 3745 implere
1871 3673 1988 3730 sive
2029 3689 2131 3728 na-

543 3768 789 3826 turaliter
825 3769 882 3825 iu
921 3769 1084 3826 corde
1130 3767 1524 3838 conscriptam,
1565 3767 1680 3822 sive
1721 3767 1775 3820 in
1814 3765 2010 3820 litteris
2040 3765 2138 3820 da-

546 3868 678 3926 tam,
721 3860 965 3919 eamdem
996 3877 1213 3934 quoque
1256 3860 1427 3931 legem
1479 3860 1547 3914 ad
1583 3860 1811 3928 gratiam
1841 3859 2133 3929 pertinere,

547 3953 692 4026 quod
750 3954 897 4010 illam
946 3953 1086 4009 Deus
1129 3955 1183 4008 in
1236 3952 1564 4022 adjutorium
1609 3951 1919 4006 hominibus
1967 3950 2133 4008 dedit.

545 4045 697 4103 Illam
716 4061 848 4104 vero
876 4046 1105 4119 gratiam
1129 4061 1256 4118 qua,
1287 4053 1347 4099 ut
1371 4045 1574 4100 dictum
1597 4053 1702 4109 est,
1729 4042 2021 4098 Christiani
2044 4058 2135 4098 su-

551 4154 694 4204 mus,
723 4137 876 4209 cujus
895 4139 1186 4211 Apostolus
1211 4139 1532 4210 praedicator
1559 4146 1659 4203 est,
1694 4138 1880 4193 dicens
1908 4155 1922 4192 :
1958 4156 1976 4189 t
1997 4138 2139 4194 Con-

549 4230 791 4289 delector
831 4233 974 4290 enim
1025 4232 1127 4302 legi
1159 4231 1252 4286 Dei
1292 4231 1586 4287 secundum
1624 4231 1935 4286 interiorem
1964 4229 2139 4285 homi-

553 4340 712 4392 nem;
758 4326 916 4382 video
955 4334 1135 4382 autem
1173 4325 1335 4381 aliam
1383 4325 1553 4397 legem
1595 4326 1650 4381 in
1693 4325 1951 4380 membris
1980 4324 2135 4391 meis,

553 4427 940 4490 repugnantem
987 4418 1092 4490 legi
1139 4419 1335 4474 mentis
1377 4432 1532 4483 meae,
1566 4426 1621 4473 et
1649 4418 2010 4488 captivantem
2050 4430 2138 4472 me

550 4509 606 4567 in
655 4509 773 4582 lege
814 4510 1047 4582 peccati,
1093 4526 1212 4581 quae
1260 4518 1346 4564 est
1388 4510 1442 4564 in
1473 4509 1731 4564 membris
1759 4509 1896 4564 meis
1925 4526 1938 4562 :
1970 4509 2140 4562 miser

549 4617 650 4675 ego
698 4603 892 4668 homo,
953 4604 1075 4674 quis
1131 4617 1218 4657 me
1262 4601 1514 4656 liberabit
1559 4601 1625 4655 de
1667 4614 1895 4669 corpore
1947 4598 2138 4655 mortis

2237 3417 2374 3470 χχιι,
2411 3401 2524 3472 ω).
2577 3399 2634 3456 Si
2685 3399 2829 3455 enim
2860 3398 3220 3471 possibilitate
3257 3403 3488 3463 naturae,
3519 3404 3579 3450 et
3606 3393 3840 3449 arbitrio

2235 3493 2532 3549 voluntatis
2583 3492 2638 3546 in
2671 3497 2940 3562 potestate
2984 3498 3110 3544 sunt
3155 3487 3496 3553 constituta,
3551 3485 3678 3556 quis
3725 3497 3837 3538 non

2237 3600 2300 3640 ea
2333 3584 2512 3640 videat
2542 3583 2779 3638 inaniter
2803 3598 2834 3637 a
2853 3581 3083 3637 Domino
3108 3580 3256 3652 peti,
3287 3587 3344 3635 et
3380 3576 3664 3633 fallaciter
3689 3574 3841 3630 orati

2237 3693 2362 3734 cum
2385 3677 2591 3734 orando
2617 3683 2917 3748 poscuntur
2942 3689 3064 3744 quae
3095 3682 3307 3729 natura:
3332 3669 3444 3740 jam
3471 3670 3548 3726 ita
3603 3667 3841 3725 condita

2239 3773 2626 3830 sufﬁcientibus
2645 3771 2852 3826 viribus
2880 3769 3213 3833 obtinentur,
3243 3781 3343 3822 nec
3369 3763 3624 3822 debuisse
3653 3761 3842 3817 dicere

2239 3867 2525 3923 Dominum
2591 3864 2774 3919 Jesum
2836 3861 3156 3918 Christum:
3203 3877 3222 3911 ι
3261 3856 3492 3930 Vigilate
3557 3863 3614 3910 et
3681 3860 3840 3910 orate

2240 3959 2434 4032 (Marc.
2462 3974 2575 4025 xw,
2599 3957 2715 4029 58),
2752 3975 2771 4008 ι
2821 3955 2914 4012 sed
2965 3953 3337 4010 tantummodo
3377 3969 3391 4006 :
3442 3969 3462 4004 ι
3490 3948 3756 4021 Vigilate,
3784 3954 3843 4002 ut

2239 4069 2346 4110 non
2387 4052 2598 4108 intretis
2625 4051 2678 4104 in
2706 4047 3096 4113 tentationem;
3124 4065 3143 4100 ι
3180 4060 3282 4101 nec
3322 4041 3646 4099 beatissimo
3679 4039 3843 4095 Petro

2237 4144 2416 4215 primo
2441 4140 2839 4211 apostolorum:
2863 4135 3095 4208 «Rogavi
3123 4151 3221 4206 pro
3251 4143 3302 4189 te
3323 4150 3371 4200 ;›
3393 4133 3508 4198 sed,
3533 4145 3742 4187 moneo
3771 4139 3842 4197 te,

2239 4237 2326 4292 vel
2382 4236 2589 4306 impero
2655 4248 2718 4288 ac
2763 4230 3042 4302 percipio,
3115 4242 3184 4283 ne
3246 4223 3461 4281 deficiat
3531 4222 3673 4279 fides
3731 4231 3840 4277 tua.

2240 4327 2644 4386 Contradicitur
2690 4324 2835 4379 enim
2889 4323 3118 4377 istorum
3163 4316 3569 4388 contemptione
3619 4313 3846 4370 benedi-

2242 4422 2510 4479 ctionibus
2556 4417 2777 4482 nostris,
2834 4423 2895 4470 ut
2936 4415 3208 4470 incassum
3259 4425 3421 4482 supra
3453 4407 3723 4479 pepulum
3769 4407 3845 4462 di-

2244 4531 2369 4573 cere
2410 4515 2714 4577 videamur,
2764 4508 3036 4581 quidquid
3075 4507 3154 4561 eis
3192 4521 3224 4560 a
3255 4503 3481 4558 Domino
3527 4515 3840 4572 precamur,

2244 4615 2304 4660 ut
2329 4614 2474 4660 recte
2505 4618 2569 4657 ac
2611 4602 2698 4673 pie
2727 4598 2961 4653 vivendo
2999 4596 3072 4650 illi
3120 4595 3406 4666 placeant,
3455 4591 3541 4646 vel
3587 4591 3680 4646 illa
3723 4605 3841 4661 qua:

552 4692 748 4765 hujus?
805 4695 976 4765 gratia
1023 4693 1118 4749 Dei
1169 4708 1264 4764 per
1313 4691 1496 4747 Je‘sum
1528 4691 1802 4747 Christum
1853 4687 2342 4768 Dominumme
2390 4694 2636 4751 fidelibus
2673 4699 2933 4762 precatur
2979 4687 3290 4760 Apostolus,
3341 4686 3569 4741 dicens:
3603 4704 3622 4736 ι
3656 4684 3841 4739 Flecte

554 4797 802 4849 nostrum
853 4788 1024 4862 (Rom.
1051 4804 1162 4853 vn,
1199 4786 1427 4852 22-25),
1479 4785 1665 4840 nolunt
1710 4797 1900 4838 omnes
1947 4795 2145 4852 cogno-

553 4895 705 4942 scere
730 4882 970 4945 omnino,
999 4895 1098 4935 nec
1125 4887 1312 4950 aperte
1335 4876 1550 4946 quidem
1579 4889 1892 4947 oppugnare
1920 4873 2141 4928 audent.

556 4972 663 5034 Sed
711 4974 840 5049 quid
903 4974 1047 5029 aliud
1094 4981 1258 5045 agunt
1300 4987 1422 5027 cum
1473 4971 1778 5025 hominibus
1823 4967 2145 5022 animalibus

557 5083 666 5132 non
712 5068 1135 5141 percipientibus
1164 5083 1284 5137 quae
1333 5073 1460 5120 sunt
1490 5063 1726 5133 Spiritus
1771 5062 1883 5126 Dei,
1917 5075 2143 5131 persua-

557 5163 687 5227 dare
711 5179 816 5219 non
843 5174 1056 5219 cessant
1081 5164 1148 5216 ad
1181 5161 1507 5233 Operandam
1537 5157 2027 5228 pcrficieudamqtte
2059 5151 2147 5222 ju-

559 5257 763 5324 stitiam
795 5266 850 5314 et
905 5256 999 5312 Dei
1034 5256 1283 5311 mandata
1325 5251 1642 5322 complenda
1687 5248 1853 5303 solam
1898 5246 2002 5300 sibi
2047 5247 2146 5299 htt-

558 5362 777 5418 ptanam
795 5348 1038 5408 sufficere
1051 5363 1209 5420 posse
1223 5356 1492 5412 naturam,
1513 5361 1615 5399 non
1645 5343 1986 5398 attendentes
2006 5340 2148 5409 quod

558 5443 820 5514 scriptum
840 5452 922 5500 est
947 5461 992 5498 τι
1014 5443 1248 5513 Spiritus
1267 5442 1486 5513 adjuvat
1511 5438 1875 5494 infirmitatem
1909 5441 2146 5487 nostram

561 5532 738 5606 (Rom.
765 5551 888 5600 vrtt,
917 5535 1032 5605 25);
1070 5555 1088 5586 ι
1123 5542 1215 5589 et:
1249 5552 1266 5584 t
1290 5532 1406 5587 Non
1437 5531 1666 5586 volentis
1712 5542 1884 5597 neque
1923 5541 2144 5580 curren-

558 5627 648 5699 tis,
673 5627 766 5683 sed
792 5627 1101 5683 miserentis
1122 5636 1205 5681 est
1231 5626 1325 5681 Dei
1354 5625 1526 5693 gratia
1559 5623 1736 5692 (Rom.
1766 5637 1840 5684 nt,
1873 5619 1984 5690 16);
2011 5638 2029 5670 ι
2051 5629 2105 5673 et
2128 5635 2141 5672 :

565 5737 587 5773 ι
617 5718 772 5789 Quod
806 5735 972 5774 unum
1012 5734 1208 5790 corpus
1237 5734 1422 5773 sumus
1455 5719 1506 5772 itt
1533 5716 1748 5770 Christo
1773 5713 1922 5777 Iesu,
1949 5708 2145 5780 singuli

563 5822 660 5872 aut
697 5814 835 5869 alter
861 5814 1087 5869 alterius
1113 5812 1354 5868 membra
1385 5812 1644 5865 habentes
1671 5807 1842 5879 (Rom.
1876 5819 1971 5870 xu,
2003 5803 2079 5873 5).
2120 5821 2139 5854 ι

571 5925 590 5986 ᾳ
613 5907 764 5962 Dona
790 5908 1314 5980 diversasecundum
1345 5904 1572 5976 gratiam
1597 5917 1714 5976 quae
1737 5903 1859 5957 data
1885 5907 1967 5954 est
1985 5897 2141 5954 nobis

2243 4802 2416 4858 genua
2465 4799 2586 4838 mea
2638 4782 2704 4837 ad
2742 4781 2960 4835 Patrem
2990 4777 3203 4833 Domini
3255 4775 3426 4832 nostri
3457 4772 3587 4829 Jesu
3612 4772 3837 4840 Christi,

2243 4894 2309 4933 ex
2333 4893 2438 4948 quo
2467 4874 2644 4930 omnis
2664 4871 2966 4943 paternitas
3018 4868 3071 4923 in
3105 4867 3244 4923 coelo
3269 4875 3323 4920 et
3372 4865 3426 4919 iu
3477 4874 3624 4918 terra
3672 4865 3841 4918 nomi-

2245 4979 2428 5031 natur,
2474 4977 2532 5020 ut
2573 4965 2662 5019 det
2711 4963 2868 5018 nobis
2915 4960 3210 5016 secundum
3259 4956 3475 5011 divitias
3505 4955 3694 5024 gloria:
3735 4968 3840 5010 suae

2245 5055 2434 5112 virtuti
2482 5052 2824 5108 corroborari
2879 5067 2977 5121 per
3020 5048 3283 5117 Spiritum
3332 5047 3450 5116 ejus
3505 5043 3729 5113 (Ephes.
3761 5060 3839 5108 tu,

2253 5155 2475 5224 18-16).
2509 5173 2526 5206 ι
2563 5151 2620 5208 Si
2651 5167 2781 5224 ergo
2809 5149 3136 5203 voluerimus
3163 5144 3530 5201 benedicendo
3565 5158 3732 5212 super
3755 5157 3840 5212 po-

2250 5251 2437 5323 pulum
2463 5248 2644 5301 dicere
2673 5261 2686 5297 :
2715 5244 2789 5296 Da
2820 5241 2892 5294 illi
2923 5240 3198 5303 virtutem,
3219 5238 3469 5300 Domine,
3490 5237 3838 5290 corroborari

2251 5360 2347 5416 per
2372 5341 2630 5413 Spiritum
2661 5345 2833 5401 tuum,
2863 5336 3090 5389 istorum
3116 5331 3272 5386 nobis
3295 5330 3596 5400 disputatio
3625 5338 3840 5384 contra-

2251 5435 2407 5499 dicit,
2453 5431 2726 5487 aflirmans
2781 5427 3011 5481 liberum
3065 5421 3248 5494 negari
3292 5421 3604 5485 arbitrium,
3647 5421 3695 5473 si
3745 5419 3839 5473 hoc

2253 5542 2282 5580 a
2307 5527 2416 5581 Deo
2438 5523 2696 5594 poscitur,
2726 5519 2869 5590 quod
2921 5519 2975 5572 in
3002 5525 3184 5572 nostra
3211 5523 3480 5585 potestate
3503 5520 3612 5576 est,
3648 5511 3840 5564 virtute

2252 5619 2396 5673 enim
2427 5611 2770 5671 corroborari
2815 5611 2862 5665 si
2898 5608 3179 5670 volumus,
3215 5605 3492 5675 inquiunt,
3531 5613 3837 5672 possumus,

2249 5726 2310 5766 ea
2335 5709 2691 5782 possibilitate
2714 5713 2941 5769 naturae,
2961 5718 3064 5757 non
3091 5698 3498 5762 misericordia,
3514 5712 3682 5766 quam
3708 5705 3839 5749 nunc

2256 5805 2573 5873 accipimus,
2611 5800 2705 5856 sed
2750 5813 2933 5869 quam,
2975 5810 3099 5850 cum
3146 5805 3477 5854 crearentur,
3513 5787 3838 5857 accepimus.

2252 5893 2518 5952 Parvulos
2544 5892 2709 5948 etiam
2734 5895 2957 5964 propter
2980 5885 3208 5943 salutem
3233 5896 3352 5956 qua:
3377 5893 3478 5952 per
3499 5877 3843 5957 Salvatoretn‘
