3968 6488
132 437 281 499 725

1361 437 1845 501 ὓΞϐἱὶΕτΑἰὶῐΙΜ
1882 436 2278 499 COLLECTIO.

2433 367 2625 389 ad)”

3338 444 3445 502 726

134 538 468 612 Christum
491 553 649 611 datur
683 554 1038 627 baptizandus
1076 563 1294 630 negant,
1332 572 1395 614 ac
1424 559 1467 615 si
1495 574 1590 616 eos
1620 574 1765 615 mor-
1791 566 1845 629 Α
1870 559 2021 615 tiatio
2048 561 2375 627 firmaretur,
2406 559 2635 632 indeque
2658 567 2931 618 sumerent
2959 568 3167 619 caetera:
3187 561 3446 622 Ecclesia

136 634 351 708 tifera
398 652 643 708 doctrina
693 653 747 707 in
791 661 1052 708 aeternum
1112 662 1332 721 necant,
1391 657 1767 726 promittentes

135 741 351 799 etiam
384 745 431 800 si
468 759 575 800 non
604 745 969 816 baptizantur,
987 745 1264 801 habituros
1292 749 1455 801 vitam
1485 754 1764 813 aeternam,

136 845 277 886 nec
315 832 593 903 pertinere
624 834 693 889 ad
736 848 831 889 eos
858 833 926 889 de
953 833 1146 903 quibus
1174 834 1434 891 Dominus
1468 837 1545 891 ait
1573 855 1588 892 :
1618 856 1637 889 ι
1670 836 1769 893 Ve-

135 924 244 978 nit.
284 927 442 981 enim
471 926 614 982 filius
636 927 871 983 hominis
893 942 1135 999 quaerere
1160 926 1225 984 et'
1243 931 1453 986 salvare
1479 932 1620 1001 quod
1647 946 1769 1003 per-

136 1016 324 1077 ierat
353 1018 571 1081 (Mdult.
606 1034 764 1085 xvm,
792 1020 901 1089 11).
946 1041 965 1073 ι
998 1020 1155 1089 Quia,
1201 1022 1449 1092 inquiunt
1496 1024 1608 1089 isti,
1657 1039 1767 1081 non

136 1103 483 1178 p'erierant,
532 1126 634 1168 nec
668 1122 752 1169 est
790 1116 933 1185 quod
981 1115 1037 1171 in
1084 1115 1164 1171 eis
1208 1117 1464 1184 salvetur,
1490 1118 1574 1173 vel
1614 1126 1768 1179 tanto

136 1199 357 1268 pretio
405 1199 767 1271 redimantur,
816 1206 942 1274 quia
998 1205 1134 1261 nihil
1175 1214 1261 1261 est
1306 1208 1359 1262 in
1402 1208 1482 1263 eis
1515 1208 1765 1266 vitiatum

138 1290 251 1345 vel
292 1302 514 1348 tenetur
538 1296 638 1353 sub
664 1293 864 1350 diaboli
893 1305 1159 1368 potestate
1207 1299 1499 1369 captivum,
1534 1315 1636 1356 nec
1666 1316 1764 1371 pro

138 1382 245 1439 eis
283 1382 446 1442 fusus
484 1401 604 1443 esse
640 1388 858 1459 sanguis
894 1388 948 1444 in
989 1390 1363 1446 remissionem
1408 1390 1606 1461 legitur
1632 1406 1763 1461 pec-

140 1484 451 1532 catorum.
501 1476 822 1549 Quanquam
866 1494 965 1550 per
1004 1480 1331 1551 baptismum
1359 1481 1559 1538 Christi
1598 1483 1762 1538 etiam

138 1566 529 1636 parvulorum
559 1569 741 1623 dicant
778 1568 896 1624 fieri
923 1571 1368 1642 redemptionem.
1402 1572 1605 1630 Libello
1634 1590 1764 1632 vero

138 1670 270 1712 suo
298 1656 593 1716 leestius
642 1659 696 1714 in
736 1660 1148 1733 Carthaginiensi
1195 1663 1439 1719 Ecclesia
1477 1664 1587 1736 jam
1630 1681 1762 1722 con-

140 1745 353 1805 fessus
390 1757 493 1805 est.
532 1748 639 1806 Sed
678 1751 830 1806 multi
877 1767 1064 1808 eorum
1101 1755 1192 1824 qui
1235 1755 1589 1824 perhibentur
1639 1772 1762 1815 esse

138 1839 250 1895 vel
296 1839 469 1898 fuisse
508 1842 774 1913 discipuli,
819 1842 933 1899 hazc
976 1844 1117 1899 mala
1164 1845 1358 1915 quibus
1409 1846 1757 1905 fundamenta

1867 653 2012 707 velut
2040 652 2104 708 de
2142 653 2309 709 natali
2342 669 2439 709 suo
2467 652 2616 710 fonte
2658 668 2812 724 aquae
2836 662 3044 710 cunctae
3067 656 3443 726 procederent,

1867 755 1922 801 et
1944 760 2041 815 per
2066 745 2307 801 diversas
2350 746 2514 802 totius
2550 732 2733 800 mundi
2790 746 3036 817 regiones
3085 747 3209 818 puri
3252 747 3446 819 capitis

1866 837 2191 913 incorrupta:
2221 847 2523 904 manarent,
2548 838 2676 909 quid
2700 840 3015 910 praecipere,
3042 854 3178 911 quos
3202 840 3442 908 abluere,

1866 942 2003 998 quos
2030 928 2196 984 veluti
2222 930 2277 984 in
2305 945 2460 986 coeno
2487 930 2855 985 immundabili
2896 930 3201 987 sordidatos
3231 931 3446 995 mundis

1866 1019 2025 1091 digna
2053 1022 2368 1091 corporibus
2399 1022 2542 1076 unda
2572 1022 2791 1078 vitaret.
2819 1021 3075 1079 Gratulor
3098 1023 3282 1095 igitur,
3313 1024 3440 1080 cha-

1867 1111 2065 1167 rissimi
2090 1113 2308 1177 fratres,
2334 1114 2474 1182 quod
2506 1128 2604 1184 per
2625 1113 2846 1169 fratrem
2864 1123 2919 1169 et
2947 1114 3325 1185 coepiscopum
3349 1129 3443 1171 nnc

1865 1209 2037 1257 strum
2091 1199 2290 1256 Julium
2338 1201 2545 1259 litteras
2593 1205 2662 1258 ad
2718 1219 2817 1260 nos
2865 1203 3175 1270 destinatis,
3230 1212 3441 1263 etcum

1863 1307 1962 1362 pro
1991 1291 2133 1347 illius
2168 1307 2353 1347 curam
2381 1293 2570 1362 geritis
2609 1292 2804 1363 quibus
2841 1292 3140 1364 providetis
3166 1292 3441 1363 Ecclesiis,

1863 1385 2275 1441 sollicitudinem
2295 1394 2527 1440 vestram
2548 1401 2648 1457 pro
2671 1386 2911 1441 omnium
2926 1385 3156 1442 utilitate
3170 1396 3441 1444 monstra-

1864 1476 1965 1543 tis;
2008 1486 2064 1532 et
2098 1491 2196 1547 per
2234 1485 2459 1533 cunctas
2501 1477 2665 1532 totius
2701 1476 2848 1533 orbis
2889 1475 3160 1533 Ecclesias
3193 1476 3445 1534 omnibus

1864 1584 1972 1624 una
2019 1569 2164 1640 quod
2211 1569 2386 1639 prosit
2430 1569 2828 1625 decernendum
2870 1584 2989 1626 esse
3033 1570 3340 1640 deposcitis,
3385 1577 3442 1626 ut

1862 1661 1974 1737 suis
1998 1661 2352 1717 constabilitac
2380 1660 2577 1731 regulis
2606 1660 2874 1726 Ecclesiae,
2908 1675 2975 1717 ex
3007 1662 3111 1717 hoc
3147 1661 3289 1732 quod
3322 1658 3445 1717 illos

1862 1763 2067 1820 caveat,
2110 1752 2563 1825 pronuntiationis
2608 1752 2752 1823 juste
2812 1750 3025 1807 firmata
3082 1751 3447 1809 decretalibus

1861 1854 2047 1918 petere
2085 1862 2191 1902 non
2223 1846 2412 1917 possit,
2448 1846 2538 1916 qui
2575 1844 2843 1915 perversis
2882 1844 3154 1911 instructi,
3195 1844 3306 1899 imo
3350 1843 3439 1899 de-

142 1932 500 1993 Cbristiante
571 1935 697 1992 ﬁdei
769 1944 1033 1992 conantur
1085 1946 1333 1992 evertere
1360 1977 1376 2004 ,
1433 1953 1755 2010 quacunque
1782 1965 1832 2025 Β
1862 1941 2053 1996 structi
2103 1940 2387 1994 verborum
2455 1937 2681 2008 argutiis
2730 1937 2829 1991 sub
2881 1936 3116 2006 imagine
3164 1934 3443 1992 catholica

137 2037 398 2102 pmsunt
444 2030 643 2088 astutia
684 2030 954 2087 afﬁrmare
994 2046 1101 2088 non
1139 2041 1377 2100 cessant,
1410 2034 1552 2089 unde
1588 2034 1755 2090 etiam

141 2121 201 2177 si
231 2114 497 2192 Pelagius
514 2120 905 2195 Ctelestiusque
934 2124 1164 2180 correcti
1192 2133 1339 2191 sunt,
1368 2126 1454 2182 vel
1482 2127 1586 2184 ista
1614 2143 1756 2183 nun-

143 2226 333 2283 quam
396 2213 631 2270 sensisse
682 2228 742 2269 se
800 2214 1025 2280 dicunt,
1085 2226 1140 2270 et
1186 2216 1493 2288 quicunque
1556 2221 1757 2290 scripta

144 2313 360 2359 contra
397 2319 492 2360 eos
531 2303 739 2374 prolata
787 2303 1009 2372 fuerint,
1053 2321 1149 2361 sua
1176 2321 1297 2363 esse
1325 2310 1619 2380 negabunt,
1658 2326 1757 2369 nec

145 2402 248 2451 est
277 2395 738 2465 quemadmodum
766 2396 834 2452 de
864 2397 1150 2454 mendacio
1192 2400 1604 2457 convincantur.
1650 2402 1756 2459 Ge-

146 2484 429 2542 neraliter
459 2494 639 2540 tamen
680 2486 987 2557 quicunque
1033 2489 1364 2563 dogmatizat
1417 2500 1473 2547 et
1525 2492 1755 2550 afﬁrmat

150 2577 467 2632 humanam
504 2578 607 2634 sibi
643 2581 711 2633 ad
745 2579 1008 2636 vincenda
1043 2592 1266 2652 peccata
1297 2592 1352 2639 et
1372 2585 1468 2640 Dei
1501 2588 1754 2645 mandata

150 2668 415 2727 facienda
440 2670 685 2727 sufﬁcere
709 2688 869 2745 posse
898 2683 1167 2743 naturam,
1202 2686 1259 2732 et
1285 2692 1351 2735 eo
1380 2678 1539 2735 modo
1565 2682 1756 2750 gratia

149 2761 259 2818 Dei
287 2777 409 2835 qua:
436 2771 748 2821 sanctorum
793 2766 1097 2831 evidentius
1138 2772 1477 2829 orationibus
1515 2774 1756 2833 declara-

152 2860 254 2909 tur
301 2853 648 2913 adversarius
695 2857 987 2925 invenitur,
1019 2870 1075 2916 et
1101 2864 1409 2936 quicunque
1440 2876 1601 2939 negat
1630 2884 1754 2939 par-

151 2946 318 3003 vulos
369 2964 468 3019 per
506 2949 834 3020 baptismum
882 2952 1083 3008 Christi
1132 2959 1488 3027 aperditione
1532 2961 1752 3018 liberari

154 3047 217 3096 et
262 3039 496 3097 salutem
544 3044 826 3114 percipere
873 3046 1288 3116 sempiternam,
1335 3052 1626 3109 anathema
1656 3055 1749 3110 sit.

155 3131 509 3205 Quacunque
545 3143 725 3190 autem
766 3135 870 3191 alia
912 3137 993 3193 eis
1038 3139 1367 3210 objiciantur
1411 3159 1519 3199 non
1563 3146 1763 3203 dubito.

153 3225 568 3293 venerationem
619 3237 789 3297 tuam,
828 3224 950 3287 c'um
982 3242 1136 3304 gesta
1165 3235 1489 3308 episcopalia
1524 3254 1747 3311 perspe-

1859 2033 1984 2089 fidei
2008 2031 2362 2103 disputantes,
2396 2029 2540 2084 velut
2576 2028 2892 2099 pestiferum
2918 2026 3238 2083 exhalantes
3268 2026 3440 2093 virus,

1858 2135 1914 2182 et
1933 2132 1992 2180 ut
2014 2124 2291 2181 hominum
2324 2131 2470 2176 recte
2495 2120 2843 2178 sentientium
2872 2120 2927 2176 in
2956 2119 3280 2176 deteriorem
3316 2132 3439 2190 pars

1862 2225 1970 2273 tem
2027 2216 2192 2272 corda
2218 2223 2585 2282 corrumpant,
2641 2220 2810 2268 totam
2844 2212 2959 2268 veri
3004 2212 3270 2283 dogmatis
3295 2226 3440 2282 quinv

1859 2290 1986 2366 runt
2014 2316 2260 2364 evertere
2290 2305 2650 2377 disciplinam.
2681 2304 2992 2362 Sanandum
3024 2319 3157 2377 ergo
3185 2304 3439 2373 celerius,

1858 2418 1928 2459 ne
1964 2402 2175 2472 longius
2203 2402 2567 2457 exsecrandus
2599 2400 2794 2457 animis
2823 2401 3044 2457 morbus
3069 2400 3352 2471 inserpat:
3383 2408 3442 2461 ut

1859 2492 1904 2548 si
1934 2492 2196 2557 medicus,
2237 2507 2359 2548 cum
2388 2491 2582 2546 viderit
2617 2490 2779 2561 hujus
2813 2492 3012 2547 terreni
3048 2478 3307 2564 corporis
3336 2491 3438 2548 ali-

1858 2599 2019 2656 quem
2059 2598 2179 2638 esse
2201 2582 2536 2655 languorem,
2576 2597 2831 2655 magnum
2872 2597 2984 2638 sua:
3026 2583 3165 2640 artis
3205 2582 3442 2641 aestimat

1857 2674 2234 2730 documentum
2255 2713 2272 2741 ,
2302 2675 2348 2729 si
2378 2674 2483 2730 cito
2508 2674 2631 2745 quis
2663 2673 2808 2730 illius
2847 2673 3153 2730 interventu
3186 2672 3444 2745 despera-

1858 2775 1946 2820 tus
1975 2764 2187 2830 evadat,
2217 2763 2300 2819 vel
2331 2778 2453 2818 cum
2488 2770 2610 2835 post
2646 2777 2705 2818 se
2732 2771 2889 2833 putre
2915 2762 3113 2818 vulnus
3142 2761 3441 2839 aspexerit,

1858 2858 2079 2914 adhibet
2113 2857 2349 2911 fomenta
2376 2845 2461 2910 vel
2490 2864 2686 2911 caetera
2716 2854 2912 2925 quibus
2939 2853 3070 2909 illud
3095 2852 3267 2925 possit
3291 2850 3435 2925 quod

1856 2960 2041 3005 natum
2066 2948 2243 3005 fuerat
2267 2947 2460 3003 vulnus
2486 2946 2702 3004 obduci.
2737 2947 2817 3003 Ac
2842 2946 2888 3002 si
2911 2946 2966 3003 id
2997 2960 3225 3003 manens
3251 2943 3435 3002 sanari

1858 3057 1965 3097 non
1996 3041 2219 3113 poterit,
2256 3055 2325 3096 ne
2353 3055 2550 3111 corpus
2592 3039 2861 3109 reliquum
2897 3053 2996 3095 sua
3031 3040 3157 3095 tabe
3195 3051 3438 3093 corrum-

1855 3142 1967 3206 pat,
1998 3133 2142 3190 ferro
2168 3142 2411 3204 amputet
2437 3132 2581 3207 quod
2602 3131 2851 3198 nocebat,
2880 3131 3023 3202 quod
3054 3131 3321 3204 reliquum
3350 3129 3440 3186 in-

1859 3234 2065 3298 tegrum
2103 3234 2158 3281 et
2195 3234 2374 3281 servet
2412 3226 2697 3281 intactum.
2747 3223 3155 3281 Praecidendum
3206 3238 3337 3298 ergo
3387 3220 3444 3281 id

156 3314 309 3370 xerit
340 3331 460 3386 quae
490 3317 547 3372 in
595 3319 806 3376 oriente
852 3321 1041 3378 eadem
1085 3340 1248 3381 causa
1280 3328 1525 3384 confecta
1555 3330 1748 3388 dicun-

1856 3328 1936 3375 est
1963 3317 2106 3389 quod
2133 3318 2281 3374 velut
2308 3332 2443 3395 puro
2475 3331 2718 3390 saneque
2746 3317 2973 3373 nimium
3002 3316 3216 3388 corpori
3248 3314 3442 3374 vulnus

157 3416 271 3475 tur,
315 3408 372 3464 id
426 3411 817 3480 indicaturam,
871 3416 1015 3472 unde
1063 3433 1253 3474 onmes
1295 3420 1350 3475 in
1394 3421 1487 3476 Dei
1540 3423 1748 3480 miseri-

155 3500 350 3558 cordia
392 3504 740 3572 gaudeamus.
791 3504 897 3562 Ora
937 3523 1039 3579 pro
1073 3510 1251 3579 nobis,
1291 3512 1509 3569 domine
1549 3513 1751 3572 beatis-

153 3593 298 3651 sime
323 3609 488 3670 papa.

190 3706 525 3776 Rescriptum
561 3712 858 3772 Innocentii
883 3734 1048 3800 papae
1084 3721 1154 3775 ad
1185 3721 1464 3776 concilium
1489 3719 1713 3779 Cartha-

843 3805 1072 3860 gtneuse.

223 3869 584 3932 lxaocsu'rtus
608 3883 869 3946 Aunsuo,
909 3889 967 3936 et
1015 3884 1267 3941 omnibus
1302 3887 1506 3943 sanctis
1543 3888 1749 3959 episco-

153 3961 261 4035 pis,
295 3974 353 4021 et
381 3969 616 4035 caeteris,
647 3971 739 4040 qui
781 3972 834 4027 in
865 3974 1097 4030 concilio
1122 3976 1536 4050 Carthaginensi
1576 3981 1747 4039 affue-

155 4061 320 4121 runt,
366 4055 626 4123 Ecclesiae
672 4060 1038 4120 dilectissimis
1083 4062 1374 4136 fratribus,
1422 4069 1476 4126 in
1521 4070 1750 4129 Domino

156 4144 417 4199 salutem.

156 4153 417 4202 salutem.

223 4236 565 4308 Inquirendo
591 4240 660 4297 de
690 4243 774 4299 his
790 4245 961 4311 rebus
989 4260 1126 4317 quas
1154 4263 1301 4304 omni
1330 4266 1453 4306 cum
1483 4251 1759 4321 sollicitus.

162 4326 292 4384 dine
323 4330 482 4386 decet
517 4346 549 4386 a
580 4335 979 4404 sacerdotibus,
1024 4340 1261 4396 maxime
1286 4356 1317 4396 a
1342 4357 1471 4398 vero
1494 4343 1748 4415 justoque

157 4427 213 4474 et
259 4422 531 4480 catholico
579 4428 801 4483 tractari
863 4431 1114 4495 concilio,
1155 4434 1391 4504 antiquae
1450 4437 1749 4497 traditionis

158 4517 409 4588 exempla
462 4530 770 4590 servantes,
826 4531 882 4579 et
935 4526 1319 4585 ecclesiasticae
1362 4546 1632 4589 memores
1667 4512 1757 4591 di-i

159 4606 442 4679 sciplinte,
503 4620 704 4668 nostrae
770 4615 1057 4685 religionis
1109 4619 1348 4690 vigorem
1407 4637 1511 4677 non
1568 4603 1755 4681 minus1

1850 3408 2108 3480 obrepsit,
2139 3423 2208 3463 ne
2234 3422 2355 3463 cum
2400 3406 2606 3462 tardius
2653 3406 2982 3477 abstergitur
3011 3404 3067 3460 in
3110 3404 3242 3476 ipsis
3266 3417 3442 3475 patum

1849 3501 2150 3557 visceribus
2196 3500 2355 3572 hujus
2405 3498 2530 3555 mali
2578 3514 2688 3554 non
2732 3498 3017 3554 hauriendi
3051 3505 3175 3570 post
3222 3495 3441 3555 sentina

1851 3595 2113 3650 considat.
2163 3592 2299 3649 Nam
2346 3592 2474 3663 quid
2521 3607 2621 3649 nos
2670 3593 2735 3648 de
2780 3591 2865 3647 bis
2905 3599 3029 3663 post
3073 3592 3188 3647 haec
3232 3595 3445 3650 rectum

1849 3684 2119 3741 mentibus
2144 3684 2471 3739 aestimemus
2512 3683 2603 3753 qui
2636 3682 2736 3737 sibi
2766 3696 2825 3737 se
2854 3688 3044 3754 putant
3090 3678 3275 3737 deberi
3298 3674 3440 3749 quod

1847 3777 1976 3834 boni
2023 3786 2167 3843 sunt,
2213 3792 2311 3834 nec
2358 3776 2506 3833 illum
2561 3778 2941 3842 considerant,
2990 3773 3144 3844 cujus
3194 3771 3440 3844 quotidie

1850 3873 2079 3946 gratiam
2108 3871 2549 3942 consequuntur?
2588 3870 2695 3925 Sed
2732 3870 2844 3940 jam
2889 3868 2976 3923 isti
3018 3866 3110 3937 qui
3151 3864 3286 3920 tales
3314 3869 3440 3920 sunt

1849 3964 2051 4041 nullam
2073 3963 2168 4035 Dei
2211 3964 2441 4037 gratiam
2478 3970 2886 4033 consequuntur
2912 3960 3005 4033 qui
3033 3959 3150 4016 sine
3186 3958 3275 4014 illo
3315 3965 3438 4012 tan-

1851 4072 1963 4119 tum
2003 4064 2220 4133 assequi
2276 4076 2336 4117 se
2377 4075 2536 4132 posse
2575 4059 2889 4124 conlidunt,
2932 4065 3192 4128 quantum
3228 4054 3317 4110 vix
3363 4050 3437 4110 illi

1849 4158 1942 4229 qui
1972 4172 2039 4213 an
2068 4156 2157 4211 illo
2184 4155 2551 4226 postulabant,
2589 4162 2645 4208 et
2692 4151 2986 4224 accipiunt,
3031 4152 3433 4222 promerentur.

1849 4246 1989 4314 Quid
2011 4249 2155 4302 enim
2183 4255 2292 4301 tam
2324 4246 2568 4315 iniquum
2592 4259 2711 4299 esse
2748 4250 2946 4315 potest,
2978 4250 3089 4297 tam
3118 4239 3435 4306 barbarum,

1850 4347 1961 4395 tam
1990 4341 2153 4395 totius
2186 4339 2464 4410 religionis
2502 4339 2768 4409 ignarum,
2805 4347 2912 4392 tam
2943 4336 3249 4392 Christanis
3287 4348 3438 4391 mem

1850 4432 1993 4486 tibus
2016 4430 2291 4486 inimicum
2314 4444 2477 4500 quam
2504 4429 2628 4484 huic
2657 4437 2708 4484 te
2731 4429 2997 4500 denegare
3030 4426 3258 4495 debere,
3282 4423 3443 4498 quid-

1848 4502 1979 4592 quid
2024 4521 2078 4575 in
2114 4521 2427 4592 quotidiana
2468 4520 2640 4592 gratia
2689 4518 3069 4590 consequeris,
3107 4518 3195 4573 cui
3238 4526 3290 4572 te
3324 4516 3440 4588 ipse

1847 4613 2129 4670 confiteris
2169 4613 2368 4669 debere
2408 4613 2552 4684 quod
2592 4620 2753 4669 natus
2796 4612 2900 4667 es?
2948 4611 3089 4683 Ergo
3116 4608 3227 4666 eris
3258 4609 3354 4666 tibi
3381 4608 3438 4667 in

160 4701 387 4757 nuncin
413 4703 743 4763 consulendo
774 4722 937 4777 quam
965 4719 1121 4766 antea
1153 4726 1274 4767 cum
1300 4715 1742 4784 pronuntiaretis,

1856 4707 2180 4780 providendo
2214 4707 2559 4778 praestantior
2593 4722 2756 4779 quam
2782 4713 2959 4778 potest
3002 4705 3049 4758 is
3084 4718 3206 4760 esse
3253 4700 3346 4773 qui
3380 4711 3433 4758 te

164 4808 296 4851 vera
346 4797 559 4852 ratione
593 4798 842 4867 firmatis,
872 4802 965 4872 qui
1001 4803 1069 4857 ad
1114 4813 1357 4859 nostrum
1404 4805 1749 4865 referendum

159 4886 476 4959 approbatis
521 4903 643 4946 esse
690 4891 975 4962 judicium,
1017 4894 1248 4950 scientes
1280 4895 1408 4966 quid
1439 4897 1750 4967 apostolica

158 4979 270 5034 sedi
302 4979 449 5051 (cum
478 4994 686 5048 omnes,
720 4983 823 5039 hoc
853 4984 971 5040 loco
997 4985 1176 5055 positi,
1211 4987 1386 5056 ipsum
1422 4989 1573 5059 sequi
1605 4990 1748 5046 desi-

161 5071 417 5127 deremus
468 5074 804 5145 apostolum)
852 5076 1131 5140 debeatur,
1169 5091 1200 5131 a
1226 5092 1333 5149 quo
1382 5079 1496 5149 ipse
1538 5080 1750 5151 episco-

158 5170 319 5233 patus
372 5169 428 5217 et
478 5172 589 5219 tota
634 5166 931 5222 auctoritas
991 5166 1152 5236 hujus
1217 5168 1454 5225 nominis
1499 5170 1746 5237 emersit,

160 5250 330 5318 Quem
371 5263 680 5324 sequentes,
721 5266 831 5313 tam
867 5257 1008 5312 mala
1053 5260 1163 5326 jam
1196 5260 1454 5315 damnare
1493 5275 1747 5318 cavemus

160 5363 321 5419 quam
360 5351 597 5421 probare
636 5351 937 5420 laudanda;
967 5354 1053 5408 vel
1088 5355 1139 5410 id
1168 5370 1297 5412 vero
1332 5356 1477 5426 quod
1522 5355 1747 5415 Patrum

160 5439 405 5499 instituta
427 5445 747 5501 sacerdotali
773 5446 1161 5513 custodientes,
1177 5446 1353 5506 oflicio
1378 5463 1487 5504 non
1511 5449 1747 5507 censetis

163 5546 278 5590 esse
314 5534 591 5590 calcanda.
640 5535 795 5603 Quod
835 5537 912 5592 illi
959 5554 1066 5595 non
1121 5540 1385 5608 humana,
1426 5541 1518 5598 sed
1561 5541 1746 5599 divina

164 5622 452 5681 decrevere
465 5626 757 5692 sententia,
783 5636 844 5681 ut
872 5628 1153 5698 quidquid,
1178 5632 1428 5700 quamvis
1456 5628 1741 5700 disiunctis

164 5718 489 5787 remotisque
521 5720 813 5789 provinciis
841 5729 1112 5791 ageretur,
1142 5736 1249 5778 non
1277 5722 1430 5792 prius
1480 5722 1741 5779 ducerent

166 5804 487 5870 finiendum,
521 5808 627 5863 nisi
665 5808 734 5862 ad
772 5809 891 5879 ejus
936 5811 1081 5866 sedis
1119 5811 1367 5866 notitiam
1405 5813 1738 5883 perveniret,

145 5889 223 5954 ἰιι
246 5904 357 5955 tota
399 5895 558 5974 hujus
595 5899 916 5957 auctoritate
954 5899 1097 5973 (juta
1138 5915 1259 5973 quae
1290 5899 1472 5973 fuerit)
1503 5917 1739 5975 pronun-

1852 4815 1914 4864 ut
1945 4821 2094 4863 esses
2140 4804 2350 4861 effecit?
2401 4804 2468 4859 Et
2505 4818 2627 4858 cum
2679 4811 2731 4858 te
2772 4809 2929 4871 putes
2966 4798 3017 4854 ei
3047 4796 3247 4859 debere
3290 4795 3437 4864 quod

1852 4898 2008 4963 vivis,
2034 4897 2303 4968 quomodo
2344 4904 2400 4950 tu
2434 4910 2540 4949 non
2566 4902 2725 4965 putas
2778 4892 2853 4947 illi
2898 4891 3096 4947 debere
3141 4889 3282 4960 quod
3329 4902 3436 4943 non

1854 4992 2228 5062 quotidianam
2257 4988 2375 5060 ejus
2402 4988 2783 5059 consequendo
2810 4986 3039 5058 gratiam
3065 4983 3247 5039 taliter
3275 4982 3432 5049 vivis,

1851 5083 1924 5139 Et
1960 5085 2053 5153 qui
2088 5098 2188 5139 nos
2222 5080 2492 5150 adjutorio
2538 5096 2705 5151 negas
2746 5078 2985 5147 indigere
3032 5076 3237 5142 divino,
3278 5073 3437 5145 quasi

1847 5188 1916 5244 ex
1955 5187 2142 5229 nostra
2184 5188 2252 5228 ex
2300 5181 2414 5227 toto
2448 5172 2806 5243 possibilitate
2835 5166 3137 5240 perfectos,
3166 5164 3435 5239 quomodo

1852 5281 1960 5322 non
1989 5265 2315 5336 adjutorium
2347 5266 2400 5319 in
2434 5280 2533 5319 nos
2554 5279 2679 5320 cum
2709 5262 2841 5320 tales
2878 5277 2908 5317 a
2939 5262 3091 5318 nobis
3121 5261 3284 5316 etiam
3316 5273 3437 5321 esse

1852 5371 2161 5428 possumus,
2192 5356 2586 5427 provocamus?

1918 5447 2020 5517 Qui
2057 5447 2201 5502 enim
2245 5446 2571 5517 adjutorium
2605 5445 2699 5502 Dei
2739 5452 2925 5518 negat,
2966 5445 3157 5502 vellem
3205 5444 3436 5501 interra:

1847 5552 1976 5613 gare
2011 5538 2156 5607 quod
2199 5536 2345 5592 dicat
2381 5554 2394 5590 :
2443 5550 2542 5592 uos
2578 5550 2684 5592 non
2751 5538 2982 5603 mereri,
3013 5553 3083 5593 an
3132 5535 3279 5591 illum
3328 5535 3433 5593 hoc

1846 5644 1953 5685 non
2002 5642 2161 5701 posse
2210 5636 2513 5700 prmstare,
2553 5643 2622 5684 an
2671 5629 2805 5685 nihil
2856 5644 2975 5704 esse
3022 5636 3242 5699 propter
3288 5625 3433 5700 quod

1851 5719 2221 5793 unusquisque
2250 5719 2353 5775 hoc
2382 5720 2579 5775 debeat
2608 5720 2913 5791 postulare?
2938 5719 3102 5775 Posse
3134 5718 3235 5775 hoc
3262 5718 3431 5787 Deum

1847 5826 2010 5882 opera
2039 5811 2154 5882 ipsa
2185 5818 2473 5866 testantur.
2507 5811 2781 5881 Adjutorio
2807 5810 3120 5882 quolidiano
3146 5825 3245 5865 nos
3270 5822 3429 5880 egere

1849 5916 2049 5972 negare
2092 5918 2196 5958 non
2226 5918 2539 5975 possumus.
2572 5903 2682 5961 Hoc
2715 5905 2856 5963 enim
2895 5918 2987 5961 seu
3014 5903 3151 5969 bene
3178 5901 3427 5981 vivimus,
