3968 6492
495 455 602 514 7‘27

1350 443 1642 525 APPENs.
1680 441 1772 526 ζῶ
1793 446 2102 525 "sarem
2137 454 2211 505 4-
2258 457 2986 537 tsmomgttuncaroms‘

3680 456 3824 537 728

496 582 877 646 provocamus,
919 584 980 632 ut
1003 577 1211 650 melius
1252 583 1598 655 sanctiusque
1641 586 1941 650 vincamus,
1982 597 2077 637 seu
2105 580 2160 642 Α
2181 577 2482 636 vincamur.
2510 582 2616 636 Sed
2643 598 2857 654 possem
2885 572 3052 654 plura
3071 584 3269 651 dicere,
3300 592 3404 642 ntsr
3432 598 3532 641 vos
3553 594 3820 642 consta-

499 680 668 737 prave
712 667 1005 723 sentientes
1043 685 1074 724 a
1114 670 1270 727 bonis
1319 675 1633 741 avertimur,
1673 685 1732 730 ut
1772 676 1838 729 ad
1878 681 2078 729 rectam

501 758 788 812 redeamus
817 759 980 825 viam,
1007 759 1123 829 ejus
1151 764 1354 819 auxilio
1385 765 1505 835 plus
1535 782 1775 838 egemus.
1829 764 2083 836 Nunquid

500 851 614 901 tam
652 847 1012 916 mortiferum,
1055 859 1160 906 tam
1193 869 1434 926 praeceps
1466 857 1715 912 videatur
1762 856 1829 912 ad
1870 871 2079 922 casum,

502 943 611 990 tam
642 939 946 1008 expositum
977 943 1044 996 ad
1074 945 1254 998 omnia
1284 946 1550 1015 pericula,
1579 948 1625 1003 si
1658 949 1762 1004 hoc
1789 949 1962 1004 solum
1989 964 2081 1004 no-

499 1028 584 1084 bis
607 1038 861 1101 putantes
883 1049 1044 1104 posse
1077 1035 1325 1094 suflicere
1349 1041 1490 1110 quod
1524 1041 1754 1097 liberum
1797 1043 2080 1098 arbitrium

500 1133 626 1175 cum
671 1137 1021 1180 nasceremur
1062 1130 1400 1200 accepimus,
1449 1132 1590 1187 ultra
1629 1131 1742 1201 jam
1795 1149 1826 1188 a
1856 1133 2082 1188 Domino

499 1213 636 1268 nihil
663 1230 988 1284 quaeramus,
1032 1219 1086 1274 id
1124 1231 1232 1288 est,
1263 1224 1504 1280 auctoris
1546 1225 1718 1280 nostri
1761 1226 1936 1292 obliti,
1967 1224 2082 1294 ejus

499 1306 820 1374 potentiam.
848 1317 909 1364 ut
945 1325 1047 1366 nos
1090 1315 1464 1382 ostendamus,
1509 1315 1709 1371 liberos
1752 1315 2079 1385 abjuremus,

501 1398 660 1465 quasi
690 1397 803 1467 jam
845 1401 1076 1472 amplius
1116 1406 1260 1475 quod
1303 1407 1431 1461 dare
1464 1409 1660 1477 possit,
1708 1424 1817 1463 non
1860 1408 2079 1475 habeat,

498 1488 592 1556 qui
613 1496 666 1544 te
690 1490 741 1544 in
773 1500 864 1547 tuo
883 1504 1004 1549 ortu
1023 1495 1252 1552 liberum
1277 1498 1426 1564 fecit,
1455 1503 1762 1559 nescientes
1783 1505 1946 1575 quod,
1977 1503 2080 1559 nisi

498 1579 710 1648 magnis
741 1584 995 1650 precibus
1033 1588 1206 1657 gratia
1240 1589 1295 1643 in
1326 1606 1423 1646 nos
1455 1593 1737 1662 implorata
1769 1597 2075 1661 descendat,

498 1683 842 1743 nequaquam
887 1687 1114 1734 terrente
1152 1680 1291 1737 labis
1321 1692 1375 1738 et
1407 1686 1664 1740 mundani
1696 1688 1942 1759 corporis
1963 1689 2082 1742 vin-

498 1774 623 1817 cere
648 1777 907 1821 conemur
921 1784 1154 1838 errores,
1170 1788 1294 1828 cum
1320 1790 1480 1845 pares
1502 1792 1600 1832 nos
1627 1779 1694 1833 ad
1716 1782 2080 1836 resistendum

496 1863 604 1908 non
636 1855 866 1913 liberum
899 1862 1180 1918 arbitrium
1207 1907 1222 1931 ,
1263 1868 1357 1922 sed
1389 1870 1484 1925 Dei
1520 1872 1667 1928 solus
1699 1873 1877 1930 facere
1907 1877 2079 1946 possit

2184 679 2270 726 ret
2297 681 2492 728 cuncta
2519 674 2738 730 dixisse.
2771 675 3027 746 Quisquis
3057 692 3186 748 ergo
3215 678 3338 732 huic
3366 679 3693 734 assentiens
3727 675 3827 732 vi:-

2185 760 2344 816 dctur
2377 780 2496 820 esse
2539 767 2820 823 sententiae
2857 783 2964 838 qua
3005 767 3150 824 dicat
3181 769 3451 838 adjutorio
3484 773 3649 827 nobis
3687 785 3822 826 non

2184 866 2315 922 opus
2337 869 2457 910 esse
2484 855 2689 922 divino,
2725 858 3004 913 inimicum
3040 874 3099 913 se
3136 860 3417 915 catholicae
3447 861 3574 916 ﬁdei
3601 871 3668 916 et
3703 859 3821 914 Dei

2183 944 2447 1001 beneﬁcio
2481 947 2765 1018 proﬁtetur
2786 949 3079 1020 ingratum.
3127 950 3262 1006 Nam
3291 967 3391 1008 nec
3411 961 3604 1008 nostra
3637 967 3823 1007 conl—

2185 1037 2440 1091 munione
2465 1047 2590 1092 sunt
2617 1038 2762 1111 digni
2807 1057 2971 1110 quam
2998 1043 3340 1112 praedicando
3365 1045 3550 1100 taliter
3577 1045 3822 1116 pollue-

2184 1133 2331 1178 runt.
2362 1125 2474 1206 Sic
2504 1129 2650 1183 enim
2692 1145 2788 1185 sua
2830 1141 3022 1202 sponte
3051 1133 3178 1188 dum
3210 1149 3515 1204 sequuntur
3551 1137 3643 1190 illa
3672 1151 3822 1206 quae

2185 1210 2456 1283 dicuntur,
2475 1217 2684 1290 longius
2699 1235 2727 1275 a
2749 1237 2877 1276 vera
2900 1222 3159 1294 religione
3184 1225 3450 1296 fugerunt.
3473 1227 3618 1283 Cum
3641 1242 3722 1282 eu
3733 1228 3819 1280 im

2186 1307 2288 1362 hoc
2313 1316 2477 1365 totum
2513 1313 2566 1366 in
2594 1323 2777 1370 nostra
2804 1315 3144 1386 professione
3188 1321 3474 1388 consistat,
3511 1320 3819 1391 quotidia-

2185 1400 2376 1471 nisque
2423 1406 2676 1474 precibus
2716 1408 2850 1463 nihil
2893 1425 3134 1480 agamus,
3194 1412 3296 1467 nisi
3323 1413 3816 1483 quemadmodum

2185 1489 2281 1548 Dei
2339 1495 2766 1554 misericordiam
2835 1516 3265 1573 consequamur,
3323 1504 3816 1574 quemadmodum

2183 1581 2326 1640 ferre
2365 1603 2650 1658 possumus
2692 1593 2796 1647 ista
2840 1592 3153 1662 iactantes?
3199 1595 3350 1663 Quis,
3395 1611 3552 1666 rogo,
3606 1605 3818 1651 tantus

2184 1673 2398 1731 illorum
2430 1689 2650 1750 pectora
2674 1697 2827 1739 error
2854 1685 3096 1742 obcaecat
3118 1727 3133 1748 .
3166 1695 3226 1742 ut
3252 1688 3299 1744 si
3325 1687 3427 1758 ipsi
3454 1687 3671 1743 nullam
3697 1687 3798 1742 De

2184 1769 2410 1836 gratiam
2441 1773 2700 1841 sentiunt,
2730 1775 2856 1845 quia
2875 1784 2975 1832 nec
3001 1778 3150 1849 digni
3173 1787 3312 1842 sunt,
3348 1795 3452 1836 nec
3475 1788 3810 1844 merentur.

2183 1875 2286 1914 nec
2315 1862 2380 1916 de
2409 1862 2528 1919 aliis
2551 1866 2929 1934 considerant,
2960 1870 3105 1938 quod
3135 1869 3374 1939 quotidie
3397 1871 3637 1942 singulis
3665 1887 3808 1942 gra-

497 1948 777 2037 auxilium.
803 1951 936 2008 Nam
966 1956 1010 2010 si
1042 1956 1130 2012 ille
1153 1958 1350 2015 clamat
1376 1962 1641 2031 adjutorio
1664 1967 1766 2022 sibi
1795 1941 1930 2037 opus
1960 1983 2080 2024 esse
2106 1941 2155 2000 Β
2184 1953 2256 2006 ῑίίι
2279 1954 2458 2010 divina
2481 1956 2777 2028 largiatur?
2802 1959 2942 2016 sum
2967 1962 3187 2031 (illide
3216 1963 3306 2018 ίεῑί
3327 1941 3522 2019 omnes
3541 1941 3811 2019 “Belum

497 2036 680 2096 divino
717 2043 808 2112 qui
843 2044 1007 2114 digne
1043 2047 1147 2104 hoc
1188 2065 1294 2105 non
1322 2065 1615 2122 quaereret,
1659 2058 1704 2112 si
1734 2036 2079 2115 cuiiliberum

497 2131 784 2188 arbitrium
813 2136 932 2205 plus
958 2140 1271 2209 prodesset,
1299 2147 1496 2215 quippe
1535 2164 1656 2203 cum
1697 2151 1780 2205 vir
1809 2153 1998 2208 beatus
2027 2163 2083 2209 et

489 2223 606 2293 jam
636 2224 840 2282 electus
867 2244 897 2282 a
926 2230 1155 2292 Domino
1186 2234 1320 2288 nihil
1348 2239 1547 2308 egerit,
1587 2249 1764 2296 tamen
1797 2243 1868 2298 ita
1902 2245 2084 2299 Domi-

496 2328 626 2367 num
655 2314 980 2385 deprecatur
1011 2323 1313 2391 postulans.
1367 2345 1386 2377 ‹
1415 2327 1640 2397 Adjutor
1666 2348 1820 2388 meus
1851 2344 1986 2401 esto,
2013 2353 2083 2391 ne

495 2405 839 2477 derelinquas
886 2424 991 2478 me,
1022 2427 1197 2484 neque
1225 2415 1492 2487 despicias
1519 2436 1622 2485 me,
1651 2421 1794 2479 Deus
1829 2425 2082 2482 salutaris

493 2511 648 2552 meus
677 2497 1011 2570 (Psal.xxv1,
1037 2504 1116 2575 9).
1149 2525 1168 2558 ι
1197 2506 1306 2562 Nos
1336 2511 1494 2565 nobis
1521 2511 1748 2568 liberum
1773 2517 2076 2582 arbitrium,

493 2586 585 2642 ille
608 2588 895 2645 Dominum
925 2595 1164 2663 postulat
1191 2595 1513 2666 adiutorem.
1548 2601 1703 2670 Quod
1734 2607 1846 2660 nati
1873 2623 2077 2675 sumus,

489 2693 652 2748 posse
681 2680 924 2738 sufficere
953 2686 1110 2740 nobis
1135 2687 1392 2755 dicimus;
1421 2691 1508 2746 ille
1534 2692 1724 2759 Deum,
1756 2712 1823 2750 ne
1853 2697 2083 2753 derelin-

492 2778 709 2838 quatur,
755 2783 961 2827 exorat.
1018 2776 1156 2844 Non,
1186 2795 1336 2850 rogo,
1369 2784 1659 2840 manifeste
1683 2787 1914 2844 dicimus
1939 2793 2083 2861 quod

490 2874 745 2927 oremus,
786 2878 908 2919 cum
972 2865 1061 2920 ille
1131 2877 1411 2941 tantopere
1457 2873 1646 2931 beatus
1679 2917 1694 2943 ,
1739 2879 1877 2933 sicut
1922 2897 2083 2952 supra

493 2952 752 3021 diximus,
785 2957 890 3023 vir,
925 2973 994 3012 ne
1024 2959 1375 3031 despiciatur,
1410 2977 1649 3038 exoptat,
1687 2970 1763 3025 illi
1811 2973 1957 3028 enim
1991 2992 2084 3032 ne-

491 3052 644 3102 cesse
687 3055 790 3114 est,
838 3049 942 3104 ista
988 3061 1219 3121 arguant
1261 3056 1354 3123 qui
1403 3056 1490 3111 illa
1541 3059 1885 3130 confirmant,
1912 3065 2085 3121 David

491 3140 637 3194 enim
666 3133 927 3199 orationis
968 3143 1206 3218 ignarus,
1249 3157 1305 3202 et
1336 3164 1447 3204 suae
1484 3161 1691 3208 naturae
1730 3157 1963 3222 nescius,
1993 3174 2085 3215 ac-

493 3243 734 3302 cusetur,
757 3237 851 3306 qui
883 3252 1006 3293 cum
1037 3239 1175 3294 sciat
1219 3250 1401 3297 tamen
1428 3244 1482 3298 in
1509 3261 1607 3300 sua
1637 3256 1831 3303 natura
1847 3265 1968 3307 esse
1989 3253 2088 3307 ad-

2187 2048 2506 2119 dignissimi,
2534 2054 2625 2124 qui
2657 2070 2758 2111 nec
2781 2056 2884 2110 hoc
2909 2057 3010 2111 sibi
3035 2058 3390 2129 reliquerunt,
3415 2069 3478 2114 ut
3504 2075 3566 2116 se
3587 2060 3808 2116 auxilio

2185 2140 2411 2195 credant
2435 2146 2650 2199 evocari
2684 2147 2752 2201 ab
2781 2148 3057 2203 erroribus
3089 2164 3248 2218 posse
3277 2149 3483 2206 divino.
3517 2149 3809 2217 Negantes

2185 2229 2330 2283 enim
2360 2230 2457 2287 Dei
2485 2233 2814 2303 adjutorium
2852 2253 2960 2292 non
2987 2237 3130 2304 aliis,
3162 2239 3257 2294 sed
3287 2239 3389 2295 sibi
3418 2240 3528 2296 hoc
3572 2243 3806 2312 penitus

2187 2320 2542 2390 abstulerunt,
2567 2327 2659 2397 qui
2685 2328 2946 2384 evellendi
2975 2339 3102 2384 sunt
3120 2330 3331 2401 longius
3354 2338 3411 2386 et
3437 2331 3508 2386 ab
3533 2331 3807 2387 Ecclesiae

2185 2417 2374 2484 procul
2401 2419 2711 2473 removendi
2740 2420 3061 2486 visceribus,
3096 2437 3166 2476 ne
3196 2421 3400 2477 diutius
3425 2422 3604 2477 multa
3632 2437 3807 2479 occu-

2187 2520 2323 2576 pans
2368 2507 2684 2563 insanabilis
2725 2519 2849 2579 post
2888 2524 3045 2565 error
3081 2511 3368 2567 increscat.
3421 2511 3482 2567 Si
3526 2513 3679 2567 enim
3706 2513 3806 2568 diu

2187 2598 2392 2653 fuerint
2413 2600 2512 2654 sub
2549 2601 2653 2656 hac
2682 2601 3002 2670 impunitate
3025 2603 3248 2669 versati,
3274 2617 3501 2659 necesse
3533 2612 3623 2660 est
3659 2603 3808 2658 mul-

2187 2695 2272 2742 tas
2298 2687 2353 2742 in
2384 2689 2487 2743 hac
2507 2704 2603 2744 sua
2633 2691 2900 2759 pravitate
2929 2701 3139 2747 mentes
3186 2693 3466 2759 inducant,
3494 2693 3804 2764 decipiant—

2187 2795 2294 2850 que
2321 2782 2638 2836 innocentes
2665 2781 2748 2836 vel
2769 2782 2948 2852 potius
2970 2783 3342 2851 imprudentes
3366 2784 3463 2854 qui
3507 2783 3676 2838 ﬁdem
3708 2799 3804 2840 ca-

2189 2871 2444 2927 tholicam
2476 2887 2584 2927 non
2628 2881 2968 2943 sequuntur;
3009 2875 3276 2944 putabant
3323 2875 3472 2929 enim
3519 2889 3617 2931 eos
3647 2887 3801 2932 reete

2189 2965 2413 3030 sentire,
2472 2979 2606 3034 quos
2642 2964 2820 3021 adhuc
2849 2966 3035 3021 vident
3070 2967 3124 3021 in
3171 2966 3415 3022 EccleSia
3461 2968 3796 3038 perdurare.

2190 3057 2488 3128 Separetur
2511 3073 2641 3130 ergo
2667 3073 2698 3112 a
2739 3073 2872 3113 sano
2899 3074 3126 3129 corpore
3164 3058 3360 3114 vulnus
3391 3059 3674 3127 insanum,
3703 3074 3802 3114 re-

2188 3159 2443 3220 motoque
2467 3151 2644 3205 morbi
2687 3150 2962 3206 saevientis
3012 3150 3220 3216 afflatu,
3255 3151 3470 3206 cautius
3501 3167 3628 3222 quae
3669 3159 3800 3207 sunt

2192 3244 2403 3300 sincera
2433 3245 2746 3314 perdurent,
2779 3253 2834 3300 et
2859 3259 2989 3315 grex
3017 3245 3204 3314 purior
3231 3245 3298 3301 ab
3324 3245 3428 3300 hac
3470 3245 3607 3300 mali
3636 3260 3800 3316 peco-

485 3328 723 3398 jutorem
759 3333 861 3388 sibi
886 3334 1173 3390 Dominum
1203 3345 1260 3392 et
1301 3339 1577 3394 assiduum
1625 3341 1948 3412 adjutorem,
1985 3359 2086 3400 nec

2191 3334 2267 3389 ris
2289 3335 2610 3405 contagione
2654 3344 2934 3406 purgetur.
2988 3335 3072 3390 Sit
3106 3336 3274 3391 totius
3307 3335 3557 3405 corporis
3586 3335 3798 3392 illibata

493 3423 570 3480 illi
597 3425 794 3482 sutIicit
823 3429 1122 3495 assiduum,
1158 3431 1252 3486 sed
1285 3447 1354 3488 ne
1385 3432 1680 3504 aliquando
1725 3436 1877 3492 illum
1909 3437 2082 3508 deSpi—

493 3515 628 3582 ciat,
665 3518 1003 3575 orationibus
1051 3522 1299 3591 protinus
1347 3535 1593 3594 exoptat,
1643 3534 1697 3581 et
1741 3542 1838 3596 per
1887 3544 2085 3599 corpus

492 3610 669 3666 omnis
695 3611 938 3683 psalterii
968 3614 1073 3669 hoc
1110 3623 1166 3672 et
1192 3617 1474 3687 praedicat,
1509 3626 1564 3673 et
1603 3618 1820 3674 clamat.
1865 3619 1922 3697 Sj
1956 3637 2084 3694 ergo

494 3704 600 3759 hoc
646 3703 735 3759 ille
778 3705 853 3759 ita
885 3721 1143 3777 magnum
1198 3709 1321 3776 scit,
1369 3717 1430 3764 ut
1483 3711 1700 3766 assidue
1749 3711 1973 3778 diceret,
2009 3713 2085 3768 ita

492 3796 862 3852 necessarium
909 3797 1192 3854 confessus
1231 3809 1333 3866 est,
1366 3810 1426 3855 ut.
1451 3803 1689 3870 doceret,
1735 3807 2087 3875 quemadmo-

495 3889 622 3945 dum
650 3887 905 3963 Pelagius
932 3892 1353 3964 Ccelestiusquc,
1399 3896 1634 3966 sepoSita
1681 3902 1828 3953 omni
1864 3913 2089 3969 respon-

496 3983 647 4038 sione
687 3985 1021 4055 psalmorum
1072 3985 1273 4056 talique
1311 3987 1558 4042 abdicata
1600 3988 1847 4044 doctrina
1897 4005 2089 4045 suasu-

497 4091 588 4131 ros
639 4091 699 4132 se
762 4077 1036 4148 aliquibus
1093 4093 1216 4134 esse
1269 4079 1547 4135 conﬁdunt
1605 4095 1704 4135 nos
1760 4080 2087 4150 adjutorium

496 4167 595 4224 Dei
645 4183 748 4224 nec
789 4170 989 4226 debere
1036 4185 1303 4241 quaerere,
1360 4186 1462 4226 nec
1501 4186 1694 4244 egere,
1739 4188 1862 4229 cum
1899 4187 2090 4229 omnes

503 4261 681 4317 sancti
732 4262 870 4318 nihil
927 4276 988 4320 se
1033 4265 1152 4320 sine
1197 4264 1301 4320 hoc
1360 4279 1521 4336 agere
1573 4281 1736 4336 posse
1794 4274 2086 4323 testantur.

509 4353 714 4436 Libero
732 4355 876 4410 enim
907 4355 1134 4412 arbitrio
1172 4355 1304 4412 olim
1337 4356 1425 4414 ille
1461 4372 1770 4428 perversus,
1805 4357 1931 4414 dum
1977 4359 2089 4415 suis

499 4445 818 4503 inconsultis
863 4447 1042 4502 utitur
1078 4448 1254 4515 bonis,
1289 4449 1488 4505 cadens
1534 4449 1588 4505 in
1630 4449 2092 4522 praevaricationis

500 4537 794 4612 profunda,
821 4541 1213 4613 demersusque
1239 4541 1374 4596 nihil
1402 4542 1856 4613 quemadmodum
1897 4542 2094 4612 exinde

511 4643 738 4702 surgere
777 4640 982 4702 posset,
1022 4631 1248 4698 invenit,
1278 4647 1483 4704 suaque
1542 4633 1596 4688 in
1630 4641 1892 4688 aeternum
1920 4633 2088 4689 liber-

503 4729 617 4777 tate
651 4721 1119 4794 deceptus,'hujus
1153 4723 1327 4779 ruina:
1351 4724 1618 4795 jacuisset
1645 4738 1956 4796 oppressus,
1982 4725 2089 4780 nisi

504 4831 631 4874 eum
664 4825 788 4889 post
815 4817 1014 4874 Christi
1044 4833 1144 4889 per
1183 4835 1336 4875 suam
1375 4820 1605 4890 gratiam
1649 4819 1946 4875 relevasset
1991 4818 2090 4873 ad-

501 4918 720 4978 ventus,
749 4911 843 4982 qui
871 4926 967 4982 per
1004 4927 1159 4967 novae
1191 4911 1624 4983 regenerationis
1659 4911 2092 4981 puriﬁcationem

503 5003 842 5073 praeteritum
887 5018 1048 5059 omne
1097 5004 1291 5058 vitium
1346 5004 1428 5058 sui
1478 5003 1824 5074 baptismatis
1877 5002 2095 5058 lavacro

505 5093 789 5165 purgavit,
844 5102 900 5150 et
944 5095 1063 5166 ejus
1111 5094 1447 5151 conﬁrmans
1487 5101 1690 5150 statum
1735 5108 1842 5164 quo
1890 5096 2095 5150 rectius

507 5184 962 5256 constabiliusque
991 5189 1333 5258 procederet,
1371 5195 1554 5256 tamen
1589 5201 1742 5242 suam
1774 5187 2005 5258 gratiam
2037 5187 2092 5243 in

506 5284 786 5349 posterum
836 5292 944 5332 non
998 5279 1305 5348 denegavit.
1362 5279 1497 5334 Nam
1529 5279 1772 5350 quisquis
1817 5279 2092 5334 hominem

511 5366 835 5422 redemisset
876 5383 906 5423 a
941 5369 1232 5438 praeteritis
1270 5369 1361 5425 ille
1389 5370 1648 5440 peccatis,
1694 5377 1874 5424 tamen
1916 5371 2094 5426 sciens

515 5459 677 5532 179
704 5459 898 5515 iterum
926 5475 1083 5529 posse
1120 5475 1380 5530 peccare,
1430 5461 1496 5516 ad
1522 5461 1922 5531 reparationem
1965 5461 2090 5528 sibi,

512 5551 969 5624 quemadmodum
1017 5560 1202 5622 posset
1252 5553 1342 5608 ille
1376 5561 1431 5610 et
1478 5561 1601 5624 post
1654 5553 1743 5608 illa
1794 5553 2088 5623 corrigere,

511 5642 682 5699 multa
733 5642 986 5699 servavit.
1047 5640 1370 5709 Quotidiana
1423 5650 1646 5714 praestat
1694 5643 1783 5699 illa
1830 5642 2092 5711 remedia,

514 5739 711 5809 quibus
747 5737 850 5794 nisi
874 5735 995 5792 freti
1025 5735 1324 5808 conﬁsique
1349 5737 1606 5804 nitamur,
1634 5737 1943 5794 nullatenus
1976 5738 2093 5794 vin-

518 5845 638 5887 cere
669 5830 934 5885 humanos
965 5830 1264 5900 poterimus
1291 5846 1524 5887 errores.
1572 5831 1802 5888 Necesse
1831 5840 1913 5889 est
1954 5834 2100 5890 enim

518 5930 580 5996 ut
615 5936 723 6002 quo
746 5922 1040 5980 auxiliante
1064 5923 1318 5992 vicimus,
1349 5938 1414 5980 eo
1433 5925 1627 5981 iterum
1665 5941 1772 5982 non
1814 5926 2102 5998 adjuvante

2185 3427 2470 3498 perfectio,
2511 3443 2675 3496 quam
2725 3443 2823 3482 vos
2874 3428 3027 3498 sequi
3067 3437 3121 3484 et
3163 3436 3369 3493 tenere,
3423 3429 3529 3483 hac
3572 3430 3632 3484 in
3673 3428 3800 3484 illos

2185 3519 2629 3590 pronuntiatione
2675 3521 3024 3592 cognovimus
3077 3528 3133 3576 et
3182 3535 3287 3575 una
3339 3521 3628 3576 vobiscum
3677 3521 3799 3591 pari

2187 3611 2496 3665 assentione
2523 3625 2823 3666 servamus.
2859 3609 2961 3676 Qui
2991 3611 3038 3665 si
3090 3617 3271 3663 tamen
3301 3608 3596 3679 aliquando
3639 3608 3696 3664 in
3738 3623 3799 3665 so

2188 3703 2287 3759 Dei
2317 3701 2646 3772 adiutorium
2690 3702 2834 3771 quod
2880 3702 2987 3757 huc
3015 3714 3186 3770 usque
3222 3709 3560 3770 negaverunt
3602 3715 3775 3771 provo

2189 3795 2453 3859 caverint,
2482 3804 2537 3848 et
2564 3809 2701 3863 opus
2734 3794 2852 3864 ejus
2890 3794 2992 3849 sibi
3033 3793 3238 3847 auxilio
3271 3805 3395 3848 esse
3417 3793 3796 3862 cognoverint,

2188 3894 2251 3941 ut
2274 3889 2341 3942 de
2382 3888 2483 3941 hac
2520 3887 2662 3952 labe,
2693 3886 2746 3939 in
2777 3901 2882 3954 qua
2913 3887 2996 3940 sui
3033 3884 3214 3941 cordis
3243 3885 3626 3942 incurvatione
3670 3901 3795 3941 cor-

2192 3987 2414 4033 ruerant
2439 3978 2757 4042 liberentur,
2791 3985 2845 4032 et
2873 3977 3030 4046 quasi
3059 3977 3112 4030 in
3143 3977 3320 4032 lucem
3351 3978 3419 4033 de
3452 3975 3603 4032 foeda
3629 3977 3796 4034 tracti

2192 4069 2439 4140 caligine,
2481 4067 2709 4123 remotis
2733 4066 3105 4136 abdicatisque
3132 4066 3384 4122 omnibus
3427 4067 3630 4136 quibus
3655 4075 3798 4122 totus

2190 4176 2263 4216 ne
2288 4176 2474 4216 verum
2502 4160 2775 4231 aspiceret
2800 4158 3106 4216 foedabatur
3133 4167 3190 4215 et
3220 4159 3490 4230 caligabat
3516 4171 3795 4231 aspectus,

2191 4254 2448 4309 damnent
2469 4254 2584 4309 haec
2615 4269 2737 4325 quae
2764 4254 2872 4308 huc
2892 4268 3062 4323 usque
3086 4262 3393 4320 senserunt,
3419 4261 3475 4310 et
3501 4255 3796 4326 aliquando

2192 4346 2431 4401 animum
2477 4345 2644 4401 rectis
2668 4345 3126 4415 disputationibus
3148 4346 3561 4402 commodantes
3591 4347 3665 4402 ab
3695 4348 3796 4403 hac

2192 4439 2583 4510 aliquantulum
2618 4439 2738 4495 labe
2781 4440 3035 4506 correcti,
3064 4441 3212 4495 veris
3257 4455 3316 4496 se
3353 4441 3630 4496 sanandos
3663 4456 3794 4497 con-

2192 4532 2326 4587 siliis
2376 4533 2620 4612 tribuant
2657 4542 2821 4604 atque
2875 4532 3217 4587 submittant.
3269 4531 3424 4600 Quod
3451 4531 3498 4586 si
3537 4531 3794 4599 fecerint,

2191 4628 2296 4684 erit
2335 4629 2390 4684 in
2431 4637 2701 4700 potestate
2748 4627 3064 4698 pontiﬁcum
3109 4627 3230 4682 istis
3275 4626 3622 4697 aliquatenus
3666 4627 3793 4682 sub-

2199 4722 2403 4788 venire,
2421 4730 2477 4778 et
2496 4721 2694 4776 talibus
2720 4721 2956 4791 aliquam
2979 4734 3163 4776 curam
3185 4726 3444 4789 praestare
3455 4717 3794 4785 vulneribus,

2201 4830 2361 4885 quam
2391 4815 2528 4871 solet
2574 4815 2738 4884 lapsis
2771 4829 2893 4869 cum
2944 4813 3293 4908 resipucrint.
3323 4821 3379 4867 et
3413 4811 3661 4868 Ecclesia
3692 4827 3795 4868 non

2203 4921 2420 4978 negare,
2465 4915 2526 4961 ut
2557 4921 2588 4960 a
2618 4907 2732 4961 suis
2768 4906 3085 4977 praecipitiis
3127 4903 3441 4960 intra'ovile
3466 4905 3688 4959 Domini
3716 4917 3797 4959 re-

2199 4999 2475 5070 digantur,
2504 5014 2573 5054 ne
2602 4998 3018 5069 forispraesenti
3062 5005 3118 5052 et
3158 5005 3307 5052 tanto
3347 4994 3604 5066 praesidio
3636 5010 3668 5049 a
3697 4993 3796 5048 ﬁde

2198 5090 2513 5146 minutionis
2535 5089 2740 5145 exclusi
2760 5089 3020 5161 periculis
3044 5088 3295 5144 omnibus
3315 5085 3796 5155 exponantur,de-

2201 5182 2428 5238 vorandi
2467 5181 2717 5254 luporum
2774 5183 3024 5238 dentibus
3071 5189 3233 5252 atque
3280 5179 3546 5246 vexandi,
3603 5178 3797 5249 quibus

2202 5276 2467 5331 obsistere
2509 5276 2634 5342 hac,
2670 5290 2777 5345 qua
2803 5274 2923 5330 illos
2953 5274 3007 5328 in
3033 5289 3092 5330 se
3115 5272 3480 5337 irritaverant,
3535 5269 3796 5325 doctrina

2198 5369 2557 5439 perversitate
2585 5384 2692 5424 non
2722 5374 2968 5437 possunt.
3019 5365 3125 5420 Sed
3177 5365 3308 5419 satis
3337 5363 3537 5419 vestris
3577 5363 3798 5418 monitis

2201 5469 2256 5514 et
2281 5460 2360 5516 sic
2384 5461 2516 5515 satis
2533 5459 2927 5516 abundantibus
2943 5467 3143 5514 nostrae
3163 5457 3296 5528 legis
3317 5455 3588 5525 exemplis
3605 5456 3797 5526 proba-

2200 5559 2292 5608 tur
2305 5568 2426 5608 esse
2447 5565 2787 5622 responsum,
2815 5563 2914 5604 nec
2925 5547 3219 5618 quidquam
3235 5559 3519 5616 superesse
3547 5544 3793 5606 dicimus,

2201 5644 2344 5714 quod
2363 5643 2634 5708 dicamus;
2660 5656 2780 5696 cum
2802 5639 2934 5695 nihil
2962 5637 3386 5710 praetermissum
3412 5651 3442 5690 a
3462 5635 3645 5700 vobis,
3668 5633 3794 5690 nihil

2203 5743 2416 5791 constat
2463 5748 2584 5789 esse
2607 5745 2952 5803 suppressum
2990 5745 3098 5800 quo
3138 5729 3215 5785 illi
3239 5728 3460 5784 refutati
3500 5736 3558 5782 et
3582 5727 3793 5797 penitus

2192 5826 2606 5899 cognoscantur
2631 5840 2752 5880 esse
2779 5822 3036 5880 convicti.
3081 5821 3265 5881 ldeo.a
3296 5821 3452 5877 nobis
3482 5816 3790 5876 testimonia

2209 5919 2355 5979 nulla
2379 5926 2674 5994 ponuntur,
2697 5917 2821 5992 quia
2847 5924 2902 5974 et
2922 5915 3011 5978 bis
3033 5913 3191 5988 plena
3226 5913 3417 5970 relatio
3437 5919 3544 5983 est,
3579 5920 3637 5968 et
3663 5907 3788 5992 satis
