3968 6446
1425 300 1716 362 APPEND.
1769 299 1861 354 AD
1891 293 2066 353 διες.
2106 290 2198 347 nt.
2243 316 2312 347 —,-
2346 282 2599 344 lSlDORl
2626 276 3070 338 MERCATORIS
3767 278 3840 338 πί

649 435 780 499 nodi
792 437 1028 507 querela:
1047 414 1237 498 purius
1258 415 1820 507 scrtpta‘subjungens.
1842 406 2108 507 Nimirum
2138 415 2235 458 ex-
2259 403 2310 463 A
2335 395 2606 507 ξθεΡὶιῖΞεε
2631 408 2741 460 me:
2769 392 2913 507 θξξιε
3401 383 3730 507 ⁸ξξοξξτις
3747 388 3838 495 9)ι.³

655 480 1323 589 ἕιπιξιῖἒέξιξίἓιαηωω
1350 480 1771 569 sollicitudinem
1790 496 2094 558 commissis
2114 509 2238 566 gre-
2337 491 2467 559 Quae
2506 488 2780 589 incassum
2820 482 3064 589 dixe-rit:
3077 483 3120 538 si
3164 480 3466 589 tantgmnin
3497 480 3605 552 ejus
3630 484 3844 552 eratposi-

657 570 1092 694 eshibere
1111 620 1374 681 pastores,
1393 610 1452 658 ut
1464 616 1571 658 non
1587 598 1759 655 solum
1775 593 2045 694 neminem
2071 604 2137 644 ex
2155 587 2238 643 his
2337 589 2452 694 tum
2479 579 2777 694 \trpluntate,
2795 577 2949 685 quod
2971 591 3003 630 a
3025 573 3253 632 Domino
3279 570 3446 679 flebili
3476 586 3846 694 sermone

657 666 1160 784 errare,
1184 696 1279 755 sed
1306 666 1518 765 siquas
1542 688 1717 760 magis
1751 685 1933 742 ovium
1969 681 2241 738 obscaena:
2337 676 2453 733 bat.
2486 673 2765 742 Quae-cum
2794 672 2870 728 ita
2893 670 3030 784 sint,
3078 681 3319 774 cumque.
3342 666 3681 784 inromnibus

660 757 1033 868 delectationis
1053 757 1220 849 herba
1240 757 1472 852 seduxit,
1490 800 1554 840 ac
1573 757 1695 839 siin
1721 791 1905 834 errore
1924 784 2241 868 permanse-
2341 768 2554 841 paginis
2589 765 2854 824 voluntati
2893 764 3076 868 liberte
3109 760 3324 819 nonnisi
3353 758 3669 868 adjutorium

660 850 1219 959 autvsegregari
1244 850 1466 952 penitus
1486 872 1679 938 velint,
1715 877 1811 928 aut
1854 866 2039 923 illicite
2075 861 2245 959 petita
2343 875 2534 959 gamus
2568 856 3063 959 esseunectendum,
3094 868 3325 924 eamque
3354 850 3665 959 nihil

662 942 1150 1038 Rammius,
1179 942 1438 1029 custodiae
1482 964 1723 1038 pristina:
1766 954 2246 1027 circumspeCtione
2344 951 2449 1013 bus
2474 950 2752 1022 ipraesidiis
2798 948 3136 1013 destitutam,
3188 959 3429 1017 quonam
3471 942 3624 1000 modo
3652 942 3753 998 huic
3785 943 3847 998 soli

665 1032 943 1139 in?
966 1032 1197 1138 utraque
1222 1071 1374 1136 parte
1408 1032 1660 1115 videlicet
1683 1053 2042 1113 consulentes,
2068 1062 2138 1103 ne
2164 1044 2249 1101 vel
2346 1045 2757 1120 possibilitatem
2786 1043 2928 1099 hanc
2965 1038 3338 1139 pertinaciter,
3353 1046 3433 1139 ‘1‘".
3457 1035 3694 1139 asseritis,

662 1125 1011 1233 suscipiendo
1050 1125 1186 1212 tales
1223 1125 1387 1210 simili
1433 1157 1643 1205 caaterae
1672 1146 1943 1201 ducantur
1982 1137 2248 1209 exemplo,
2342 1138 2537 1197 edentes
2583 1135 2818 1233 sibimet,
2849 1130 3186 1233 inn-0,39“.
3222 1127 3567 1233 espdi‘gnips,
3591 1125 3734 1182 dolori
3756 1140 3849 1181 om.

664 1219 753 1308 vel
780 1219 1085 1322 spernendo
1114 1244 1405 1300 redeuntes
1444 1240 1693 1308 luporum
1722 1233 1992 1291 morsibus
2036 1229 2254 1322 videant
2351 1229 2522 1286 muni.
2550 1227 2684 1283 Nam
2724 1223 2970 1297 plurimis
3007 1221 3259 1294 Pelagius
3285 1219 3670 1322 Ctnlestiusque

666 1352 760 1401 tur
781 1308 1024 1411 ingestae.
1077 1335 1322 1392 Prudens
1362 1330 1655 1388 admodum
1707 1335 1764 1381 et
1810 1322 2090 1381 catholicae
2127 1316 2254 1373 ﬁdei
2354 1323 2485 1379 dent
2510 1360 2529 1390 ,
2585 1316 2895 1377 multifariis
2955 1315 3208 1386 equidem
3276 1313 3345 1369 ad
3397 1311 3744 1411 instruendum
3785 1308 3852 1363 tale

666 1398 1269 1509 plena‘consultattonis
1317 1424 1588 1480 voluntas.
1646 1419 1781 1487 Quis
1816 1416 1962 1472 enim
2004 1422 2101 1469 aut
2126 1410 2259 1467 tole—
2355 1411 2725 1483 magisterium
2770 1408 2851 1464 uti
2888 1419 3170 1477 possemus
3196 1400 3487 1473 exemplis,
3534 1398 3634 1454 nisi
3670 1398 3853 1454 sciremus

668 1494 797 1581 rare
816 1525 989 1595 possit
1007 1529 1303 1584 errantem,
1334 1525 1428 1572 aut
1456 1530 1564 1571 non
1593 1511 1837 1583 recipere
1859 1501 2255 1577 corrigentem?
2354 1515 2413 1562 et
2433 1504 2775 1561 sanctitatem
2814 1509 3050 1558 vestram
3074 1499 3143 1555 ad
3176 1498 3398 1569 plenum
3428 1494 3713 1595 Scripturas
3731 1506 3852 1548 omnes

664 1584 900 1673 Nam-ut
932 1616 1126 1671 durum
1170 1611 1411 1667 arbitror
1439 1604 1841 1664 conniventiam
1870 1599 2111 1674 praebere
2137 1609 2260 1667 pec-
2359 1596 2523 1663 scire,
2568 1593 2890 1666 intelligere,
2947 1591 3165 1658 callere,
3213 1588 3428 1644 divinas
3466 1584 3747 1656 praesertim,
3778 1599 3851 1639 cna

664 1709 943 1773 cantibus,
996 1707 1069 1761 ita
1124 1704 1348 1775 impium
1399 1700 1584 1771 judico
1618 1711 1838 1753 manum
1888 1706 2086 1765 negare
2128 1703 2259 1745 con-
2288 1757 2335 1775 _
2362 1698 2544 1746 vestra
2564 1687 2757 1743 relatio
2783 1686 2948 1741 tantis
2970 1700 3035 1741 ac
3065 1683 3263 1740 talibus
3290 1678 3612 1738 testimoniis
3632 1677 3692 1732 sit
3707 1674 3851 1739 referta,

672 1757 1191 1871 versvisiDili—gent—er
1204 1757 1344 1867 rergo
1371 1757 1428 1850 et
1453 1805 1691 1863 congrue
1730 1757 2007 1861 apostolici
2028 1780 2261 1840 consuli-
2288 1757 2338 1820 Β
2368 1792 2427 1839 ut
2462 1782 2547 1837 his
2582 1779 2711 1837 solis
2737 1778 2919 1835 valeat
2945 1791 3186 1849 praesens
3211 1776 3406 1847 dogma
3437 1770 3673 1834 rescindi,
3693 1784 3854 1839 opuqu

645 317 750 382 931

674 1893 746 1949 tis
774 1891 997 1948 honoris
1042 1903 1261 1944 arcana.
1306 1885 1561 1949 Honoris,
1614 1883 1857 1951 inquam,
1913 1877 2057 1933 illius
2102 1888 2263 1944 quem

672 1992 878 2057 praeter
912 1981 1003 2037 illa
1038 1989 1166 2037 sunt
1190 1978 1564 2041 extrinsecus.
1595 1972 1899 2029 sollicitudo
1933 1976 2116 2025 manet
2144 1982 2264 2022 om-

675 2075 826 2131 nium
849 2072 1199 2131 ecclesiarum
1220 2085 1382 2140 super
1412 2067 1591 2122 anxiis
1616 2066 1781 2120 rebus
1801 2078 1921 2132 qua:
1943 2061 2014 2116 sit
2037 2059 2266 2115 tenenda

674 2167 964 2224 sententia.
1012 2164 1265 2235 Antiquae
1311 2161 1530 2217 scilicet'
1565 2156 1764 2228 regulae
1815 2153 2047 2208 formam
2095 2148 2268 2205 secuti

678 2276 842 2332 quam
887 2268 1003 2316 toto
1026 2272 1241 2329 semper
1286 2256 1355 2311 ab
1382 2255 1511 2310 orbe
1552 2264 1762 2307 mecum
1792 2246 1965 2304 nostis
2006 2257 2125 2301 esse
2153 2256 2268 2297 ser-

670 2360 884 2420 vatam,
911 2365 1099 2407 verum
1130 2348 1245 2404 haec
1270 2347 1436 2402 missa
1463 2343 1623 2400 facio.
1666 2339 1854 2409 Neque
1875 2337 2020 2394 enim
2044 2336 2158 2390 haec
2178 2346 2270 2388 ve-

666 2447 850 2499 »stram
879 2440 1043 2496 credo
1071 2439 1242 2494 latere
1262 2434 1627 2508 prudentiam,
1676 2431 1767 2501 qui
1799 2429 1854 2484 id
1874 2427 2037 2483 etiam
2060 2425 2271 2480 actione

679 2532 959 2598 ﬁrmastis,
1013 2530 1119 2587 nisi
1167 2528 1401 2585 scientes
1431 2526 1574 2598 quod
1602 2540 1698 2596 per
1730 2536 1922 2578 omnes
1962 2517 2279 2592 provincias.

679 2623 749 2681 de
777 2621 1069 2693 apostolico
1095 2620 1245 2678 fonte
1270 2619 1578 2691 petentibus
1608 2629 1864 2687 responsa
1893 2626 2109 2682 semper
2128 2622 2274 2665 ema-

681 2721 817 2770 nent
846 2731 860 2767 :
892 2712 1197 2785 praesertim
1223 2710 1435 2780 quoties
1472 2707 1596 2762 fidei
1643 2706 1788 2761 ratio
1817 2702 2128 2765 mutilatur,
2177 2713 2269 2752 ar-

676 2802 858 2860 bitror
901 2818 1090 2860 omnes
1137 2802 1336 2858 fratres
1385 2808 1441 2855 et
1488 2798 1837 2867 coepiscopos
1883 2802 2119 2856 nostros,
2166 2805 2273 2845 non

682 2895 791 2951 nisi
812 2894 881 2950 ad
915 2892 1159 2960 Petrum,
1206 2893 1261 2948 id
1288 2900 1393 2958 est,
1425 2892 1509 2947 sui
1548 2890 1780 2946 nominis
1815 2896 1869 2941 et
1913 2885 2153 2948 honoris,
2180 2898 2276 2937 au-

683 2995 890 3043 ctorem
923 2985 1129 3047 referre
1161 2986 1378 3048 debere,
1407 2983 1555 3037 velut
1584 2997 1727 3039 nunc
1773 2979 1956 3036 retulit
1990 2985 2169 3033 vestra
2196 2974 2276 3030 di-

685 3076 850 3134 lectio
882 3078 1027 3150 quod
1053 3092 1151 3148 per
1179 3086 1347 3132 totum
1373 3076 1631 3131 mundum
1683 3075 1848 3145 possit
1880 3072 2130 3128 Eeelesiis
2158 3085 2273 3126 om-

680 3169 849 3225 nibus
873 3170 928 3224 in
951 3183 1236 3225 commune
1280 3169 1556 3239 prodesse.
1586 3167 1744 3221 Fiant
1762 3166 1905 3222 enim
1953 3179 2172 3219 necesse
2191 3172 2274 3218 est

686 3264 978 3331 cautiores,
1025 3279 1147 3320 cum
1185 3263 1501 3318 inventores
1529 3261 1792 3316 malorum
1837 3259 1905 3314 ad
1936 3258 2164 3329 duplicis
2192 3271 2278 3311 re-

687 3351 949 3410 lationem
1004 3354 1194 3426 synodi
1229 3353 1512 3413 sententiae
1562 3363 1761 3407 nostra:
1789 3350 2012 3405 statutis
2046 3348 2279 3403 viderint

687 3443 759 3500 ab
786 3443 1156 3499 ecclesiastica
1205 3442 1586 3498 communione
1611 3443 1905 3512 sejunctos.
1932 3438 2159 3495 Gemino
2182 3438 2279 3509 igi-

688 3540 782 3588 tur
806 3534 949 3588 bono
972 3533 1212 3589 cbaritas
1234 3542 1412 3588 vestra
1438 3531 1693 3603 fungetur
1710 3573 1724 3597 ,
1772 3547 1895 3586 nam
1921 3539 1977 3585 et
2012 3543 2281 3586 canonum

682 3622 970 3694 .potiemini
1000 3625 1174 3697 gratia
1220 3633 1579 3687 servatorum,
1623 3632 1678 3679 et
1707 3623 1968 3678 beneficio
1996 3632 2177 3677 vestro
2203 3629 2282 3676 to-

693 3721 782 3770 tus
820 3716 972 3772 orbis
1016 3716 1300 3771 tutabitur.
1348 3716 1478 3783 Quis
1529 3718 1672 3771 enim
1723 3714 2115 3771 catholicorum
2160 3726 2284 3766 cum

694 3805 1020 3862 adversariis
1066 3806 1270 3862 Christi
1329 3806 1459 3860 velit
1515 3806 1742 3861 ulterius
1802 3806 2033 3861 miscere
2079 3819 2286 3859 sermo-

696 3901 864 3954 nent?
915 3900 1048 3968 Quis
1094 3900 1283 3956 saltem
1326 3900 1497 3971 ipsam
1532 3901 1652 3954 vitae
1689 3899 1865 3954 lucem
1910 3898 2288 3955 communione

699 3990 888 4061 partiri
914 4006 1067 4047 novae
1109 3993 1379 4048 haereseos
1410 3992 1668 4046 nimirum
1699 3992 1974 4063 fugiantur
1993 3991 2287 4047 auctores?

700 4079 841 4148 Quid
876 4084 1022 4138 enim
1060 4084 1310 4139 acerbius
1341 4084 1393 4138 in
1428 4083 1715 4138 Dominum
1749 4084 1951 4154 fingere
1973 4091 2285 4155 potuerunt,

700 4186 864 4243 quam
909 4188 1033 4229 cum
1077 4174 1341 4245 adjutoria
1392 4174 1573 4229 divina
1611 4185 1912 4241 cessarent,
1961 4190 2288 4245 causamque

702 4267 1031 4338 quotidianae
1068 4268 1396 4338 precationis
1444 4268 1766 4324 auferrent?
1797 4268 1907 4324 Hoc
1952 4269 2286 4324 estdicere:

705 4363 816 4420 Cur
837 4365 965 4419 mihi
994 4382 1128 4435 opus
1168 4366 1316 4420 Deo?
1369 4366 1561 4421 Merito
1592 4367 1645 4421 in
1686 4366 1785 4421 hos
1815 4365 1985 4420 David
2028 4367 2290 4437 hymnum

686 4455 874 4511 dicit:
918 4474 938 4507 ι
970 4456 1109 4512 Ecce
1139 4457 1384 4514 homines
1413 4459 1503 4528 qui
1537 4474 1639 4514 non
1681 4466 1979 4529 posuerunt
1999 4459 2168 4513 Deum
2198 4458 2292 4514 ad-

700 4545 935 4616 iutorem
966 4547 1068 4603 sibi
1101 4548 1272 4620 (Psal.
1299 4565 1374 4613 ω,
1399 4550 1476 4621 9).
1507 4568 1526 4601 ο
1582 4549 1852 4620 Negantes
1881 4565 2008 4621 ergo
2032 4550 2288 4605 auxilium

707 4636 835 4703 Dei,
874 4638 1145 4712 inquiunt,
1197 4640 1471 4696 hominem
1524 4640 1624 4695 sibi
1672 4656 1833 4711 posse
1878 4642 2146 4708 suﬂicere,
2193 4656 2293 4697 nec

706 4731 884 4801 gratia
915 4732 1060 4787 hunc
1086 4747 1246 4801 egere
1286 4733 1486 4798 divina,
1519 4748 1624 4803 qua
1670 4734 1913 4803 privatus
1940 4749 2161 4789 necesse
2186 4742 2291 4801 est,

711 4822 907 4880 diaboli
936 4823 1142 4895 laqueis
1164 4824 1391 4879 irretitis
1411 4827 1714 4888 occumbat,
1747 4826 1872 4880 dum
1898 4825 2295 4880 adomniavita:

707 4914 1034 4984 perficienda
1065 4914 1317 4969 mandata
1350 4915 1462 4971 sola
1493 4917 1866 4972 tantummodo
1898 4916 2146 4972 libertate
2168 4932 2297 4972 con-

710 5005 921 5060 tundat.
947 5006 1446 5076 Opravissimarum
1476 5009 1739 5063 mentium
1762 5022 2014 5079 perversa
2029 5008 2292 5064 doctrina.

711 5095 968 5152 Advertat
1000 5098 1053 5154 id
1092 5100 1308 5155 tandem
1332 5099 1474 5169 quod
1518 5100 1754 5169 primum
1801 5100 2077 5156 hominem
2119 5100 2194 5154 ita
2233 5098 2299 5154 li-

712 5189 895 5243 bertas
914 5189 1016 5245 ista
1045 5190 1276 5261 decepit,
1307 5200 1365 5246 ut
1389 5192 1516 5246 dum
1546 5192 1911 5263 indulgentius
1936 5191 2105 5247 frenis
2128 5192 2299 5245 utitur

716 5277 880 5351 180
896 5277 1014 5348 eius
1039 5281 1090 5336 in
1112 5284 1574 5353 praevaricationis
1603 5285 2023 5356 praesumptione
2056 5285 2299 5341 concide-

714 5378 817 5424 ret.
851 5370 1034 5443 Neque
1060 5389 1127 5429 ex
1153 5376 1256 5431 hac
1279 5378 1454 5448 potuit
1483 5376 1620 5446 erui,
1652 5377 1752 5433 nisi
1782 5377 2120 5448 providentia
2145 5389 2303 5447 rege-

713 5465 1010 5522 nerationis
1022 5475 1217 5524 statum
1233 5472 1473 5541 pristina:
1483 5472 1750 5529 libertatis
1762 5471 1962 5528 Christi
1985 5472 2193 5528 Domini
2210 5484 2299 5527 re-

715 5555 1006 5615 formasset
1030 5559 1311 5628 adventus,
1339 5563 1521 5618 audiat
1546 5564 1714 5619 David
1739 5563 2008 5620 dicentem
2040 5582 2054 5618 :
2088 5582 2106 5615 ι
2132 5562 2302 5635 Adju-

718 5650 917 5707 torium
937 5662 1181 5708 nostrum
1204 5652 1258 5709 in
1280 5655 1497 5711 nomine
1522 5656 1732 5714 Domini
1756 5657 1928 5731 (Psal.
1954 5673 2144 5725 cum,
2176 5659 2254 5727 8);
2278 5678 2298 5712 ι

694 5751 778 5802 ’ct
803 5760 818 5803 :
847 5762 868 5799 ι
901 5742 1132 5819 Adjutor
1152 5759 1308 5805 meus
1336 5760 1397 5806 es
1434 5755 1511 5819 tu,
1538 5766 1607 5809 ne
1632 5750 1973 5826 derelinquas
1998 5770 2105 5826 me,
2131 5768 2308 5826 neque
2413 5758 2604 5829 vulgus
2657 5757 2956 5825 incautum,
3007 5750 3301 5828 rapaciquc
3351 5746 3499 5819 ΙυΡυδ
3538 5740 3615 5789 cor

2329 1870 2474 1934 'non
2523 1890 2645 1933 esse
2697 1872 3011 1944 recognitis,
3055 1887 3178 1928 cum
3228 1870 3316 1926 his
3352 1868 3448 1939 qui
3481 1864 3628 1923 facile
3656 1864 3773 1920 vobis
3800 1876 3853 1917 oc-

2367 1968 2638 2026 currentia
2667 1966 2947 2036 posuistis,
2965 1980 3064 2022 nec
3085 1964 3320 2020 audeant
3343 1960 3584 2027 obviare,
3602 1973 3689 2014 nec
3704 1955 3854 2028 possint.

2368 2061 2510 2131 Ergo
2524 2059 2619 2114 Dei
2641 2059 2871 2130 gratiam
2891 2066 3161 2115 conantur
3177 2055 3419 2123 auferre,
3436 2067 3592 2125 quam
3611 2054 3852 2111 nactust,

2368 2154 2532 2209 etiam
2577 2151 2827 2208 instituta
2863 2160 3036 2207 status
3081 2149 3293 2221 pristini
3334 2146 3583 2202 libertate
3606 2153 3853 2213 quaeramus:

2370 2244 2567 2315 quippe
2592 2258 2692 2298 nec
2713 2242 2848 2299 alias
2876 2241 3074 2299 diaboli
3102 2239 3404 2305 machinas,
3432 2236 3534 2292 nisi
3561 2234 3719 2292 eadem
3735 2245 3854 2303 posm-

2371 2346 2492 2387 mus
2515 2329 2742 2399 juvante
2767 2331 2967 2396 vitare;
3001 2328 3132 2385 illud
3160 2341 3291 2384 vero
3325 2325 3473 2397 quod
3515 2339 3603 2380 eos
3639 2316 3855 2377 restrain-

2372 2423 2600 2499 ternitas
2623 2422 2821 2479 asserit
2850 2421 3147 2493 praedicare
3177 2418 3436 2491 parvulos
3454 2425 3653 2473 aeternae
3674 2413 3765 2468 vita
3779 2424 3855 2481 pr:-

2372 2522 2497 2578 miis
2512 2523 2716 2592 absque
2729 2519 3071 2591 baptismatis
3086 2533 3179 2590 gra
3187 2516 3259 2571 tia
3273 2530 3440 2587 posse
3453 2508 3855 2581 donari,perfatm

2366 2624 2458 2671 est
2484 2631 2500 2668 :
2532 2631 2553 2665 ι
2585 2612 2700 2668 Νἰεί
2731 2612 2874 2667 enim
2900 2609 3347 2666 manducaverint
3379 2621 3591 2663 carnem
3626 2600 3723 2657 Filii
3750 2596 3855 2653 boui-

2374 2704 2461 2761 nis
2492 2712 2549 2761 et
2576 2704 2816 2760 biberint
2854 2701 3173 2773 sanguinem
3207 2697 3349 2768 ejus,
3371 2713 3478 2754 non
3503 2694 3737 2751 habebunt
3755 2689 3857 2742 vita-

2376 2798 2430 2854 in
2452 2795 2760 2865 semetipsis
2787 2792 2973 2866 (loan.
3003 2808 3080 2858 v1,
3106 2790 3220 2861 54).
3253 2808 3275 2844 ι
3306 2790 3413 2858 Qui
3441 2796 3608 2843 autem
3633 2779 3794 2840 hanciu
3812 2776 3857 2832 ei!

2374 2890 2494 2945 sine
2529 2884 2941 2958 regeneratione
2984 2882 3300 2946 defendunt,
3333 2880 3580 2935 videntur
3614 2871 3721 2929 mihi
3750 2870 3857 2938 ipsum

2376 2980 2704 3051 baptismum
2731 2977 2870 3034 velle
2903 2990 3141 3042 cassare,
3164 2989 3289 3031 cum
3311 2971 3601 3044 pradicant
3634 2968 3713 3023 hos
3734 2961 3856 3031 idm

2382 3076 2471 3132 tiae
2504 3075 2705 3131 habere
2734 3072 2877 3143 quod
2927 3073 2983 3127 in
3024 3070 3106 3126 eis
3147 3070 3379 3125 credunt
3418 3063 3617 3123 nonnisi
3643 3058 3855 3130 baptismate

2379 3167 2794 3225 conferendum.
2843 3164 2900 3221 Si
2935 3179 3067 3235 ergo
3110 3162 3244 3219 nihil
3268 3161 3461 3217 volunt
3484 3158 3688 3221 ofﬁcere,
3714 3163 3786 3206 non
3809 3158 3857 3200 τε*

2380 3260 2552 3326 nasci,
2591 3259 2866 3314 fateantur
2891 3270 3114 3313 necesse
3138 3263 3224 3310 est
3244 3269 3346 3310 nec
3378 3243 3746 3324 regenerationis
3765 3248 3857 3294 sam

2298 3125 2346 3191 C

2378 3353 2581 3409 ﬂuenta
2619 3351 2899 3424 prodesse.
2944 3350 3144 3406 Verum
3178 3356 3238 3403 ut
3275 3344 3654 3418 superﬂuorum
3676 3333 3858 3424 hominm

2376 3460 2545 3515 prava
2575 3422 2818 3500 doctrina
2853 3441 3016 3499 celeri
3059 3440 3304 3496 veritatis
3336 3439 3510 3510 possit
3550 3434 3723 3491 ratione
3742 3422 3857 3515 diali}.

2381 3511 2492 3610 gui,
2527 3536 2826 3608 proclamat
2867 3535 3131 3591 Dominus
3159 3534 3215 3589 in
3243 3531 3536 3603 Evangelio
3576 3511 3857 3610 dicensttSi-

2382 3608 2496 3682 nite
2526 3627 2781 3691 infantes,
2814 3633 2871 3681 et
2898 3624 3066 3681 nolite
3091 3638 3186 3680 eos
3212 3623 3502 3695 prohibere
3538 3615 3698 3674 venire
3716 3608 3764 3664 ad
3792 3616 3854 3664 me.

2385 3720 2571 3774 talium
2611 3716 2694 3774 est
2733 3717 2879 3773 enim
2916 3732 3144 3788 regnum
3185 3714 3451 3771 caelorum
3492 3708 3728 3782 (Maras,
3752 3695 3852 3765 ιυον

2378 3810 2564 3878 Quare
2611 3807 2885 3879 Pelagium
2935 3807 3376 3876 Coelestiumque,
3432 3804 3485 3860 id
3527 3807 3619 3865 est,
3653 3794 3855 3879 inventores

2385 3874 2581 3957 vocum
2608 3874 2890 3965 novarum,
2921 3913 3042 3970 quae
3066 3898 3230 3971 (sicut
3259 3874 3401 3952 dixit
3422 3874 3854 3965 Apostolus)aalilﬁ'

2387 3995 2553 4050 tionis
2606 3993 2873 4057 nihilum,
2916 3992 3011 4049 sed
3063 3992 3237 4063 magis
3283 3988 3594 4046 vanissimas
3633 3971 3853 4037 consuetum

2387 4101 2580 4157 parare
2606 4085 2931 4156 quaestiones
2951 4082 3004 4155 (I
3029 4080 3163 4137 Tim.
3187 4097 3229 4149 ι,
3251 4080 3332 4152 4),
3355 4071 3688 4136 ecclesiastica
3707 4068 3855 4120 ωωωι·

2390 4178 2551 4234 nione
2576 4176 2776 4247 privari
2797 4174 3078 4247 apostolici
3102 4173 3305 4245 vigoris
3331 4168 3635 4227 auctoritate
3650 4158 3851 4252 censenti.

2391 4272 2561 4328 donec
2577 4245 2911 4341 resipiscam
2944 4284 2975 4324 a
3017 4267 3215 4323 diaboli
3258 4265 3466 4336 laqueis
3486 4278 3513 4317 a
3540 4272 3633 4330 quo
3651 4245 3855 4341 αριὶνίξιῆ

2393 4374 2592 4420 nentur
2614 4339 2907 4420 secundum
2941 4351 3111 4432 ipsius
3143 4359 3495 4422 voluntatem,
3534 4356 3699 4417 οοεςυε
3719 4339 3852 4432 im"?

2316 4483 2370 4547 ι)
2396 4457 2677 4513 Dominico
2699 4456 2825 4512 ovili
2864 4429 2973 4510 non
2999 4453 3188 4523 recipi,
3226 4450 3408 4522 quoad
3448 4445 3539 4520 ἰΡθί
3582 4429 3853 4547 ΡῩἿΗῨῙΠΙΞ

2400 4552 2567 4608 secuti
2597 4550 2863 4606 tramitem
2889 4514 3140 4604 deserere
3158 4514 3449 4601 voluerint.
3466 4514 3855 4615 vAhscindendi-Sum‘l

2400 4643 2546 4700 enim
2597 4643 2687 4713 qui
2735 4657 2832 4697 vos
2876 4639 3242 4705 conturbant,
3299 4646 3354 4692 et
3395 4632 3570 4690 volunt
3620 4605 3853 4713 Εηηεαξᾷξξι

2400 4734 2600 4791 Christi
2613 4705 2876 4804 perdere.
2908 4730 3082 4786 Simul
3112 4738 3292 4785 autem
3323 4705 3855 4804 pmcipimusmqm‘:

2402 4842 2506 4899 que
2533 4827 2601 4882 ad
2626 4788 2679 4882 id
2707 4825 3031 4898 pertinentia
3060 4823 3316 4880 similiter
3337 4819 3601 4877 defensare
3618 4788 3853 4901 nituntll‘n‘:

2403 4890 2501 4992 par
2521 4936 2615 4978 eos
2644 4890 2879 4977 vindicta
2912 4920 3271 4990 constringat.
3305 4936 3326 4970 ι
3357 4915 3471 4972 Non
3510 4890 3852 4992 solumutzﬁill‘n‘l‘“:|

2405 4975 2631 5082 faciunt,
2660 5015 2753 5071 sed
2786 5014 2949 5072 etiam
2987 5014 3079 5086 qui
3110 4975 3451 5070 consentiunt
3491 4975 3852 5086 ἴπίθηίίίξθξξίῖξῗ

2405 5113 2532 5162 sunt
2557 5068 2730 5162 morte
2751 5105 2928 5177 (Rom.
2956 5068 3127 5175 1,152),
3158 5123 3176 5156 ι
3204 5102 3330 5174 quia
3353 5116 3457 5157 non
3478 5089 3668 5151 multum
3686 5068 3853 5177 intris:

2405 5196 2640 5252 arbitror
2663 5156 2803 5251 inter
2832 5156 3236 5252 committentis
3263 5192 3494 5248 animum
3522 5190 3569 5239 el
3586 5156 3851 5270 φηξῗηξξθξῗ

2407 5288 2669 5385 favorem.
2696 5288 2849 5345 Addo
2893 5297 2948 5344 et
2995 5286 3280 5385 amplius-:-
3294 5252 3851 5385 pler-tutique’ieisfi‘c;

2409 5397 2552 5447 rare,
2584 5381 2669 5437 cui
2709 5396 2869 5437 nemo
2895 5382 3186 5437 consentit.
3236 5350 3364 5435 llaec
3408 5375 3574 5448 igitur,
3599 5350 3852 5479 ἷΐῗξξθδῆιέξξὶ

2407 5475 2632 5542 rissimi,
2661 5474 2714 5530 in
2744 5473 3051 5544 supradicta
3087 5479 3303 5528 maneat
3340 5444 3451 5524 lixa
3484 5444 3835 5560 semfnufﬂ:

2411 5569 2564 5627 atriis
2608 5528 2840 5633 Domini,
2884 5573 3107 5623 careant
3144 5565 3404 5621 duntaxat
3438 5545 3640 5633 custodia

2414 5608 2564 5627 ιιιιιισ
2608 5608 2840 5633 "VIII-III,
2885 5608 3107 5623 νιιινιιιιυ
3144 5608 3404 5621 uuilwnuw
3443 5608 3519 5615 ννκ-
3705 5621 3713 5631 '

2414 5681 2484 5722 ne
2512 5665 2738 5721 duarum
2765 5659 2944 5718 ovium
2971 5659 3089 5715 dira
3123 5655 3372 5728 contagia
3402 5648 3594 5719 serpant
3616 5608 3849 5779 ἓωὲεὲ

2414 5758 2501 5779 --ηι
2513 5774 2570 5779 μ--
2582 5774 2602 5779 -
2657 5757 2708 5779 2..
2723 5771 2773 5779 -.ι
2784 5764 2931 5779 --ιη-..Α
3008 5750 3300 5779 -Λιιιαηῖηιιλ
3355 5746 3499 5779 ΙΙΙΠΙΙΕ
3836 5772 3843 5777 .
