3968 6442
84 277 200 332 7‘53

1275 274 1768 332 DECRETALIUM
1802 274 2208 333 COLLECTIO.

3275 285 3378 351 754

83 411 243 466 intra
293 407 434 463 ovile
467 407 679 464 Domini
697 423 857 474 ,'cum
891 420 996 479 per
1024 411 1205 464 tantas
1229 408 1411 465 ovium
1441 408 1588 464 fusas
1609 425 1704 466 ca-
1731 397 1780 458 Α
1801 405 2162 478 justiﬁeamur
2188 407 2258 464 ab
2283 406 2584 480 iniquitate,
2612 422 2667 464 et
2707 427 2814 481 qua
2851 409 3126 468 salvamur
3151 411 3218 469 ab
3243 413 3393 471 inﬁr-
3443 392 3456 404 ’

85 510 284 556 tervas
339 501 466 556 dum
492 518 522 557 a
552 501 866 558 custodibus
893 502 1283 569 dissimulatur,
1332 504 1563 558 habetur
1588 503 1700 558 vul-

89 608 202 650 nus
233 595 492 650 duarum.
517 594 959 666 Prospiciendum
986 604 1222 668 estergo
1245 611 1314 652 ne
1343 597 1706 666 permittendo

86 687 285 757 lupum
336 689 662 744 mercenarii
709 689 882 761 magis
930 705 1094 759 quam
1138 699 1386 761 pastores
1425 690 1707 746 videamur

90 796 239 837 esse.
274 778 539 836 anemus
577 796 709 836 sane
752 781 880 852 quia
921 781 1171 839 Christus
1219 780 1481 837 Dominus
1521 790 1707 837 noster

91 872 325 944 propria
372 888 505 929 voce
527 874 792 945 signavit,
858 872 1000 929 nolle
1042 889 1102 928 se
1147 881 1377 929 mortem
1426 872 1707 930 morientis

95 971 338 1030 tantum,
383 963 479 1020 sed
527 974 829 1020 revertatur
869 972 926 1021 et
957 965 1122 1031 vivat,
1165 973 1226 1020 ut
1273 964 1320 1020 si
1360 979 1595 1035 unquam
1637 964 1708 1020 ad

96 1069 298 1109 sanum
337 1054 408 1110 de
446 1056 722 1125 proposito
748 1056 900 1127 pravi
946 1055 1212 1126 dogmatis
1241 1069 1429 1111 errore
1467 1055 1709 1126 resipue—

98 1148 258 1214 rint,
319 1148 807 1219 damnaverintque
865 1164 930 1204 ea
984 1164 1214 1221 quorum
1259 1149 1464 1219 seipsos
1503 1163 1708 1218 praeva-

100 1239 372 1297 ricatione
425 1242 839 1310 damnaverunt,
881 1243 962 1298 eis
1012 1242 1334 1297 medicinam
1377 1241 1615 1307 solitam,
1653 1241 1708 1296 id

101 1337 209 1396 est,
241 1331 646 1403 receptaculum
683 1349 838 1388 suum
876 1334 945 1389 ab
974 1332 1215 1389 Ecclesia
1245 1349 1353 1389 non
1405 1333 1610 1404 negari,
1640 1347 1707 1389 ne

102 1423 232 1479 dum
267 1437 362 1481 eos
407 1425 694 1482 redeuntes
733 1426 956 1482 forsitan
1003 1426 1354 1496 prohibemus
1395 1441 1522 1481 vere
1552 1435 1707 1481 extra

101 1512 250 1568 ovile
291 1524 636 1570 remanentes
681 1525 734 1571 et
778 1523 1158 1586 exspectantes
1188 1515 1360 1571 hostis
1389 1515 1563 1586 rapidi
1593 1514 1708 1570 fau-

103 1605 262 1661 cibus
307 1606 622 1677 glntiantur,
651 1624 787 1678 quas
828 1607 883 1663 in
925 1607 1246 1679 semctipsos
1287 1608 1709 1678 spiculisomalte

105 1694 490 1768 disputationis
541 1710 846 1756 armarunt.
899 1699 1040 1756 Bene
1088 1700 1285 1766 valete,
1326 1700 1542 1757 fratres.
1571 1701 1704 1756 Data

1806 504 2014 570 mitate,
2069 519 2174 558 non
2209 519 2316 574 qua
2349 504 2520 559 creati
2567 520 2754 561 sumus
2782 521 2905 563 cum
2950 508 3168 580 propria
3203 509 3394 566 volun-

1805 601 1935 649 tate.
1980 592 2116 648 Nam
2164 595 2209 650 si
2256 594 2650 653 intellexissent
2694 596 2772 653 illi
2805 612 2926 654 eam
2969 600 3204 671 episcopi
3245 600 3397 658 illum

1805 684 1987 740 dicere
2001 685 2227 757 gratiam
2244 701 2404 756 quam
2427 688 2588 744 etiam
2616 705 2738 746 cum
2767 690 2948 762 impiis
2976 692 3254 760 habemus,
3272 710 3397 752 cum

1806 776 2000 846 quibus
2014 775 2261 833 homines
2272 793 2480 846 sumus,
2497 781 2682 852 negari
2695 796 2826 838 vero
2837 797 3088 854 eam,qua
3105 783 3398 842 Christiani

1806 874 1861 923 et
1890 867 1983 922 ﬁlii
2025 868 2120 924 Dei
2160 883 2367 937 sumus,
2396 871 2518 940 quis
2558 886 2681 927 eum
2715 873 2983 943 patienter
3009 875 3398 934 catholicorum

1807 959 2169 1028 sacerdotum,
2212 977 2318 1018 non
2368 963 2596 1020 dicimus
2635 965 2867 1032 audiret,
2912 967 3006 1023 sed
3045 976 3173 1025 ante
3215 969 3402 1026 oculos

1807 1065 1934 1107 suos
1973 1050 2171 1106 ferret?
2220 1053 2558 1125 Quapropter
2597 1071 2704 1112 non
2739 1058 2990 1129 culpandi
3031 1069 3158 1116 sunt
3191 1062 3403 1130 judices

1807 1143 1901 1213 qui
1939 1143 2306 1200 ecclesiastica
2345 1149 2733 1204 consuetudine
2758 1150 2946 1222 gratia:
2983 1166 3179 1208 nomen
3214 1153 3401 1208 audie-

1809 1243 1957 1299 runt,
2006 1237 2310 1294 nescientes
2343 1239 2472 1310 quid
2515 1240 2823 1312 hujusmodi
2875 1244 3124 1301 homines
3159 1245 3243 1301 vel
3291 1260 3403 1300 suae

1809 1329 2070 1386 doctrina:
2095 1332 2265 1398 libris,
2295 1333 2380 1389 vel
2415 1350 2635 1390 suorum
2665 1336 2838 1392 solent
2871 1339 3091 1394 auribus
3125 1353 3402 1410 spargere.

1808 1418 1928 1476 Non
1957 1421 2137 1489 agitur
2169 1422 2236 1479 de
2263 1439 2370 1479 uno
2395 1423 2634 1496 Pelagio,
2683 1427 2807 1496 quia
2860 1427 3091 1485 fortasse
3125 1439 3405 1486 correctus

1809 1519 1894 1567 est
1919 1511 2084 1582 (quod
2125 1513 2330 1568 utinam
2358 1522 2430 1568 ita
2460 1515 2574 1580 sit),
2606 1517 2698 1572 sed
2743 1519 2810 1573 de
2845 1527 2954 1574 tam
2993 1520 3178 1577 multis
3209 1521 3407 1591 quibus

1809 1599 2108 1671 loquaciter
2134 1604 2584 1661 contendentibus
2611 1616 2665 1661 et
2691 1607 2937 1665 inﬁrmas
2965 1618 3128 1680 atque
3168 1609 3411 1666 inerudi-

1812 1701 1894 1748 tas
1919 1694 2128 1749 animas
2142 1694 2286 1750 velut
2308 1695 2624 1764 conjunctas
2645 1699 3002 1767 trahentibus,
3021 1700 3204 1757 ﬁrmas
3225 1709 3407 1758 autem

105 1799 263 1846 sexto
304 1791 666 1848 Kalendarum
695 1793 1000 1861 Februarii,
1030 1792 1268 1850 Honorio
1296 1801 1351 1850 ei
1391 1793 1707 1851 Constantio
1740 1780 1784 1842 Β
1813 1796 1868 1842 et
1893 1785 1946 1841 in
1979 1785 2084 1842 ﬁde
2106 1786 2327 1844 stabiles
2348 1789 2462 1858 ipsa
2483 1791 2829 1847 contentione
2841 1791 3194 1863 fatigantibus
3217 1809 3409 1864 usque-

109 1884 443 1941 consulibus.

144 1992 281 2050 Item
321 1995 538 2051 epistola
583 1996 876 2071 {uitulini-is
919 2000 1147 2071 quinque
1196 1999 1554 2070 episcoporum
1601 1998 1672 2054 ad

604 2067 969 2124 Innocentium
993 2067 1205 2141 papam.

178 2159 406 2219 Domino
455 2162 772 2221 beatissimo
808 2167 1105 2237 meritoque
1131 2169 1564 2230 honoratissimo
1595 2168 1707 2224 fra-

113 2253 184 2307 tri
205 2252 528 2312 lssoces'no
556 2272 728 2328 papze,
757 2257 1052 2324 Aunsuus,
1081 2259 1323 2327 Aunus,
1347 2259 1708 2329 AUGUSTINUS,

109 2341 347 2400 Enouws
375 2356 432 2401 et
460 2345 765 2414 Possmws,
798 2348 851 2402 in
881 2349 1110 2404 Domino
1139 2351 1390 2405 salutem.

179 2435 258 2491 De
296 2438 538 2493 conciliis
568 2439 776 2495 duobus
822 2440 1114 2510 provincia:
1157 2440 1600 2514 Carthaginensis
1631 2449 1713 2496 at-

109 2540 214 2596 que
243 2525 506 2584 Numidia:
532 2531 598 2585 ad
631 2539 775 2585 tuam
807 2533 1151 2587 sanctitatem
1189 2547 1219 2585 a
1248 2546 1352 2586 non
1398 2549 1565 2604 parvo
1591 2532 1710 2602 epi-

110 2632 392 2688 scoporum
420 2635 648 2676 numero
677 2622 1014 2692 subscriptas
1044 2622 1254 2678 litteras
1287 2623 1534 2677 misimus
1583 2637 1712 2677 con-

112 2720 196 2766 tra
219 2711 484 2779 {inimicos
510 2714 696 2785 gratiae
743 2714 943 2770 Christi
971 2715 1064 2786 qui
1099 2715 1375 2771 conﬁdunt
1427 2716 1480 2770 in
1515 2715 1712 2772 virtute

115 2816 234 2868 sua,
264 2811 316 2856 et
342 2803 585 2860 Creatori
638 2815 824 2864 nostro
872 2808 1270 2877 quodammodo
1316 2809 1536 2864 dicunt:
1575 2827 1594 2860 ι
1631 2807 1712 2862 Tu

111 2907 210 2950 nos
234 2896 427 2951 creasti
458 2897 726 2964 homines,
767 2900 943 2971 justos
971 2910 1148 2956 autem
1197 2902 1299 2972 ipsi
1331 2917 1430 2957 nos
1457 2902 1709 2958 fecimus.

115 2982 214 3050 Qui
230 2994 474 3041 naturam
490 2988 781 3044 humanam
798 2991 919 3046 ideo
931 2991 1117 3047 dicunt
1131 2992 1453 3058 liberam,ne
1465 3001 1716 3064 qumrant

115 3071 476 3142 liberatorem,
505 3077 626 3134 ideo
649 3079 852 3135 salvam
881 3092 940 3135 ut
961 3082 1207 3150 judicent
1234 3082 1563 3154 superﬂuum
1593 3081 1710 3138 Sal-

1809 1875 2152 1948 quaque'jam
2178 1878 2336 1948 plena
2361 1889 2488 1934 sunt
2510 1881 2713 1936 omnia.
2735 1883 2846 1937 Aut
2868 1897 3041 1954 ergoa
3059 1893 3148 1939 tua
3174 1899 3408 1941 venera-

1809 1969 1956 2025 tione
1969 1971 2327 2026 accersendus
2341 1981 2423 2026 est
2440 1971 2664 2028 Romam
2688 1982 2740 2029 et
2755 1974 3054 2046 diligenter,
3071 1975 3412 2048 interrogan-

1810 2059 1928 2124 dus,
1957 2075 2121 2129 quam
2148 2061 2291 2115 dicat
2313 2063 2565 2132 gratiam,
2589 2079 2696 2134 qua
2731 2063 2988 2129 fateatur,
3019 2065 3065 2121 si
3093 2073 3272 2121 tamen
3290 2064 3408 2136 jam

1811 2151 2032 2218 fatetur,
2046 2168 2154 2207 non
2168 2152 2234 2206 ad
2250 2154 2702 2222 pcccandum,sed
2711 2153 2854 2223 juste
2867 2156 3151 2212 vivendum
3165 2155 3413 2213 homines

1810 2245 2050 2316 adjuvari
2080 2253 2170 2300 aut
2193 2245 2296 2302 hoc
2318 2247 2493 2317 ipsum
2530 2263 2653 2303 cum
2680 2263 2745 2305 eo
2765 2259 2861 2320 pe’r
2882 2249 3091 2307 litteras
3116 2252 3406 2323 agendum.

1810 2335 2025 2392 Etcum
2052 2337 2300 2393 inventus
2324 2337 2488 2394 fuerit
2514 2339 2655 2396 hanc
2675 2340 2856 2396 dicere
2881 2357 3044 2412 quam
3071 2343 3228 2399 docet
3246 2342 3414 2400 eccle-

1811 2427 2029 2508 siastica
2055 2438 2110 2484 et
2133 2431 2426 2498 apostolica
2454 2433 2679 2500 veritas,
2711 2441 2839 2489 tunc
2877 2435 2994 2489 sine
3019 2434 3130 2491 ullo
3152 2433 3408 2506 scrupulo

1811 2518 2068 2575 Ecclesia:
2094 2530 2147 2576 et
2168 2523 2285 2578 sine
2305 2522 2528 2579 latibulo
2555 2523 2924 2596 ambiguita‘tis
2951 2521 3109 2582 illius'
3124 2526 3410 2583 absolven-

1810 2609 1911 2667 dus
1939 2620 2044 2678 est,
2075 2620 2202 2668 tunc
2231 2621 2317 2668 est
2353 2630 2541 2671 revera
2569 2615 2635 2670 de
2665 2613 2781 2684 ejus
2807 2616 3126 2687 purgatione
3163 2617 3407 2688 gauden-

1813 2703 1960 2757 dum.
1994 2702 2122 2759 Sive
2155 2705 2300 2760 enim
2343 2705 2542 2761 dixerit
2583 2709 2812 2778 gratiam
2838 2713 2958 2764 esse
3000 2708 3226 2764 liberum
3267 2706 3414 2765 arbi-

1814 2793 1998 2860 irium,
2031 2795 2148 2850 sive
2185 2797 2418 2867 gratiam
2459 2812 2580 2853 esse
2628 2799 3002 2855 remissionem
3043 2807 3412 2871 peccatorum,

1813 2885 1926 2940 sive
1962 2885 2190 2956 gratiam
2220 2903 2341 2944 esse
2364 2888 2500 2960 legis
2531 2900 2882 2962 praeceptum,
2906 2891 3040 2948 nihil
3067 2907 3257 2949 eorum
3281 2892 3415 2948 dicit

1813 2976 1957 3046 quod
2010 2993 2108 3048 per
2159 2978 2614 3037 ministrationem
2675 2981 2912 3052 Spiritus
2961 2985 3134 3042 sancti
3178 2984 3418 3056 pertinet

1817 3067 1884 3121 ad
1920 3070 2413 3140 concupiscentiam
2447 3073 2882 3147 tentationesque
2925 3077 3221 3134 vincendas
3249 3092 3412 3149 quem

111 3173 371 3222 vatorem.
427 3166 660 3225 Tantum
701 3171 846 3226 enim
893 3172 1079 3228 dicunt
1125 3173 1424 3229 valentem.
1476 3182 1547 3229 ut.
1597 3173 1707 3230 suis

1815 3158 2080 3216 ditissime
2120 3162 2306 3219 elfudit
2357 3180 2519 3235 super
2548 3183 2666 3234 nos,
2698 3169 2790 3239 qui
2822 3171 3067 3226 ascendit
3111 3171 3167 3226 in
3216 3148 3414 3228 etclam

106 3257 314 3314 viribus
342 3259 508 3315 semel
543 3260 597 3315 in
629 3260 836 3333 origine
858 3278 969 3319 suae
997 3264 1288 3320 creationis
1315 3265 1553 3334 acceptis
1581 3279 1709 3325 Dos-

107 3351 215 3408 sint
245 3365 342 3423 per
371 3353 604 3409 liberum
635 3356 945 3424 arbitrium,
992 3357 1126 3412 nihil
1170 3357 1398 3413 ulterius
1426 3357 1714 3426 adjuvante

108 3442 251 3500 illius
272 3447 444 3516 gratia
479 3447 572 3518 qui
607 3449 835 3515 creavit,
878 3449 1101 3504 domare
1127 3459 1181 3506 et
1208 3450 1554 3521 exstinguere
1595 3466 1713 3505 om-

106 3553 208 3595 nes
233 3541 574 3610 cupiditates,
629 3544 1064 3614 tentationesque
1111 3561 1387 3616 superare.
1428 3545 1577 3600 Multi
1621 3561 1712 3600 eo-

106 3647 228 3688 rum
275 3634 563 3707 insurgunt
607 3639 896 3694 adversum
933 3655 1032 3694 nos
1077 3647 1132 3694 et
1166 3640 1354 3694 dicunt
1390 3640 1583 3694 anima:
1615 3655 1710 3695 no-

105 3732 282 3800 stne:
316 3723 432 3782 Non
466 3736 550 3782 est
578 3727 724 3785 salus
761 3728 834 3783 illi
876 3729 930 3784 in
963 3729 1074 3786 Deo
1113 3730 1229 3801 ejus
1271 3729 1441 3799 (Psal.
1467 3745 1548 3794 Ill,
1573 3728 1650 3801 5).
1683 3749 1704 3783 ι

112 3813 369 3872 «Familia
384 3817 584 3874 Christi
602 3834 722 3890 qua:
743 3820 892 3887 dicit,
909 3823 1124 3891 quando
1147 3821 1391 3875 inﬁrmor
1412 3830 1537 3876 tunc
1554 3819 1711 3878 fortis

105 3923 227 3965 sum
255 3907 344 3980 (II
376 3907 499 3963 Cor.
528 3926 629 3978 xu,
661 3911 774 3984 10),
814 3931 832 3964 ι
870 3920 924 3968 et
963 3912 1048 3968 cui
1081 3913 1210 3967 dicit
1244 3912 1503 3967 Dominus
1554 3912 1708 3982 ejus:

110 4018 131 4052 ι
149 3999 313 4056 Salus
341 4010 432 4057 tua
457 4016 557 4074 ego
579 4018 697 4058 sum
728 4003 898 4075 (Psal.
919 4019 1102 4070 xxxw,
1127 4004 1199 4075 ⁸5),
1216 4023 1234 4056 ›
1265 4019 1526 4074 suspenso
1548 4003 1712 4058 corde

104 4107 232 4149 cum
270 4092 465 4149 timore
505 4103 560 4149 et
604 4103 841 4150 tremore
887 4095 1212 4166 adjutorium
1261 4094 1358 4148 Dei
1403 4095 1566 4149 etiam
1615 4108 1714 4160 per

104 4183 429 4239 charitatem
479 4194 583 4240 tua:
629 4186 992 4242 venerationis
1039 4195 1338 4254 exspectat.
1393 4185 1713 4240 Audivimus

102 4273 254 4328 enim
282 4288 401 4328 esse
421 4274 474 4328 in
507 4276 638 4330 urbe
661 4275 853 4342 Roma,
887 4276 978 4330 ubi
1010 4276 1102 4330 ille
1132 4277 1220 4329 diu
1251 4275 1400 4339 vixit,
1427 4275 1713 4330 nonnullos

103 4366 200 4436 qui
226 4366 459 4421 diversis
496 4369 676 4423 causis
717 4369 767 4423 ei
812 4367 1049 4423 faveant.
1084 4367 1338 4434 Quidam,
1383 4367 1589 4422 scilicet
1618 4366 1712 4436 qui

101 4459 268 4515 nobis
292 4459 415 4514 talia
448 4462 781 4529 persuasisse
823 4461 1196 4531 perhibentur,
1239 4461 1419 4530 plures
1463 4475 1591 4515 vero
1619 4459 1710 4531 qui

102 4562 233 4603 eum
278 4548 403 4603 talia
451 4551 652 4606 sentire
699 4567 804 4605 non
851 4553 1097 4616 credunt,
1146 4552 1446 4621 praesertim
1486 4552 1612 4621 quia
1654 4551 1708 4605 in

104 4641 351 4709 Oriente,
380 4644 470 4699 ubi
498 4645 662 4716 degit,
694 4653 840 4716 gesta
871 4644 1237 4700 ecclesiastica
1267 4644 1405 4699 facta
1433 4660 1553 4700 esse
1583 4659 1706 4701 crc-

104 4735 342 4790 dendum
372 4746 474 4802 est,
507 4739 608 4792 nisi
653 4739 847 4807 quibus
884 4747 1104 4807 putatur
1143 4752 1262 4792 esse
1305 4747 1581 4808 purgatus,
1616 4737 1707 4791 ubi

104 4827 326 4898 quidam
377 4828 420 4883 si
451 4828 689 4899 episcopi
720 4842 861 4896 {eum
903 4828 1224 4882 catholicum
1261 4829 1700 4896 pronuntiarunt,

104 4934 213 4974 non
241 4919 312 4974 ob
344 4919 484 4974 aliud
527 4920 725 4976 factum
772 4936 893 4976 esse
937 4920 1263 4975 credendum
1310 4925 1414 4984 est,
1443 4919 1546 4972 nisi
1577 4919 1702 4989 quia

103 5010 248 5066 dixit
276 5027 335 5066 se
370 5012 462 5069 Dei
492 5015 722 5085 gratiam
749 5014 1018 5078 confiteri,
1050 5022 1104 5069 et
1142 5014 1214 5068 ita
1249 5028 1408 5082 posse
1435 5012 1708 5067 hominem

103 5117 205 5159 suo
236 5103 424 5160 labore
451 5122 514 5162 ac
543 5107 816 5162 voluntate
855 5107 1000 5178 juste
1024 5107 1226 5170 vivere,
1261 5117 1320 5161 ut
1355 5108 1423 5161 ad
1475 5107 1576 5162 hoc
1620 5105 1710 5161 ad-

98 5197 284 5273 juvari
312 5198 405 5252 Dei
437 5200 609 5270 gratia
639 5216 742 5254 non
776 5210 1016 5270 negaret.
1055 5199 1152 5254 His
1175 5200 1318 5254 enim
1357 5200 1557 5254 auditis
1584 5214 1706 5254 vcr-

104 5287 212 5354 bis,
239 5290 488 5346 catholici
514 5292 785 5347 antistites
814 5291 1014 5346 nullam
1042 5293 1202 5347 aliam
1234 5291 1329 5346 Dei
1359 5291 1585 5360 gratiam
1619 5290 1704 5345 in-

105 5375 347 5449 lelligere
372 5391 680 5451 potuerunt,
707 5383 811 5438 nisi
847 5397 1006 5452 quam
1038 5383 1090 5437 in
1131 5383 1281 5438 libris
1312 5382 1406 5437 Dei
1446 5381 1623 5452 legere
1649 5389 1706 5436 et

106 5472 322 5544 populis
356 5473 449 5530 Dei
479 5475 779 5546 praedicare
811 5485 1227 5543 consueverunt,
1261 5491 1378 5531 eam
1405 5475 1608 5544 utique,
1639 5474 1708 5530 de

107 5579 218 5635 qua
266 5567 396 5624 dicit
442 5554 773 5641 Apostolus:
814 5589 833 5622 ι
871 5569 986 5626 Non
1031 5571 1239 5626 irritam
1289 5570 1430 5626 facio
1478 5570 1704 5641 gratiam

110 5653 228 5715 Dei.
261 5657 397 5714 Nam
438 5661 485 5716 si
527 5677 623 5732 per
650 5661 822 5733 legem
849 5660 1084 5732 justitia,
1115 5679 1244 5735 ergo
1269 5664 1516 5719 Christus
1538 5663 1707 5736 gratis

114 5761 365 5810 mortuus
392 5763 477 5812 est
497 5752 643 5829 (Gal.
690 5769 754 5822 ιι,
790 5753 904 5826 2i).
946 5773 966 5808 ι
994 5753 1123 5812 Sine
1147 5757 1308 5814 dubio
1333 5757 1560 5828 gratiam
1600 5771 1706 5828 qua

1815 3259 1870 3306 et
1899 3253 2193 3321 captivavit
2229 3257 2596 3325 captivitatem
2634 3259 2890 3330 deditque
2927 3262 3067 3317 dona
3103 3261 3415 3319 hominibus

1815 3343 2032 3413 (ΕρΙιεδ.
2056 3361 2132 3410 iv,
2157 3345 2233 3415 8).
2268 3346 2405 3404 Hinc
2427 3349 2572 3405 enim
2595 3365 2816 3408 oramus
2845 3360 2904 3407 ut
2924 3361 3270 3422 peccatorum
3300 3362 3415 3409 ten-

1817 3438 2074 3493 tationem
2109 3455 2367 3509 superare
2409 3443 2702 3512 possimus,
2746 3453 2804 3499 ut
2856 3444 3092 3516 Spiritus
3119 3445 3219 3503 Dei
3247 3444 3414 3516 (unde

1812 3528 2006 3600 pignus
2054 3532 2402 3604 accepimus)
2442 3534 2674 3606 .adjuvet
2724 3534 3094 3592 inﬁrmitatem
3145 3543 3410 3593 nostram.

1814 3622 1916 3689 Qui
1942 3633 2122 3680 autem
2149 3635 2270 3680 orat
2315 3637 2370 3682 et
2399 3628 2529 3683 dicit
2563 3646 2575 3682 :
2613 3647 2631 3681 ι
2669 3627 2746 3683 Ne
2772 3643 2872 3684 nos
2903 3627 3106 3685 inferas
3143 3629 3200 3685 in
3238 3636 3416 3684 tenta-

1815 3715 2014 3771 tionem
2045 3717 2196 3789 (Luc.
2226 3735 2286 3786 ιι,
2316 3719 2397 3791 4),
2432 3739 2454 3775 ι
2490 3736 2594 3776 ηοη
2623 3721 2808 3792 utique
2835 3721 2892 3776 id
2919 3731 3040 3778 orat
3065 3729 3125 3776 ut
3151 3721 3314 3778 homo
3339 3719 3416 3777 sit

1813 3808 1954 3876 quod
1986 3817 2070 3864 est
2111 3820 2288 3873 natus,
2330 3826 2504 3880 neque
2534 3799 2653 3866 orat
2685 3811 2737 3865 id
2763 3811 2907 3882 quod
2955 3809 3154 3866 habeat
3181 3809 3411 3866 liberum

1814 3896 2117 3964 arbitrium,
2149 3901 2289 3968 quod
2321 3899 2434 3968 jam
2463 3901 2672 3971 accepit
2714 3917 2836 3958 cum
2873 3909 3154 3959 crearetur
3178 3901 3295 3973 ipsa
3315 3915 3415 3956 na-

1817 3997 1958 4056 tura;
1987 4007 2161 4060 neque
2195 4001 2316 4047 orat
2342 3994 2713 4050 remissionem
2755 4003 3123 4065 peccatorum,
3155 3993 3280 4065 quia
3307 3992 3414 4050 hoc

1812 4082 2057 4149 superius
2082 4083 2296 4149 dicitur,
2317 4101 2336 4136 ι
2365 4083 2574 4139 dimitte
2601 4085 2756 4141 nobis
2778 4086 2958 4141 debita
2984 4095 3170 4142 nostra
3193 4083 3410 4156 (Matth.

1812 4188 1930 4238 vin,
1959 4174 2066 4243 12),
2102 4194 2122 4227 ι
2159 4191 2332 4244 neque
2378 4186 2499 4230 orat
2543 4185 2602 4232 ut
2639 4178 2873 4248 accipiat
2919 4179 3234 4234 mandatum
3259 4216 3277 4244 ,
3319 4177 3414 4231 sed

1814 4263 1972 4332 plane
1999 4277 2119 4318 orat
2155 4275 2212 4318 ut
2253 4266 2417 4321 faciat
2444 4268 2779 4323 mandatum.
2813 4269 2872 4324 Si
2905 4269 3048 4324 enim
3078 4269 3132 4324 in
3160 4267 3415 4324 tentatio-

1815 4372 1937 4411 nem
1966 4357 2214 4414 inductus
2243 4359 2425 4426 fuerit,
2459 4362 2562 4416 hoc
2593 4373 2677 4418 est
2715 4363 2770 4418 in
2803 4367 3098 4422 tentatione
3134 4364 3412 4430 defecerit,

1816 4452 1944 4510 facit
1989 4453 2174 4520 utique
2213 4463 2493 4522 peccatum
2535 4455 2676 4524 quod
2717 4465 2802 4512 est
2845 4467 3034 4512 contra
3075 4459 3405 4511 mandatum.

1743 4519 1789 4578 θ
1815 4541 1940 4598 Orat
1984 4544 2147 4615 igitur
2177 4519 2234 4598 ut
2262 4562 2365 4600 non
2404 4519 2606 4618 peccet,
2642 4550 2745 4605 hoc
2771 4559 2853 4605 est
2884 4559 2944 4604 ut
2981 4566 3048 4606 ne
3085 4550 3213 4619 quid
3247 4547 3414 4602 faciat

1813 4636 1938 4689 mali
1991 4638 2136 4706 quod
2183 4653 2281 4707 pro
2331 4638 2627 4696 Corinthiis
2669 4650 2792 4696 orat
2839 4641 3130 4712 Apostolus
3179 4640 3406 4696 dicens:

1819 4745 1839 4780 ι
1874 4728 2104 4785 Oramus
2132 4741 2312 4787 autem
2345 4733 2411 4786 ad
2446 4733 2730 4789 Dominum
2778 4749 2844 4788 ne
2890 4733 3016 4802 quid
3050 4731 3258 4787 faciatis
3285 4729 3408 4784 ntali

1813 4823 1897 4896 (II
1933 4823 2056 4878 Cor.
2099 4842 2216 4892 xui,
2265 4828 2341 4898 6).
2371 4846 2390 4879 ι
2429 4825 2582 4882 Unde
2611 4830 2744 4883 satis
2776 4837 2998 4897 apparet
3021 4825 3162 4898 quod
3193 4840 3297 4879 non
3341 4822 3408 4876 ad

1809 4920 2164 4989 peccandum,
2197 4920 2250 4974 id
2279 4929 2382 4986 est,
2417 4937 2523 4976 non
2555 4923 2622 4975 ad
2664 4919 3128 4984 malefaciendum,
3162 4915 3410 4987 quamvis

1810 5027 1930 5067 esse
1961 5029 2065 5068 non
2093 5013 2368 5069 dubitetur
2400 5015 2628 5070 liberum
2660 5016 2943 5070 arbitrium
2987 5011 3296 5076 voluntatis,
3325 5017 3409 5063 ta-

1809 5120 1932 5160 men
1960 5105 2078 5175 ejus
2098 5115 2338 5176 potestas
2377 5121 2480 5161 non
2513 5105 2758 5170 suﬁlciat,
2804 5106 2908 5162 nisi
2942 5104 3226 5176 adjuvetur
3255 5102 3406 5158 inﬁr-

1813 5198 1991 5252 mitas.
2021 5197 2136 5268 Ipsa
2181 5199 2345 5270 igitur
2390 5200 2565 5255 oratio
2591 5200 2891 5256 clarissima
2935 5200 3243 5256 testiﬁcatio
3279 5207 3404 5255 est:

1813 5291 1953 5346 hanc
1982 5291 2070 5345 ille
2098 5292 2408 5359 conﬁtetur,
2433 5301 2490 5348 et
2517 5307 2640 5347 eum
2671 5293 3025 5362 gaudebimus
3055 5292 3171 5348 sive
3201 5297 3405 5346 rectum

1811 5383 1925 5440 sive
1953 5394 2278 5440 correctum.
2321 5384 2705 5455 Distinguenda
2733 5394 2817 5440 est
2860 5383 2945 5439 lex
2982 5393 3050 5439 et
3082 5384 3287 5452 gratia;
3323 5379 3406 5433 lex

1803 5479 1997 5564 jubere
2022 5480 2190 5545 novit,
2215 5477 2384 5549 gratia
2407 5477 2754 5564 juvare.'Nec
2772 5477 2858 5534 lex
2881 5476 3090 5549 jubere,
3125 5473 3227 5564 nisi
3263 5479 3409 5527 esset

1810 5555 2080 5636 voluntas,
2115 5586 2214 5625 nec
2239 5570 2412 5640 gratia
2438 5555 2671 5639 juvare't,
2706 5569 2750 5625 si
2794 5569 2926 5625 satis
2953 5575 3096 5624 esset
3132 5563 3401 5620 voluntas.

1811 5661 2036 5718 Jubetur
2065 5671 2122 5716 ut
2141 5663 2407 5717 habeatur
2426 5661 2732 5717 intellectus
2751 5700 2768 5727 ,
2792 5661 2878 5716 ubi
2909 5660 3105 5715 dicitur
3133 5673 3147 5710 :
3183 5673 3203 5708 ι
3234 5651 3409 5708 Nolite

1812 5771 1932 5814 esse
1958 5757 2097 5813 sicut
2125 5755 2300 5812 mulus
2329 5762 2384 5811 et
2402 5768 2593 5826 equus,
2620 5753 2817 5828 quibus
2841 5766 2948 5809 non
2974 5757 3072 5808 .est
3103 5745 3407 5836 intellectus
