3968 6446
585 285 706 367 755

1420 292 1714 352 APPEND.
1745 289 1838 346 an
1873 284 2044 345 sitae.
2070 281 2164 340 ιιι.
2220 312 2290 325 -
2324 279 2576 338 ISlDORl
2615 274 3068 339 MERCATORIS
3731 279 3806 337 πθ

594 414 773 488 (Paul.
799 431 952 486 xxxx,
975 412 1100 487 9),)
1131 419 1186 469 et
1215 417 1396 468 tamen
1440 411 1658 464 oramus
1697 413 1757 461 ut
1781 403 2078 459 habeamus
2106 397 2269 468 ιιι-,Α
2289 407 2529 450 essemus
2554 398 2593 460 ,ζ
2617 400 2674 449 et
2701 391 3064 463 (viveremus,
3110 397 3165 446 et
3210 383 3568 452 sentiremus,
3607 392 3658 442 et
3696 386 3810 445 intel-

596 511 912 577 tellectum,
972 505 1064 562 ubi
1107 504 1348 561 dicitur:
1403 519 1421 552 ι
1457 501 1535 556 Da
1581 496 1717 554 mihi
1763 493 2095 551 intellectum
2131 496 2192 544 ut

599 604 807 661 discam
847 601 1103 660 mandata
1131 605 1223 655 tua
1251 592 1422 665 (Psal.
1453 607 1643 656 cxvnr,
1687 588 1800 658 75).
1829 605 1850 640 ι
1880 584 2107 640 iubetur
2132 588 2194 671 ut

597 691 1239 764 habeamus,sapientiam
1263 687 1354 743 ubi
1385 685 1612 742 dicitur:
1649 703 1667 735 ‹
1698 679 1876 747 Stulti,
1904 674 2191 747 aliquando

598 786 772 856 sapite
797 783 970 857 (Psal.
986 799 1141 849 xcm,
1164 781 1242 854 8),
1278 799 1297 832 ι
1316 789 1371 835 et
1389 787 1568 834 tamen
1587 784 1774 832 oratur
1795 781 1853 829 ut
1874 768 2192 842 sapientiam

596 876 915 944 habeamus,
973 875 1070 932 ubi
1123 873 1359 932 dicitur:
1393 891 1412 923 ι
1443 870 1502 926 Si
1553 869 1676 940 quis
1726 877 1905 923 autem
1952 872 2193 921 vestrum

595 967 801 1040 indiget
843 967 1126 1038 sapientia,
1175 965 1408 1038 postulet
1446 980 1478 1019 a
1519 963 1630 1018 Deo
1670 963 1763 1032 qui
1808 962 1900 1016 dat
1943 957 2194 1015 omnibus

595 1057 893 1126 aﬂluenter,
942 1067 997 1113 et
1046 1073 1153 1114 non
1188 1057 1542 1127 improperat,
1595 1063 1650 1109 et
1693 1053 1908 1108 dabitur
1957 1051 2008 1105 ei
2052 1049 2190 1121 (Jac.

595 1160 634 1212 ι,
663 1147 744 1218 5).
783 1167 803 1200 ι
839 1146 1067 1203 Jubetur
1108 1155 1168 1202 ut
1207 1147 1502 1202 habeamus
1549 1143 1958 1209 continentiam,
1995 1141 2084 1196 ubi
2115 1140 2198 1194 di-

595 1239 779 1295 citur:
819 1259 840 1292 ί
881 1241 1014 1297 Cum
1047 1241 1243 1297 scirem
1271 1241 1400 1312 quia
1449 1255 1608 1295 nemo
1647 1248 1825 1308 potest
1852 1250 1971 1292 esse
2025 1235 2197 1290 conti-

594 1346 752 1400 nens,
780 1333 887 1389 nisi
931 1333 1075 1389 Deus
1122 1334 1234 1399 det,
1281 1341 1337 1388 et
1384 1333 1490 1388 hoc
1533 1331 1709 1402 ipsum
1755 1339 1873 1384 erat
1920 1328 2198 1398 sapientiae

593 1423 737 1478 scire
779 1421 934 1493 cujus
962 1432 1105 1479 esset
1135 1424 1240 1478 hoc
1275 1423 1496 1488 donum,
1539 1421 1647 1476 adi-i
1669 1420 1964 1476 'Dominum
2012 1427 2069 1474 et
2104 1416 2198 1474 de-

593 1523 846 1586 precatus
890 1531 1008 1572 sum
1061 1515 1210 1570 illum
1241 1513 1391 1585 (Sap.
1438 1529 1557 1579 vm,
1608 1513 1721 1583 21).
1759 1531 1778 1564 ι
1805 1511 2088 1566 Postremo
2127 1523 2198 1565 ne

596 1607 826 1664 nimium
869 1609 1092 1677 longum
1133 1607 1206 1662 sit
1261 1615 1454 1661 cuncta
1503 1619 1847 1675 percurrere,
1875 1603 2092 1672 jubetur
2135 1611 2199 1656 ut

596 1713 705 1754 non
735 1698 1002 1754 faciamus
1045 1698 1268 1765 malum,
1309 1697 1399 1752 ubi
1424 1696 1620 1752 dicitur
1646 1713 1658 1748 :
1697 1714 1717 1747 ‹
1746 1695 1962 1750 Declina
1993 1709 2024 1749 a
2052 1693 2196 1748 malo

2293 485 2584 557 ligeremus
2606 525 2645 562 ,η
2673 493 2730 542 et
2781 487 2851 542 de
2897 490 3004 544 hoc
3054 491 3264 541 tantum
3315 479 3575 538 beneﬁcio
3623 478 3811 540 Creatori

2293 585 2482 633 nostro
2535 577 2739 648 gratias
2786 591 2950 650 agere
3001 575 3319 640 valeamus,
3375 571 3517 628 unde
3568 578 3620 627 et
3667 572 3812 628 merito

2295 667 2470 737 gratia
2531 668 2635 724 ista
2687 667 2794 724 dici
2848 676 3067 738 potest,
3125 666 3251 738 quia
3298 677 3411 719 non
3465 661 3812 734 prtecedentium

2295 759 2600 830 aliquorum
2627 773 2852 830 operum
2877 759 3109 828 meritis,
3134 757 3229 814 sed
3258 756 3498 828 gratuita
3521 755 3727 812 bonitate
3747 755 3813 810 Dei

2296 850 2496 906 donata
2527 859 2628 918 est,
2650 851 2756 905 alia
2778 857 2863 906 est
2881 859 3061 905 tamen
3092 864 3199 921 qua
3218 830 3582 920 praedestinati
3599 861 3811 914 vocamur,

2291 941 2687 1013 justiﬁcamur,
2750 941 3148 1013 gloriﬁcamur,
3197 948 3258 996 ut
3319 939 3502 996 dicere
3546 938 3811 1008 possimus:

2303 1033 2458 1103 181
2492 1048 2514 1084 ι
2546 1031 2604 1087 Si
2629 1032 2770 1088 Deus
2804 1048 2904 1104 pro
2954 1032 3134 1099 nobis,
3185 1031 3308 1101 quis
3355 1037 3540 1085 contra
3582 1027 3704 1090 nos}
3741 1026 3812 1094 Qui

2298 1124 2435 1181 Filio
2470 1141 2568 1182 suo
2595 1126 2814 1197 proprio
2841 1141 2950 1181 non
2972 1123 3232 1196 pepercit,
3261 1121 3363 1179 sed
3394 1135 3493 1191 pro
3527 1119 3667 1176 nobis
3685 1119 3810 1173 omni-

2298 1220 2400 1275 bus
2461 1219 2682 1274 tradidit
2721 1219 2869 1274 illum
2911 1217 3091 1290 (Rom.
3141 1233 3264 1285 vtu,
3308 1215 3377 1270 51
3422 1213 3559 1284 32),)
3589 1230 3606 1265 ι
3655 1211 3709 1267 de
3743 1210 3812 1266 hac

2300 1308 2472 1380 gratia
2511 1308 2738 1379 quaestio
2798 1307 3113 1365 vertebatur
3139 1346 3156 1373 ,
3209 1304 3430 1376 quando
3491 1303 3557 1358 ab
3607 1300 3682 1356 his
3718 1313 3812 1370 quos

2299 1401 2550 1473 Pelagius
2639 1400 2878 1472 graviter
2959 1398 3264 1456 offendebat
3349 1406 3516 1468 atque
3589 1393 3810 1458 turbabat,

2301 1490 2579 1546 dicebatur
2641 1491 2693 1545 ci
2740 1489 2884 1560 quod
2932 1503 3056 1544 eam
3117 1488 3232 1544 suis
3274 1485 3706 1558 disputationibus
3748 1498 3812 1553 op-

2299 1591 2582 1654 pugnaret,
2615 1583 2812 1652 quibus
2840 1589 3130 1648 assereret,
3160 1596 3268 1636 non
3301 1579 3481 1636 solum
3505 1578 3570 1634 ad
3611 1576 3810 1640 facienda,

2300 1689 2491 1729 verum
2541 1674 2706 1730 etiam
2764 1675 2832 1730 ad
2863 1672 3217 1744 ,pertlcienda
3272 1671 3529 1726 mandata
3571 1668 3722 1725 divina
3747 1683 3809 1738 per

595 1787 769 1862 (Psal.
801 1806 985 1857 xxxvr,
1015 1791 1130 1861 27),
1166 1809 1186 1843 ι
1218 1760 1274 1845 et
1298 1798 1477 1844 tamen
1508 1799 1697 1843 oratur
1721 1797 1781 1843 ut
1801 1803 1906 1842 non
1933 1786 2196 1842 faciamus
2223 1760 2272 1820 Β
2297 1765 2526 1862 liberum
2556 1765 2839 1862 “Milium
2866 1767 2969 1862 ξίδί
2998 1767 3294 1824 humanam
3335 1761 3578 1819 sufﬁcere
3608 1771 3807 1862 ξηιυηξι·

593 1879 814 1945 tnalum,
857 1881 950 1935 ubi
979 1880 1215 1936 dicitur:
1255 1897 1275 1930 ι
1315 1877 1544 1934 Oramus
1569 1887 1748 1933 autem
1783 1877 1850 1932 ad
1886 1876 2190 1943 Dominum,

592 1986 661 2026 ne
687 1971 818 2041 quid
844 1970 1059 2026 faciatis
1090 1970 1216 2026 mali
1249 1971 1300 2041 (1
1310 1969 1335 2024 Ι
1377 1969 1498 2024 Cor.
1532 1985 1650 2034 xm,
1679 1968 1754 2039 7).
1786 1987 1806 2020 ›
1852 1964 2111 2022 Jubemur
2137 1973 2197 2021 ut

591 2060 854 2119 faciamus
903 2065 1128 2129 bonum,
1153 2062 1268 2130 [ubi
1305 2062 1543 2117 dicitur:
1581 2079 1600 2111 ι
1631 2059 1850 2115 Declina
1894 2074 1926 2114 a
1963 2058 2106 2114 malo
2142 2067 2196 2114 et

593 2152 682 2208 {ac
713 2153 913 2210 hortum
948 2151 1121 2225 (Psal.
1171 2167 1360 2219 xxxvi,
1404 2151 1518 2222 27),
1550 2171 1569 2204 ›
1604 2159 1660 2206 et
1694 2158 1873 2206 tamen
1897 2157 2102 2217 oratur,
2134 2160 2194 2206 ut

595 2242 860 2301 faciamus
897 2246 1122 2310 bonum,
1161 2244 1252 2298 ubi
1296 2243 1535 2297 dicitur:
1571 2261 1590 2294 ε
1630 2241 1748 2297 Non
1786 2257 2062 2298 cessamus
2098 2229 2196 2312 pro

595 2335 751 2393 vobis
770 2343 991 2390 orantes
1012 2342 1068 2388 et
1093 2333 1448 2404 postulantes,
1474 2351 1493 2384 ›
1513 2341 1676 2402 atque
1698 2333 1838 2388 inter
1862 2343 2056 2388 caetera
2077 2347 2195 2400 quae

593 2424 702 2480 illis
731 2433 854 2481 orat
889 2425 1044 2491 dicit,
1085 2441 1104 2475 ι
1142 2433 1203 2479 ιιι
1247 2423 1535 2479 ambuletis
1570 2423 1728 2493 digne
1753 2422 1885 2492 (Deo
1932 2423 1986 2477 in
2035 2437 2196 2477 omne

590 2517 871 2588 placitum,
910 2517 965 2572 in
990 2516 1139 2572 omni
1190 2531 1354 2586 opere
1387 2524 1444 2571 et
1480 2530 1733 2571 sermone
1778 2516 1922 2571 bono
1957 2512 2100 2585 (Col.
2152 2532 2192 2594 ι,

593 2610 650 2678 9,
670 2611 786 2682 10).
816 2609 1024 2678 »δὶοιιι
1045 2625 1174 2682 ergo
1204 2610 1549 2682 agnoscimus
1571 2609 1901 2666 voluntatem
1928 2623 2052 2664 cum
2078 2608 2195 2664 hmc

591 2701 997 2771 praecipiuntur,
1043 2700 1125 2757 sic
1153 2709 1209 2758 et
1230 2703 1348 2772 ipse
1394 2711 1654 2774 agnoscat
1683 2701 1911 2771 gratiam
1951 2715 2074 2755 cum
2102 2713 2196 2769 pe-

601 2799 791 2848 tuntur

667 2889 910 2947 Misimus
951 2891 1268 2947 reverentiae
1323 2899 1430 2945 tuae
1473 2889 1670 2945 librum
1721 2901 1883 2957 quem
1929 2884 2196 2941 dederunt

595 2980 832 3052 religiosi
867 2990 923 3038 et
961 2983 1176 3039 honesti
1219 2981 1590 3039 adolescentes
1635 2979 1778 3035 servi
1818 2978 1932 3043 Dei,
1963 2991 2194 3047 quorum

504 3153 509 3158 \
596 3075 763 3130 etiam
787 3075 1004 3131 nomina
1045 3091 1153 3131 non
1183 3085 1446 3141 tacemus,
1480 3088 1608 3129 nam
1629 3071 1939 3128 Thimasius
1965 3079 2019 3125 et
2041 3069 2196 3125 Jaco-
2222 3115 2268 3180 Ο

596 3168 700 3224 bus
722 3177 1000 3226 vocantur.
1036 3169 1138 3235 Qui
1177 3167 1319 3224 sicut
1349 3167 1617 3234 audimus,
1649 3165 1895 3235 etetiam
1923 3177 2085 3218 nosse
2113 3161 2196 3216 di-

600 3262 806 3334 gnaris,
833 3263 1006 3334 ipsius
1032 3261 1235 3334 Pelagii
1265 3259 1642 3317 exhortatione
1671 3273 1819 3330 spem
1845 3272 2007 3328 quam
2033 3256 2196 3312 habe-

599 3354 732 3409 bant
760 3353 816 3408 in
845 3353 1042 3410 saeculo
1077 3353 1432 3423 reliquerunt,
1464 3360 1519 3408 et
1547 3365 1692 3406 nunc
1721 3347 2059 3404 continentes
2084 3347 2195 3401 Deo

598 3444 866 3502 serviunt.
898 3444 1002 3512 Qui
1031 3459 1155 3500 cum
1184 3459 1372 3501 errore
1403 3443 1592 3500 eodem
1631 3439 1921 3511 aliquando
1943 3453 2038 3509 per
2062 3452 2196 3506 qua-

599 3535 920 3607 lemcunque
967 3551 1188 3607 operam
1243 3544 1523 3601 nostram,
1586 3532 1816 3589 Domino
1873 3530 2194 3601 inspirante,

601 3627 929 3694 caruissent,
954 3627 1298 3698 pertulerunt.
1325 3627 1574 3682 eumdem
1604 3623 1802 3679 librum
1844 3619 2045 3691 Pelagii
2075 3634 2196 3676 esse

601 3717 865 3786 dicentes,
891 3726 948 3775 et
965 3727 1024 3774 ut.
1044 3719 1095 3774 ei
1117 3719 1528 3790 responderetur
1550 3714 1822 3785 impendio
1846 3717 2191 3779 rogaverunt.

603 3808 828 3866 Factum
855 3809 942 3866 est
987 3811 1054 3866 ad
1088 3811 1307 3866 eosdem
1353 3811 1480 3865 dum
1519 3808 1783 3877 rescripta
1834 3815 1919 3861 est
1951 3804 2068 3874 ipsa
2112 3818 2198 3858 re-

605 3902 847 3970 sponsio,
871 3909 1092 3971 agentes
1122 3901 1325 3971 gratias
1347 3898 1760 3967 rescripserunt,
1785 3904 2076 3964 utrumque
2097 3893 2199 3948 mi-

601 3992 794 4060 simus,
823 4002 879 4050 et
912 3995 997 4050 cui
1038 4008 1377 4064 responsum,
1399 4000 1454 4047 et
1490 3991 1636 4061 quod
1659 4003 1974 4058 responsum
2003 3995 2106 4043 est.
2130 3987 2199 4042 Et

603 4100 672 4142 ne
696 4085 924 4141 nimium
957 4101 1199 4142 essemus
1233 4083 1469 4149 onerosi,
1502 4083 1652 4153 signa
1692 4081 1918 4137 fecimus
1951 4079 2037 4136 his
2063 4079 2199 4134 locis

601 4175 697 4232 ubi
743 4176 976 4247 petimus
1007 4175 1274 4245 inspicere
1301 4189 1408 4230 non
1437 4173 1700 4245 graveris,
1741 4172 2196 4242 quemadmodum

604 4270 704 4326 sibi
732 4268 942 4338 objecta
965 4269 1264 4340 quaestione
1291 4267 1432 4338 quod
1455 4266 1684 4338 gratiam
1716 4265 1810 4320 Dei
1840 4272 2079 4335 negaret,
2119 4263 2198 4319 ita

605 4344 899 4433 respondit,
930 4369 990 4416 ut
1031 4376 1148 4416 eam
1180 4373 1301 4416 esse
1338 4375 1446 4415 non
1475 4359 1699 4423 diceret,
1724 4356 1825 4410 nisi
1855 4364 2103 4410 naturam
2140 4355 2197 4410 in

2298 1857 2452 1914 Hanc
2511 1857 2809 1927 apostolica
2859 1857 3105 1913 doctrina
3171 1857 3408 1926 gratiam
3461 1870 3565 1911 non
3610 1851 3808 1908 immerito

2296 1949 2403 2007 isto
2431 1951 2652 2006 nomine
2693 1948 2925 2020 appellat
2970 1963 3077 2019 qua
3116 1948 3416 2014 salvamur,
3450 1954 3506 2001 et
3529 1943 3810 2015 justitimmur

2296 2057 2365 2098 ex
2425 2041 2531 2097 ﬁde
2589 2041 2811 2096 Christi.
2881 2039 2960 2094 De
3017 2039 3121 2095 hac
3182 2039 3450 2108 scriptum
3502 2044 3580 2093 est
3602 2053 3633 2104 ,ς
3679 2052 3696 2087 ι
3731 2031 3807 2089 lion

2295 2131 2510 2188 irritam
2562 2131 2701 2187 facio
2769 2131 3003 2202 gratiam
3058 2129 3173 2196 Dei,
3245 2144 3378 2186 nam
3443 2127 3492 2184 si
3552 2140 3640 2198 per
3690 2123 3806 2195 legem

2293 2218 2503 2299 justitia
2529 2267 2544 2294 ,
2593 2242 2722 2299 ergo
2779 2227 3029 2284 Christus
3073 2227 3243 2300 gratis
3293 2234 3542 2284 mortuus
3597 2231 3669 2280 est
3700 2217 3804 2293 (Gal.

2295 2335 2357 2386 ιι,
2384 2319 2498 2391 21).
2537 2338 2556 2372 ›
2615 2318 2692 2375 De
2749 2319 2853 2376 hac
2911 2319 3172 2389 scriptum
3220 2327 3308 2374 est
3346 2337 3360 2373 :
3398 2337 3419 2372 ι
3456 2315 3687 2373 Evacuati
3721 2312 3807 2368 estis

2297 2426 2331 2464 a
2385 2411 2640 2476 Christo,
2701 2409 2796 2479 qui
2860 2409 2916 2464 in
2976 2409 3094 2482 lege
3148 2407 3560 2482 justificamini,
3611 2420 3639 2460 a
3689 2401 3804 2475 gratia

2295 2502 2573 2558 excidistis
2627 2497 2769 2573 (Gal.
2827 2515 2900 2568 v,
2957 2500 3035 2570 4).
3088 2519 3109 2553 ι
3159 2501 3238 2556 De
3285 2500 3394 2556 hac
3452 2499 3685 2568 scriptum
3717 2500 3804 2549 est:

2254 2592 2319 2648 't
2370 2593 2429 2650 Si
2479 2602 2660 2651 autem
2702 2593 2908 2665 gratia,
2962 2592 3077 2663 jam
3123 2607 3232 2648 non
3288 2607 3360 2648 ex
3408 2588 3673 2662 operibus,
3718 2583 3806 2638 alio-

2295 2688 2425 2757 quin
2469 2687 2644 2758 gratia
2708 2687 2818 2755 iam
2868 2701 2976 2743 non
3027 2694 3110 2742 est
3163 2694 3344 2757 gratia
3403 2682 3576 2757 (Rom.
3625 2695 3675 2746 ιι,
3708 2677 3800 2746 6).ι

2205 2823 2208 2828 .
2295 2779 2372 2836 De
2417 2779 2521 2834 hac
2567 2778 2832 2848 scriptum
2884 2788 2967 2833 est
2999 2791 3014 2831 :
3043 2795 3061 2829 ι
3110 2777 3173 2832 Ei
3231 2784 3416 2832 autem
3465 2773 3553 2846 qui
3594 2784 3684 2827 non
3720 2779 3807 2837 me

2295 2878 2486 2935 ratur,
2565 2870 2808 2925 credenti
2883 2878 3063 2924 autem
3143 2869 3208 2924 in
3266 2882 3395 2924 eum
3468 2865 3556 2937 qui
3610 2860 3804 2932 justiﬁes!

2294 2961 2558 3033 impium,
2619 2961 2910 3032 deputatur
2971 2959 3104 3016 ﬁdes
3177 2959 3298 3030 ejus
3357 2958 3426 3015 ad
3468 2954 3729 3027 justitiam;
3769 2947 3802 3002 ei

2297 3065 2482 3110 autem
2535 3052 2628 3123 qui
2673 3061 2929 3122 operatur
2979 3066 3188 3107 merces
3232 3065 3346 3106 non
3418 3050 3710 3118 imputantur
3745 3053 3801 3094 se

2297 3147 2538 3204 cundum
2600 3146 2832 3217 gratiam
2857 3186 2873 3213 ,
2928 3146 3024 3202 sed
3071 3144 3372 3201 secundum
3421 3141 3639 3199 debitum
3673 3133 3799 3208 (Rom.

2297 3256 2389 3306 IV,
2461 3239 2519 3307 4,
2548 3236 2641 3310 5),
2707 3256 2728 3290 ι
2784 3245 2839 3294 et
2890 3236 3078 3300 ,multa
3132 3235 3237 3290 alia
3310 3248 3431 3306 quae
3486 3229 3656 3288 melius
3695 3231 3798 3297 potes

2296 3333 2608 3391 meminisse
2657 3339 2712 3388 et
2762 3330 3060 3402 intelligere
3121 3328 3442 3401 prudentius
3502 3334 3554 3382 et
3609 3315 3800 3378 illustrius

2295 3424 2614 3497 praedicare.
2674 3421 2823 3479 lllam
2873 3436 3004 3478 vero
3051 3419 3284 3492 gratiam
3329 3433 3436 3492 qua
3478 3413 3629 3474 creati
3667 3419 3798 3467 sumus

2297 3520 2546 3578 homines
2571 3559 2586 3585 ,
2646 3517 2860 3574 etiamsi
2905 3517 3051 3572 illam
3100 3515 3478 3588 appellandam
3526 3525 3623 3567 non
3662 3507 3796 3563 imme-

2296 3613 2407 3669 rito
2436 3609 2803 3681 intelligimus,
2855 3608 3054 3664 mirum
3095 3615 3181 3663 est
3232 3614 3440 3672 tamen,
3487 3602 3532 3659 si
3572 3600 3637 3656 ita
3666 3591 3794 3666 appel-

2297 3705 2462 3761 latam
2509 3703 2568 3758 in
2615 3703 2776 3758 ullius
2829 3699 3084 3772 legitimis
3129 3697 3492 3769 propheticis,
3531 3683 3795 3761 euangelicis,

2299 3795 2720 3868 apostolicisque
2782 3792 2979 3848 litteris
3045 3791 3296 3860 legimus.
3379 3788 3507 3844 Cum
3562 3785 3710 3852 itaque
3753 3773 3796 3829 de

2297 3892 2404 3948 hac
2483 3888 2657 3960 gratia
2685 3927 2700 3953 ,
2778 3882 3104 3941 Christianis
3183 3881 3430 3942 fidelibus
3497 3869 3797 3934 catholicisun

2298 3983 2592 4040 novissima
2640 3979 2718 4036 illi
2761 3977 3088 4049 objiceretur
3138 3975 3386 4046 quaestio,
3435 3979 3492 4026 ut
3534 3979 3640 4023 eam
3679 3969 3795 4049 ορριι·

2299 4091 2465 4149 gnare
2513 4073 2807 4138 desineret,
2831 4047 2841 4049 ⁷
2867 4069 2997 4140 quid
3039 4074 3124 4124 est
3161 4067 3306 4138 quod
3345 4079 3465 4122 cum
3508 4060 3600 4118 hoc
3649 4051 3729 4149 sibi
3757 4047 3793 4102 in

2298 4142 2436 4222 libro
2488 4181 2618 4231 suo,
2676 4162 2827 4219 velut
2876 4161 3198 4216 adversante
3245 4171 3470 4230 persona
3495 4194 3510 4222 ,
3562 4142 3794 4238 idem

2298 4226 2622 4327 objecisset,
2688 4262 2750 4309 ut
2815 4269 2877 4310 se
2945 4226 3322 4323 respondendo
3388 4248 3652 4320 purgaret,
3701 4226 3792 4289 nihil

2298 4347 2442 4404 aliud
2486 4345 2782 4416 respondit,
2821 4344 2926 4399 nisi
2981 4351 3234 4398 naturam
3285 4339 3453 4398 creati
3502 4329 3698 4392 hominis

606 4467 712 4522 qua
741 4466 841 4510 nos
864 4451 1106 4509 condidit
1145 4452 1307 4507 Deus.
1357 4449 1416 4506 Si
1459 4457 1639 4504 autem
1686 4448 1830 4502 hunc
1873 4462 1992 4503 esse
2039 4462 2276 4532 suum”
2301 4438 2444 4495 ferre
2489 4436 2720 4532 gratiam
2745 4434 3060 4532 Creatoris,
3096 4442 3260 4532 atque
3305 4448 3365 4489 se
3417 4424 3680 4532 itaudicet’e
3711 4413 3791 4532 52°

603 4544 801 4601 librum
827 4554 1010 4617 negat,
1061 4553 1155 4599 aut
1190 4544 1380 4600 eadem
1409 4543 1465 4599 in
1502 4542 1637 4598 libro
1669 4541 1787 4597 loca
1821 4557 1926 4596 non
1977 4550 2201 4596 conten-

605 4637 808 4707 dimus,
835 4638 1257 4694 anathematizet
1284 4637 1431 4691 illam
1463 4643 1519 4690 et
1541 4650 1659 4690 eam
1686 4634 2008 4689 confiteatur
2036 4634 2198 4704 aptis-

607 4729 747 4786 sime
780 4730 1012 4802 gratiam
1059 4743 1222 4798 quam
1249 4727 1492 4783 doctrina
1527 4725 1837 4781 Christiana
1863 4725 2201 4780 demonstrat

605 4828 661 4877 ct
689 4821 948 4892 praedicat
989 4835 1109 4877 esse
1143 4818 1418 4890 propriam
1458 4817 1890 4874 Christianorum
1931 4832 2049 4886 quae
2085 4832 2193 4872 non

607 4921 692 4969 est
724 4921 938 4978 natura,
965 4912 1061 4968 sed
1090 4927 1196 4981 qua
1223 4909 1478 4966 salvatur.
1506 4909 1635 4975 Qua:
1673 4917 1866 4962 natura
1896 4922 2004 4962 non
2043 4907 2194 4961 auri-

608 5003 711 5059 bus
738 5003 980 5059 doctrina
1028 5009 1256 5057 sonante
1295 5000 1380 5056 vel
1428 4999 1608 5069 aliquo
1651 4997 1956 5067 adjumento
1995 4996 2193 5053 visibili

609 5093 775 5159 fovet,
817 5094 959 5149 sicut
992 5093 1268 5165 plantatur
1312 5076 1706 5161 quodammodo
1741 5097 1794 5144 et
1828 5089 2081 5160 irrigatur
2105 5103 2194 5144 ex-

612 5187 895 5251 trinsecus,
926 5187 1020 5243 sed
1049 5185 1546 5242 subministratione
1586 5183 1839 5254 Spiritus,
1889 5190 1945 5236 ct
1986 5181 2196 5237 occulta

613 5276 984 5336 misericordia
1029 5276 1170 5332 sicut
1211 5275 1299 5330 illc
1329 5275 1457 5331 facit
1485 5294 1504 5326 ‹
1535 5274 1626 5344 qui
1673 5275 1764 5330 dat
1801 5273 2192 5328 incrementum

612 5370 755 5427 Deus
782 5366 832 5441 (1
865 5365 991 5423 Cor.
1034 5383 1115 5434 ιιι,
1139 5369 1217 5439 7).
1250 5386 1268 5420 ›
1306 5367 1361 5422 Si
1398 5367 1540 5422 enim
1582 5367 1814 5437 quadam
1849 5380 1955 5420 non
1993 5365 2193 5435 impro-

612 5461 791 5520 banda
819 5460 1030 5517 ratione
1050 5458 1246 5514 dicitur
1268 5459 1439 5529 gratia
1468 5457 1564 5513 Dei
1593 5472 1696 5528 qua
1718 5457 1882 5512 creati
1907 5471 2112 5522 sumus,
2139 5462 2198 5509 ut

614 5551 860 5608 nonnihil
905 5562 1168 5616 essemus,
1218 5563 1316 5603 nec
1357 5549 1430 5603 ita
1471 5563 1715 5604 essemus
1754 5547 1919 5615 aliud,
1965 5554 2057 5601 aut
2105 5560 2198 5600 ca-

615 5647 779 5704 daver
823 5646 968 5715 quod
1003 5660 1112 5702 non
1153 5642 1316 5708 vivit,
1358 5652 1450 5698 aut
1495 5640 1656 5696 arbor
1697 5656 1816 5711 qua:
1849 5654 1954 5694 non
2001 5637 2195 5704 sentit,

617 5749 710 5801 aut
744 5756 917 5819 pecus.
945 5743 1089 5816 quod
1105 5741 1234 5818 ;non
1253 5737 1551 5814 gintelligit,
1592 5737 1685 5796 sed
1723 5735 1970 5794 homines
1999 5735 2091 5808 qui
2138 5741 2198 5790 ut

2299 4535 2521 4600 peccato
2571 4524 2782 4596 impleri
2832 4537 2991 4594 posse
3039 4523 3310 4594 justitiam
3359 4536 3456 4593 per
3502 4515 3714 4600 liberum
3729 4516 3789 4558 ar-

2298 4597 2520 4676 bitrium
2563 4632 2685 4672 cum
2731 4615 2997 4686 adjutorio
3046 4614 3240 4671 divina:
3285 4612 3487 4685 gratiae,
3531 4603 3652 4680 quod

2299 4712 2405 4769 hoc
2447 4709 2654 4766 dederit
2697 4683 2902 4764 homini
2948 4706 3064 4777 ipsa
3110 4683 3462 4776 possibilitate
3504 4683 3788 4756 naturaeICui

2299 4803 2495 4859 merito
2539 4800 2934 4870 respondetur:
2961 4817 2980 4850 ι
3028 4798 3171 4870 Ergo
3229 4802 3537 4855 evacuatum
3580 4787 3785 4880 est

2301 4897 2480 4954 dalum
2525 4895 2705 4953 crucis
2737 4895 2880 4966 (Gal.
2913 4911 2968 4962 v,
3013 4895 3122 4967 11),
3161 4914 3182 4949 ι
3209 4910 3338 4966 ergo
3367 4911 3386 4945 ι
3421 4887 3638 4947 Christus
3667 4877 3785 4948 gratis

2299 5001 2545 5048 mortuus
2589 4998 2672 5046 est
2723 4987 2866 5061 (Gal.
2925 5004 2996 5054 ιι,
3054 4987 3169 5059 21).
3212 5006 3232 5040 ι
3295 4985 3411 5044 Non
3459 4979 3588 5037 enim
3629 4969 3668 5028 si
3709 4974 3782 5061 θοι)

2297 5093 2602 5140 moreretur
2660 5058 2879 5153 propter
2931 5058 3132 5136 delicta
3187 5089 3402 5145 nostra,
3451 5081 3502 5131 et

2297 5184 2519 5247 propter
2562 5143 3005 5244 justiﬁcationem
3059 5179 3301 5228 nostram
3351 5143 3526 5241 (Rom.
3562 5172 3640 5222 tv,
3675 5143 3778 5247 35in

2305 5243 2322 5320 ἱ
2360 5243 2461 5322 nec
2510 5243 2841 5322 aScendisset
2893 5264 2950 5319 in
3013 5262 3218 5329 altum,
3275 5270 3331 5318 et
3380 5255 3626 5328 captivans
3663 5243 3781 5307 03W

2297 5361 2522 5417 vitatem
2583 5360 2736 5416 daret
2784 5358 2924 5414 dona
2970 5356 3278 5414 hominibus
3330 5351 3529 5424 (Ep/tes.
3568 5356 3632 5403 tv.
3671 5330 3774 5424 3b"

2304 5453 2410 5509 ista
2444 5459 2650 5507 naturae
2693 5448 3024 5522 possibilitas
3070 5462 3234 5518 quam
3278 5419 3520 5504 defendit,
3559 5443 3648 5489 που

2305 5544 2360 5600 in
2413 5503 2742 5611 hominibus,
2791 5557 2858 5596 an
2913 5538 3054 5597 forte
3085 5503 3205 5595 ‘Dei
3249 5535 3538 5595 mandatum
3557 5503 3779 5611 deem"

2303 5636 2424 5692 ideo
2493 5598 2741 5691 Christus
2800 5641 3048 5689 mortuus
3103 5630 3236 5687 est?
3286 5628 3404 5704 [100.
3446 5619 3587 5678 etiam
3629 5613 3676 5704 cf.

2302 5737 2422 5786 erat
2478 5735 2724 5786 sanctum
2742 5733 2835 5806 _et
2877 5723 3083 5797 justum
3127 5729 3184 5782 et
3228 5692 3456 5785 bonum;
3493 5706 3599 5793 ,ῙΨ
3635 5692 3775 5754 dmum
