3968 6442
161 381 264 438 757

1373 375 1864 437 DECRETALIUI
1899 372 2303 436 COLLECTIO.

3326 376 3427 434 738

160 494 348 548 fuerat
389 512 403 547 :
443 489 558 549 Non
600 489 956 562 concupisces
1005 492 1220 564 (Exod.
1276 509 1345 546 xx
1372 533 1387 558 ,
1438 494 1544 564 l7)
1572 533 1587 560 ,
1632 493 1747 563 jam
1774 495 2008 560 Aptura
2055 492 2289 555 dicente,
2347 487 2527 544 omnia
2584 486 2684 544 sub
2728 499 2982 558 peccato,
3037 498 3097 544 ut
3143 490 3431 561 promissio

161 587 372 642 dictum
451 586 631 648 fuerat
671 603 685 640 :
735 585 936 657 Diliges
1010 585 1314 655 proximum
1387 594 1536 639 tuum
1611 583 1753 640 sicut
1851 597 1918 636 ex
1963 581 2067 636 ﬁde
2104 576 2230 638 Jesu
2270 577 2472 636 Christi
2524 580 2745 636 daretur
2798 582 3146 637 credentibus
3176 581 3318 654 (Gal.
3349 600 3432 650 ιιι,

161 675 401 746 teipsum
455 674 672 746 (Matth.
731 691 842 740 xix,
897 673 1009 746 l9).
1062 673 1120 728 ln
1160 688 1268 743 quo
1314 686 1564 728 sermone
1611 671 1754 741 Apo-

159 762 343 821 stolus
397 779 612 820 omnem
663 766 832 838 legem
877 764 1009 820 dicit
1058 763 1268 834 impleri
1317 759 1461 834 (Gal.
1519 778 1591 830 v,
1637 760 1747 832 14),

161 863 222 908 et
263 855 520 924 quoniam
581 855 685 911 nisi
735 855 920 926 diligat
975 854 1183 920 Deum,
1245 868 1407 908 nemo
1447 853 1620 925 diligit
1673 862 1758 908 se-

162 943 370 1012 ipsum.
411 941 643 1013 Ideoque
687 944 946 999 Dominus
991 943 1044 997 in
1087 941 1171 998 his
1217 943 1427 998 duobus
1475 941 1756 1012 praeceptis

165 1039 344 1085 totam
407 1030 581 1102 legem
633 1033 771 1087 dixit
814 1031 1212 1103 prophetasque
1269 1029 1481 1102 impleri
1540 1029 1755 1102 (Matth.

164 1135 284 1174 xw
317 1160 333 1186 ,
395 1121 524 1193 40).
585 1121 714 1189 Quae
795 1123 902 1178 duo
951 1131 1220 1194 praecepta
1291 1121 1404 1190 jam
1457 1129 1613 1176 erant
1664 1122 1759 1177 ho-

163 1209 411 1266 minibus
466 1212 723 1268 divinitus
789 1212 971 1280 data;
1037 1222 1418 1269 at-aaternum
1481 1213 1758 1284 prazniium

156 1301 392 1371 justitia:
445 1305 774 1374 promissum
831 1306 1068 1361 nondum
1119 1314 1256 1362 erat.
1315 1305 1428 1361 Hoc
1487 1305 1602 1376 ipse
1654 1319 1762 1360 non

163 1393 307 1447 dicit
361 1395 452 1463 qui
509 1396 560 1450 in
613 1397 726 1452 suis
780 1393 976 1452 litteris
1027 1397 1236 1468 possint
1285 1398 1450 1453 etiam
1488 1397 1542 1451 in
1579 1396 1762 1452 Veteri

162 1482 530 1542 Testamento
572 1501 797 1559 regnum
844 1488 1103 1545 ccelorum
1142 1503 1265 1545 esse
1308 1489 1655 1558 promissum.
1703 1486 1762 1542 Si

159 1593 306 1648 ergo
353 1578 422 1633 ad
473 1579 772 1636 faciendam
816 1581 1306 1652 perﬁciendamque
1359 1581 1625 1650 justitiam
1646 1581 1762 1653 jam

161 1678 294 1724 erat
347 1681 552 1727 natura:
608 1671 939 1743 possibilitas
1003 1689 1102 1745 per
1153 1673 1380 1734 liberum
1439 1674 1762 1742 arbitrium,

153 1758 282 1826 jam
325 1769 445 1815 erat
499 1761 630 1832 legis
684 1763 778 1818 Dei
825 1770 1106 1830 sanctum,
1155 1762 1382 1833 justum,
1436 1765 1761 1836 benignum-

161 1865 281 1920 que
348 1851 700 1918 mandatum,
760 1851 874 1921 jam
925 1862 1046 1908 erat
1093 1854 1418 1924 promissum
1481 1855 1762 1924 praemium

162 1943 586 2013 sempiternum.
639 1943 782 2015 Ergo
836 1943 1086 2000 Christus
1143 1945 1314 2017 gratis
1373 1955 1619 2002 mortuus
1680 1955 1765 2003 est

163 2031 338 2103 (Gal.
396 2050 478 2101 ιι,
535 2035 670 2106 21).
721 2035 863 2110 Ergo
917 2053 1093 2109 neque
1143 2053 1243 2109 per
1296 2038 1466 2110 legem
1511 2038 1764 2109 justitia,

165 2140 354 2195 neque
408 2139 507 2196 per
555 2135 765 2183 natura:
812 2129 1244 2199 possibilitatem,
1293 2131 1390 2186 sed
1432 2147 1501 2186 ex
1554 2131 1658 2188 ﬁde
1699 2148 1765 2188 ac

163 2217 319 2272 dono
367 2216 462 2273 Dei
506 2233 604 2288 per
643 2217 828 2275 Jesum
871 2219 1144 2277 Christum
1187 2221 1476 2279 Dominum
1521 2237 1763 2282 nostrum

163 2322 345 2362 unum
385 2309 737 2366 mediatorem
784 2311 880 2367 Dei
918 2321 976 2368 et
1019 2314 1298 2369 hominum
1327 2315 1379 2389 (1
1407 2315 1541 2372 Tim.
1580 2334 1642 2385 ιι,
1686 2319 1763 2391 5).

165 2396 254 2451 Ex
307 2413 418 2468 quo
467 2399 612 2455 enim
673 2420 692 2453 ι
748 2416 852 2472 per
909 2420 1076 2460 unum
1136 2405 1412 2463 hominem
1484 2420 1764 2480 peccatum

165 2486 402 2542 intravit
459 2489 514 2544 in
566 2491 856 2558 mundum,
918 2501 974 2550 et
1027 2508 1133 2564 per
1181 2505 1462 2566 peccatum
1514 2515 1663 2557 mors
1713 2513 1768 2556 et

167 2577 288 2632 vita
338 2579 393 2633 in
455 2592 645 2636 omnes
686 2581 934 2638 homines
978 2587 1336 2655 pertransiit,
1390 2587 1448 2644 in
1499 2604 1606 2659 quo
1651 2606 1769 2646 om-

167 2683 276 2724 nes
324 2681 694 2740 peccaverunt
747 2671 929 2744 (Rom.
976 2691 1048 2742 v,
1099 2677 1228 2748 12),
1270 2697 1293 2731 ι
1373 2680 1562 2750 procul
1601 2681 1766 2738 dubio

167 2773 205 2811 a
257 2773 486 2828 corpore
533 2762 726 2819 mortis
770 2763 951 2833 hujus,
1002 2767 1096 2823 ubi
1139 2787 1160 2820 ς
1217 2768 1304 2825 lex
1349 2769 1454 2825 alia
1510 2783 1770 2843 repugnat

165 2848 282 2922 legi
336 2851 534 2908 mentis
569 2851 743 2924 (Rom.
788 2870 901 2920 vn,
949 2856 1085 2928 23),
1131 2878 1150 2912 ι
1180 2859 1466 2918 .neminem
1523 2861 1771 2919 liberavit

164 2951 271 2996 aut
318 2943 514 3000 liberat
553 2959 664 3001 sua:
717 2946 1046 3016 possibilitas
1102 2957 1350 3018 natum,
1399 2967 1518 3022 quae
1561 2954 1770 3024 perdita

169 3032 523 3105 redemptore
575 3037 796 3108 indiget,
854 3039 1096 3094 sauciata
1156 3039 1466 3107 Salvatore,
1506 3043 1600 3099 sed
1641 3061 1769 3116 gra-

172 3124 252 3179 tia
315 3125 411 3181 Dei
465 3142 569 3198 per
610 3127 771 3183 ﬁdem
829 3129 987 3186 unius
1034 3131 1268 3187 hominis
1311 3133 1624 3190 mediatoris
1673 3136 1770 3192 Dei

171 3227 233 3272 et
293 3219 569 3274 hominum
597 3261 613 3286 ,
672 3221 911 3278 hominis
955 3223 1084 3279 Jesu
1131 3223 1334 3280 Christi
1379 3229 1471 3297 qui
1518 3238 1575 3284 et
1626 3231 1766 3286 Deus
1797 3213 1842 3274 Ο
1874 3226 2016 3281 enim
2075 3226 2274 3281 dictum
2329 3235 2412 3281 est

169 3323 300 3362 cum
355 3319 518 3377 esset,
573 3310 846 3367 hominem
895 3311 1046 3380 fecit,
1092 3323 1148 3369 et
1192 3330 1417 3371 manens
1453 3317 1617 3384 Deus,
1664 3319 1763 3374 bo-

175 3414 268 3455 mo
315 3397 532 3468 factus,
590 3401 780 3459 refecit
833 3402 949 3474 ipse
996 3404 1138 3475 quod
1195 3405 1345 3463 fecit.
1399 3407 1536 3466 Puto
1587 3418 1765 3466 autem

169 3491 324 3561 quod
367 3507 474 3548 non
512 3492 678 3548 lateat
722 3495 852 3550 ﬁdes
894 3493 1118 3562 Christi,
1160 3511 1280 3567 qua:
1313 3507 1500 3567 postea
1533 3500 1585 3554 in
1610 3515 1765 3556 reve-

173 3579 434 3636 lationem
467 3583 614 3639 venit
643 3584 699 3639 in
733 3585 960 3642 occultis
987 3584 1155 3642 fuisse
1188 3589 1514 3660 temporibus
1545 3589 1765 3646 Patrum

175 3681 532 3741 nostrorum,
601 3691 698 3747 per
767 3693 932 3748 quam
1011 3687 1189 3735 tamen
1258 3681 1420 3737 etiam
1487 3683 1600 3753 ipsa
1671 3684 1768 3739 Dei

178 3766 354 3836 gratia
407 3767 616 3824 liberati
672 3781 820 3837 sunt,
881 3772 1188 3845 quicunque
1249 3776 1500 3832 omnibus
1559 3777 1768 3849 generis

177 3855 404 3913 humani
451 3862 780 3930 temporibus
831 3863 1048 3919 liberari
1087 3875 1375 3935 potuerunt
1419 3859 1628 3924 occulto
1673 3869 1768 3926 Dei

170 3949 404 4018 judicio,
457 3969 562 4008 non
621 3962 797 4010 tamen
847 3956 1208 4026 vituperabili.
1263 3959 1415 4016 Unde
1463 3961 1595 4016 dicit
1621 3962 1768 4034 Apo-

179 4043 438 4100 stolusu
477 4045 744 4103 Habentes
799 4057 980 4104 autem
1013 4051 1262 4106 eumdem
1325 4053 1572 4125 spiritum
1621 4054 1766 4121 ﬁdei,

180 4134 370 4203 utique
412 4137 658 4190 eumdem
701 4153 862 4210 quem
901 4149 954 4194 et
1003 4141 1077 4196 illi
1119 4143 1414 4198 secundum
1462 4145 1603 4215 quod
1629 4147 1771 4202 scri-

180 4236 336 4297 ptum
365 4239 484 4285 est:
547 4231 764 4287 Credidi
798 4244 1020 4304 propter
1052 4237 1195 4304 quod
1243 4235 1454 4294 locutus
1489 4255 1610 4294 sum
1641 4280 1656 4303 ,
1716 4249 1772 4296 et

181 4335 285 4375 nos
348 4323 619 4379 credimus
665 4336 883 4396 propter
921 4328 1063 4396 quod
1113 4339 1168 4383 et
1225 4329 1493 4402 loquimur
1529 4331 1614 4404 (II
1644 4331 1766 4389 Cor.

182 4427 264 4478 iv,
292 4413 402 4485 l3).
442 4433 462 4467 ι
504 4415 631 4471 lude
658 4426 741 4472 est
765 4418 907 4488 quod
937 4420 1014 4473 ait
1043 4419 1160 4490 ipse
1210 4419 1512 4477 Mediator:
1547 4441 1566 4475 ι
1601 4425 1772 4480 Abra-

179 4505 312 4560 ham
368 4510 674 4591 concupivit
726 4511 909 4566 videre
955 4511 1098 4567 diem
1145 4529 1345 4581 meum,
1390 4517 1526 4572 vidit
1569 4527 1623 4574 et
1667 4535 1766 4591 ga-

1853 664 2082 741 18-22).
2121 691 2140 724 ι
2204 664 2389 726 Nonne
2441 671 2574 726 satis
2626 672 2861 726 ostendit
2915 673 3018 728 hoc
3068 682 3245 728 actum
3309 687 3430 730 esse

1851 775 1949 831 per
1993 759 2186 831 legem,
2239 769 2296 814 ut
2343 770 2624 831 peccatum
2673 771 3092 832 cognosceretur
3131 772 3186 820 et
3222 780 3434 835 praeva-

1855 848 2116 907 ricatione
2163 861 2469 924 angeretur.
2523 851 2625 908 Ubi
2679 855 2822 923 enim
2873 869 2958 909 iex
3003 871 3109 910 non
3162 864 3286 922 est,
3335 869 3438 914 nec

1855 943 2247 1014 praavaricatio,
2295 952 2350 998 et
2399 943 2477 998 sic
2520 945 2780 1000 adversus
2827 945 3106 1000 victoriam
3134 948 3340 1018 peccati
3370 949 3438 1004 ad

1857 1031 2092 1086 divinam
2152 1033 2380 1102 gratiam
2435 1048 2554 1102 qua:
2591 1034 2645 1088 in
2700 1034 3147 1104 promissionibus
3184 1045 3268 1091 est
3310 1050 3438 1092 con-

1857 1121 2174 1191 fugeretur;
2213 1132 2375 1194 atque
2417 1123 2490 1178 ita
2532 1123 2616 1180 lex
2666 1140 2771 1180 non
2825 1134 2970 1181 esset
3006 1126 3267 1184 adversus
3312 1143 3442 1200 pro-

1860 1212 2024 1267 missa
2074 1212 2193 1279 Dei,
2229 1213 2354 1283 quia
2401 1213 2521 1268 ideo
2579 1229 2678 1285 per
2727 1214 2875 1269 illam
2927 1215 2988 1270 ﬁt
3039 1217 3276 1287 cognitio
3312 1232 3441 1289 peo-

1860 1303 1986 1368 cati,
2050 1312 2104 1360 et
2139 1321 2208 1360 ex
2250 1304 2689 1375 praevaricatione
2737 1304 2874 1375 legis
2939 1304 3265 1362 abundantia
3317 1322 3442 1376 pec-

1861 1396 1989 1463 cati,
2034 1405 2093 1451 ut
2151 1397 2219 1452 ad
2255 1397 2631 1453 liberationem
2691 1407 3002 1467 quaerantur
3059 1398 3445 1468 promissiones

1865 1487 1994 1554 Dei,
2054 1487 2196 1558 quod
2260 1496 2343 1543 est
2397 1489 2569 1559 gratia
2639 1489 2778 1555 Dei,
2835 1497 2892 1544 et
2942 1488 3164 1561 incipiat
3213 1503 3335 1546 esse
3391 1491 3446 1548 in

1862 1577 2079 1633 homine
2123 1577 2357 1649 justitia,
2408 1594 2512 1634 non
2565 1595 2684 1644 sua,
2747 1582 2842 1637 sed
2897 1582 3014 1651 Dei,
3075 1583 3178 1639 hoc
3224 1593 3308 1640 est
3355 1585 3453 1641 da-

1864 1677 1917 1722 ta
1971 1667 2113 1723 dono
2171 1667 2288 1724 Dei.
2359 1667 2530 1736 Quam
2595 1671 2758 1726 etiam
2830 1688 2972 1728 nunc
3029 1674 3244 1744 quidem
3308 1675 3454 1731 sicut

1864 1765 1919 1812 et
1976 1765 2102 1812 tunc
2164 1758 2229 1813 de
2280 1757 2489 1815 Iudaeis
2547 1760 2748 1816 dictum
2786 1771 2869 1818 est
2915 1781 2928 1817 :
2979 1763 3297 1834 lgnorantes
3350 1766 3446 1822 Dei

1798 1854 1837 1911 Β
1861 1845 2166 1916 justitiam,
2223 1856 2279 1903 et
2327 1863 2478 1904 suam
2526 1849 2764 1906 volentes
2817 1852 3177 1920 constituere,
3230 1855 3453 1926 justitia:

1866 1939 1960 1993 Dei
2004 1955 2116 1995 non
2173 1949 2299 1995 sunt
2359 1941 2586 2012 subjecti
2645 1935 2818 2013 (Rom.
2863 1960 2918 2010 x,
2971 1945 3060 2016 ὅ).
3122 1946 3226 2004 Per
3279 1948 3452 2021 legem

1863 2029 2060 2101 quippe
2101 2039 2158 2086 et
2194 2031 2269 2086 illi
2310 2031 2592 2103 justiﬁcari
2639 2049 2699 2090 se
2737 2035 3090 2104 arbitrantur,
3142 2039 3451 2096 sufﬁciente

1864 2120 1967 2176 sibi
2011 2121 2077 2176 ad
2118 2122 2365 2178 eamdem
2411 2123 2818 2180 custodiendam
2856 2125 3025 2183 libero
3066 2129 3310 2196 arbitrio,
3353 2131 3455 2186 hoc

1864 2221 1949 2268 est
1995 2211 2205 2282 justitia
2264 2229 2361 2269 sua
2414 2215 2624 2284 prolata
2672 2229 2740 2271 ex
2795 2226 2985 2272 natura
3033 2219 3288 2287 humana,
3345 2238 3453 2278 non

1867 2303 2062 2358 donata
2113 2319 2180 2359 ex
2243 2305 2416 2375 gratia
2475 2305 2656 2361 divina
2687 2346 2702 2372 ,
2764 2316 2988 2378 propter
3048 2311 3189 2380 quod
3245 2309 3456 2380 justitia

1866 2391 1961 2448 Dei
2007 2394 2223 2450 dicitur.
2280 2394 2434 2452 Unde
2475 2397 2733 2466 scriptum
2786 2409 2870 2453 est
2909 2399 3060 2455 :Per
3102 2401 3273 2474 legem
3311 2404 3457 2460 enim

1867 2490 2104 2558 cognitio
2160 2490 2387 2560 peccati.
2451 2489 2604 2547 Nunc
2657 2503 2838 2548 autem
2906 2495 3024 2550 sine
3081 2495 3198 2568 lege
3244 2495 3457 2566 justitia

1868 2581 1963 2636 Dei
2009 2582 2349 2637 manifestata
2389 2592 2496 2649 est,
2547 2583 2834 2639 testiﬁcata
2876 2601 2975 2656 per
3016 2587 3185 2656 legem
3229 2597 3283 2643 et
3333 2605 3457 2658 pro-

1867 2674 2058 2745 phetas
2094 2674 2273 2746 (Rom.
2316 2691 2398 2742 ιιι,
2445 2675 2537 2742 20,
2583 2676 2696 2748 21).
2745 2679 2880 2733 Cum
2927 2679 3080 2746 dicit,
3114 2681 3457 2740 manifestata

1869 2775 1972 2832 est,
2026 2767 2264 2823 ostendit
2311 2767 2434 2838 quia
2475 2777 2528 2824 et
2578 2777 2704 2823 tunc
2750 2778 2890 2834 erat,
2939 2772 3036 2825 sed
3068 2780 3322 2842 tanquam
3369 2773 3457 2828 illa

1867 2856 2048 2928 pluvia
2096 2872 2258 2926 quam
2327 2856 2542 2913 Gedeon
2607 2858 2916 2928 impetravit
2973 2859 3123 2931 (Iud.
3177 2877 3270 2929 vi,
3322 2863 3455 2936 37),

1872 2958 2002 3003 tunc
2047 2948 2195 3004 velut
2249 2949 2301 3003 in
2355 2949 2551 3004 vellere
2596 2950 2828 3018 occulta,
2885 2968 3026 3009 nunc
3079 2961 3171 3008 aut
3221 2955 3366 3009 velut
3403 2957 3458 3010 in

1873 3057 2002 3098 area
2086 3041 2394 3097 manifesta.
2479 3041 2615 3097 Cum
2685 3059 2813 3115 ergo
2883 3044 2999 3111 lex,
3075 3047 3192 3102 sine
3259 3049 3457 3118 gratia,

1875 3151 1980 3190 non
2036 3151 2184 3192 mors
2236 3137 2441 3205 peccati
2493 3139 2759 3208 potuisset
2809 3155 2950 3206 esse,
2983 3141 3077 3196 sed
3122 3143 3315 3197 virtus.
3367 3143 3459 3199 Sic

2464 3244 2479 3283 :
2533 3246 2551 3278 ι
2612 3228 2845 3284 Aculeus
2896 3230 3085 3286 mortis
3138 3242 3458 3302 peccatum,

1872 3317 2043 3372 virtus
2086 3327 2263 3372 autem
2317 3319 2522 3389 peccati
2559 3319 2656 3375 lex.
2693 3319 2744 3392 (Ι
2787 3318 2908 3375 Cor.
2960 3338 3050 3388 xv,
3100 3322 3212 3394 56).
3275 3344 3295 3378 ι
3342 3326 3461 3380 Sic-

1871 3418 1930 3462 ut
1982 3407 2297 3479 corifugiuiit
2347 3409 2497 3464 multi
2536 3426 2567 3464 a
2604 3410 2742 3467 facie
2770 3415 3116 3485 repugnantis
3149 3417 3356 3487 peccati
3389 3417 3460 3471 ad

1869 3500 2098 3570 gratiam
2146 3501 2291 3554 velut
2333 3501 2385 3555 in
2424 3517 2608 3557 aream
2660 3519 2803 3558 nunc
2855 3516 3151 3575 patentem,
3199 3508 3272 3561 ita
3302 3509 3458 3576 pauci

1871 3588 1938 3642 ad
1995 3603 2114 3642 eam
2166 3588 2586 3661 confugiebant,
2639 3590 2782 3645 velut
2843 3592 2898 3646 in
2955 3592 3151 3649 vellere
3201 3603 3328 3650 tunc
3380 3595 3462 3650 la-

1873 3690 2094 3737 tentem.
2165 3681 2290 3736 llare
2353 3695 2479 3736 vero
2539 3692 2839 3752 temporum
2925 3685 3230 3742 distributio
3289 3687 3460 3744 refer-

1876 3784 1962 3829 tur
2006 3773 2073 3828 ad
2107 3773 2445 3828 altitudinem
2477 3775 2786 3829 divitiarum
2830 3777 3109 3846 sapientia:
3133 3786 3187 3830 et
3220 3779 3461 3835 scientia

1875 3870 2014 3936 Dei,
2075 3869 2140 3924 de
2199 3884 2306 3940 qua
2360 3868 2563 3923 dictum
2618 3880 2748 3923 cst:
2787 3889 2805 3921 ‹
2862 3870 3031 3942 Quam
3087 3872 3456 3929 inscrutabilia

1873 3970 1997 4018 sunt
2032 3959 2236 4030 judicia
2283 3962 2400 4032 cjus
2444 3969 2499 4016 et
2552 3962 2948 4033 investigabiles
2995 3963 3094 4019 vite
3136 3965 3252 4037 ejus
3277 3965 3458 4037 (Rom.

1875 4069 1930 4120 ιι,
1989 4053 2117 4122 35);
2187 4072 2204 4104 ι
2266 4061 2592 4124 quapropter
2645 4055 2691 4108 si
2743 4064 2870 4110 ante
2919 4063 3128 4126 tempus
3181 4057 3351 4128 legis,
3404 4067 3462 4114 et

1875 4151 2116 4214 tempore
2173 4143 2290 4214 ipso
2333 4144 2465 4214 legis
2508 4143 2686 4213 justos
2740 4144 2930 4201 Patres
2983 4161 3052 4202 ex
3109 4147 3212 4203 ﬁde
3271 4149 3462 4204 viven-

1877 4244 1978 4298 tes.
2035 4249 2142 4289 non
2200 4235 2528 4306 possibilitas
2575 4244 2785 4292 natura:
2847 4237 3071 4293 inﬁrma:
3119 4248 3176 4295 et
3223 4239 3457 4312 indigna

1874 4339 1939 4378 ac
1987 4324 2209 4390 vitiatae,
2261 4334 2316 4378 et
2363 4325 2465 4380 sub
2515 4340 2740 4394 peccato
2794 4329 3112 4384 venundatae
3142 4371 3157 4397 ,
3211 4331 3306 4386 sed
3359 4331 3458 4388 Dei

1875 4415 2047 4487 gratia
2091 4430 2188 4485 per
2238 4414 2394 4470 ﬁdem
2450 4414 2801 4485 justiﬁcabat,
2854 4427 2910 4472 et
2964 4435 3107 4475 nunc
3156 4421 3344 4476 eadem
3399 4422 3454 4476 in

1877 4516 2117 4576 apertum
2140 4505 2254 4577 jam
2305 4505 2528 4562 veniens
2583 4507 2823 4562 revelata
2879 4509 3160 4580 justiﬁcat.
3208 4511 3451 4568 Anathe-

181 4594 334 4649 visus
381 4586 462 4652 est
511 4571 692 4670 (:Ioan.
743 4616 859 4666 vui,
919 4601 1030 4671 56).
1085 4623 1104 4655 ι
1147 4603 1271 4659 [nde
1316 4571 1528 4674 prolato
1583 4571 1764 4664 sacra-

1875 4571 2096 4653 niatizct
2141 4571 2297 4666 vergo
2370 4595 2614 4667 Pelagius
2686 4571 2898 4668 scripta.
2959 4614 3098 4664 sua,
3170 4601 3258 4655 ubi
3335 4617 3460 4656 cun-

182 4694 368 4740 mento
392 4686 778 4746 Melchisedech
805 4706 1003 4746 mensae
1024 4691 1316 4748 Dominica':
1331 4697 1484 4751 novit
1505 4705 1766 4755 :e'lernum

179 4775 301 4847 ejus
351 4781 710 4836 sacerdotium
751 4783 1004 4854 ﬁgurare.
1059 4781 1178 4838 Jam
1228 4800 1356 4841 vero
1409 4788 1534 4842 data
1587 4789 1641 4844 in
1679 4791 1766 4846 lit-

183 4870 316 4926 teris
355 4871 468 4942 lege
515 4889 678 4946 quam
725 4875 854 4930 dicit
900 4875 1189 4946 Apostolus
1214 4877 1570 4946 subintrasse,
1632 4900 1651 4934 ι
1709 4890 1770 4938 ιιι

184 4960 482 5019 abundaret
517 4964 769 5021 delictum
810 4966 1002 5038 (Rom.
1067 4983 1140 5034 v,
1179 4968 1332 5041 20),
1379 4989 1399 5023 ι
1449 4981 1505 5027 et
1551 4973 1617 5028 de
1661 4989 1766 5045 qua

184 5051 402 5105 dicitn
457 5055 536 5106 Ex
588 5055 705 5126 lege
751 5058 1056 5124 haereditas,
1114 5058 1228 5129 jam
1270 5076 1376 5116 non
1421 5078 1487 5119 ex
1537 5065 1768 5135 promis-

183 5142 337 5197 sione
390 5142 622 5199 Abrahte
678 5147 772 5200 sed
834 5163 934 5217 per
1001 5153 1476 5221 repromissionem
1549 5155 1771 5212 donavit

184 5233 348 5291 Deus.
378 5253 398 5286 ι
432 5233 570 5302 Quid
599 5237 761 5308 igitur
783 5238 910 5293 lex?
937 5259 954 5292 ι
989 5244 1435 5314 transgressionis
1473 5247 1645 5317 gratia
1673 5263 1768 5318 po-

183 5327 288 5381 sita
324 5337 428 5394 est,
480 5329 651 5385 donec
687 5330 898 5386 veniret
941 5347 1124 5388 semen
1169 5335 1255 5390 cui
1293 5338 1618 5406 promissum
1658 5348 1765 5406 est,

185 5418 504 5489 dispositum
577 5435 674 5491 per
740 5422 956 5493 angelos
1029 5425 1084 5479 in
1177 5441 1338 5480 manu
1418 5427 1764 5496 Mediatoris;

186 5510 449 5568 Mediator
478 5523 660 5568 autem
717 5515 878 5570 unius
926 5531 1031 5571 non
1060 5522 1064 5525 ’
1091 5527 1196 5585 est,
1247 5516 1390 5575 Deus
1413 5530 1592 5576 autem
1629 5538 1768 5579 unus

186 5613 290 5660 est.
340 5605 454 5661 Lex
495 5622 624 5679 ergo
663 5608 921 5665 adversus
971 5611 1238 5679 promissa
1276 5611 1430 5668 Dei?
1479 5612 1654 5670 Absit.
1708 5614 1767 5671 Si

184 5696 331 5750 enim
373 5698 496 5752 data
543 5707 690 5754 esset
736 5699 824 5754 lex
886 5716 1006 5770 quae
1060 5711 1244 5774 posset
1291 5705 1591 5776 justiﬁcare
1649 5723 1766 5763 om-

185 5786 338 5857 nino,
378 5804 447 5846 ex
491 5789 606 5861 lege
652 5800 796 5846 esset
847 5789 1077 5860 iustitia,
1127 5795 1224 5853 sed
1263 5797 1566 5866 conclusit,
1620 5798 1766 5858 Scri-

507 5908 781 5970 ΡΑτιιοι.
844 5907 1108 5972 CXXX.

1877 4698 1961 4743 tra
2017 4703 2181 4754 eam,
2240 4696 2295 4741 et
2357 4685 2403 4740 si
2465 4701 2570 4741 non
2624 4701 2721 4756 per
2773 4689 3207 4754 contumaciam,
3273 4699 3458 4746 tamen

1875 4780 2234 4852 ignorantiam
2299 4779 2587 4848 disputat,
2658 4763 3062 4849 possibilitatem
3125 4780 3462 4837 defendendo

1875 4883 2104 4939 naturae,
2157 4873 2224 4926 ad
2285 4872 2544 4927 vincenda
2594 4881 2816 4943 peccata
2870 4881 2926 4926 et
2975 4873 3244 4943 implenda
3298 4890 3456 4929 man-

1873 4963 1999 5018 data
2050 4979 2064 4994 ο
2086 4976 2190 5046 ειη
2254 4963 2300 5017 si
2362 4978 2426 5018 ea
2484 4977 2582 5042 sua
2643 4977 2762 5017 esse
2833 4971 3031 5033 negat,
3093 4973 3188 5020 aut
3241 4965 3462 5036 scriptis

1875 5055 2024 5122 suis,
2081 5064 2175 5109 aut
2238 5055 2471 5110 inimicis
2532 5053 2644 5110 suis
2703 5053 2831 5110 dicit
2888 5054 3131 5112 immissa
3179 5071 3299 5127 qua:
3364 5071 3462 5113 sua

1874 5161 1993 5202 esse
2057 5155 2236 5219 negat,
2285 5146 2704 5201 auathematizet
2757 5160 2821 5200 ca
2869 5155 2926 5202 et
2961 5147 3183 5203 damnet
3231 5158 3458 5219 paterna

1875 5241 2252 5295 exhortatione
2319 5249 2372 5294 et
2440 5238 2758 5293 auctoritate
2800 5239 3172 5294 sanctimoniae
3223 5251 3348 5297 tuae.
3397 5239 3458 5296 Si

1876 5347 2006 5404 ergo
2073 5332 2186 5387 vult
2240 5346 2527 5387 onerosum
2589 5330 2691 5386 sibi
2747 5340 2803 5387 et
2863 5333 3244 5402 perniciosum,
3293 5334 3465 5388 discat

1873 5427 2127 5482 Ecclesiae
2175 5425 2484 5482 scandalum
2543 5423 2772 5488 auferre,
2822 5427 2964 5495 quod
3008 5425 3319 5481 scandalum
3371 5441 3464 5479 au-

1870 5518 2071 5573 ditores
2119 5526 2173 5572 et
2220 5517 2613 5586 imperversum
2665 5515 2951 5572 dilectores
3000 5517 3116 5588 ejus
3159 5531 3463 5586 usquequa-

1869 5627 1975 5682 que
2027 5624 2280 5680 spargere
2318 5624 2426 5664 non
2455 5608 2756 5678 quiescunt.
2808 5609 2866 5665 Si
2918 5611 3062 5665 enim
3108 5606 3463 5680 cognoverint

1868 5703 2114 5761 eumdem
2169 5701 2364 5756 librum
2417 5716 2577 5772 quem
2637 5701 2777 5756 illius
2832 5702 2918 5756 vel
2963 5709 3157 5773 putant
3207 5715 3329 5754 esse
3374 5715 3460 5775 vel

1867 5805 2066 5856 norunt
2124 5796 2499 5868 episcoporum
2561 5795 2951 5852 catholicorum
3005 5793 3357 5860 auctoritate,
3406 5800 3461 5848 et

2779 5907 2861 5970 2ῐι
