3968 6486
610 512 614 516 δ
640 428 745 485 739

1475 424 1763 480 APPEND.
1816 423 1906 479 AD
1945 424 2119 482 S£C.
2159 426 2250 482 IX.
2289 459 2359 471 -—
2397 430 2648 488 lSlDORl
2678 384 3118 491 bIERCATOHlS
3745 445 3812 503 750

637 535 873 593 maxime
941 533 1244 592 sanctitatis
1297 539 1402 588 tuae
1473 549 1636 605 quam
1704 533 1844 606 apud
1913 550 2037 592 eum
2103 550 2224 593 esse
2255 545 2298 604 Α
2335 557 2352 589 ‹
2390 538 2493 606 Qui
2520 550 2681 596 natus
2703 551 2786 597 est
2814 557 2880 598 ex
2908 542 3019 600 Deo
3044 560 3149 600 non
3180 553 3364 614 peccat
3392 546 3443 618 (1
3464 545 3671 618 Joan.v,
3694 553 3811 625 18).»

635 629 858 698 majoris
921 627 1174 700 ponderis
1232 625 1454 681 minime
1513 626 1851 701 dubitamus,
1911 629 1980 686 ab
2034 630 2259 695 eodem,

635 737 755 778 esse
800 721 915 791 ipso
957 717 1466 775 anathematizatum
1512 727 1675 789 atque
1723 706 2067 792 damnatum,
2112 736 2219 776 non

633 828 728 868 eos
788 811 1014 867 ulterius
1057 811 1389 866 aestimamus
1447 826 1669 867 ausuros
1702 811 1969 883 loquendo
2031 823 2219 869 contra

643 896 874 976 gratiam
955 898 1223 974 Deidquae
1299 903 1535 959 revelata
1600 913 1681 960 cst
1761 920 1860 976 pcr
1906 909 2222 976 ‘passioncm

634 1003 689 1050 et
743 994 1195 1050 resurrectionem
1228 992 1464 1066 Christi;
1514 1009 1613 1048 nec
1656 1005 1876 1066 pectora
1933 996 2112 1051 ﬁdelia
2164 1005 2219 1052 et

626 1068 949 1151 simpliciter
1005 1083 1314 1139 Christiana
1363 1086 1615 1151 turbare,
1682 1086 1774 1140 sed
1832 1086 2010 1157 potius
2069 1086 2220 1156 adju-

596 1182 791 1251 .vantc
826 1173 1197 1230 misericordia
1238 1173 1353 1239 Dei,
1398 1175 1731 1229 certantibus
1773 1176 2053 1231 nobiscum
2099 1176 2217 1247 pie-

622 1272 740 1320 tate
792 1272 847 1319 ct
888 1263 1160 1319 cbaritate
1211 1262 1601 1334 ﬂagrantibus,
1666 1266 1831 1320 etiam
1884 1266 2216 1322 orationibus

628 1355 737 1412 tuis
779 1371 888 1411 non
922 1354 1096 1411 solum
1135 1362 1194 1408 ut
1231 1354 1284 1409 in
1319 1367 1579 1411 mternum
1618 1357 1783 1423 beati,
1820 1374 2007 1413 verum
2049 1359 2214 1414 etiam

620 1450 756 1522 justi
792 1458 848 1505 ct
884 1449 1059 1505 sancti
1097 1448 1224 1515 sint,
1262 1463 1369 1503 non
1407 1450 1459 1503 in
1498 1464 1597 1504 sua
1634 1449 1853 1515 virtute,
1895 1449 1990 1506 sed
2029 1450 2081 1504 in
2123 1464 2210 1504 ea-

625 1543 748 1598 dem
786 1540 961 1615 gratia
999 1538 1319 1595 conﬁsuros.
1361 1539 1515 1595 Unde
1552 1550 1607 1594 et
1643 1541 1711 1595 ad
1749 1540 1923 1611 ipsum
1953 1542 2210 1611 scriptam

624 1632 694 1687 ab
735 1647 842 1687 uno
885 1626 1104 1686 homine
1144 1629 1425 1699 epistolam
1474 1630 1541 1687 ad
1590 1628 1885 1703 quem'pcr
1921 1632 2209 1701 quemdam

623 1719 939 1778 orientalem
968 1720 1283 1786 diaconum,
1325 1720 1497 1775 civem
1542 1730 1720 1776 autem
1759 1720 2205 1793 Hipponiensem,

622 1823 879 1884 tanquam
927 1814 1259 1884 purgationis
1314 1814 1429 1870 ﬁeri
1481 1804 1729 1885 qumdam
1777 1817 1978 1887 scripta
2029 1825 2206 1872 trans-

2325 627 2631 684 Secundum
2670 631 2816 686 illam
2847 633 3168 690 charitatem
3198 635 3396 691 dictum
3419 650 3498 692 est
3518 653 3623 708 qua:
3640 640 3727 696 sola
3742 660 3811 701 non

2319 729 2528 789 peccat,
2561 722 2627 776 ad
2657 724 2997 781 nativitatem
3048 727 3245 797 quippe
3284 743 3403 799 quae
3429 743 3491 783 ex
3530 729 3626 787 Deo
3645 743 3724 799 est,
3755 751 3813 792 au-

2321 810 2493 879 genda
2523 819 2578 865 et
2604 813 2952 881 perﬁcienda.
2984 815 3234 872 Charitas
3258 820 3507 887 pertinet,
3537 835 3629 874 non
3656 838 3704 876 ea
3735 840 3813 895 qua

2320 900 2611 957 minuenda
2642 911 2725 958 cst
2762 913 2819 960 ct
2854 908 3218 962 consumenda
3249 910 3527 979 cupiditas.
3564 910 3673 978 Qua
3692 922 3810 970 tamen

2319 993 2558 1064 quandiu
2603 1005 2691 1052 est
2732 996 2785 1052 in
2821 1000 3086 1077 membris.
3125 1002 3326 1056 nostris
3377 1002 3492 1072 lege
3528 1007 3719 1073 quadam
3750 1022 3809 1061 sua

2318 1094 2578 1154 repugnat
2603 1085 2704 1157 legi
2728 1088 2945 1155 mentis,
2972 1089 3066 1144 sed
3091 1099 3250 1146 natus
3275 1107 3341 1146 ex
3368 1091 3499 1159 Deo,
3522 1108 3610 1148 nec
3630 1095 3811 1151 obcdiens

2317 1171 2598 1229 desideriis
2624 1176 2761 1245 ejus,
2791 1193 2890 1232 nec
2916 1179 3179 1235 exhibens
3208 1181 3446 1236 membra
3476 1197 3566 1237 sua
3591 1198 3712 1239 arma
3745 1186 3811 1239 ini-

2315 1263 2538 1330 quitatis
2556 1274 2778 1334 peccato
2805 1264 2983 1337 potest
3005 1269 3222 1325 dicere:
3252 1288 3271 1322 ‹
3304 1268 3422 1326 Jam
3448 1287 3550 1326 non
3579 1286 3663 1345 ego
3681 1286 3811 1344 operor

2316 1352 2465 1419 illud,
2491 1356 2585 1410 sed
2615 1356 2667 1410 id
2690 1360 2832 1428 quod
2857 1360 3066 1415 habitat
3088 1362 3141 1417 in
3166 1379 3252 1420 me
3279 1374 3558 1435 peccatum
3582 1365 3727 1438 (Rom.
3747 1383 3809 1431 vn,

2315 1445 2426 1516 17).
2462 1466 2481 1499 ι
2514 1445 2619 1503 Sed
2642 1454 2912 1519 quomodo
2936 1468 2994 1508 se
3032 1452 3229 1510 habeat
3254 1456 3359 1511 ista
3388 1458 3619 1528 quazstio,
3636 1458 3731 1529 quia
3746 1461 3810 1514 etsi

2311 1550 2416 1590 non
2445 1536 2716 1593 invenitur
2740 1540 2902 1597 homo
2930 1542 2983 1597 in
3016 1544 3119 1600 hac
3148 1546 3257 1600 vita
3292 1547 3413 1601 sine
3440 1557 3662 1617 peccato,
3687 1548 3726 1602 id
3750 1557 3803 1602 ta-

2311 1642 2433 1684 men
2459 1629 2660 1684 dicitur
2679 1647 2840 1702 posse
2868 1633 2985 1690 ﬁeri
3008 1650 3105 1706 per
3131 1635 3454 1705 adiutorium
3481 1637 3646 1709 gratiae
3666 1637 3803 1706 ctSpi-

2310 1717 2448 1774 ritus
2476 1720 2616 1775 Dei?
2643 1722 2793 1789 Quod
2823 1733 2882 1778 ut
2925 1724 3021 1780 ﬁat
3057 1727 3364 1782 conandum
3392 1735 3548 1797 atque
3572 1730 3809 1799 poscendum

2310 1817 2413 1865 cst.
2447 1809 2827 1869 Tolerabiliter
2855 1815 2994 1871 in‘id
3016 1816 3486 1890 quisquelt‘allitur,
3515 1834 3606 1875 nec
3626 1818 3808 1875 diabolica

620 1905 789 1971 misit,
829 1913 931 1961 tua:
973 1906 1294 1962 beatitudini
1334 1907 1517 1978 potius
1542 1909 1871 1965 credidimus
1901 1910 2200 1981 dirigenda,
2233 1919 2281 1982 Β
2308 1905 2557 1977 impietas
2585 1945 2601 1973 ,
2652 1906 2749 1962 sed
2794 1922 2949 1962 error
3008 1908 3277 1966 humanus
3326 1920 3443 1975 est,
3484 1909 3748 1967 elaboranda
3776 1922 3809 1965 et

619 1996 813 2052 melius
860 1996 1166 2069 judicantes
1214 2007 1271 2053 et
1323 2007 1567 2072 petentes
1611 2011 1673 2054 ut
1716 2015 1837 2056 eam
1887 2002 1936 2057 ei
1989 2003 2207 2058 mittere

614 2092 732 2162 ipse
767 2092 1026 2161 digneris,
1067 2093 1146 2148 sic
1186 2093 1330 2147 enim
1356 2108 1479 2149 eam
1521 2094 1703 2166 legere
1742 2096 1923 2165 potius
1965 2112 2074 2152 non
2114 2096 2208 2153 de-

616 2182 925 2252 dignabitur
946 2224 962 2250 ,
1002 2184 1175 2255 magis
1201 2185 1255 2238 in
1291 2184 1376 2239 illa
1404 2200 1528 2241 eum
1557 2186 1647 2257 qui
1698 2188 1845 2243 misit
1871 2229 1885 2253 ,
1925 2203 2086 2259 quam
2112 2188 2203 2259 qui

611 2275 835 2345 scripsit
882 2276 1200 2343 attendens,
1247 2276 1379 2355 illud
1438 2276 1759 2355 veroquod
1810 2280 1996 2336 dicunt
2048 2295 2205 2351 posse

610 2364 890 2419 hominem
938 2379 1058 2421 esse
1093 2365 1211 2421 sine
1254 2352 1501 2437 peccato,
1534 2352 1596 2424 et
1632 2369 1882 2425 mandata
1913 2370 2009 2426 Dei
2047 2369 2205 2426 facile

615 2457 928 2525 custodire,
993 2459 1040 2514 si
1083 2457 1234 2515 velit.
1277 2460 1534 2527 Quamvis
1579 2476 1702 2517 cum
1755 2463 1859 2519 hoc
1903 2478 2002 2534 per
2050 2461 2203 2534 adju-

615 2548 810 2603 torium
858 2550 949 2605 Dei
1004 2551 1213 2621 gratiae,
1251 2567 1372 2623 quae
1414 2562 1592 2610 tamen
1636 2570 1734 2625 per
1774 2556 2202 2612 incarnationem

611 2636 883 2711 Unigeniti
904 2639 1020 2708 ejus
1046 2640 1285 2697 revelata
1318 2652 1480 2713 atque
1507 2644 1704 2700 donata
1732 2660 1855 2701 esse
1878 2646 2095 2712 dicitur,
2124 2653 2206 2700 to-

609 2729 891 2785 lerabilius
915 2730 1022 2786 dici
1050 2730 1298 2788 videatur
1326 2742 1507 2788 tamen
1530 2735 1786 2805 quoniam
1809 2736 2003 2791 merito
2032 2735 2200 2806 quaeri

608 2829 790 2891 potest
814 2822 903 2876 ubi
923 2830 978 2877 et
1010 2824 1227 2893 quando
1252 2839 1350 2895 per
1377 2825 1622 2881 eamdem
1652 2825 1880 2897 gratiam
1908 2827 1959 2882 id
1997 2826 2202 2882 efﬁcia-

613 2923 703 2968 tur
743 2912 798 2967 in
852 2912 1029 2979 nobis,
1082 2922 1141 2968 ut
1185 2914 1304 2969 sine
1348 2914 1437 2970 illo
1487 2930 1709 2984 prorsus
1747 2927 1970 2987 peccato
2009 2918 2199 2983 simus,

610 3013 790 3058 utrum
818 3003 874 3058 in
910 3004 1012 3059 hac
1050 3005 1156 3060 vita
1184 3006 1400 3078 quando
1426 3022 1553 3063 caro
1583 2992 1913 3080 concupiscit
1944 3010 2201 3065 adversus

609 3097 886 3166 spiritum,
909 3112 979 3152 an
1009 3111 1137 3152 vero
1166 3097 1221 3152 in
1242 3097 1329 3153 illa
1360 3114 1482 3154 cum
1517 3099 1610 3155 ﬁet
1646 3115 1825 3156 sermo
1846 3102 1938 3173 qui
1965 3102 2200 3172 scriptus

608 3200 725 3246 est:
760 3209 779 3241 ‹
803 3189 905 3246 Ubi
925 3200 1026 3257 est,
1051 3206 1219 3258 mors,
1244 3191 1467 3246 victoria
1493 3198 1604 3259 tua,
1629 3193 1720 3248 ubi
1746 3200 1851 3260 est,
1873 3208 2041 3260 mors,
2064 3209 2195 3249 acu-

2309 1999 2541 2068 optanda
2571 1996 2864 2067 alIirmare,
2889 2000 3105 2055 etiamsi
3151 2003 3296 2073 quod
3324 2000 3548 2058 afﬁrmat
3589 2019 3677 2060 non
3696 2004 3808 2074 possit

2305 2090 2610 2146 ostendere.
2638 2089 2695 2145 Id
2729 2091 2873 2145 enim
2903 2092 3077 2148 credit
3101 2092 3409 2166 ﬁeri-posse
3435 2097 3583 2168 quod
3600 2105 3717 2152 certe
3737 2095 3805 2148 lau-

2305 2180 2483 2236 dabile
2506 2188 2591 2236 est
2618 2180 2773 2235 velle.
2804 2180 2971 2238 Nobis
3013 2192 3194 2239 autem
3237 2184 3436 2243 sufﬁcit
3460 2187 3595 2257 quod
3622 2186 3804 2241 nullusin

2309 2269 2546 2326 Ecclesia
2580 2268 2677 2324 Dei
2707 2268 2947 2326 ﬁdelium
2977 2270 3248 2343 reperitur
3290 2274 3346 2329 in
3393 2274 3620 2345 quolibet
3637 2274 3806 2345 proiectu

2304 2361 2589 2417 excellenti
2655 2370 2817 2434 atque
2873 2362 3084 2433 justitia
3151 2366 3243 2435 qui
3315 2366 3498 2422 audiat
3555 2366 3705 2421 dicere
3744 2364 3806 2419 sibi

2305 2465 2411 2506 non
2448 2453 2815 2508 necessariam
2858 2455 3220 2524 precationem
3269 2457 3532 2513 orationis
3570 2456 3804 2519 Dominica,

2309 2562 2328 2596 ι
2366 2544 2578 2600 dimitte
2625 2546 2783 2602 nobis
2828 2547 3011 2602 debita
3055 2554 3265 2616 nostra,
3327 2568 3346 2602 ι
3383 2558 3439 2606 ει
3463 2551 3595 2607 dicat
3620 2568 3637 2602 ‹
3664 2564 3709 2605 se
3740 2564 3805 2603 non

2304 2634 2504 2691 habere
2539 2645 2841 2706 peccatum,
2870 2653 2969 2693 nec
2998 2628 3238 2708 seipsum
3265 2640 3516 2713 decipiat,
3545 2652 3594 2698 et
3618 2642 3661 2695 in
3684 2654 3732 2696 eo
3754 2652 3806 2692 re

2303 2727 2437 2782 ritas
2470 2742 2577 2782 non
2607 2728 2678 2784 sit
2703 2728 2759 2802 (Ι
2782 2728 2943 2784 Joan.
2975 2745 3014 2797 ι,
3051 2729 3188 2803 8),ι›
3219 2732 3346 2803 quis
3367 2731 3477 2803 jam
3516 2733 3621 2788 sine
3640 2728 3804 2803 (querela

2302 2818 2483 2873 vivat?
2505 2818 2789 2893 Non.enim
2814 2821 3236 2893 qualescunque,
3265 2824 3433 2880 etiam
3460 2824 3731 2881 tentationcs
3744 2820 3805 2876 hu-

2301 2926 2501 2978 mana},
2522 2913 2615 2968 sed
2650 2927 2814 2982 grave
2837 2923 3119 2985 peccatum
3144 2917 3226 2972 eSt
3252 2919 3399 2989 quod
3422 2918 3475 2974 in
3500 2915 3801 2990 querelavenit

2302 3000 2625 3057 Detveniam
2644 3009 2731 3058 t'ua
2749 3005 3010 3075 suavitas,
3040 3007 3449 3078 siprolixiorem
3478 3008 3713 3082 epistolam
3732 3005 3801 3061 ior-

2302 3092 2463 3148 tassis
2485 3107 2648 3164 quam
2683 3094 2866 3161 velles,
2893 3084 2996 3151 tua:
3018 3097 3267 3154 misimus
3289 3101 3575 3156 sanctitati.
3594 3098 3688 3154 Non
3710 3097 3801 3152 enim

2303 3184 2537 3238 rivulum
2558 3191 2801 3239 nostrum
2827 3193 2918 3240 tuo
2938 3185 3091 3259 largo
3113 3185 3251 3244 fonti
3275 3190 3518 3260 augendo
3536 3188 3802 3245 relundimus.

606 3281 724 3338 leus
762 3282 928 3337 tuus?
960 3300 979 3334 ι
1009 3281 1059 3355 (1
1084 3280 1208 3336 Cor.
1260 3297 1351 3346 xv,
1402 3280 1518 3353 55.)
1550 3282 1783 3337 Aculeus
1821 3283 1967 3338 enim
2009 3284 2199 3339 mortis

2305 3289 2490 3331 verum
2539 3274 2703 3330 etiam
2772 3284 2997 3345 noster,
3043 3277 3169 3336 licet
3240 3280 3503 3353 exiguus,
3567 3295 3626 3335 ex
3679 3275 3802 3333 eodem

607 3384 887 3446 peccatum
953 3382 1036 3430 est
1085 3374 1394 3445 diligentius
1450 3377 1930 3446 pertractandum,
1983 3384 2203 3447 propter

607 3467 745 3521 alios
773 3465 1034 3536 quosdam
1088 3464 1179 3535 qui
1222 3464 1403 3535 inique
1450 3457 1741 3520 senserunt
1776 3473 1939 3537 atque
1984 3466 2038 3519 in
2087 3465 2202 3521 suis

608 3553 804 3610 litteris
842 3552 1120 3608 memoriae
1155 3548 1568 3621 mandaverunt,
1620 3554 1786 3608 etiam
1836 3553 1903 3633 in
1940 3555 2044 3610 hac
2086 3554 2197 3610 vita

602 3661 726 3702 esse
749 3660 910 3717 posse
936 3636 1212 3701 hominem
1235 3646 1351 3700 sine
1379 3654 1624 3717 peccato,
1651 3662 1755 3703 non
1783 3646 1853 3703 ab
1878 3647 2031 3703 initio
2063 3647 2198 3702 nati-

602 3737 787 3794 vitatis
814 3752 941 3804 suat,
976 3739 1071 3794 sed
1101 3738 1453 3793 conversione
1473 3754 1504 3793 a
1543 3740 1782 3809 peccatis
1812 3739 1878 3794 ad
1906 3739 2194 3810 justitiam,

602 3840 653 3883 et
678 3844 711 3883 a
733 3830 816 3884 via
840 3830 1067 3900 reproba
1101 3831 1167 3884 ad
1189 3831 1387 3885 bonam
1416 3830 1601 3884 vitam.
1633 3830 1723 3885 Sic
1751 3831 1893 3885 enim
1916 3831 2195 3886 intellexe-

601 3933 733 3975 runt
774 3921 918 3992 quod
961 3921 1029 3987 de
1067 3920 1333 3976 Zacharia
1367 3929 1423 3976 et
1460 3920 1738 3978 Elisabetb
1771 3923 2032 3995 scriptum
2072 3932 2193 3979 est:

609 4033 631 4068 ι
671 4016 991 4072 Ambalasse
1032 4032 1128 4074 eos
1183 4019 1238 4071 in
1286 4017 1537 4074 omnibus
1574 4017 2053 4088 justiﬁcationibus
2099 4022 2194 4078 Dei

604 4108 726 4165 sine
755 4109 974 4178 querela
1006 4108 1158 4181 (Luc.
1187 4125 1229 4176 ι,
1258 4110 1336 4181 6).
1374 4129 1392 4162 ›
1419 4108 1532 4166 Hoc
1562 4113 1705 4182 quod
1734 4113 1938 4170 dictum
1967 4123 2050 4170 est
2076 4116 2194 4171 sine

604 4200 847 4271 querela,
877 4201 995 4256 sine
1019 4209 1243 4271 peccato
1291 4201 1494 4258 dictum
1539 4214 1887 4275 acceperunt,
1922 4222 2028 4263 non
2073 4208 2195 4280 qui-

603 4294 728 4349 dem
763 4302 1043 4364 negantes,
1074 4293 1183 4349 imo
1215 4294 1381 4349 etiam
1417 4297 1560 4366 quod
1597 4297 1717 4353 aliis
1742 4298 1873 4354 locis
1900 4299 1955 4354 in
1995 4299 2193 4355 litteris

600 4401 792 4442 eorum
842 4385 1115 4440 invenitur
1154 4385 1243 4457 pie
1278 4386 1972 4458 conﬁtentesadjutorium
2002 4391 2191 4461 gratiae

601 4479 815 4535 Domini
845 4480 1017 4535 nostri
1047 4494 1155 4534 non
1183 4494 1283 4551 per
1319 4481 1622 4537 naturalem
1656 4482 1908 4558 spiritum
1931 4483 2186 4548 hominis,

599 4573 695 4629 sed
722 4588 819 4643 per
841 4571 1193 4643 principalem
1224 4572 1483 4644 Spiritum
1510 4576 1626 4631 Dei.
1656 4575 1758 4642 Qui
1794 4592 1986 4648 parum
2009 4577 2189 4632 viden-

602 4676 690 4722 tur
721 4667 1096 4739 considerasse
1132 4667 1307 4738 ipsum
1346 4668 1665 4726 Zachariam
1698 4669 1864 4725 luisse
1890 4670 2053 4725 etiam
2102 4684 2187 4725 sa-

592 4760 892 4819 cerdotem.
927 4779 945 4813 ‹
982 4760 1185 4816 Omnes
1222 4771 1403 4816 autem
1433 4770 1556 4816 tunc
1607 4762 1915 4835 sacerdotes
1967 4775 2187 4816 necesse

594 4849 871 4908 habebant
891 4866 959 4905 ex
980 4850 1206 4920 tegeDei
1227 4852 1476 4921 primitus
1497 4867 1594 4922 pro
1609 4852 1847 4923 peccatis
1869 4852 1981 4907 suis
1991 4850 2187 4907 oll‘erre

594 4941 950 5010 sacriﬁcium,
985 4943 1180 4999 deinde
1208 4958 1307 5013 pro
1334 4944 1530 5015 populo
1566 4942 1756 5016 (Hebr.
1779 4960 1834 5011 v,
1863 4945 1941 5017 5).
1978 4964 1997 4996 ι
2035 4943 2186 4999 Sicut

598 5048 729 5103 ergo
773 5050 920 5090 nunc
974 5049 1073 5104 per
1129 5035 1389 5091 orationis
1437 5034 1761 5090 sacriﬁcium
1813 5020 2186 5091 convincitnur

598 5138 707 5178 non
736 5139 855 5180 esse
883 5124 1002 5181 sine
1043 5134 1267 5195 peccato
1298 5126 1553 5195 quoniam
1589 5125 1724 5195 jussi
1756 5140 1943 5181 sumus
1969 5125 2184 5181 dicere:

603 5234 622 5266 ι
657 5216 876 5272 Dimitte
907 5217 1062 5272 nobis
1098 5218 1277 5274 debita
1303 5226 1487 5274 nostra
1513 5216 1729 5290 (Matth.
1777 5232 1867 5283 vt,
1898 5216 2007 5289 ιε).
2058 5236 2075 5268 ›
2111 5215 2186 5270 lta

595 5315 654 5363 et
675 5316 803 5361 tunc
816 5309 1187 5377 persacriﬁcia
1200 5310 1538 5366 victimarum
1561 5309 1877 5385 animalium
1904 5310 2189 5365 convince-

594 5398 800 5456 bantur
830 5400 1141 5457 sacerdotes
1185 5403 1303 5460 sine
1351 5411 1576 5474 peccato
1622 5418 1729 5459 non
1771 5418 1910 5469 esse,
1947 5406 2038 5473 qui
2090 5419 2188 5473 pro

594 5492 711 5552 suis
746 5492 1327 5565 peccatisjubcbantur
1352 5494 1568 5552 otl‘erre.
1614 5495 1767 5564 Quod
1814 5496 1856 5552 si
1891 5512 1978 5552 res
2020 5496 2092 5552 ita
2125 5511 2183 5552 se

594 5587 777 5657 habet,
803 5596 863 5645 ut
888 5603 984 5660 per
1005 5588 1231 5659 gratiam
1268 5587 1564 5645 Salvatoris
1590 5589 1937 5660 proficiamus
1965 5589 2182 5659 quidem

595 5679 650 5735 in
672 5680 776 5736 hac
798 5681 927 5748 vita,
950 5679 1231 5736 deﬁciente
1253 5681 1569 5753 cupiditate,
1597 5682 1864 5737 cbaritate
1885 5689 2181 5750 crescente,

593 5772 939 5842 perﬁciamur
963 5782 1145 5829 autem
1170 5773 1227 5828 in
1258 5772 1345 5829 illa
1391 5776 1522 5841 vita,
1565 5776 1860 5845 cupiditate
1894 5773 2181 5841 exstincta,

595 5863 864 5924 cbaritate
886 5865 1173 5936 completa,
1201 5866 1446 5938 profecto
1469 5866 1599 5922 illud
1621 5854 1762 5937 quod
1784 5868 2047 5939 scriptum
2064 5875 2146 5923 est
2166 5886 2179 5921 :

2305 3383 2413 3439 quo
2440 3368 2605 3424 etiam
2628 3378 2752 3424 tuus
2786 3370 3069 3426 abundans
3103 3381 3321 3427 emanat
3347 3373 3518 3444 capite
3538 3370 3799 3427 ﬂuentorum.

2305 3464 2407 3518 hoc
2437 3472 2622 3534 aperte
2643 3463 2877 3535 probare
2903 3462 3174 3521 voluimus
3204 3465 3311 3521 tuis
3342 3464 3609 3536 rescriptis
3632 3462 3686 3517 de
3706 3471 3800 3513 com-

2304 3556 2451 3610 muni
2479 3556 2894 3627 participatione
2921 3558 3083 3613 unius
3111 3558 3301 3628 gratiae
3350 3557 3620 3615 consolari.

2362 3646 2691 3717 Rescriptum
2721 3646 3019 3703 Innocentii
3052 3666 3205 3720 papae
3230 3651 3295 3704 de
3317 3648 3533 3721 Pelagio
3557 3645 3760 3702 heretico.

2371 3739 2746 3806 lauocaarws,
2770 3739 3037 3809 Aunauo,
3059 3739 3275 3810 ALtrto,
3303 3741 3619 3805 Ancusrtao,
3643 3737 3799 3794 Evooto.

2298 3829 2546 3887 Passmto
2561 3831 2846 3904 episcopis.
2868 3832 3085 3889 Sanctae
3100 3831 3463 3891 fraternitatis
3478 3828 3799 3891 vestraelitlem

2296 3923 2485 3995 plenas
2496 3925 2623 3980 ﬁdei
2640 3933 2860 3997 totoque
2872 3926 3147 3998 religionis
3158 3927 3441 3984 catholica:
3455 3926 3620 3997 vigore
3632 3923 3800 3977 ﬁrmatas

2297 4030 2327 4070 a
2365 4014 2520 4071 vobis
2560 4015 2756 4073 missas
2790 4023 2846 4071 et
2888 4016 3133 4074 conciliis
3179 4019 3378 4074 vestris
3423 4032 3516 4089 per
3552 4014 3729 4069 fratrem
3763 4013 3798 4059 et

2295 4109 2672 4179 coepiscopum
2719 4116 2971 4165 nostrum
3011 4108 3214 4165 Julium
3258 4117 3508 4183 pergrato
3547 4101 3798 4174 suscepimus

2295 4200 2479 4255 animo
2512 4216 2526 4255 :
2579 4200 2726 4271 quod
2748 4214 2937 4256 earum
2970 4210 3127 4257 tenor
3173 4202 3459 4272 omnisque
3501 4193 3729 4254 contextio
3762 4186 3796 4240 in

2295 4291 2732 4348 consideratione
2753 4292 3086 4363 quotidiana:
3126 4293 3315 4365 gratiae
3360 4293 3475 4360 Dei,
3514 4301 3563 4347 et
3600 4290 3645 4344 in
3667 4292 3794 4340 eorum

2293 4384 2630 4440 correctione
2700 4384 2792 4454 qui
2845 4396 3034 4440 contra
3092 4386 3332 4441 sentiunt
3402 4387 3595 4456 integra
3648 4373 3796 4433 ratione

2291 4474 2582 4542 consistit;
2620 4482 2675 4529 et
2696 4482 2756 4529 ut
2791 4474 2896 4530 illis
2923 4491 3140 4532 omnem
3187 4476 3375 4534 tollere
3408 4476 3567 4548 possit
3603 4475 3792 4527 errorem.

2291 4575 2347 4621 et
2376 4567 2570 4622 idoneo
2613 4568 2741 4623 dato
2781 4568 2974 4638 quovis
3004 4577 3202 4625 nostrae
3250 4568 3386 4641 legis
3426 4562 3794 4636 exemplo.“em

2296 4661 2448 4731 sequi
2510 4660 2708 4716 debeat
2749 4660 2970 4732 dignum
3030 4661 3239 4731 possint
3298 4662 3533 4732 praebere
3571 4656 3792 4711 doctorem

2296 4755 2404 4811 Sed
2475 4754 2543 4810 de
2623 4754 2749 4820 his,
2838 4764 2896 4808 ut
2980 4753 3255 4820 arbitror,
3336 4752 3452 4824 jam
3509 4747 3625 4805 satis
3680 4745 3791 4806 Sull“

2296 4845 2549 4901 diximus.
2630 4843 2737 4904 Sed
2823 4840 3050 4900 subinde
3148 4852 3337 4899 contra
3416 4855 3507 4898 eos
3569 4825 3789 4922 subvenit“.

2296 4936 2456 5008 182
2485 4945 2541 4991 Cl
2583 4936 2889 5008 suppeditat
2930 4937 3074 5007 quod
3130 4936 3371 5002 dicatur,
3424 4948 3519 4989 nec
3552 4915 3791 5017 potest

2293 5028 2510 5097 quando
2541 5029 2730 5084 deesse
2751 5027 2894 5100 quod
2920 5028 3101 5083 vincat
3146 5042 3269 5081 cum
3322 5038 3432 5080 tam
3477 5024 3692 5079 miserum
3723 5018 3790 5100 tm-

2292 5096 2550 5191 piumque
2598 5120 2668 5173 sit
2698 5096 2840 5189 quod
2879 5129 3079 5175 nostra:
3112 5120 3309 5173 virtute
3354 5112 3475 5170 ﬁdei
3501 5120 3552 5167 et
3581 5110 3673 5177 ipsa
3708 5096 3788 5170 Pl"

2293 5211 2416 5266 nius
2446 5211 2670 5265 veritate
2698 5212 2964 5264 vincatur.
2996 5210 3099 5277 Qui
3129 5210 3272 5263 enim
3303 5222 3512 5264 omnem
3541 5201 3646 5256 vita:
3683 5198 3786 5258 εΡθ¹¹¹

2295 5309 2498 5378 re5puit
2526 5315 2689 5377 atque
2730 5306 3057 5375 contempsit
3088 5304 3306 5359 inimica
3335 5294 3692 5362 damnabiliquc

2291 5368 2450 5455 suum
2509 5368 2874 5469 disputatione
2917 5368 3293 5464 confundens,
3339 5410 3459 5451 cum
3512 5384 3659 5446 credit
3693 5368 3783 5469 niltil

2291 5506 2413 5548 esse
2457 5466 2610 5562 quod
2648 5506 2678 5545 a
2724 5489 2833 5545 Deo
2886 5488 3160 5559 accipiat,
3207 5501 3277 5541 ne
3323 5481 3512 5555 aliquid
3552 5466 3784 5562 super“?

2293 5585 2437 5657 quod
2462 5554 2612 5656 petat
2646 5585 2714 5640 ad
2745 5554 3047 5639 sanandum
3072 5624 3087 5651 ,
3135 5582 3228 5637 sed
3252 5578 3343 5653 qui
3369 5554 3467 5634 sibi
3494 5575 3585 5630 hoc
3621 5554 3784 5657 abstulii

2292 5655 2520 5733 ulterius
2563 5673 2691 5746 quid
2720 5672 2976 5745 reliquit?
3005 5672 3065 5728 Si
3093 5687 3223 5743 ergo
3266 5679 3391 5728 sunt
3416 5663 3587 5736 aliqui,
3608 5665 3714 5746 ίιυοξ
3745 5655 3782 5746 ξίῗ

2294 5768 2379 5824 sui
2406 5740 2779 5822 defensionem
2826 5740 3336 5837 perversitasvtanta
3375 5756 3563 5821 deﬁxit,
3589 5745 3662 5820 qui
3694 5740 3781 5837 Ιξυῖιξ

2294 5876 2353 5919 se
2374 5860 2611 5932 dogmati
2642 5831 2845 5917 dedant
2881 5867 3045 5930 atque
3070 5856 3422 5929 conjungant,
3456 5848 3691 5921 sperantes
3709 5831 3781 5885 hoc
