  <div class='ocr_page' id='page_1' title='image "/cluster/home/n/w/nwhite01/storage/ocr_20150623/130/hvd.32044015471717/400.png"; bbox 0 0 3968 6512; ppageno 0'>
   <div class='ocr_carea' id='block_1_1' title="bbox 36 456 133 515">
    <p class='ocr_par' dir='ltr' id='par_1_1' title="bbox 36 456 133 515">
     <span class='ocr_line' id='line_1_1' title="bbox 36 456 133 515; baseline -0.021 0"><span class='ocrx_word' id='word_1_1' title='bbox 36 456 133 515; x_wconf 64' lang='lat'><strong>75!</strong></span> 
     </span>
    </p>
   </div>
   <div class='ocr_carea' id='block_1_2' title="bbox 1195 453 2126 518">
    <p class='ocr_par' dir='ltr' id='par_1_2' title="bbox 1195 453 2126 518">
     <span class='ocr_line' id='line_1_2' title="bbox 1195 453 2126 518; baseline -0.005 -3"><span class='ocrx_word' id='word_1_2' title='bbox 1195 456 1685 517; x_wconf 76' lang='lat' dir='ltr'><strong>DECRETALIUM</strong></span> <span class='ocrx_word' id='word_1_3' title='bbox 1725 453 2126 518; x_wconf 82' lang='lat' dir='ltr'><strong>COLLECTIO.</strong></span> 
     </span>
    </p>
   </div>
   <div class='ocr_carea' id='block_1_3' title="bbox 3204 450 3315 519">
    <p class='ocr_par' dir='ltr' id='par_1_3' title="bbox 3204 450 3315 519">
     <span class='ocr_line' id='line_1_3' title="bbox 3204 450 3315 519; baseline 0 -12"><span class='ocrx_word' id='word_1_4' title='bbox 3204 450 3315 519; x_wconf 69' lang='grc' dir='ltr'><strong>7ιᾷ</strong></span> 
     </span>
    </p>
   </div>
   <div class='ocr_carea' id='block_1_4' title="bbox 36 564 3316 643">
    <p class='ocr_par' dir='ltr' id='par_1_4' title="bbox 36 564 3316 643">
     <span class='ocr_line' id='line_1_4' title="bbox 36 564 3316 643; baseline 0 -19"><span class='ocrx_word' id='word_1_5' title='bbox 36 572 103 625; x_wconf 86' lang='lat' dir='ltr'><strong>ad</strong></span> <span class='ocrx_word' id='word_1_6' title='bbox 162 565 485 624; x_wconf 88' lang='lat' dir='ltr'><strong>catholicam</strong></span> <span class='ocrx_word' id='word_1_7' title='bbox 529 564 805 636; x_wconf 91' lang='lat' dir='ltr'><strong>pertinere</strong></span> <span class='ocrx_word' id='word_1_8' title='bbox 849 566 1176 636; x_wconf 75' lang='lat' dir='ltr'><strong>doctrinam,</strong></span> <span class='ocrx_word' id='word_1_9' title='bbox 1227 572 1370 643; x_wconf 90' lang='lat' dir='ltr'><strong>quod</strong></span> <span class='ocrx_word' id='word_1_10' title='bbox 1427 571 1627 628; x_wconf 87' lang='lat' dir='ltr'><strong>abhor-</strong></span> <span class='ocrx_word' id='word_1_11' title='bbox 1653 578 1702 637; x_wconf 79' lang='grc' dir='ltr'><strong>Α</strong></span> <span class='ocrx_word' id='word_1_12' title='bbox 1731 571 1958 627; x_wconf 83' lang='lat' dir='ltr'><strong>absolvi.</strong></span> <span class='ocrx_word' id='word_1_13' title='bbox 1988 569 2121 624; x_wconf 84' lang='lat' dir='ltr'><strong>Nam</strong></span> <span class='ocrx_word' id='word_1_14' title='bbox 2150 566 2195 623; x_wconf 91' lang='lat' dir='ltr'><strong>si</strong></span> <span class='ocrx_word' id='word_1_15' title='bbox 2243 567 2419 622; x_wconf 86' lang='lat' dir='ltr'><strong>adhuc</strong></span> <span class='ocrx_word' id='word_1_16' title='bbox 2445 567 2623 623; x_wconf 77' lang='lat' dir='ltr'><strong>taliter</strong></span> <span class='ocrx_word' id='word_1_17' title='bbox 2648 566 2832 630; x_wconf 90' lang='lat' dir='ltr'><strong>sentit,</strong></span> <span class='ocrx_word' id='word_1_18' title='bbox 2867 565 3087 635; x_wconf 83' lang='lat' dir='ltr'><strong>quando</strong></span> <span class='ocrx_word' id='word_1_19' title='bbox 3117 582 3175 623; x_wconf 88' lang='lat' dir='ltr'><strong>se</strong></span> <span class='ocrx_word' id='word_1_20' title='bbox 3218 582 3316 624; x_wconf 80' lang='lat' dir='ltr'><strong>no-</strong></span> 
     </span>
    </p>
   </div>
   <div class='ocr_carea' id='block_1_5' title="bbox 36 650 1623 730">
    <p class='ocr_par' dir='ltr' id='par_1_5' title="bbox 36 650 1623 730">
     <span class='ocr_line' id='line_1_5' title="bbox 36 650 1623 730; baseline 0.002 -16"><span class='ocrx_word' id='word_1_21' title='bbox 36 674 164 714; x_wconf 88' lang='lat' dir='ltr'><strong>rens</strong></span> <span class='ocrx_word' id='word_1_22' title='bbox 190 658 403 728; x_wconf 82' lang='lat' dir='ltr'><strong>longius</strong></span> <span class='ocrx_word' id='word_1_23' title='bbox 427 666 481 713; x_wconf 90' lang='lat' dir='ltr'><strong>et</strong></span> <span class='ocrx_word' id='word_1_24' title='bbox 516 650 734 728; x_wconf 69' lang='lat' dir='ltr'><strong>pellitus</strong></span> <span class='ocrx_word' id='word_1_25' title='bbox 785 661 1116 730; x_wconf 84' lang='lat' dir='ltr'><strong>approbatur</strong></span> <span class='ocrx_word' id='word_1_26' title='bbox 1162 663 1450 718; x_wconf 85' lang='lat' dir='ltr'><strong>adversum</strong></span> <span class='ocrx_word' id='word_1_27' title='bbox 1477 703 1492 728; x_wconf 95' lang='lat'><strong>,</strong></span> <span class='ocrx_word' id='word_1_28' title='bbox 1540 663 1623 717; x_wconf 91' lang='lat' dir='ltr'><strong>in-</strong></span> 
     </span>
    </p>
   </div>
   <div class='ocr_carea' id='block_1_6' title="bbox 33 750 1624 822">
    <p class='ocr_par' dir='ltr' id='par_1_6' title="bbox 33 750 1624 822">
     <span class='ocr_line' id='line_1_6' title="bbox 33 750 1624 822; baseline 0.002 -17"><span class='ocrx_word' id='word_1_29' title='bbox 33 752 160 807; x_wconf 85' lang='lat' dir='ltr'><strong>fecti</strong></span> <span class='ocrx_word' id='word_1_30' title='bbox 196 750 409 804; x_wconf 91' lang='lat' dir='ltr'><strong>illorum</strong></span> <span class='ocrx_word' id='word_1_31' title='bbox 460 760 515 805; x_wconf 88' lang='lat' dir='ltr'><strong>et</strong></span> <span class='ocrx_word' id='word_1_32' title='bbox 554 750 773 806; x_wconf 88' lang='lat' dir='ltr'><strong>monitis</strong></span> <span class='ocrx_word' id='word_1_33' title='bbox 799 760 854 805; x_wconf 89' lang='lat' dir='ltr'><strong>et</strong></span> <span class='ocrx_word' id='word_1_34' title='bbox 892 752 1074 807; x_wconf 83' lang='lat' dir='ltr'><strong>verbis</strong></span> <span class='ocrx_word' id='word_1_35' title='bbox 1114 753 1497 822; x_wconf 44' lang='lat' dir='ltr'><strong>ut&#39;baberent,</strong></span> <span class='ocrx_word' id='word_1_36' title='bbox 1544 755 1624 809; x_wconf 88' lang='lat' dir='ltr'><strong>in—</strong></span> 
     </span>
    </p>
   </div>
   <div class='ocr_carea' id='block_1_7' title="bbox 35 842 1623 912">
    <p class='ocr_par' dir='ltr' id='par_1_7' title="bbox 35 842 1623 912">
     <span class='ocr_line' id='line_1_7' title="bbox 35 842 1623 912; baseline 0.001 -16"><span class='ocrx_word' id='word_1_37' title='bbox 35 842 205 907; x_wconf 86' lang='lat' dir='ltr'><strong>ducti,</strong></span> <span class='ocrx_word' id='word_1_38' title='bbox 241 851 512 912; x_wconf 84' lang='lat' dir='ltr'><strong>quatenus</strong></span> <span class='ocrx_word' id='word_1_39' title='bbox 558 842 627 896; x_wconf 90' lang='lat' dir='ltr'><strong>ad</strong></span> <span class='ocrx_word' id='word_1_40' title='bbox 660 850 867 896; x_wconf 89' lang='lat' dir='ltr'><strong>rectum</strong></span> <span class='ocrx_word' id='word_1_41' title='bbox 913 842 1039 897; x_wconf 84' lang='lat' dir='ltr'><strong>vitae</strong></span> <span class='ocrx_word' id='word_1_42' title='bbox 1068 845 1337 899; x_wconf 85' lang='lat' dir='ltr'><strong>tramitem</strong></span> <span class='ocrx_word' id='word_1_43' title='bbox 1376 846 1623 910; x_wconf 84' lang='lat' dir='ltr'><strong>redeant,</strong></span> 
     </span>
    </p>
   </div>
   <div class='ocr_carea' id='block_1_8' title="bbox 36 932 1627 1002">
    <p class='ocr_par' dir='ltr' id='par_1_8' title="bbox 36 932 1627 1002">
     <span class='ocr_line' id='line_1_8' title="bbox 36 932 1627 1002; baseline 0.003 -16"><span class='ocrx_word' id='word_1_44' title='bbox 36 932 404 998; x_wconf 74' lang='lat' dir='ltr'><strong>festinabant,</strong></span> <span class='ocrx_word' id='word_1_45' title='bbox 457 946 526 987; x_wconf 90' lang='lat' dir='ltr'><strong>ne</strong></span> <span class='ocrx_word' id='word_1_46' title='bbox 576 932 781 988; x_wconf 87' lang='lat' dir='ltr'><strong>diutius</strong></span> <span class='ocrx_word' id='word_1_47' title='bbox 836 943 1072 990; x_wconf 89' lang='lat' dir='ltr'><strong>mentem</strong></span> <span class='ocrx_word' id='word_1_48' title='bbox 1126 935 1423 1002; x_wconf 85' lang='lat' dir='ltr'><strong>obsidens,</strong></span> <span class='ocrx_word' id='word_1_49' title='bbox 1480 935 1627 991; x_wconf 89' lang='lat' dir='ltr'><strong>velut</strong></span> 
     </span>
    </p>
   </div>
   <div class='ocr_carea' id='block_1_9' title="bbox 34 1023 1627 1095">
    <p class='ocr_par' dir='ltr' id='par_1_9' title="bbox 34 1023 1627 1095">
     <span class='ocr_line' id='line_1_9' title="bbox 34 1023 1627 1095; baseline 0.001 -17"><span class='ocrx_word' id='word_1_50' title='bbox 34 1024 206 1095; x_wconf 83' lang='lat' dir='ltr'><strong>pestis</strong></span> <span class='ocrx_word' id='word_1_51' title='bbox 229 1037 419 1078; x_wconf 90' lang='lat' dir='ltr'><strong>eorum</strong></span> <span class='ocrx_word' id='word_1_52' title='bbox 467 1023 714 1078; x_wconf 88' lang='lat' dir='ltr'><strong>sensibus</strong></span> <span class='ocrx_word' id='word_1_53' title='bbox 742 1037 900 1078; x_wconf 91' lang='lat' dir='ltr'><strong>error</strong></span> <span class='ocrx_word' id='word_1_54' title='bbox 929 1024 1169 1078; x_wconf 82' lang='lat' dir='ltr'><strong>invadat.</strong></span> <span class='ocrx_word' id='word_1_55' title='bbox 1218 1023 1353 1079; x_wconf 88' lang='lat' dir='ltr'><strong>Nam</strong></span> <span class='ocrx_word' id='word_1_56' title='bbox 1383 1025 1429 1081; x_wconf 93' lang='lat' dir='ltr'><strong>si</strong></span> <span class='ocrx_word' id='word_1_57' title='bbox 1470 1023 1627 1080; x_wconf 88' lang='lat' dir='ltr'><strong>Pela-</strong></span> 
     </span>
    </p>
   </div>
   <div class='ocr_carea' id='block_1_10' title="bbox 38 1112 1627 1184">
    <p class='ocr_par' dir='ltr' id='par_1_10' title="bbox 38 1112 1627 1184">
     <span class='ocr_line' id='line_1_10' title="bbox 38 1112 1627 1184; baseline 0.002 -18"><span class='ocrx_word' id='word_1_58' title='bbox 38 1116 157 1181; x_wconf 87' lang='lat' dir='ltr'><strong>gius</strong></span> <span class='ocrx_word' id='word_1_59' title='bbox 211 1125 540 1182; x_wconf 87' lang='lat' dir='ltr'><strong>quocunque</strong></span> <span class='ocrx_word' id='word_1_60' title='bbox 578 1112 781 1166; x_wconf 86' lang='lat' dir='ltr'><strong>restitit</strong></span> <span class='ocrx_word' id='word_1_61' title='bbox 833 1112 953 1168; x_wconf 90' lang='lat' dir='ltr'><strong>loco</strong></span> <span class='ocrx_word' id='word_1_62' title='bbox 991 1127 1180 1169; x_wconf 89' lang='lat' dir='ltr'><strong>eorum</strong></span> <span class='ocrx_word' id='word_1_63' title='bbox 1225 1115 1477 1179; x_wconf 89' lang='lat' dir='ltr'><strong>animos,</strong></span> <span class='ocrx_word' id='word_1_64' title='bbox 1534 1113 1627 1184; x_wconf 89' lang='lat' dir='ltr'><strong>qui</strong></span> 
     </span>
    </p>
   </div>
   <div class='ocr_carea' id='block_1_11' title="bbox 40 1202 1629 1277">
    <p class='ocr_par' dir='ltr' id='par_1_11' title="bbox 40 1202 1629 1277">
     <span class='ocr_line' id='line_1_11' title="bbox 40 1202 1629 1277; baseline 0.001 -17"><span class='ocrx_word' id='word_1_65' title='bbox 40 1205 194 1261; x_wconf 86' lang='lat' dir='ltr'><strong>facile</strong></span> <span class='ocrx_word' id='word_1_66' title='bbox 245 1203 339 1259; x_wconf 85' lang='lat' dir='ltr'><strong>vel</strong></span> <span class='ocrx_word' id='word_1_67' title='bbox 393 1202 715 1274; x_wconf 85' lang='lat' dir='ltr'><strong>simpliciter</strong></span> <span class='ocrx_word' id='word_1_68' title='bbox 780 1204 1070 1261; x_wconf 89' lang='lat' dir='ltr'><strong>crederent</strong></span> <span class='ocrx_word' id='word_1_69' title='bbox 1119 1205 1468 1277; x_wconf 86' lang='lat' dir='ltr'><strong>disputandi,</strong></span> <span class='ocrx_word' id='word_1_70' title='bbox 1525 1206 1629 1261; x_wconf 84' lang='lat' dir='ltr'><strong>hac</strong></span> 
     </span>
    </p>
   </div>
   <div class='ocr_carea' id='block_1_12' title="bbox 41 1293 1628 1364">
    <p class='ocr_par' dir='ltr' id='par_1_12' title="bbox 41 1293 1628 1364">
     <span class='ocr_line' id='line_1_12' title="bbox 41 1293 1628 1364; baseline -0.002 -13"><span class='ocrx_word' id='word_1_71' title='bbox 41 1295 408 1351; x_wconf 77' lang='lat' dir='ltr'><strong>afﬁrmatione</strong></span> <span class='ocrx_word' id='word_1_72' title='bbox 435 1294 669 1364; x_wconf 85' lang='lat' dir='ltr'><strong>decepit,</strong></span> <span class='ocrx_word' id='word_1_73' title='bbox 716 1308 812 1350; x_wconf 89' lang='lat' dir='ltr'><strong>seu</strong></span> <span class='ocrx_word' id='word_1_74' title='bbox 844 1295 932 1350; x_wconf 88' lang='lat' dir='ltr'><strong>hic</strong></span> <span class='ocrx_word' id='word_1_75' title='bbox 963 1294 1038 1349; x_wconf 91' lang='lat' dir='ltr'><strong>illi</strong></span> <span class='ocrx_word' id='word_1_76' title='bbox 1072 1295 1125 1350; x_wconf 90' lang='lat' dir='ltr'><strong>in</strong></span> <span class='ocrx_word' id='word_1_77' title='bbox 1151 1295 1285 1351; x_wconf 88' lang='lat' dir='ltr'><strong>urbe</strong></span> <span class='ocrx_word' id='word_1_78' title='bbox 1314 1302 1460 1360; x_wconf 91' lang='lat' dir='ltr'><strong>sunt,</strong></span> <span class='ocrx_word' id='word_1_79' title='bbox 1487 1293 1628 1364; x_wconf 90' lang='lat' dir='ltr'><strong>quod</strong></span> 
     </span>
    </p>
   </div>
   <div class='ocr_carea' id='block_1_13' title="bbox 42 1383 1627 1459">
    <p class='ocr_par' dir='ltr' id='par_1_13' title="bbox 42 1383 1627 1459">
     <span class='ocr_line' id='line_1_13' title="bbox 42 1383 1627 1459; baseline 0.001 -20"><span class='ocrx_word' id='word_1_80' title='bbox 42 1387 352 1441; x_wconf 86' lang='lat' dir='ltr'><strong>nescientes</strong></span> <span class='ocrx_word' id='word_1_81' title='bbox 376 1399 479 1439; x_wconf 87' lang='lat' dir='ltr'><strong>nec</strong></span> <span class='ocrx_word' id='word_1_82' title='bbox 507 1383 858 1440; x_wconf 86' lang='lat' dir='ltr'><strong>manifestare</strong></span> <span class='ocrx_word' id='word_1_83' title='bbox 900 1399 1224 1457; x_wconf 90' lang='lat' dir='ltr'><strong>possumus,</strong></span> <span class='ocrx_word' id='word_1_84' title='bbox 1258 1401 1359 1442; x_wconf 89' lang='lat' dir='ltr'><strong>nec</strong></span> <span class='ocrx_word' id='word_1_85' title='bbox 1403 1401 1627 1459; x_wconf 86' lang='lat' dir='ltr'><strong>negare,</strong></span> 
     </span>
    </p>
   </div>
   <div class='ocr_carea' id='block_1_14' title="bbox 41 1477 1629 1551">
    <p class='ocr_par' dir='ltr' id='par_1_14' title="bbox 41 1477 1629 1551">
     <span class='ocr_line' id='line_1_14' title="bbox 41 1477 1629 1551; baseline -0.002 -16"><span class='ocrx_word' id='word_1_86' title='bbox 41 1495 156 1535; x_wconf 87' lang='lat' dir='ltr'><strong>cum</strong></span> <span class='ocrx_word' id='word_1_87' title='bbox 194 1487 254 1533; x_wconf 88' lang='lat' dir='ltr'><strong>et</strong></span> <span class='ocrx_word' id='word_1_88' title='bbox 289 1479 339 1534; x_wconf 92' lang='lat' dir='ltr'><strong>si</strong></span> <span class='ocrx_word' id='word_1_89' title='bbox 362 1485 489 1534; x_wconf 87' lang='lat' dir='ltr'><strong>sunt</strong></span> <span class='ocrx_word' id='word_1_90' title='bbox 522 1477 750 1546; x_wconf 86' lang='lat' dir='ltr'><strong>lateant,</strong></span> <span class='ocrx_word' id='word_1_91' title='bbox 784 1492 885 1535; x_wconf 86' lang='lat' dir='ltr'><strong>nec</strong></span> <span class='ocrx_word' id='word_1_92' title='bbox 932 1480 1223 1551; x_wconf 87' lang='lat' dir='ltr'><strong>aliquando</strong></span> <span class='ocrx_word' id='word_1_93' title='bbox 1250 1479 1513 1546; x_wconf 86' lang='lat' dir='ltr'><strong>audeant,</strong></span> <span class='ocrx_word' id='word_1_94' title='bbox 1545 1477 1629 1535; x_wconf 89' lang='lat' dir='ltr'><strong>vel</strong></span> 
     </span>
    </p>
   </div>
   <div class='ocr_carea' id='block_1_15' title="bbox 44 1569 1630 1642">
    <p class='ocr_par' dir='ltr' id='par_1_15' title="bbox 44 1569 1630 1642">
     <span class='ocr_line' id='line_1_15' title="bbox 44 1569 1630 1642; baseline 0 -17"><span class='ocrx_word' id='word_1_95' title='bbox 44 1574 183 1626; x_wconf 85' lang='lat' dir='ltr'><strong>illum</strong></span> <span class='ocrx_word' id='word_1_96' title='bbox 213 1571 608 1642; x_wconf 57' lang='lat' dir='ltr'><strong>praedicantem</strong></span> <span class='ocrx_word' id='word_1_97' title='bbox 652 1570 754 1625; x_wconf 90' lang='lat' dir='ltr'><strong>ista</strong></span> <span class='ocrx_word' id='word_1_98' title='bbox 804 1569 1123 1636; x_wconf 86' lang='lat' dir='ltr'><strong>defendere,</strong></span> <span class='ocrx_word' id='word_1_99' title='bbox 1154 1569 1239 1626; x_wconf 91' lang='lat' dir='ltr'><strong>vel</strong></span> <span class='ocrx_word' id='word_1_100' title='bbox 1272 1569 1397 1625; x_wconf 90' lang='lat' dir='ltr'><strong>talia</strong></span> <span class='ocrx_word' id='word_1_101' title='bbox 1447 1570 1630 1641; x_wconf 89' lang='lat' dir='ltr'><strong>aliquo</strong></span> 
     </span>
    </p>
   </div>
   <div class='ocr_carea' id='block_1_16' title="bbox 43 1657 1633 1732">
    <p class='ocr_par' dir='ltr' id='par_1_16' title="bbox 43 1657 1633 1732">
     <span class='ocr_line' id='line_1_16' title="bbox 43 1657 1633 1732; baseline -0.003 -16"><span class='ocrx_word' id='word_1_102' title='bbox 43 1671 353 1718; x_wconf 88' lang='lat' dir='ltr'><strong>nostrorum</strong></span> <span class='ocrx_word' id='word_1_103' title='bbox 381 1667 649 1732; x_wconf 71' lang='lat' dir='ltr'><strong>praesente</strong></span> <span class='ocrx_word' id='word_1_104' title='bbox 671 1658 898 1730; x_wconf 88' lang='lat' dir='ltr'><strong>jactare,</strong></span> <span class='ocrx_word' id='word_1_105' title='bbox 929 1667 985 1713; x_wconf 91' lang='lat' dir='ltr'><strong>et</strong></span> <span class='ocrx_word' id='word_1_106' title='bbox 1012 1659 1064 1714; x_wconf 85' lang='lat' dir='ltr'><strong>in</strong></span> <span class='ocrx_word' id='word_1_107' title='bbox 1103 1667 1250 1714; x_wconf 85' lang='lat' dir='ltr'><strong>tanta</strong></span> <span class='ocrx_word' id='word_1_108' title='bbox 1278 1658 1459 1730; x_wconf 90' lang='lat' dir='ltr'><strong>populi</strong></span> <span class='ocrx_word' id='word_1_109' title='bbox 1495 1657 1633 1714; x_wconf 87' lang='lat' dir='ltr'><strong>mul-</strong></span> 
     </span>
    </p>
   </div>
   <div class='ocr_carea' id='block_1_17' title="bbox 44 1750 1630 1823">
    <p class='ocr_par' dir='ltr' id='par_1_17' title="bbox 44 1750 1630 1823">
     <span class='ocr_line' id='line_1_17' title="bbox 44 1750 1630 1823; baseline -0.002 -16"><span class='ocrx_word' id='word_1_110' title='bbox 44 1755 270 1809; x_wconf 86' lang='lat' dir='ltr'><strong>titudine</strong></span> <span class='ocrx_word' id='word_1_111' title='bbox 297 1751 634 1823; x_wconf 83' lang='lat' dir='ltr'><strong>deprehendi</strong></span> <span class='ocrx_word' id='word_1_112' title='bbox 660 1750 858 1822; x_wconf 85' lang='lat' dir='ltr'><strong>aliquis</strong></span> <span class='ocrx_word' id='word_1_113' title='bbox 896 1750 1054 1807; x_wconf 85' lang='lat' dir='ltr'><strong>facile</strong></span> <span class='ocrx_word' id='word_1_114' title='bbox 1089 1766 1192 1808; x_wconf 93' lang='lat' dir='ltr'><strong>nec</strong></span> <span class='ocrx_word' id='word_1_115' title='bbox 1220 1751 1418 1807; x_wconf 90' lang='lat' dir='ltr'><strong>alicubi</strong></span> <span class='ocrx_word' id='word_1_116' title='bbox 1457 1751 1630 1823; x_wconf 89' lang='lat' dir='ltr'><strong>possit</strong></span> 
     </span>
    </p>
   </div>
   <div class='ocr_carea' id='block_1_18' title="bbox 47 1841 1630 1915">
    <p class='ocr_par' dir='ltr' id='par_1_18' title="bbox 47 1841 1630 1915">
     <span class='ocr_line' id='line_1_18' title="bbox 47 1841 1630 1915; baseline 0 -18"><span class='ocrx_word' id='word_1_117' title='bbox 47 1844 286 1914; x_wconf 77' lang='lat' dir='ltr'><strong>agnosci,</strong></span> <span class='ocrx_word' id='word_1_118' title='bbox 324 1843 441 1898; x_wconf 86' lang='lat' dir='ltr'><strong>sive</strong></span> <span class='ocrx_word' id='word_1_119' title='bbox 472 1842 525 1897; x_wconf 92' lang='lat' dir='ltr'><strong>in</strong></span> <span class='ocrx_word' id='word_1_120' title='bbox 560 1844 754 1913; x_wconf 86' lang='lat' dir='ltr'><strong>quovis</strong></span> <span class='ocrx_word' id='word_1_121' title='bbox 782 1850 1063 1907; x_wconf 55' lang='lat' dir='ltr'><strong>terrarum,</strong></span> <span class='ocrx_word' id='word_1_122' title='bbox 1104 1841 1227 1899; x_wconf 88' lang='lat' dir='ltr'><strong>loco</strong></span> <span class='ocrx_word' id='word_1_123' title='bbox 1266 1843 1486 1915; x_wconf 78' lang='lat' dir='ltr'><strong>degant.</strong></span> <span class='ocrx_word' id='word_1_124' title='bbox 1536 1843 1630 1898; x_wconf 89' lang='lat' dir='ltr'><strong>Dei</strong></span> 
     </span>
    </p>
   </div>
   <div class='ocr_carea' id='block_1_19' title="bbox 1726 656 3311 731">
    <p class='ocr_par' dir='ltr' id='par_1_19' title="bbox 1726 656 3311 731">
     <span class='ocr_line' id='line_1_19' title="bbox 1726 656 3311 731; baseline -0.001 -14"><span class='ocrx_word' id='word_1_125' title='bbox 1726 673 1842 718; x_wconf 88' lang='lat' dir='ltr'><strong>stro</strong></span> <span class='ocrx_word' id='word_1_126' title='bbox 1876 660 2084 731; x_wconf 90' lang='lat' dir='ltr'><strong>judicio</strong></span> <span class='ocrx_word' id='word_1_127' title='bbox 2131 657 2411 729; x_wconf 89' lang='lat' dir='ltr'><strong>quibusvis</strong></span> <span class='ocrx_word' id='word_1_128' title='bbox 2454 656 2692 728; x_wconf 80' lang='lat' dir='ltr'><strong>acceptis</strong></span> <span class='ocrx_word' id='word_1_129' title='bbox 2743 656 2940 712; x_wconf 88' lang='lat' dir='ltr'><strong>litteris</strong></span> <span class='ocrx_word' id='word_1_130' title='bbox 2991 673 3117 714; x_wconf 90' lang='lat' dir='ltr'><strong>cum</strong></span> <span class='ocrx_word' id='word_1_131' title='bbox 3171 661 3311 715; x_wconf 84' lang='lat' dir='ltr'><strong>sciat</strong></span> 
     </span>
    </p>
   </div>
   <div class='ocr_carea' id='block_1_20' title="bbox 1725 747 3313 817">
    <p class='ocr_par' dir='ltr' id='par_1_20' title="bbox 1725 747 3313 817">
     <span class='ocr_line' id='line_1_20' title="bbox 1725 747 3313 817; baseline 0 -9"><span class='ocrx_word' id='word_1_132' title='bbox 1725 753 2086 809; x_wconf 90' lang='lat' dir='ltr'><strong>damnandum</strong></span> <span class='ocrx_word' id='word_1_133' title='bbox 2111 766 2169 807; x_wconf 89' lang='lat' dir='ltr'><strong>se</strong></span> <span class='ocrx_word' id='word_1_134' title='bbox 2204 765 2357 816; x_wconf 90' lang='lat' dir='ltr'><strong>esse,</strong></span> <span class='ocrx_word' id='word_1_135' title='bbox 2381 750 2700 806; x_wconf 89' lang='lat' dir='ltr'><strong>committet.</strong></span> <span class='ocrx_word' id='word_1_136' title='bbox 2726 747 2877 817; x_wconf 84' lang='lat' dir='ltr'><strong>Quod</strong></span> <span class='ocrx_word' id='word_1_137' title='bbox 2923 749 2970 805; x_wconf 90' lang='lat' dir='ltr'><strong>si</strong></span> <span class='ocrx_word' id='word_1_138' title='bbox 3018 764 3313 808; x_wconf 79' lang='lat' dir='ltr'><strong>accercen-</strong></span> 
     </span>
    </p>
   </div>
   <div class='ocr_carea' id='block_1_21' title="bbox 1727 838 3315 912">
    <p class='ocr_par' dir='ltr' id='par_1_21' title="bbox 1727 838 3315 912">
     <span class='ocr_line' id='line_1_21' title="bbox 1727 838 3315 912; baseline -0.003 -11"><span class='ocrx_word' id='word_1_139' title='bbox 1727 846 1826 901; x_wconf 90' lang='lat' dir='ltr'><strong>dus</strong></span> <span class='ocrx_word' id='word_1_140' title='bbox 1844 852 2007 910; x_wconf 89' lang='lat' dir='ltr'><strong>esset,</strong></span> <span class='ocrx_word' id='word_1_141' title='bbox 2034 843 2102 899; x_wconf 91' lang='lat' dir='ltr'><strong>ab</strong></span> <span class='ocrx_word' id='word_1_142' title='bbox 2139 842 2222 898; x_wconf 90' lang='lat' dir='ltr'><strong>bis</strong></span> <span class='ocrx_word' id='word_1_143' title='bbox 2272 840 2461 897; x_wconf 90' lang='lat' dir='ltr'><strong>melius</strong></span> <span class='ocrx_word' id='word_1_144' title='bbox 2489 840 2643 896; x_wconf 87' lang='lat' dir='ltr'><strong>fieret</strong></span> <span class='ocrx_word' id='word_1_145' title='bbox 2677 839 2769 910; x_wconf 93' lang='lat' dir='ltr'><strong>qui</strong></span> <span class='ocrx_word' id='word_1_146' title='bbox 2797 840 2970 912; x_wconf 90' lang='lat' dir='ltr'><strong>magis</strong></span> <span class='ocrx_word' id='word_1_147' title='bbox 3000 838 3234 911; x_wconf 77' lang='lat' dir='ltr'><strong>proximi</strong></span> <span class='ocrx_word' id='word_1_148' title='bbox 3254 850 3315 897; x_wconf 82' lang='lat' dir='ltr'><strong>ot</strong></span> 
     </span>
    </p>
   </div>
   <div class='ocr_carea' id='block_1_22' title="bbox 1666 930 3315 1007">
    <p class='ocr_par' dir='ltr' id='par_1_22' title="bbox 1666 930 3315 1007">
     <span class='ocr_line' id='line_1_22' title="bbox 1666 930 3315 1007; baseline -0.001 -20"><span class='ocrx_word' id='word_1_149' title='bbox 1666 972 1677 987; x_wconf 91' lang='lat'><strong>.</strong></span> <span class='ocrx_word' id='word_1_150' title='bbox 1727 951 1835 991; x_wconf 88' lang='lat' dir='ltr'><strong>non</strong></span> <span class='ocrx_word' id='word_1_151' title='bbox 1875 933 2034 1007; x_wconf 90' lang='lat' dir='ltr'><strong>longo</strong></span> <span class='ocrx_word' id='word_1_152' title='bbox 2078 941 2345 989; x_wconf 86' lang='lat' dir='ltr'><strong>terrarum</strong></span> <span class='ocrx_word' id='word_1_153' title='bbox 2393 932 2569 1002; x_wconf 91' lang='lat' dir='ltr'><strong>spatio</strong></span> <span class='ocrx_word' id='word_1_154' title='bbox 2596 931 2851 987; x_wconf 90' lang='lat' dir='ltr'><strong>videntur</strong></span> <span class='ocrx_word' id='word_1_155' title='bbox 2881 945 3002 985; x_wconf 90' lang='lat' dir='ltr'><strong>esse</strong></span> <span class='ocrx_word' id='word_1_156' title='bbox 3036 930 3315 1001; x_wconf 71' lang='lat' dir='ltr'><strong>disiuncti,</strong></span> 
     </span>
    </p>
   </div>
   <div class='ocr_carea' id='block_1_23' title="bbox 1730 1022 3320 1096">
    <p class='ocr_par' dir='ltr' id='par_1_23' title="bbox 1730 1022 3320 1096">
     <span class='ocr_line' id='line_1_23' title="bbox 1730 1022 3320 1096; baseline -0.003 -15"><span class='ocrx_word' id='word_1_157' title='bbox 1730 1026 1824 1082; x_wconf 91' lang='lat' dir='ltr'><strong>sed</strong></span> <span class='ocrx_word' id='word_1_158' title='bbox 1853 1042 1959 1083; x_wconf 93' lang='lat' dir='ltr'><strong>non</strong></span> <span class='ocrx_word' id='word_1_159' title='bbox 2008 1024 2181 1081; x_wconf 89' lang='lat' dir='ltr'><strong>deerit</strong></span> <span class='ocrx_word' id='word_1_160' title='bbox 2233 1038 2363 1080; x_wconf 90' lang='lat' dir='ltr'><strong>cura</strong></span> <span class='ocrx_word' id='word_1_161' title='bbox 2402 1023 2448 1079; x_wconf 92' lang='lat' dir='ltr'><strong>si</strong></span> <span class='ocrx_word' id='word_1_162' title='bbox 2480 1023 2762 1079; x_wconf 86' lang='lat' dir='ltr'><strong>medicinae</strong></span> <span class='ocrx_word' id='word_1_163' title='bbox 2788 1022 3028 1096; x_wconf 67' lang='lat' dir='ltr'><strong>praebeat</strong></span> <span class='ocrx_word' id='word_1_164' title='bbox 3072 1022 3162 1080; x_wconf 90' lang='lat' dir='ltr'><strong>ille</strong></span> <span class='ocrx_word' id='word_1_165' title='bbox 3208 1039 3320 1078; x_wconf 87' lang='lat' dir='ltr'><strong>ma-</strong></span> 
     </span>
    </p>
   </div>
   <div class='ocr_carea' id='block_1_24' title="bbox 1731 1115 3318 1187">
    <p class='ocr_par' dir='ltr' id='par_1_24' title="bbox 1731 1115 3318 1187">
     <span class='ocr_line' id='line_1_24' title="bbox 1731 1115 3318 1187; baseline -0.003 -15"><span class='ocrx_word' id='word_1_166' title='bbox 1731 1117 1943 1172; x_wconf 89' lang='lat' dir='ltr'><strong>teriam.</strong></span> <span class='ocrx_word' id='word_1_167' title='bbox 1976 1116 2161 1172; x_wconf 92' lang='lat' dir='ltr'><strong>Potest</strong></span> <span class='ocrx_word' id='word_1_168' title='bbox 2189 1116 2332 1171; x_wconf 91' lang='lat' dir='ltr'><strong>enim</strong></span> <span class='ocrx_word' id='word_1_169' title='bbox 2365 1115 2624 1170; x_wconf 88' lang='lat' dir='ltr'><strong>damnare</strong></span> <span class='ocrx_word' id='word_1_170' title='bbox 2651 1131 2772 1187; x_wconf 67' lang='lat' dir='ltr'><strong>qum</strong></span> <span class='ocrx_word' id='word_1_171' title='bbox 2800 1124 3047 1172; x_wconf 86' lang='lat' dir='ltr'><strong>senserat</strong></span> <span class='ocrx_word' id='word_1_172' title='bbox 3084 1131 3151 1171; x_wconf 90' lang='lat' dir='ltr'><strong>ac</strong></span> <span class='ocrx_word' id='word_1_173' title='bbox 3175 1116 3318 1171; x_wconf 89' lang='lat' dir='ltr'><strong>datis</strong></span> 
     </span>
    </p>
   </div>
   <div class='ocr_carea' id='block_1_25' title="bbox 1731 1206 3322 1279">
    <p class='ocr_par' dir='ltr' id='par_1_25' title="bbox 1731 1206 3322 1279">
     <span class='ocr_line' id='line_1_25' title="bbox 1731 1206 3322 1279; baseline 0.003 -18"><span class='ocrx_word' id='word_1_174' title='bbox 1731 1207 1926 1263; x_wconf 89' lang='lat' dir='ltr'><strong>litteris</strong></span> <span class='ocrx_word' id='word_1_175' title='bbox 1951 1208 2157 1263; x_wconf 89' lang='lat' dir='ltr'><strong>erroris</strong></span> <span class='ocrx_word' id='word_1_176' title='bbox 2203 1206 2310 1273; x_wconf 91' lang='lat' dir='ltr'><strong>sui,</strong></span> <span class='ocrx_word' id='word_1_177' title='bbox 2341 1215 2399 1261; x_wconf 91' lang='lat' dir='ltr'><strong>ut</strong></span> <span class='ocrx_word' id='word_1_178' title='bbox 2434 1221 2742 1279; x_wconf 77' lang='lat' dir='ltr'><strong>regressum</strong></span> <span class='ocrx_word' id='word_1_179' title='bbox 2773 1208 2840 1262; x_wconf 90' lang='lat' dir='ltr'><strong>ad</strong></span> <span class='ocrx_word' id='word_1_180' title='bbox 2888 1221 2990 1263; x_wconf 89' lang='lat' dir='ltr'><strong>nos</strong></span> <span class='ocrx_word' id='word_1_181' title='bbox 3032 1208 3187 1264; x_wconf 85' lang='lat' dir='ltr'><strong>decet</strong></span> <span class='ocrx_word' id='word_1_182' title='bbox 3225 1222 3322 1265; x_wconf 82' lang='lat' dir='ltr'><strong>ve—</strong></span> 
     </span>
    </p>
   </div>
   <div class='ocr_carea' id='block_1_26' title="bbox 1732 1294 3317 1368">
    <p class='ocr_par' dir='ltr' id='par_1_26' title="bbox 1732 1294 3317 1368">
     <span class='ocr_line' id='line_1_26' title="bbox 1732 1294 3317 1368; baseline 0.002 -18"><span class='ocrx_word' id='word_1_183' title='bbox 1732 1297 1877 1351; x_wconf 87' lang='lat' dir='ltr'><strong>niam</strong></span> <span class='ocrx_word' id='word_1_184' title='bbox 1915 1295 2208 1368; x_wconf 89' lang='lat' dir='ltr'><strong>postulare,</strong></span> <span class='ocrx_word' id='word_1_185' title='bbox 2265 1294 2464 1368; x_wconf 86' lang='lat' dir='ltr'><strong>fratres</strong></span> <span class='ocrx_word' id='word_1_186' title='bbox 2515 1296 2842 1352; x_wconf 88' lang='lat' dir='ltr'><strong>charissimi.</strong></span> <span class='ocrx_word' id='word_1_187' title='bbox 2906 1297 3125 1352; x_wconf 92' lang='lat' dir='ltr'><strong>Librum</strong></span> <span class='ocrx_word' id='word_1_188' title='bbox 3184 1313 3317 1353; x_wconf 89' lang='lat' dir='ltr'><strong>sane</strong></span> 
     </span>
    </p>
   </div>
   <div class='ocr_carea' id='block_1_27' title="bbox 1730 1388 3313 1460">
    <p class='ocr_par' dir='ltr' id='par_1_27' title="bbox 1730 1388 3313 1460">
     <span class='ocr_line' id='line_1_27' title="bbox 1730 1388 3313 1460; baseline 0 -17"><span class='ocrx_word' id='word_1_189' title='bbox 1730 1391 1823 1460; x_wconf 87' lang='lat' dir='ltr'><strong>qui</strong></span> <span class='ocrx_word' id='word_1_190' title='bbox 1877 1389 1995 1460; x_wconf 86' lang='lat' dir='ltr'><strong>ejus</strong></span> <span class='ocrx_word' id='word_1_191' title='bbox 2042 1404 2163 1445; x_wconf 88' lang='lat' dir='ltr'><strong>esse</strong></span> <span class='ocrx_word' id='word_1_192' title='bbox 2214 1388 2497 1445; x_wconf 89' lang='lat' dir='ltr'><strong>dicebatur</strong></span> <span class='ocrx_word' id='word_1_193' title='bbox 2555 1390 2711 1445; x_wconf 91' lang='lat' dir='ltr'><strong>nobis</strong></span> <span class='ocrx_word' id='word_1_194' title='bbox 2740 1405 2772 1444; x_wconf 89' lang='lat' dir='ltr'><strong>a</strong></span> <span class='ocrx_word' id='word_1_195' title='bbox 2821 1399 3004 1444; x_wconf 85' lang='lat' dir='ltr'><strong>vestra</strong></span> <span class='ocrx_word' id='word_1_196' title='bbox 3041 1389 3313 1445; x_wconf 88' lang='lat' dir='ltr'><strong>charitate</strong></span> 
     </span>
    </p>
   </div>
   <div class='ocr_carea' id='block_1_28' title="bbox 1731 1478 3316 1549">
    <p class='ocr_par' dir='ltr' id='par_1_28' title="bbox 1731 1478 3316 1549">
     <span class='ocr_line' id='line_1_28' title="bbox 1731 1478 3316 1549; baseline -0.002 -14"><span class='ocrx_word' id='word_1_197' title='bbox 1731 1480 2111 1537; x_wconf 86' lang='lat' dir='ltr'><strong>transmissum</strong></span> <span class='ocrx_word' id='word_1_198' title='bbox 2159 1479 2481 1544; x_wconf 90' lang='lat' dir='ltr'><strong>evolvimus,</strong></span> <span class='ocrx_word' id='word_1_199' title='bbox 2520 1480 2573 1534; x_wconf 91' lang='lat' dir='ltr'><strong>in</strong></span> <span class='ocrx_word' id='word_1_200' title='bbox 2621 1495 2728 1549; x_wconf 91' lang='lat' dir='ltr'><strong>quo</strong></span> <span class='ocrx_word' id='word_1_201' title='bbox 2773 1478 2943 1534; x_wconf 89' lang='lat' dir='ltr'><strong>multa</strong></span> <span class='ocrx_word' id='word_1_202' title='bbox 3002 1478 3316 1549; x_wconf 73' lang='lat' dir='ltr'><strong>blaspheme</strong></span> 
     </span>
    </p>
   </div>
   <div class='ocr_carea' id='block_1_29' title="bbox 1731 1569 3313 1642">
    <p class='ocr_par' dir='ltr' id='par_1_29' title="bbox 1731 1569 3313 1642">
     <span class='ocr_line' id='line_1_29' title="bbox 1731 1569 3313 1642; baseline -0.002 -16"><span class='ocrx_word' id='word_1_203' title='bbox 1731 1580 1905 1638; x_wconf 89' lang='lat' dir='ltr'><strong>erant,</strong></span> <span class='ocrx_word' id='word_1_204' title='bbox 1930 1571 2064 1626; x_wconf 82' lang='lat' dir='ltr'><strong>nihil</strong></span> <span class='ocrx_word' id='word_1_205' title='bbox 2096 1569 2238 1641; x_wconf 91' lang='lat' dir='ltr'><strong>quod</strong></span> <span class='ocrx_word' id='word_1_206' title='bbox 2288 1569 2548 1640; x_wconf 88' lang='lat' dir='ltr'><strong>placeret,</strong></span> <span class='ocrx_word' id='word_1_207' title='bbox 2581 1570 2715 1626; x_wconf 88' lang='lat' dir='ltr'><strong>nihil</strong></span> <span class='ocrx_word' id='word_1_208' title='bbox 2760 1571 2905 1641; x_wconf 89' lang='lat' dir='ltr'><strong>quod</strong></span> <span class='ocrx_word' id='word_1_209' title='bbox 2936 1571 3153 1642; x_wconf 87' lang='lat' dir='ltr'><strong>penitus</strong></span> <span class='ocrx_word' id='word_1_210' title='bbox 3198 1584 3313 1626; x_wconf 89' lang='lat' dir='ltr'><strong>non</strong></span> 
     </span>
    </p>
   </div>
   <div class='ocr_carea' id='block_1_30' title="bbox 1732 1660 3319 1735">
    <p class='ocr_par' dir='ltr' id='par_1_30' title="bbox 1732 1660 3319 1735">
     <span class='ocr_line' id='line_1_30' title="bbox 1732 1660 3319 1735; baseline -0.001 -18"><span class='ocrx_word' id='word_1_211' title='bbox 1732 1662 2058 1733; x_wconf 89' lang='lat' dir='ltr'><strong>displiceret,</strong></span> <span class='ocrx_word' id='word_1_212' title='bbox 2089 1676 2120 1716; x_wconf 92' lang='lat' dir='ltr'><strong>a</strong></span> <span class='ocrx_word' id='word_1_213' title='bbox 2150 1661 2343 1731; x_wconf 89' lang='lat' dir='ltr'><strong>quovis</strong></span> <span class='ocrx_word' id='word_1_214' title='bbox 2371 1660 2737 1718; x_wconf 90' lang='lat' dir='ltr'><strong>damnandum</strong></span> <span class='ocrx_word' id='word_1_215' title='bbox 2767 1670 2930 1735; x_wconf 90' lang='lat' dir='ltr'><strong>atque</strong></span> <span class='ocrx_word' id='word_1_216' title='bbox 2981 1661 3319 1726; x_wconf 87' lang='lat' dir='ltr'><strong>calcandum,</strong></span> 
     </span>
    </p>
   </div>
   <div class='ocr_carea' id='block_1_31' title="bbox 1733 1752 3314 1825">
    <p class='ocr_par' dir='ltr' id='par_1_31' title="bbox 1733 1752 3314 1825">
     <span class='ocr_line' id='line_1_31' title="bbox 1733 1752 3314 1825; baseline -0.003 -14"><span class='ocrx_word' id='word_1_217' title='bbox 1733 1753 1886 1824; x_wconf 90' lang='lat' dir='ltr'><strong>cujus</strong></span> <span class='ocrx_word' id='word_1_218' title='bbox 1907 1754 2104 1811; x_wconf 90' lang='lat' dir='ltr'><strong>similia</strong></span> <span class='ocrx_word' id='word_1_219' title='bbox 2132 1753 2235 1809; x_wconf 90' lang='lat' dir='ltr'><strong>nisi</strong></span> <span class='ocrx_word' id='word_1_220' title='bbox 2264 1752 2356 1825; x_wconf 91' lang='lat' dir='ltr'><strong>qui</strong></span> <span class='ocrx_word' id='word_1_221' title='bbox 2386 1753 2490 1810; x_wconf 87' lang='lat' dir='ltr'><strong>ista</strong></span> <span class='ocrx_word' id='word_1_222' title='bbox 2530 1754 2846 1824; x_wconf 86' lang='lat' dir='ltr'><strong>scripserat,</strong></span> <span class='ocrx_word' id='word_1_223' title='bbox 2893 1769 3054 1811; x_wconf 91' lang='lat' dir='ltr'><strong>nemo</strong></span> <span class='ocrx_word' id='word_1_224' title='bbox 3093 1754 3231 1809; x_wconf 91' lang='lat' dir='ltr'><strong>alter</strong></span> <span class='ocrx_word' id='word_1_225' title='bbox 3262 1754 3314 1809; x_wconf 77' lang='lat' dir='ltr'><strong>in</strong></span> 
     </span>
    </p>
   </div>
   <div class='ocr_carea' id='block_1_32' title="bbox 1733 1842 3301 1917">
    <p class='ocr_par' dir='ltr' id='par_1_32' title="bbox 1733 1842 3301 1917">
     <span class='ocr_line' id='line_1_32' title="bbox 1733 1842 3301 1917; baseline -0.003 -14"><span class='ocrx_word' id='word_1_226' title='bbox 1733 1855 1971 1903; x_wconf 70' lang='lat' dir='ltr'><strong>mentem</strong></span> <span class='ocrx_word' id='word_1_227' title='bbox 2029 1845 2299 1917; x_wconf 85' lang='lat' dir='ltr'><strong>reciperet</strong></span> <span class='ocrx_word' id='word_1_228' title='bbox 2346 1854 2509 1916; x_wconf 92' lang='lat' dir='ltr'><strong>atque</strong></span> <span class='ocrx_word' id='word_1_229' title='bbox 2572 1844 2819 1900; x_wconf 89' lang='lat' dir='ltr'><strong>sentiret.</strong></span> <span class='ocrx_word' id='word_1_230' title='bbox 2878 1843 3016 1899; x_wconf 83' lang='lat' dir='ltr'><strong>Nam</strong></span> <span class='ocrx_word' id='word_1_231' title='bbox 3053 1843 3156 1899; x_wconf 90' lang='lat' dir='ltr'><strong>hoc</strong></span> <span class='ocrx_word' id='word_1_232' title='bbox 3200 1842 3301 1899; x_wconf 78' lang='lat' dir='ltr'><strong>loci</strong></span> 
     </span>
    </p>
   </div>
   <div class='ocr_carea' id='block_1_33' title="bbox 49 1932 3307 2009">
    <p class='ocr_par' dir='ltr' id='par_1_33' title="bbox 49 1932 3307 2009">
     <span class='ocr_line' id='line_1_33' title="bbox 49 1932 3307 2009; baseline -0.001 -20"><span class='ocrx_word' id='word_1_233' title='bbox 49 1935 205 1989; x_wconf 88' lang='lat' dir='ltr'><strong>nostri</strong></span> <span class='ocrx_word' id='word_1_234' title='bbox 238 1933 643 2001; x_wconf 84' lang='lat' dir='ltr'><strong>misericordia,</strong></span> <span class='ocrx_word' id='word_1_235' title='bbox 673 1934 958 2005; x_wconf 75' lang='lat' dir='ltr'><strong>gratiaque</strong></span> <span class='ocrx_word' id='word_1_236' title='bbox 988 1934 1284 2003; x_wconf 89' lang='lat' dir='ltr'><strong>credimus,</strong></span> <span class='ocrx_word' id='word_1_237' title='bbox 1304 1936 1447 2006; x_wconf 89' lang='lat' dir='ltr'><strong>quod</strong></span> <span class='ocrx_word' id='word_1_238' title='bbox 1470 1933 1626 1991; x_wconf 91' lang='lat' dir='ltr'><strong>facile</strong></span> <span class='ocrx_word' id='word_1_239' title='bbox 1659 1950 1699 2007; x_wconf 76' lang='grc' dir='ltr'><strong>η</strong></span> <span class='ocrx_word' id='word_1_240' title='bbox 1730 1938 1796 1992; x_wconf 88' lang='lat' dir='ltr'><strong>de</strong></span> <span class='ocrx_word' id='word_1_241' title='bbox 1838 1937 1953 2009; x_wconf 87' lang='lat' dir='ltr'><strong>lege</strong></span> <span class='ocrx_word' id='word_1_242' title='bbox 1999 1934 2159 1990; x_wconf 90' lang='lat' dir='ltr'><strong>latius</strong></span> <span class='ocrx_word' id='word_1_243' title='bbox 2189 1934 2465 2005; x_wconf 89' lang='lat' dir='ltr'><strong>disputare</strong></span> <span class='ocrx_word' id='word_1_244' title='bbox 2509 1933 2659 1988; x_wconf 90' lang='lat' dir='ltr'><strong>velut</strong></span> <span class='ocrx_word' id='word_1_245' title='bbox 2708 1947 2893 1989; x_wconf 90' lang='lat' dir='ltr'><strong>coram</strong></span> <span class='ocrx_word' id='word_1_246' title='bbox 2939 1932 3121 2004; x_wconf 91' lang='lat' dir='ltr'><strong>posito</strong></span> <span class='ocrx_word' id='word_1_247' title='bbox 3150 1947 3307 2004; x_wconf 78' lang='lat' dir='ltr'><strong>repu-</strong></span> 
     </span>
    </p>
   </div>
   <div class='ocr_carea' id='block_1_34' title="bbox 49 2024 1630 2098">
    <p class='ocr_par' dir='ltr' id='par_1_34' title="bbox 49 2024 1630 2098">
     <span class='ocr_line' id='line_1_34' title="bbox 49 2024 1630 2098; baseline -0.001 -17"><span class='ocrx_word' id='word_1_248' title='bbox 49 2026 418 2098; x_wconf 84' lang='lat' dir='ltr'><strong>corrigantur,</strong></span> <span class='ocrx_word' id='word_1_249' title='bbox 458 2024 642 2079; x_wconf 90' lang='lat' dir='ltr'><strong>audita</strong></span> <span class='ocrx_word' id='word_1_250' title='bbox 669 2024 786 2096; x_wconf 89' lang='lat' dir='ltr'><strong>ejus</strong></span> <span class='ocrx_word' id='word_1_251' title='bbox 816 2025 1165 2082; x_wconf 88' lang='lat' dir='ltr'><strong>damnatione</strong></span> <span class='ocrx_word' id='word_1_252' title='bbox 1188 2027 1281 2098; x_wconf 92' lang='lat' dir='ltr'><strong>qui</strong></span> <span class='ocrx_word' id='word_1_253' title='bbox 1307 2027 1473 2083; x_wconf 90' lang='lat' dir='ltr'><strong>fuerit</strong></span> <span class='ocrx_word' id='word_1_254' title='bbox 1509 2042 1630 2097; x_wconf 54' lang='lat' dir='ltr'><strong>per-</strong></span> 
     </span>
    </p>
   </div>
   <div class='ocr_carea' id='block_1_35' title="bbox 51 2113 1627 2186">
    <p class='ocr_par' dir='ltr' id='par_1_35' title="bbox 51 2113 1627 2186">
     <span class='ocr_line' id='line_1_35' title="bbox 51 2113 1627 2186; baseline 0.001 -14"><span class='ocrx_word' id='word_1_255' title='bbox 51 2120 207 2184; x_wconf 76' lang='lat' dir='ltr'><strong>tinax,</strong></span> <span class='ocrx_word' id='word_1_256' title='bbox 235 2125 303 2171; x_wconf 88' lang='lat' dir='ltr'><strong>et</strong></span> <span class='ocrx_word' id='word_1_257' title='bbox 346 2116 607 2171; x_wconf 86' lang='lat' dir='ltr'><strong>resistens</strong></span> <span class='ocrx_word' id='word_1_258' title='bbox 646 2113 809 2185; x_wconf 85' lang='lat' dir='ltr'><strong>hujus</strong></span> <span class='ocrx_word' id='word_1_259' title='bbox 838 2116 1105 2186; x_wconf 83' lang='lat' dir='ltr'><strong>dogmatis</strong></span> <span class='ocrx_word' id='word_1_260' title='bbox 1134 2126 1325 2174; x_wconf 89' lang='lat' dir='ltr'><strong>auctor</strong></span> <span class='ocrx_word' id='word_1_261' title='bbox 1351 2117 1627 2186; x_wconf 91' lang='lat' dir='ltr'><strong>inventus,</strong></span> 
     </span>
    </p>
   </div>
   <div class='ocr_carea' id='block_1_36' title="bbox 54 2203 1629 2278">
    <p class='ocr_par' dir='ltr' id='par_1_36' title="bbox 54 2203 1629 2278">
     <span class='ocr_line' id='line_1_36' title="bbox 54 2203 1629 2278; baseline 0.002 -18"><span class='ocrx_word' id='word_1_262' title='bbox 54 2224 141 2261; x_wconf 86' lang='lat' dir='ltr'><strong>non</strong></span> <span class='ocrx_word' id='word_1_263' title='bbox 172 2208 431 2272; x_wconf 88' lang='lat' dir='ltr'><strong>interest,</strong></span> <span class='ocrx_word' id='word_1_264' title='bbox 462 2205 556 2260; x_wconf 91' lang='lat' dir='ltr'><strong>ubi</strong></span> <span class='ocrx_word' id='word_1_265' title='bbox 586 2205 674 2261; x_wconf 92' lang='lat' dir='ltr'><strong>isti</strong></span> <span class='ocrx_word' id='word_1_266' title='bbox 706 2203 929 2271; x_wconf 83' lang='lat' dir='ltr'><strong>fuerint,</strong></span> <span class='ocrx_word' id='word_1_267' title='bbox 966 2206 1092 2262; x_wconf 92' lang='lat' dir='ltr'><strong>dum</strong></span> <span class='ocrx_word' id='word_1_268' title='bbox 1124 2208 1437 2278; x_wconf 88' lang='lat' dir='ltr'><strong>ubicunque</strong></span> <span class='ocrx_word' id='word_1_269' title='bbox 1480 2207 1629 2263; x_wconf 89' lang='lat' dir='ltr'><strong>inve-</strong></span> 
     </span>
    </p>
   </div>
   <div class='ocr_carea' id='block_1_37' title="bbox 51 2296 1628 2367">
    <p class='ocr_par' dir='ltr' id='par_1_37' title="bbox 51 2296 1628 2367">
     <span class='ocr_line' id='line_1_37' title="bbox 51 2296 1628 2367; baseline 0.003 -17"><span class='ocrx_word' id='word_1_270' title='bbox 51 2298 141 2352; x_wconf 89' lang='lat' dir='ltr'><strong>niri</strong></span> <span class='ocrx_word' id='word_1_271' title='bbox 164 2296 490 2367; x_wconf 87' lang='lat' dir='ltr'><strong>potuerint,</strong></span> <span class='ocrx_word' id='word_1_272' title='bbox 522 2306 646 2351; x_wconf 90' lang='lat' dir='ltr'><strong>sunt</strong></span> <span class='ocrx_word' id='word_1_273' title='bbox 674 2296 923 2353; x_wconf 89' lang='lat' dir='ltr'><strong>sanandi.</strong></span> <span class='ocrx_word' id='word_1_274' title='bbox 957 2296 1121 2354; x_wconf 84' lang='lat' dir='ltr'><strong>Nobis</strong></span> <span class='ocrx_word' id='word_1_275' title='bbox 1152 2306 1331 2355; x_wconf 88' lang='lat' dir='ltr'><strong>tamen</strong></span> <span class='ocrx_word' id='word_1_276' title='bbox 1375 2314 1475 2356; x_wconf 91' lang='lat' dir='ltr'><strong>nec</strong></span> <span class='ocrx_word' id='word_1_277' title='bbox 1501 2314 1628 2354; x_wconf 90' lang='lat' dir='ltr'><strong>sua-</strong></span> 
     </span>
    </p>
   </div>
   <div class='ocr_carea' id='block_1_38' title="bbox 51 2390 1633 2460">
    <p class='ocr_par' dir='ltr' id='par_1_38' title="bbox 51 2390 1633 2460">
     <span class='ocr_line' id='line_1_38' title="bbox 51 2390 1633 2460; baseline 0.002 -18"><span class='ocrx_word' id='word_1_278' title='bbox 51 2390 150 2442; x_wconf 85' lang='lat' dir='ltr'><strong>deri</strong></span> <span class='ocrx_word' id='word_1_279' title='bbox 196 2396 387 2460; x_wconf 89' lang='lat' dir='ltr'><strong>potest</strong></span> <span class='ocrx_word' id='word_1_280' title='bbox 435 2401 558 2442; x_wconf 90' lang='lat' dir='ltr'><strong>eum</strong></span> <span class='ocrx_word' id='word_1_281' title='bbox 613 2401 735 2443; x_wconf 88' lang='lat' dir='ltr'><strong>esse</strong></span> <span class='ocrx_word' id='word_1_282' title='bbox 787 2397 1098 2459; x_wconf 85' lang='lat' dir='ltr'><strong>purgatum,</strong></span> <span class='ocrx_word' id='word_1_283' title='bbox 1128 2391 1374 2460; x_wconf 90' lang='lat' dir='ltr'><strong>quamvis</strong></span> <span class='ocrx_word' id='word_1_284' title='bbox 1423 2390 1491 2445; x_wconf 90' lang='lat' dir='ltr'><strong>ad</strong></span> <span class='ocrx_word' id='word_1_285' title='bbox 1534 2404 1633 2445; x_wconf 90' lang='lat' dir='ltr'><strong>nos</strong></span> 
     </span>
    </p>
   </div>
   <div class='ocr_carea' id='block_1_39' title="bbox 51 2476 1633 2550">
    <p class='ocr_par' dir='ltr' id='par_1_39' title="bbox 51 2476 1633 2550">
     <span class='ocr_line' id='line_1_39' title="bbox 51 2476 1633 2550; baseline 0.001 -18"><span class='ocrx_word' id='word_1_286' title='bbox 51 2496 77 2532; x_wconf 86' lang='lat' dir='ltr'><strong>a</strong></span> <span class='ocrx_word' id='word_1_287' title='bbox 100 2480 288 2534; x_wconf 88' lang='lat' dir='ltr'><strong>nescio</strong></span> <span class='ocrx_word' id='word_1_288' title='bbox 315 2476 511 2549; x_wconf 71' lang='lat' dir='ltr'><strong>quibus</strong></span> <span class='ocrx_word' id='word_1_289' title='bbox 557 2476 710 2533; x_wconf 88' lang='lat' dir='ltr'><strong>laicis</strong></span> <span class='ocrx_word' id='word_1_290' title='bbox 735 2479 844 2533; x_wconf 88' lang='lat' dir='ltr'><strong>sint</strong></span> <span class='ocrx_word' id='word_1_291' title='bbox 871 2488 1022 2549; x_wconf 84' lang='lat' dir='ltr'><strong>gesta</strong></span> <span class='ocrx_word' id='word_1_292' title='bbox 1051 2480 1277 2550; x_wconf 83' lang='lat' dir='ltr'><strong>perlata,</strong></span> <span class='ocrx_word' id='word_1_293' title='bbox 1320 2480 1516 2550; x_wconf 87' lang='lat' dir='ltr'><strong>quibus</strong></span> <span class='ocrx_word' id='word_1_294' title='bbox 1544 2479 1633 2534; x_wconf 89' lang='lat' dir='ltr'><strong>ille</strong></span> 
     </span>
    </p>
   </div>
   <div class='ocr_carea' id='block_1_40' title="bbox 51 2568 1630 2638">
    <p class='ocr_par' dir='ltr' id='par_1_40' title="bbox 51 2568 1630 2638">
     <span class='ocr_line' id='line_1_40' title="bbox 51 2568 1630 2638; baseline -0.001 -15"><span class='ocrx_word' id='word_1_295' title='bbox 51 2580 98 2623; x_wconf 85' lang='lat' dir='ltr'><strong>et</strong></span> <span class='ocrx_word' id='word_1_296' title='bbox 120 2570 368 2626; x_wconf 88' lang='lat' dir='ltr'><strong>auditum</strong></span> <span class='ocrx_word' id='word_1_297' title='bbox 399 2584 460 2624; x_wconf 85' lang='lat' dir='ltr'><strong>se</strong></span> <span class='ocrx_word' id='word_1_298' title='bbox 506 2568 755 2623; x_wconf 89' lang='lat' dir='ltr'><strong>crederet</strong></span> <span class='ocrx_word' id='word_1_299' title='bbox 795 2577 852 2624; x_wconf 90' lang='lat' dir='ltr'><strong>et</strong></span> <span class='ocrx_word' id='word_1_300' title='bbox 896 2568 1225 2624; x_wconf 89' lang='lat' dir='ltr'><strong>absolutum.</strong></span> <span class='ocrx_word' id='word_1_301' title='bbox 1268 2568 1400 2638; x_wconf 67' lang='lat' dir='ltr'><strong>Quae</strong></span> <span class='ocrx_word' id='word_1_302' title='bbox 1446 2577 1630 2625; x_wconf 88' lang='lat' dir='ltr'><strong>utrutn</strong></span> 
     </span>
    </p>
   </div>
   <div class='ocr_carea' id='block_1_41' title="bbox 52 2657 1629 2728">
    <p class='ocr_par' dir='ltr' id='par_1_41' title="bbox 52 2657 1629 2728">
     <span class='ocr_line' id='line_1_41' title="bbox 52 2657 1629 2728; baseline 0.002 -17"><span class='ocrx_word' id='word_1_303' title='bbox 52 2674 164 2713; x_wconf 77' lang='lat' dir='ltr'><strong>vera</strong></span> <span class='ocrx_word' id='word_1_304' title='bbox 201 2660 322 2715; x_wconf 89' lang='lat' dir='ltr'><strong>sint</strong></span> <span class='ocrx_word' id='word_1_305' title='bbox 348 2657 675 2722; x_wconf 83' lang='lat' dir='ltr'><strong>dubitamus,</strong></span> <span class='ocrx_word' id='word_1_306' title='bbox 730 2658 874 2728; x_wconf 90' lang='lat' dir='ltr'><strong>quod</strong></span> <span class='ocrx_word' id='word_1_307' title='bbox 902 2659 1003 2714; x_wconf 85' lang='lat' dir='ltr'><strong>sub</strong></span> <span class='ocrx_word' id='word_1_308' title='bbox 1046 2658 1191 2714; x_wconf 88' lang='lat' dir='ltr'><strong>nulla</strong></span> <span class='ocrx_word' id='word_1_309' title='bbox 1223 2659 1366 2714; x_wconf 90' lang='lat' dir='ltr'><strong>illius</strong></span> <span class='ocrx_word' id='word_1_310' title='bbox 1411 2658 1629 2716; x_wconf 91' lang='lat' dir='ltr'><strong>concilii</strong></span> 
     </span>
    </p>
   </div>
   <div class='ocr_carea' id='block_1_42' title="bbox 54 2750 1631 2824">
    <p class='ocr_par' dir='ltr' id='par_1_42' title="bbox 54 2750 1631 2824">
     <span class='ocr_line' id='line_1_42' title="bbox 54 2750 1631 2824; baseline 0.003 -19"><span class='ocrx_word' id='word_1_311' title='bbox 54 2750 400 2806; x_wconf 78' lang='lat' dir='ltr'><strong>exsecutione</strong></span> <span class='ocrx_word' id='word_1_312' title='bbox 422 2757 710 2815; x_wconf 90' lang='lat' dir='ltr'><strong>venerunt,</strong></span> <span class='ocrx_word' id='word_1_313' title='bbox 736 2764 837 2805; x_wconf 89' lang='lat' dir='ltr'><strong>nec</strong></span> <span class='ocrx_word' id='word_1_314' title='bbox 862 2763 1052 2806; x_wconf 88' lang='lat' dir='ltr'><strong>eorum</strong></span> <span class='ocrx_word' id='word_1_315' title='bbox 1081 2751 1292 2821; x_wconf 88' lang='lat' dir='ltr'><strong>aliquas</strong></span> <span class='ocrx_word' id='word_1_316' title='bbox 1318 2754 1631 2824; x_wconf 88' lang='lat' dir='ltr'><strong>accepimus</strong></span> 
     </span>
    </p>
   </div>
   <div class='ocr_carea' id='block_1_43' title="bbox 54 2841 1633 2917">
    <p class='ocr_par' dir='ltr' id='par_1_43' title="bbox 54 2841 1633 2917">
     <span class='ocr_line' id='line_1_43' title="bbox 54 2841 1633 2917; baseline 0.003 -20"><span class='ocrx_word' id='word_1_317' title='bbox 54 2844 110 2897; x_wconf 88' lang='lat' dir='ltr'><strong>de</strong></span> <span class='ocrx_word' id='word_1_318' title='bbox 150 2851 256 2897; x_wconf 79' lang='lat' dir='ltr'><strong>hac</strong></span> <span class='ocrx_word' id='word_1_319' title='bbox 304 2856 367 2897; x_wconf 88' lang='lat' dir='ltr'><strong>re</strong></span> <span class='ocrx_word' id='word_1_320' title='bbox 412 2841 644 2908; x_wconf 86' lang='lat' dir='ltr'><strong>litteras,</strong></span> <span class='ocrx_word' id='word_1_321' title='bbox 671 2843 812 2914; x_wconf 89' lang='lat' dir='ltr'><strong>apud</strong></span> <span class='ocrx_word' id='word_1_322' title='bbox 857 2856 993 2913; x_wconf 78' lang='lat' dir='ltr'><strong>quos</strong></span> <span class='ocrx_word' id='word_1_323' title='bbox 1041 2846 1197 2900; x_wconf 90' lang='lat' dir='ltr'><strong>istius</strong></span> <span class='ocrx_word' id='word_1_324' title='bbox 1254 2847 1330 2902; x_wconf 90' lang='lat' dir='ltr'><strong>rei</strong></span> <span class='ocrx_word' id='word_1_325' title='bbox 1380 2847 1633 2917; x_wconf 64' lang='lat' dir='ltr'><strong>praestitit</strong></span> 
     </span>
    </p>
   </div>
   <div class='ocr_carea' id='block_1_44' title="bbox 55 2933 1634 3010">
    <p class='ocr_par' dir='ltr' id='par_1_44' title="bbox 55 2933 1634 3010">
     <span class='ocr_line' id='line_1_44' title="bbox 55 2933 1634 3010; baseline 0.005 -23"><span class='ocrx_word' id='word_1_326' title='bbox 55 2948 261 2989; x_wconf 83' lang='lat' dir='ltr'><strong>causas.</strong></span> <span class='ocrx_word' id='word_1_327' title='bbox 309 2933 466 3001; x_wconf 90' lang='lat' dir='ltr'><strong>Quod</strong></span> <span class='ocrx_word' id='word_1_328' title='bbox 507 2936 552 2990; x_wconf 93' lang='lat' dir='ltr'><strong>si</strong></span> <span class='ocrx_word' id='word_1_329' title='bbox 598 2934 665 2989; x_wconf 86' lang='lat' dir='ltr'><strong>de</strong></span> <span class='ocrx_word' id='word_1_330' title='bbox 714 2948 813 2991; x_wconf 90' lang='lat' dir='ltr'><strong>sua</strong></span> <span class='ocrx_word' id='word_1_331' title='bbox 862 2936 953 2992; x_wconf 86' lang='lat' dir='ltr'><strong>ille</strong></span> <span class='ocrx_word' id='word_1_332' title='bbox 998 2939 1265 3006; x_wconf 92' lang='lat' dir='ltr'><strong>potuisset</strong></span> <span class='ocrx_word' id='word_1_333' title='bbox 1312 2940 1634 3010; x_wconf 80' lang='lat' dir='ltr'><strong>purgatione</strong></span> 
     </span>
    </p>
   </div>
   <div class='ocr_carea' id='block_1_45' title="bbox 55 3025 1631 3101">
    <p class='ocr_par' dir='ltr' id='par_1_45' title="bbox 55 3025 1631 3101">
     <span class='ocr_line' id='line_1_45' title="bbox 55 3025 1631 3101; baseline 0.006 -24"><span class='ocrx_word' id='word_1_334' title='bbox 55 3025 345 3091; x_wconf 85' lang='lat' dir='ltr'><strong>conlidere,</strong></span> <span class='ocrx_word' id='word_1_335' title='bbox 395 3025 498 3081; x_wconf 88' lang='lat' dir='ltr'><strong>hoc</strong></span> <span class='ocrx_word' id='word_1_336' title='bbox 527 3027 702 3097; x_wconf 86' lang='lat' dir='ltr'><strong>magis</strong></span> <span class='ocrx_word' id='word_1_337' title='bbox 746 3027 1019 3083; x_wconf 88' lang='lat' dir='ltr'><strong>credimus</strong></span> <span class='ocrx_word' id='word_1_338' title='bbox 1054 3030 1197 3099; x_wconf 89' lang='lat' dir='ltr'><strong>quod</strong></span> <span class='ocrx_word' id='word_1_339' title='bbox 1227 3031 1442 3101; x_wconf 85' lang='lat' dir='ltr'><strong>egisset.</strong></span> <span class='ocrx_word' id='word_1_340' title='bbox 1477 3030 1631 3100; x_wconf 84' lang='lat' dir='ltr'><strong>Quod</strong></span> 
     </span>
    </p>
   </div>
   <div class='ocr_carea' id='block_1_46' title="bbox 62 3115 1632 3195">
    <p class='ocr_par' dir='ltr' id='par_1_46' title="bbox 62 3115 1632 3195">
     <span class='ocr_line' id='line_1_46' title="bbox 62 3115 1632 3195; baseline 0.009 -28"><span class='ocrx_word' id='word_1_341' title='bbox 62 3115 212 3172; x_wconf 88' lang='lat' dir='ltr'><strong>multo</strong></span> <span class='ocrx_word' id='word_1_342' title='bbox 247 3117 432 3172; x_wconf 86' lang='lat' dir='ltr'><strong>verius</strong></span> <span class='ocrx_word' id='word_1_343' title='bbox 475 3132 596 3173; x_wconf 90' lang='lat' dir='ltr'><strong>esse</strong></span> <span class='ocrx_word' id='word_1_344' title='bbox 621 3127 856 3189; x_wconf 88' lang='lat' dir='ltr'><strong>poterat,</strong></span> <span class='ocrx_word' id='word_1_345' title='bbox 890 3129 949 3174; x_wconf 91' lang='lat' dir='ltr'><strong>ut</strong></span> <span class='ocrx_word' id='word_1_346' title='bbox 984 3119 1105 3176; x_wconf 91' lang='lat' dir='ltr'><strong>illos</strong></span> <span class='ocrx_word' id='word_1_347' title='bbox 1142 3133 1362 3193; x_wconf 87' lang='lat' dir='ltr'><strong>cogeret</strong></span> <span class='ocrx_word' id='word_1_348' title='bbox 1389 3125 1632 3195; x_wconf 89' lang='lat' dir='ltr'><strong>epistolis</strong></span> 
     </span>
    </p>
   </div>
   <div class='ocr_carea' id='block_1_47' title="bbox 60 3204 1632 3277">
    <p class='ocr_par' dir='ltr' id='par_1_47' title="bbox 60 3204 1632 3277">
     <span class='ocr_line' id='line_1_47' title="bbox 60 3204 1632 3277; baseline 0.01 -21"><span class='ocrx_word' id='word_1_349' title='bbox 60 3204 156 3259; x_wconf 85' lang='lat' dir='ltr'><strong>suis</strong></span> <span class='ocrx_word' id='word_1_350' title='bbox 193 3205 292 3275; x_wconf 85' lang='lat' dir='ltr'><strong>qui</strong></span> <span class='ocrx_word' id='word_1_351' title='bbox 328 3205 756 3275; x_wconf 82' lang='lat' dir='ltr'><strong>dijudicaverant</strong></span> <span class='ocrx_word' id='word_1_352' title='bbox 792 3208 1062 3277; x_wconf 91' lang='lat' dir='ltr'><strong>judicare.</strong></span> <span class='ocrx_word' id='word_1_353' title='bbox 1108 3209 1309 3266; x_wconf 84' lang='lat' dir='ltr'><strong>Verum</strong></span> <span class='ocrx_word' id='word_1_354' title='bbox 1354 3227 1476 3269; x_wconf 87' lang='lat' dir='ltr'><strong>cum</strong></span> <span class='ocrx_word' id='word_1_355' title='bbox 1522 3215 1632 3271; x_wconf 84' lang='lat' dir='ltr'><strong>sint</strong></span> 
     </span>
    </p>
   </div>
   <div class='ocr_carea' id='block_1_48' title="bbox 1731 2025 3316 2102">
    <p class='ocr_par' dir='ltr' id='par_1_48' title="bbox 1731 2025 3316 2102">
     <span class='ocr_line' id='line_1_48' title="bbox 1731 2025 3316 2102; baseline -0.003 -18"><span class='ocrx_word' id='word_1_356' title='bbox 1731 2030 2027 2102; x_wconf 88' lang='lat' dir='ltr'><strong>gnantique</strong></span> <span class='ocrx_word' id='word_1_357' title='bbox 2073 2026 2290 2099; x_wconf 88' lang='lat' dir='ltr'><strong>Pelagio</strong></span> <span class='ocrx_word' id='word_1_358' title='bbox 2318 2026 2690 2082; x_wconf 87' lang='lat' dir='ltr'><strong>necessarium</strong></span> <span class='ocrx_word' id='word_1_359' title='bbox 2724 2041 2844 2082; x_wconf 89' lang='lat' dir='ltr'><strong>esse</strong></span> <span class='ocrx_word' id='word_1_360' title='bbox 2892 2041 2999 2081; x_wconf 92' lang='lat' dir='ltr'><strong>non</strong></span> <span class='ocrx_word' id='word_1_361' title='bbox 3046 2025 3316 2087; x_wconf 69' lang='lat' dir='ltr'><strong>duximus,</strong></span> 
     </span>
    </p>
   </div>
   <div class='ocr_carea' id='block_1_49' title="bbox 1732 2114 3325 2185">
    <p class='ocr_par' dir='ltr' id='par_1_49' title="bbox 1732 2114 3325 2185">
     <span class='ocr_line' id='line_1_49' title="bbox 1732 2114 3325 2185; baseline -0.003 -11"><span class='ocrx_word' id='word_1_362' title='bbox 1732 2134 1854 2174; x_wconf 91' lang='lat' dir='ltr'><strong>cum</strong></span> <span class='ocrx_word' id='word_1_363' title='bbox 1887 2117 2167 2173; x_wconf 90' lang='lat' dir='ltr'><strong>vobiscum</strong></span> <span class='ocrx_word' id='word_1_364' title='bbox 2218 2124 2387 2171; x_wconf 88' lang='lat' dir='ltr'><strong>totam</strong></span> <span class='ocrx_word' id='word_1_365' title='bbox 2438 2129 2552 2169; x_wconf 89' lang='lat' dir='ltr'><strong>rem</strong></span> <span class='ocrx_word' id='word_1_366' title='bbox 2603 2114 2921 2179; x_wconf 87' lang='lat' dir='ltr'><strong>scientibus,</strong></span> <span class='ocrx_word' id='word_1_367' title='bbox 2966 2114 3194 2185; x_wconf 89' lang='lat' dir='ltr'><strong>parique</strong></span> <span class='ocrx_word' id='word_1_368' title='bbox 3227 2129 3325 2169; x_wconf 49' lang='lat' dir='ltr'><strong>no.</strong></span> 
     </span>
    </p>
   </div>
   <div class='ocr_carea' id='block_1_50' title="bbox 1734 2203 3329 2277">
    <p class='ocr_par' dir='ltr' id='par_1_50' title="bbox 1734 2203 3329 2277">
     <span class='ocr_line' id='line_1_50' title="bbox 1734 2203 3329 2277; baseline -0.002 -13"><span class='ocrx_word' id='word_1_369' title='bbox 1734 2210 1941 2265; x_wconf 82' lang='lat' dir='ltr'><strong>hiscum</strong></span> <span class='ocrx_word' id='word_1_370' title='bbox 1974 2206 2291 2263; x_wconf 89' lang='lat' dir='ltr'><strong>assensione</strong></span> <span class='ocrx_word' id='word_1_371' title='bbox 2326 2204 2709 2277; x_wconf 86' lang='lat' dir='ltr'><strong>gaudentibus,</strong></span> <span class='ocrx_word' id='word_1_372' title='bbox 2739 2203 3133 2276; x_wconf 85' lang='lat' dir='ltr'><strong>colloquatnur.</strong></span> <span class='ocrx_word' id='word_1_373' title='bbox 3171 2203 3329 2261; x_wconf 68' lang='lat' dir='ltr'><strong>Tunc</strong></span> 
     </span>
    </p>
   </div>
   <div class='ocr_carea' id='block_1_51' title="bbox 1734 2294 3328 2366">
    <p class='ocr_par' dir='ltr' id='par_1_51' title="bbox 1734 2294 3328 2366">
     <span class='ocr_line' id='line_1_51' title="bbox 1734 2294 3328 2366; baseline -0.003 -12"><span class='ocrx_word' id='word_1_374' title='bbox 1734 2299 1879 2355; x_wconf 89' lang='lat' dir='ltr'><strong>enim</strong></span> <span class='ocrx_word' id='word_1_375' title='bbox 1920 2296 2116 2353; x_wconf 90' lang='lat' dir='ltr'><strong>melius</strong></span> <span class='ocrx_word' id='word_1_376' title='bbox 2167 2296 2283 2350; x_wconf 84' lang='lat' dir='ltr'><strong>haec</strong></span> <span class='ocrx_word' id='word_1_377' title='bbox 2332 2294 2580 2366; x_wconf 80' lang='lat' dir='ltr'><strong>exempla</strong></span> <span class='ocrx_word' id='word_1_378' title='bbox 2626 2304 2918 2366; x_wconf 92' lang='lat' dir='ltr'><strong>ponuntur,</strong></span> <span class='ocrx_word' id='word_1_379' title='bbox 2949 2296 3167 2366; x_wconf 86' lang='lat' dir='ltr'><strong>quando</strong></span> <span class='ocrx_word' id='word_1_380' title='bbox 3201 2309 3328 2350; x_wconf 85' lang='lat' dir='ltr'><strong>cum</strong></span> 
     </span>
    </p>
   </div>
   <div class='ocr_carea' id='block_1_52' title="bbox 1735 2386 3323 2460">
    <p class='ocr_par' dir='ltr' id='par_1_52' title="bbox 1735 2386 3323 2460">
     <span class='ocr_line' id='line_1_52' title="bbox 1735 2386 3323 2460; baseline -0.003 -15"><span class='ocrx_word' id='word_1_381' title='bbox 1735 2390 1820 2445; x_wconf 88' lang='lat' dir='ltr'><strong>his</strong></span> <span class='ocrx_word' id='word_1_382' title='bbox 1867 2404 2004 2460; x_wconf 90' lang='lat' dir='ltr'><strong>quos</strong></span> <span class='ocrx_word' id='word_1_383' title='bbox 2060 2388 2259 2442; x_wconf 89' lang='lat' dir='ltr'><strong>barum</strong></span> <span class='ocrx_word' id='word_1_384' title='bbox 2320 2394 2532 2442; x_wconf 90' lang='lat' dir='ltr'><strong>constat</strong></span> <span class='ocrx_word' id='word_1_385' title='bbox 2593 2400 2776 2441; x_wconf 89' lang='lat' dir='ltr'><strong>rerum</strong></span> <span class='ocrx_word' id='word_1_386' title='bbox 2854 2386 3150 2458; x_wconf 88' lang='lat' dir='ltr'><strong>prudentes</strong></span> <span class='ocrx_word' id='word_1_387' title='bbox 3203 2401 3323 2442; x_wconf 88' lang='lat' dir='ltr'><strong>esse</strong></span> 
     </span>
    </p>
   </div>
   <div class='ocr_carea' id='block_1_53' title="bbox 1737 2476 3330 2547">
    <p class='ocr_par' dir='ltr' id='par_1_53' title="bbox 1737 2476 3330 2547">
     <span class='ocr_line' id='line_1_53' title="bbox 1737 2476 3330 2547; baseline -0.001 -13"><span class='ocrx_word' id='word_1_388' title='bbox 1737 2488 2051 2535; x_wconf 86' lang='lat' dir='ltr'><strong>tractamus.</strong></span> <span class='ocrx_word' id='word_1_389' title='bbox 2086 2476 2222 2533; x_wconf 81' lang='lat' dir='ltr'><strong>Nam</strong></span> <span class='ocrx_word' id='word_1_390' title='bbox 2268 2476 2334 2531; x_wconf 91' lang='lat' dir='ltr'><strong>de</strong></span> <span class='ocrx_word' id='word_1_391' title='bbox 2370 2485 2577 2530; x_wconf 69' lang='lat' dir='ltr'><strong>naturaa</strong></span> <span class='ocrx_word' id='word_1_392' title='bbox 2621 2477 3021 2547; x_wconf 87' lang='lat' dir='ltr'><strong>possibilitate,</strong></span> <span class='ocrx_word' id='word_1_393' title='bbox 3063 2492 3128 2532; x_wconf 92' lang='lat' dir='ltr'><strong>ac</strong></span> <span class='ocrx_word' id='word_1_394' title='bbox 3153 2478 3220 2533; x_wconf 90' lang='lat' dir='ltr'><strong>de</strong></span> <span class='ocrx_word' id='word_1_395' title='bbox 3266 2477 3330 2532; x_wconf 79' lang='grc' dir='ltr'><strong>Ιί-</strong></span> 
     </span>
    </p>
   </div>
   <div class='ocr_carea' id='block_1_54' title="bbox 1734 2565 3326 2639">
    <p class='ocr_par' dir='ltr' id='par_1_54' title="bbox 1734 2565 3326 2639">
     <span class='ocr_line' id='line_1_54' title="bbox 1734 2565 3326 2639; baseline -0.002 -16"><span class='ocrx_word' id='word_1_396' title='bbox 1734 2568 1865 2625; x_wconf 92' lang='lat' dir='ltr'><strong>bero</strong></span> <span class='ocrx_word' id='word_1_397' title='bbox 1894 2566 2136 2630; x_wconf 86' lang='lat' dir='ltr'><strong>arbitrio,</strong></span> <span class='ocrx_word' id='word_1_398' title='bbox 2166 2573 2222 2621; x_wconf 90' lang='lat' dir='ltr'><strong>et</strong></span> <span class='ocrx_word' id='word_1_399' title='bbox 2252 2565 2318 2621; x_wconf 87' lang='lat' dir='ltr'><strong>de</strong></span> <span class='ocrx_word' id='word_1_400' title='bbox 2346 2565 2496 2620; x_wconf 93' lang='lat' dir='ltr'><strong>omni</strong></span> <span class='ocrx_word' id='word_1_401' title='bbox 2535 2565 2631 2620; x_wconf 92' lang='lat' dir='ltr'><strong>Dei</strong></span> <span class='ocrx_word' id='word_1_402' title='bbox 2670 2566 2867 2639; x_wconf 88' lang='lat' dir='ltr'><strong>gratia,</strong></span> <span class='ocrx_word' id='word_1_403' title='bbox 2911 2576 2967 2623; x_wconf 89' lang='lat' dir='ltr'><strong>et</strong></span> <span class='ocrx_word' id='word_1_404' title='bbox 3012 2567 3326 2638; x_wconf 89' lang='lat' dir='ltr'><strong>quotidiana</strong></span> 
     </span>
    </p>
   </div>
   <div class='ocr_carea' id='block_1_55' title="bbox 1734 2654 3328 2730">
    <p class='ocr_par' dir='ltr' id='par_1_55' title="bbox 1734 2654 3328 2730">
     <span class='ocr_line' id='line_1_55' title="bbox 1734 2654 3328 2730; baseline -0.003 -18"><span class='ocrx_word' id='word_1_405' title='bbox 1734 2658 1927 2730; x_wconf 77' lang='lat' dir='ltr'><strong>gratia,</strong></span> <span class='ocrx_word' id='word_1_406' title='bbox 1957 2658 2042 2712; x_wconf 91' lang='lat' dir='ltr'><strong>cui</strong></span> <span class='ocrx_word' id='word_1_407' title='bbox 2073 2670 2177 2710; x_wconf 93' lang='lat' dir='ltr'><strong>non</strong></span> <span class='ocrx_word' id='word_1_408' title='bbox 2220 2654 2294 2709; x_wconf 90' lang='lat' dir='ltr'><strong>sit</strong></span> <span class='ocrx_word' id='word_1_409' title='bbox 2324 2662 2471 2709; x_wconf 87' lang='lat' dir='ltr'><strong>recte</strong></span> <span class='ocrx_word' id='word_1_410' title='bbox 2499 2654 2750 2710; x_wconf 90' lang='lat' dir='ltr'><strong>sentienti</strong></span> <span class='ocrx_word' id='word_1_411' title='bbox 2782 2657 3114 2712; x_wconf 88' lang='lat' dir='ltr'><strong>uberrimum</strong></span> <span class='ocrx_word' id='word_1_412' title='bbox 3143 2657 3328 2728; x_wconf 85' lang='lat' dir='ltr'><strong>dispu-</strong></span> 
     </span>
    </p>
   </div>
   <div class='ocr_carea' id='block_1_56' title="bbox 1737 2747 3323 2819">
    <p class='ocr_par' dir='ltr' id='par_1_56' title="bbox 1737 2747 3323 2819">
     <span class='ocr_line' id='line_1_56' title="bbox 1737 2747 3323 2819; baseline -0.002 -13"><span class='ocrx_word' id='word_1_413' title='bbox 1737 2760 1872 2807; x_wconf 89' lang='lat' dir='ltr'><strong>tare.</strong></span> <span class='ocrx_word' id='word_1_414' title='bbox 1897 2747 2336 2804; x_wconf 78' lang='lat' dir='ltr'><strong>Anatliematizet</strong></span> <span class='ocrx_word' id='word_1_415' title='bbox 2363 2761 2492 2818; x_wconf 88' lang='lat' dir='ltr'><strong>ergo</strong></span> <span class='ocrx_word' id='word_1_416' title='bbox 2517 2747 2622 2803; x_wconf 89' lang='lat' dir='ltr'><strong>ista</strong></span> <span class='ocrx_word' id='word_1_417' title='bbox 2651 2762 2771 2818; x_wconf 66' lang='lat' dir='ltr'><strong>quae</strong></span> <span class='ocrx_word' id='word_1_418' title='bbox 2800 2750 2991 2814; x_wconf 89' lang='lat' dir='ltr'><strong>sensit,</strong></span> <span class='ocrx_word' id='word_1_419' title='bbox 3025 2757 3085 2804; x_wconf 92' lang='lat' dir='ltr'><strong>ut</strong></span> <span class='ocrx_word' id='word_1_420' title='bbox 3111 2749 3185 2803; x_wconf 90' lang='lat' dir='ltr'><strong>illi</strong></span> <span class='ocrx_word' id='word_1_421' title='bbox 3228 2750 3323 2819; x_wconf 89' lang='lat' dir='ltr'><strong>qui</strong></span> 
     </span>
    </p>
   </div>
   <div class='ocr_carea' id='block_1_57' title="bbox 1732 2836 3324 2910">
    <p class='ocr_par' dir='ltr' id='par_1_57' title="bbox 1732 2836 3324 2910">
     <span class='ocr_line' id='line_1_57' title="bbox 1732 2836 3324 2910; baseline -0.001 -14"><span class='ocrx_word' id='word_1_422' title='bbox 1732 2839 1849 2909; x_wconf 89' lang='lat' dir='ltr'><strong>ejus</strong></span> <span class='ocrx_word' id='word_1_423' title='bbox 1892 2840 2238 2896; x_wconf 89' lang='lat' dir='ltr'><strong>sermonibus</strong></span> <span class='ocrx_word' id='word_1_424' title='bbox 2294 2836 2548 2902; x_wconf 85' lang='lat' dir='ltr'><strong>fuerant,</strong></span> <span class='ocrx_word' id='word_1_425' title='bbox 2611 2840 3007 2910; x_wconf 64' lang='lat' dir='ltr'><strong>praeceptisque</strong></span> <span class='ocrx_word' id='word_1_426' title='bbox 3062 2838 3324 2909; x_wconf 78' lang='lat' dir='ltr'><strong>collapsi.</strong></span> 
     </span>
    </p>
   </div>
   <div class='ocr_carea' id='block_1_58' title="bbox 1733 2928 3325 3002">
    <p class='ocr_par' dir='ltr' id='par_1_58' title="bbox 1733 2928 3325 3002">
     <span class='ocr_line' id='line_1_58' title="bbox 1733 2928 3325 3002; baseline -0.003 -15"><span class='ocrx_word' id='word_1_427' title='bbox 1733 2931 1866 3002; x_wconf 76' lang='lat' dir='ltr'><strong>quid</strong></span> <span class='ocrx_word' id='word_1_428' title='bbox 1908 2930 2124 2986; x_wconf 90' lang='lat' dir='ltr'><strong>tandem</strong></span> <span class='ocrx_word' id='word_1_429' title='bbox 2172 2929 2373 2984; x_wconf 87' lang='lat' dir='ltr'><strong>habeat</strong></span> <span class='ocrx_word' id='word_1_430' title='bbox 2415 2928 2551 2983; x_wconf 83' lang='lat' dir='ltr'><strong>fides</strong></span> <span class='ocrx_word' id='word_1_431' title='bbox 2604 2942 2730 2985; x_wconf 77' lang='lat' dir='ltr'><strong>vera</strong></span> <span class='ocrx_word' id='word_1_432' title='bbox 2777 2938 3130 3001; x_wconf 84' lang='lat' dir='ltr'><strong>cognoscant.</strong></span> <span class='ocrx_word' id='word_1_433' title='bbox 3170 2929 3325 2990; x_wconf 84' lang='lat' dir='ltr'><strong>Faci-</strong></span> 
     </span>
    </p>
   </div>
   <div class='ocr_carea' id='block_1_59' title="bbox 1734 3021 3321 3090">
    <p class='ocr_par' dir='ltr' id='par_1_59' title="bbox 1734 3021 3321 3090">
     <span class='ocr_line' id='line_1_59' title="bbox 1734 3021 3321 3090; baseline 0.001 -13"><span class='ocrx_word' id='word_1_434' title='bbox 1734 3024 1839 3079; x_wconf 91' lang='lat' dir='ltr'><strong>lius</strong></span> <span class='ocrx_word' id='word_1_435' title='bbox 1862 3024 2008 3079; x_wconf 89' lang='lat' dir='ltr'><strong>enim</strong></span> <span class='ocrx_word' id='word_1_436' title='bbox 2032 3021 2276 3078; x_wconf 90' lang='lat' dir='ltr'><strong>revocari</strong></span> <span class='ocrx_word' id='word_1_437' title='bbox 2297 3028 2613 3090; x_wconf 89' lang='lat' dir='ltr'><strong>potuerunt,</strong></span> <span class='ocrx_word' id='word_1_438' title='bbox 2647 3037 2772 3078; x_wconf 89' lang='lat' dir='ltr'><strong>cum</strong></span> <span class='ocrx_word' id='word_1_439' title='bbox 2805 3023 2910 3080; x_wconf 90' lang='lat' dir='ltr'><strong>ista</strong></span> <span class='ocrx_word' id='word_1_440' title='bbox 2937 3036 2968 3076; x_wconf 92' lang='lat' dir='ltr'><strong>a</strong></span> <span class='ocrx_word' id='word_1_441' title='bbox 2998 3036 3097 3078; x_wconf 91' lang='lat' dir='ltr'><strong>suo</strong></span> <span class='ocrx_word' id='word_1_442' title='bbox 3131 3037 3321 3078; x_wconf 90' lang='lat' dir='ltr'><strong>sense-</strong></span> 
     </span>
    </p>
   </div>
   <div class='ocr_carea' id='block_1_60' title="bbox 1735 3112 3326 3185">
    <p class='ocr_par' dir='ltr' id='par_1_60' title="bbox 1735 3112 3326 3185">
     <span class='ocr_line' id='line_1_60' title="bbox 1735 3112 3326 3185; baseline 0.001 -17"><span class='ocrx_word' id='word_1_443' title='bbox 1735 3112 1849 3169; x_wconf 91' lang='lat' dir='ltr'><strong>rint</strong></span> <span class='ocrx_word' id='word_1_444' title='bbox 1889 3121 2113 3169; x_wconf 89' lang='lat' dir='ltr'><strong>auctore</strong></span> <span class='ocrx_word' id='word_1_445' title='bbox 2150 3114 2421 3170; x_wconf 89' lang='lat' dir='ltr'><strong>damnari.</strong></span> <span class='ocrx_word' id='word_1_446' title='bbox 2451 3115 2605 3184; x_wconf 85' lang='lat' dir='ltr'><strong>Quod</strong></span> <span class='ocrx_word' id='word_1_447' title='bbox 2649 3115 2694 3170; x_wconf 93' lang='lat' dir='ltr'><strong>si</strong></span> <span class='ocrx_word' id='word_1_448' title='bbox 2726 3115 2817 3170; x_wconf 91' lang='lat' dir='ltr'><strong>ille</strong></span> <span class='ocrx_word' id='word_1_449' title='bbox 2840 3115 3110 3185; x_wconf 89' lang='lat' dir='ltr'><strong>pertinaci</strong></span> <span class='ocrx_word' id='word_1_450' title='bbox 3134 3116 3189 3169; x_wconf 92' lang='lat' dir='ltr'><strong>in</strong></span> <span class='ocrx_word' id='word_1_451' title='bbox 3222 3116 3326 3170; x_wconf 86' lang='lat' dir='ltr'><strong>hac</strong></span> 
     </span>
    </p>
   </div>
   <div class='ocr_carea' id='block_1_61' title="bbox 1734 3204 3332 3279">
    <p class='ocr_par' dir='ltr' id='par_1_61' title="bbox 1734 3204 3332 3279">
     <span class='ocr_line' id='line_1_61' title="bbox 1734 3204 3332 3279; baseline 0.001 -20"><span class='ocrx_word' id='word_1_452' title='bbox 1734 3204 1967 3262; x_wconf 84' lang='lat' dir='ltr'><strong>voluerit</strong></span> <span class='ocrx_word' id='word_1_453' title='bbox 2004 3206 2282 3275; x_wconf 79' lang='lat' dir='ltr'><strong>impietate</strong></span> <span class='ocrx_word' id='word_1_454' title='bbox 2311 3208 2626 3276; x_wconf 88' lang='lat' dir='ltr'><strong>persistere,</strong></span> <span class='ocrx_word' id='word_1_455' title='bbox 2676 3215 2761 3262; x_wconf 91' lang='lat' dir='ltr'><strong>est</strong></span> <span class='ocrx_word' id='word_1_456' title='bbox 2810 3205 3078 3279; x_wconf 89' lang='lat' dir='ltr'><strong>agendum</strong></span> <span class='ocrx_word' id='word_1_457' title='bbox 3139 3217 3332 3277; x_wconf 87' lang='lat' dir='ltr'><strong>quate-</strong></span> 
     </span>
    </p>
   </div>
   <div class='ocr_carea' id='block_1_62' title="bbox 59 3295 3326 3375">
    <p class='ocr_par' dir='ltr' id='par_1_62' title="bbox 59 3295 3326 3375">
     <span class='ocr_line' id='line_1_62' title="bbox 59 3295 3326 3375; baseline 0.002 -28"><span class='ocrx_word' id='word_1_458' title='bbox 59 3295 223 3367; x_wconf 82' lang='lat' dir='ltr'><strong>aliqua</strong></span> <span class='ocrx_word' id='word_1_459' title='bbox 253 3298 309 3351; x_wconf 92' lang='lat' dir='ltr'><strong>in</strong></span> <span class='ocrx_word' id='word_1_460' title='bbox 334 3297 468 3367; x_wconf 88' lang='lat' dir='ltr'><strong>ipsis</strong></span> <span class='ocrx_word' id='word_1_461' title='bbox 486 3300 659 3369; x_wconf 88' lang='lat' dir='ltr'><strong>posita</strong></span> <span class='ocrx_word' id='word_1_462' title='bbox 678 3301 862 3372; x_wconf 82' lang='lat' dir='ltr'><strong>gestis,</strong></span> <span class='ocrx_word' id='word_1_463' title='bbox 894 3315 1014 3372; x_wconf 74' lang='lat' dir='ltr'><strong>qua:</strong></span> <span class='ocrx_word' id='word_1_464' title='bbox 1038 3302 1253 3374; x_wconf 86' lang='lat' dir='ltr'><strong>objecta</strong></span> <span class='ocrx_word' id='word_1_465' title='bbox 1273 3306 1467 3375; x_wconf 90' lang='lat' dir='ltr'><strong>partim</strong></span> <span class='ocrx_word' id='word_1_466' title='bbox 1491 3322 1637 3362; x_wconf 92' lang='lat' dir='ltr'><strong>mus-</strong></span> <span class='ocrx_word' id='word_1_467' title='bbox 1663 3303 1708 3365; x_wconf 90' lang='lat' dir='ltr'><strong>C</strong></span> <span class='ocrx_word' id='word_1_468' title='bbox 1742 3313 1843 3354; x_wconf 82' lang='lat' dir='ltr'><strong>nus</strong></span> <span class='ocrx_word' id='word_1_469' title='bbox 1871 3298 1957 3354; x_wconf 77' lang='lat' dir='ltr'><strong>vel</strong></span> <span class='ocrx_word' id='word_1_470' title='bbox 1986 3298 2073 3354; x_wconf 75' lang='lat' dir='ltr'><strong>bis</strong></span> <span class='ocrx_word' id='word_1_471' title='bbox 2100 3299 2274 3370; x_wconf 78' lang='lat' dir='ltr'><strong>possit</strong></span> <span class='ocrx_word' id='word_1_472' title='bbox 2315 3299 2615 3366; x_wconf 85' lang='lat' dir='ltr'><strong>subveniri,</strong></span> <span class='ocrx_word' id='word_1_473' title='bbox 2643 3314 2778 3370; x_wconf 91' lang='lat' dir='ltr'><strong>quos</strong></span> <span class='ocrx_word' id='word_1_474' title='bbox 2806 3315 2913 3355; x_wconf 90' lang='lat' dir='ltr'><strong>nou</strong></span> <span class='ocrx_word' id='word_1_475' title='bbox 2942 3314 3074 3356; x_wconf 89' lang='lat' dir='ltr'><strong>suus</strong></span> <span class='ocrx_word' id='word_1_476' title='bbox 3100 3298 3195 3355; x_wconf 86' lang='lat' dir='ltr'><strong>sed</strong></span> <span class='ocrx_word' id='word_1_477' title='bbox 3222 3299 3326 3353; x_wconf 89' lang='lat' dir='ltr'><strong>hu-</strong></span> 
     </span>
    </p>
   </div>
   <div class='ocr_carea' id='block_1_63' title="bbox 60 3386 1632 3466">
    <p class='ocr_par' dir='ltr' id='par_1_63' title="bbox 60 3386 1632 3466">
     <span class='ocr_line' id='line_1_63' title="bbox 60 3386 1632 3466; baseline 0.01 -28"><span class='ocrx_word' id='word_1_478' title='bbox 60 3386 260 3443; x_wconf 87' lang='lat' dir='ltr'><strong>sitando</strong></span> <span class='ocrx_word' id='word_1_479' title='bbox 288 3387 384 3443; x_wconf 88' lang='lat' dir='ltr'><strong>ille</strong></span> <span class='ocrx_word' id='word_1_480' title='bbox 404 3392 724 3466; x_wconf 89' lang='lat' dir='ltr'><strong>suppressit,</strong></span> <span class='ocrx_word' id='word_1_481' title='bbox 754 3392 951 3462; x_wconf 88' lang='lat' dir='ltr'><strong>partim</strong></span> <span class='ocrx_word' id='word_1_482' title='bbox 975 3393 1140 3449; x_wconf 90' lang='lat' dir='ltr'><strong>multa</strong></span> <span class='ocrx_word' id='word_1_483' title='bbox 1171 3395 1227 3450; x_wconf 89' lang='lat' dir='ltr'><strong>iu</strong></span> <span class='ocrx_word' id='word_1_484' title='bbox 1257 3408 1317 3450; x_wconf 86' lang='lat' dir='ltr'><strong>se</strong></span> <span class='ocrx_word' id='word_1_485' title='bbox 1344 3395 1506 3451; x_wconf 89' lang='lat' dir='ltr'><strong>verba</strong></span> <span class='ocrx_word' id='word_1_486' title='bbox 1544 3413 1632 3452; x_wconf 89' lang='lat' dir='ltr'><strong>re-</strong></span> 
     </span>
    </p>
   </div>
   <div class='ocr_carea' id='block_1_64' title="bbox 65 3478 1636 3559">
    <p class='ocr_par' dir='ltr' id='par_1_64' title="bbox 65 3478 1636 3559">
     <span class='ocr_line' id='line_1_64' title="bbox 65 3478 1636 3559; baseline 0.011 -32"><span class='ocrx_word' id='word_1_487' title='bbox 65 3478 379 3549; x_wconf 88' lang='lat' dir='ltr'><strong>torquendo,</strong></span> <span class='ocrx_word' id='word_1_488' title='bbox 425 3488 534 3536; x_wconf 91' lang='lat' dir='ltr'><strong>tota</strong></span> <span class='ocrx_word' id='word_1_489' title='bbox 579 3482 912 3540; x_wconf 89' lang='lat' dir='ltr'><strong>obscuritate</strong></span> <span class='ocrx_word' id='word_1_490' title='bbox 940 3485 1208 3553; x_wconf 89' lang='lat' dir='ltr'><strong>confudit,</strong></span> <span class='ocrx_word' id='word_1_491' title='bbox 1251 3488 1431 3558; x_wconf 90' lang='lat' dir='ltr'><strong>aliqua</strong></span> <span class='ocrx_word' id='word_1_492' title='bbox 1464 3490 1636 3559; x_wconf 88' lang='lat' dir='ltr'><strong>magis</strong></span> 
     </span>
    </p>
   </div>
   <div class='ocr_carea' id='block_1_65' title="bbox 63 3565 1635 3651">
    <p class='ocr_par' dir='ltr' id='par_1_65' title="bbox 63 3565 1635 3651">
     <span class='ocr_line' id='line_1_65' title="bbox 63 3565 1635 3651; baseline 0.01 -31"><span class='ocrx_word' id='word_1_493' title='bbox 63 3565 193 3623; x_wconf 77' lang='lat' dir='ltr'><strong>falsis</strong></span> <span class='ocrx_word' id='word_1_494' title='bbox 221 3572 564 3641; x_wconf 83' lang='lat' dir='ltr'><strong>argumentis</strong></span> <span class='ocrx_word' id='word_1_495' title='bbox 603 3588 765 3643; x_wconf 82' lang='lat' dir='ltr'><strong>quam</strong></span> <span class='ocrx_word' id='word_1_496' title='bbox 798 3589 925 3630; x_wconf 90' lang='lat' dir='ltr'><strong>vera</strong></span> <span class='ocrx_word' id='word_1_497' title='bbox 957 3578 1186 3645; x_wconf 88' lang='lat' dir='ltr'><strong>ratione,</strong></span> <span class='ocrx_word' id='word_1_498' title='bbox 1228 3587 1289 3634; x_wconf 92' lang='lat' dir='ltr'><strong>ut</strong></span> <span class='ocrx_word' id='word_1_499' title='bbox 1323 3580 1391 3634; x_wconf 91' lang='lat' dir='ltr'><strong>ad</strong></span> <span class='ocrx_word' id='word_1_500' title='bbox 1426 3588 1635 3651; x_wconf 85' lang='lat' dir='ltr'><strong>tempus</strong></span> 
     </span>
    </p>
   </div>
   <div class='ocr_carea' id='block_1_66' title="bbox 62 3658 1634 3739">
    <p class='ocr_par' dir='ltr' id='par_1_66' title="bbox 62 3658 1634 3739">
     <span class='ocr_line' id='line_1_66' title="bbox 62 3658 1634 3739; baseline 0.011 -29"><span class='ocrx_word' id='word_1_501' title='bbox 62 3658 229 3714; x_wconf 84' lang='lat' dir='ltr'><strong>videre</strong></span> <span class='ocrx_word' id='word_1_502' title='bbox 264 3669 521 3730; x_wconf 86' lang='lat' dir='ltr'><strong>poterat,</strong></span> <span class='ocrx_word' id='word_1_503' title='bbox 554 3666 841 3736; x_wconf 86' lang='lat' dir='ltr'><strong>purgavit,</strong></span> <span class='ocrx_word' id='word_1_504' title='bbox 889 3665 995 3722; x_wconf 91' lang='lat' dir='ltr'><strong>alia</strong></span> <span class='ocrx_word' id='word_1_505' title='bbox 1030 3672 1300 3739; x_wconf 82' lang='lat' dir='ltr'><strong>negando,</strong></span> <span class='ocrx_word' id='word_1_506' title='bbox 1346 3670 1451 3726; x_wconf 90' lang='lat' dir='ltr'><strong>alia</strong></span> <span class='ocrx_word' id='word_1_507' title='bbox 1501 3672 1634 3727; x_wconf 90' lang='lat' dir='ltr'><strong>falsa</strong></span> 
     </span>
    </p>
   </div>
   <div class='ocr_carea' id='block_1_67' title="bbox 60 3749 1635 3837">
    <p class='ocr_par' dir='ltr' id='par_1_67' title="bbox 60 3749 1635 3837">
     <span class='ocr_line' id='line_1_67' title="bbox 60 3749 1635 3837; baseline 0.012 -35"><span class='ocrx_word' id='word_1_508' title='bbox 60 3749 503 3823; x_wconf 87' lang='lat' dir='ltr'><strong>interpretatione</strong></span> <span class='ocrx_word' id='word_1_509' title='bbox 537 3757 819 3813; x_wconf 88' lang='lat' dir='ltr'><strong>vertendo.</strong></span> <span class='ocrx_word' id='word_1_510' title='bbox 864 3758 970 3814; x_wconf 90' lang='lat' dir='ltr'><strong>Sed</strong></span> <span class='ocrx_word' id='word_1_511' title='bbox 1022 3761 1230 3816; x_wconf 89' lang='lat' dir='ltr'><strong>utinam</strong></span> <span class='ocrx_word' id='word_1_512' title='bbox 1275 3764 1419 3834; x_wconf 91' lang='lat' dir='ltr'><strong>quod</strong></span> <span class='ocrx_word' id='word_1_513' title='bbox 1465 3766 1635 3837; x_wconf 89' lang='lat' dir='ltr'><strong>magis</strong></span> 
     </span>
    </p>
   </div>
   <div class='ocr_carea' id='block_1_68' title="bbox 60 3847 1634 3921">
    <p class='ocr_par' dir='ltr' id='par_1_68' title="bbox 60 3847 1634 3921">
     <span class='ocr_line' id='line_1_68' title="bbox 60 3847 1634 3921; baseline 0.012 -24"><span class='ocrx_word' id='word_1_514' title='bbox 60 3847 347 3921; x_wconf 74' lang='lat' dir='ltr'><strong>optandum</strong></span> <span class='ocrx_word' id='word_1_515' title='bbox 373 3856 458 3902; x_wconf 87' lang='lat' dir='ltr'><strong>est</strong></span> <span class='ocrx_word' id='word_1_516' title='bbox 480 3848 642 3903; x_wconf 90' lang='lat' dir='ltr'><strong>etiam</strong></span> <span class='ocrx_word' id='word_1_517' title='bbox 674 3848 763 3907; x_wconf 89' lang='lat' dir='ltr'><strong>ille</strong></span> <span class='ocrx_word' id='word_1_518' title='bbox 806 3866 865 3907; x_wconf 92' lang='lat' dir='ltr'><strong>se</strong></span> <span class='ocrx_word' id='word_1_519' title='bbox 892 3852 961 3908; x_wconf 89' lang='lat' dir='ltr'><strong>ad</strong></span> <span class='ocrx_word' id='word_1_520' title='bbox 988 3868 1171 3910; x_wconf 90' lang='lat' dir='ltr'><strong>veram</strong></span> <span class='ocrx_word' id='word_1_521' title='bbox 1198 3856 1480 3914; x_wconf 56' lang='lat' dir='ltr'><strong>catholica</strong></span> <span class='ocrx_word' id='word_1_522' title='bbox 1510 3858 1634 3916; x_wconf 87' lang='lat' dir='ltr'><strong>fidei</strong></span> 
     </span>
    </p>
   </div>
   <div class='ocr_carea' id='block_1_69' title="bbox 61 3934 1639 4016">
    <p class='ocr_par' dir='ltr' id='par_1_69' title="bbox 61 3934 1639 4016">
     <span class='ocr_line' id='line_1_69' title="bbox 61 3934 1639 4016; baseline 0.015 -32"><span class='ocrx_word' id='word_1_523' title='bbox 61 3934 189 3990; x_wconf 81' lang='lat' dir='ltr'><strong>viam</strong></span> <span class='ocrx_word' id='word_1_524' title='bbox 238 3939 313 3993; x_wconf 89' lang='lat' dir='ltr'><strong>ab</strong></span> <span class='ocrx_word' id='word_1_525' title='bbox 378 3937 470 3994; x_wconf 93' lang='lat' dir='ltr'><strong>illo</strong></span> <span class='ocrx_word' id='word_1_526' title='bbox 529 3940 612 3995; x_wconf 88' lang='lat' dir='ltr'><strong>sui</strong></span> <span class='ocrx_word' id='word_1_527' title='bbox 659 3942 895 4000; x_wconf 89' lang='lat' dir='ltr'><strong>tramitis</strong></span> <span class='ocrx_word' id='word_1_528' title='bbox 953 3957 1142 4002; x_wconf 82' lang='lat' dir='ltr'><strong>errore</strong></span> <span class='ocrx_word' id='word_1_529' title='bbox 1195 3959 1517 4016; x_wconf 89' lang='lat' dir='ltr'><strong>convertat,</strong></span> <span class='ocrx_word' id='word_1_530' title='bbox 1578 3960 1639 4007; x_wconf 90' lang='lat' dir='ltr'><strong>ut</strong></span> 
     </span>
    </p>
   </div>
   <div class='ocr_carea' id='block_1_70' title="bbox 61 4027 1635 4112">
    <p class='ocr_par' dir='ltr' id='par_1_70' title="bbox 61 4027 1635 4112">
     <span class='ocr_line' id='line_1_70' title="bbox 61 4027 1635 4112; baseline 0.011 -33"><span class='ocrx_word' id='word_1_531' title='bbox 61 4027 230 4097; x_wconf 85' lang='lat' dir='ltr'><strong>cupiat</strong></span> <span class='ocrx_word' id='word_1_532' title='bbox 278 4028 522 4100; x_wconf 81' lang='lat' dir='ltr'><strong>velitque</strong></span> <span class='ocrx_word' id='word_1_533' title='bbox 555 4033 811 4106; x_wconf 88' lang='lat' dir='ltr'><strong>purgari,</strong></span> <span class='ocrx_word' id='word_1_534' title='bbox 857 4036 1212 4095; x_wconf 87' lang='lat' dir='ltr'><strong>considerans</strong></span> <span class='ocrx_word' id='word_1_535' title='bbox 1262 4041 1635 4112; x_wconf 87' lang='lat' dir='ltr'><strong>quotidianam</strong></span> 
     </span>
    </p>
   </div>
   <div class='ocr_carea' id='block_1_71' title="bbox 63 4116 1639 4197">
    <p class='ocr_par' dir='ltr' id='par_1_71' title="bbox 63 4116 1639 4197">
     <span class='ocr_line' id='line_1_71' title="bbox 63 4116 1639 4197; baseline 0.013 -27"><span class='ocrx_word' id='word_1_536' title='bbox 63 4116 143 4171; x_wconf 85' lang='lat' dir='ltr'><strong>Dei</strong></span> <span class='ocrx_word' id='word_1_537' title='bbox 168 4121 408 4190; x_wconf 87' lang='lat' dir='ltr'><strong>gratiam</strong></span> <span class='ocrx_word' id='word_1_538' title='bbox 438 4121 871 4194; x_wconf 87' lang='lat' dir='ltr'><strong>adjutoriumque</strong></span> <span class='ocrx_word' id='word_1_539' title='bbox 902 4140 1252 4197; x_wconf 86' lang='lat' dir='ltr'><strong>cognoscens,</strong></span> <span class='ocrx_word' id='word_1_540' title='bbox 1304 4139 1363 4186; x_wconf 90' lang='lat' dir='ltr'><strong>ut</strong></span> <span class='ocrx_word' id='word_1_541' title='bbox 1390 4133 1639 4191; x_wconf 87' lang='lat' dir='ltr'><strong>videatur</strong></span> 
     </span>
    </p>
   </div>
   <div class='ocr_carea' id='block_1_72' title="bbox 61 4216 1640 4286">
    <p class='ocr_par' dir='ltr' id='par_1_72' title="bbox 61 4216 1640 4286">
     <span class='ocr_line' id='line_1_72' title="bbox 61 4216 1640 4286; baseline 0.013 -25"><span class='ocrx_word' id='word_1_542' title='bbox 61 4223 281 4280; x_wconf 81' lang='lat' dir='ltr'><strong>verum,</strong></span> <span class='ocrx_word' id='word_1_543' title='bbox 332 4221 388 4268; x_wconf 89' lang='lat' dir='ltr'><strong>et</strong></span> <span class='ocrx_word' id='word_1_544' title='bbox 425 4216 752 4286; x_wconf 88' lang='lat' dir='ltr'><strong>approbetur</strong></span> <span class='ocrx_word' id='word_1_545' title='bbox 801 4219 870 4275; x_wconf 84' lang='lat' dir='ltr'><strong>ab</strong></span> <span class='ocrx_word' id='word_1_546' title='bbox 907 4222 1159 4277; x_wconf 91' lang='lat' dir='ltr'><strong>omnibus</strong></span> <span class='ocrx_word' id='word_1_547' title='bbox 1218 4224 1503 4281; x_wconf 85' lang='lat' dir='ltr'><strong>manifesta</strong></span> <span class='ocrx_word' id='word_1_548' title='bbox 1554 4244 1640 4282; x_wconf 87' lang='lat' dir='ltr'><strong>ra-</strong></span> 
     </span>
    </p>
   </div>
   <div class='ocr_carea' id='block_1_73' title="bbox 61 4303 1640 4382">
    <p class='ocr_par' dir='ltr' id='par_1_73' title="bbox 61 4303 1640 4382">
     <span class='ocr_line' id='line_1_73' title="bbox 61 4303 1640 4382; baseline 0.012 -28"><span class='ocrx_word' id='word_1_549' title='bbox 61 4303 194 4360; x_wconf 88' lang='lat' dir='ltr'><strong>tione</strong></span> <span class='ocrx_word' id='word_1_550' title='bbox 220 4316 514 4362; x_wconf 88' lang='lat' dir='ltr'><strong>correctus</strong></span> <span class='ocrx_word' id='word_1_551' title='bbox 533 4348 549 4375; x_wconf 93' lang='lat'><strong>,</strong></span> <span class='ocrx_word' id='word_1_552' title='bbox 597 4323 702 4363; x_wconf 92' lang='lat' dir='ltr'><strong>non</strong></span> <span class='ocrx_word' id='word_1_553' title='bbox 733 4319 1008 4382; x_wconf 86' lang='lat' dir='ltr'><strong>gestorum</strong></span> <span class='ocrx_word' id='word_1_554' title='bbox 1031 4311 1238 4382; x_wconf 91' lang='lat' dir='ltr'><strong>judicio</strong></span> <span class='ocrx_word' id='word_1_555' title='bbox 1262 4355 1279 4382; x_wconf 90' lang='lat'><strong>,</strong></span> <span class='ocrx_word' id='word_1_556' title='bbox 1326 4317 1419 4372; x_wconf 89' lang='lat' dir='ltr'><strong>sed</strong></span> <span class='ocrx_word' id='word_1_557' title='bbox 1452 4318 1520 4373; x_wconf 89' lang='lat' dir='ltr'><strong>ad</strong></span> <span class='ocrx_word' id='word_1_558' title='bbox 1548 4334 1640 4373; x_wconf 89' lang='lat' dir='ltr'><strong>ca-</strong></span> 
     </span>
    </p>
   </div>
   <div class='ocr_carea' id='block_1_74' title="bbox 62 4392 1638 4480">
    <p class='ocr_par' dir='ltr' id='par_1_74' title="bbox 62 4392 1638 4480">
     <span class='ocr_line' id='line_1_74' title="bbox 62 4392 1638 4480; baseline 0.013 -34"><span class='ocrx_word' id='word_1_559' title='bbox 62 4392 311 4451; x_wconf 84' lang='lat' dir='ltr'><strong>tholicam</strong></span> <span class='ocrx_word' id='word_1_560' title='bbox 341 4396 498 4451; x_wconf 83' lang='lat' dir='ltr'><strong>fidem</strong></span> <span class='ocrx_word' id='word_1_561' title='bbox 537 4400 702 4454; x_wconf 83' lang='lat' dir='ltr'><strong>corde</strong></span> <span class='ocrx_word' id='word_1_562' title='bbox 748 4416 1030 4459; x_wconf 91' lang='lat' dir='ltr'><strong>converso.</strong></span> <span class='ocrx_word' id='word_1_563' title='bbox 1089 4404 1242 4461; x_wconf 90' lang='lat' dir='ltr'><strong>Unde</strong></span> <span class='ocrx_word' id='word_1_564' title='bbox 1281 4422 1386 4463; x_wconf 94' lang='lat' dir='ltr'><strong>non</strong></span> <span class='ocrx_word' id='word_1_565' title='bbox 1417 4423 1638 4480; x_wconf 90' lang='lat' dir='ltr'><strong>possum</strong></span> 
     </span>
    </p>
   </div>
   <div class='ocr_carea' id='block_1_75' title="bbox 63 4481 1637 4568">
    <p class='ocr_par' dir='ltr' id='par_1_75' title="bbox 63 4481 1637 4568">
     <span class='ocr_line' id='line_1_75' title="bbox 63 4481 1637 4568; baseline 0.013 -31"><span class='ocrx_word' id='word_1_566' title='bbox 63 4481 264 4541; x_wconf 82' lang='lat' dir='ltr'><strong>illorum</strong></span> <span class='ocrx_word' id='word_1_567' title='bbox 304 4503 408 4544; x_wconf 91' lang='lat' dir='ltr'><strong>nec</strong></span> <span class='ocrx_word' id='word_1_568' title='bbox 435 4493 736 4562; x_wconf 86' lang='lat' dir='ltr'><strong>approbare</strong></span> <span class='ocrx_word' id='word_1_569' title='bbox 784 4509 887 4550; x_wconf 91' lang='lat' dir='ltr'><strong>nec</strong></span> <span class='ocrx_word' id='word_1_570' title='bbox 932 4495 1152 4568; x_wconf 87' lang='lat' dir='ltr'><strong>culpare</strong></span> <span class='ocrx_word' id='word_1_571' title='bbox 1193 4497 1482 4568; x_wconf 88' lang='lat' dir='ltr'><strong>judicium,</strong></span> <span class='ocrx_word' id='word_1_572' title='bbox 1513 4517 1637 4558; x_wconf 91' lang='lat' dir='ltr'><strong>cum</strong></span> 
     </span>
    </p>
   </div>
   <div class='ocr_carea' id='block_1_76' title="bbox 61 4581 1635 4661">
    <p class='ocr_par' dir='ltr' id='par_1_76' title="bbox 61 4581 1635 4661">
     <span class='ocr_line' id='line_1_76' title="bbox 61 4581 1635 4661; baseline 0.012 -28"><span class='ocrx_word' id='word_1_573' title='bbox 61 4581 364 4636; x_wconf 82' lang='lat' dir='ltr'><strong>nesciamus</strong></span> <span class='ocrx_word' id='word_1_574' title='bbox 388 4591 570 4639; x_wconf 89' lang='lat' dir='ltr'><strong>utrum</strong></span> <span class='ocrx_word' id='word_1_575' title='bbox 593 4601 720 4641; x_wconf 89' lang='lat' dir='ltr'><strong>vera</strong></span> <span class='ocrx_word' id='word_1_576' title='bbox 745 4588 855 4643; x_wconf 88' lang='lat' dir='ltr'><strong>sint</strong></span> <span class='ocrx_word' id='word_1_577' title='bbox 881 4601 1027 4661; x_wconf 86' lang='lat' dir='ltr'><strong>gesta</strong></span> <span class='ocrx_word' id='word_1_578' title='bbox 1048 4630 1063 4657; x_wconf 89' lang='lat'><strong>,</strong></span> <span class='ocrx_word' id='word_1_579' title='bbox 1105 4603 1199 4648; x_wconf 89' lang='lat' dir='ltr'><strong>aut</strong></span> <span class='ocrx_word' id='word_1_580' title='bbox 1243 4594 1288 4648; x_wconf 91' lang='lat' dir='ltr'><strong>si</strong></span> <span class='ocrx_word' id='word_1_581' title='bbox 1329 4609 1458 4650; x_wconf 89' lang='lat' dir='ltr'><strong>vera</strong></span> <span class='ocrx_word' id='word_1_582' title='bbox 1490 4607 1635 4661; x_wconf 92' lang='lat' dir='ltr'><strong>sunt,</strong></span> 
     </span>
    </p>
   </div>
   <div class='ocr_carea' id='block_1_77' title="bbox 1728 3389 3323 3462">
    <p class='ocr_par' dir='ltr' id='par_1_77' title="bbox 1728 3389 3323 3462">
     <span class='ocr_line' id='line_1_77' title="bbox 1728 3389 3323 3462; baseline -0.001 -17"><span class='ocrx_word' id='word_1_583' title='bbox 1728 3390 1821 3460; x_wconf 82' lang='lat' dir='ltr'><strong>jus</strong></span> <span class='ocrx_word' id='word_1_584' title='bbox 1852 3391 2025 3462; x_wconf 81' lang='lat' dir='ltr'><strong>magis</strong></span> <span class='ocrx_word' id='word_1_585' title='bbox 2077 3406 2235 3445; x_wconf 87' lang='lat' dir='ltr'><strong>error</strong></span> <span class='ocrx_word' id='word_1_586' title='bbox 2278 3390 2513 3456; x_wconf 81' lang='lat' dir='ltr'><strong>induxit,</strong></span> <span class='ocrx_word' id='word_1_587' title='bbox 2560 3406 2628 3447; x_wconf 90' lang='lat' dir='ltr'><strong>ne</strong></span> <span class='ocrx_word' id='word_1_588' title='bbox 2661 3399 2716 3447; x_wconf 90' lang='lat' dir='ltr'><strong>et</strong></span> <span class='ocrx_word' id='word_1_589' title='bbox 2743 3390 2852 3447; x_wconf 90' lang='lat' dir='ltr'><strong>illis</strong></span> <span class='ocrx_word' id='word_1_590' title='bbox 2889 3391 3004 3446; x_wconf 67' lang='lat' dir='ltr'><strong>haec</strong></span> <span class='ocrx_word' id='word_1_591' title='bbox 3050 3389 3323 3446; x_wconf 88' lang='lat' dir='ltr'><strong>medicina</strong></span> 
     </span>
    </p>
   </div>
   <div class='ocr_carea' id='block_1_78' title="bbox 1733 3480 3321 3554">
    <p class='ocr_par' dir='ltr' id='par_1_78' title="bbox 1733 3480 3321 3554">
     <span class='ocr_line' id='line_1_78' title="bbox 1733 3480 3321 3554; baseline -0.003 -15"><span class='ocrx_word' id='word_1_592' title='bbox 1733 3491 1942 3554; x_wconf 87' lang='lat' dir='ltr'><strong>pereat,</strong></span> <span class='ocrx_word' id='word_1_593' title='bbox 1972 3480 2125 3553; x_wconf 88' lang='lat' dir='ltr'><strong>cujus</strong></span> <span class='ocrx_word' id='word_1_594' title='bbox 2158 3483 2260 3539; x_wconf 90' lang='lat' dir='ltr'><strong>iste</strong></span> <span class='ocrx_word' id='word_1_595' title='bbox 2300 3481 2471 3539; x_wconf 88' lang='lat' dir='ltr'><strong>talem</strong></span> <span class='ocrx_word' id='word_1_596' title='bbox 2502 3498 2609 3538; x_wconf 90' lang='lat' dir='ltr'><strong>non</strong></span> <span class='ocrx_word' id='word_1_597' title='bbox 2637 3483 2895 3548; x_wconf 91' lang='lat' dir='ltr'><strong>admittit,</strong></span> <span class='ocrx_word' id='word_1_598' title='bbox 2934 3498 3035 3539; x_wconf 91' lang='lat' dir='ltr'><strong>nec</strong></span> <span class='ocrx_word' id='word_1_599' title='bbox 3078 3481 3321 3554; x_wconf 86' lang='lat' dir='ltr'><strong>postulat</strong></span> 
     </span>
    </p>
   </div>
   <div class='ocr_carea' id='block_1_79' title="bbox 1736 3579 3321 3647">
    <p class='ocr_par' dir='ltr' id='par_1_79' title="bbox 1736 3579 3321 3647">
     <span class='ocr_line' id='line_1_79' title="bbox 1736 3579 3321 3647; baseline 0 -13"><span class='ocrx_word' id='word_1_600' title='bbox 1736 3594 1945 3634; x_wconf 90' lang='lat' dir='ltr'><strong>curam.</strong></span> <span class='ocrx_word' id='word_1_601' title='bbox 1997 3579 2140 3634; x_wconf 92' lang='lat' dir='ltr'><strong>Deus</strong></span> <span class='ocrx_word' id='word_1_602' title='bbox 2186 3593 2283 3634; x_wconf 87' lang='lat' dir='ltr'><strong>vos</strong></span> <span class='ocrx_word' id='word_1_603' title='bbox 2316 3579 2583 3634; x_wconf 87' lang='lat' dir='ltr'><strong>custodiat</strong></span> <span class='ocrx_word' id='word_1_604' title='bbox 2612 3579 2931 3647; x_wconf 89' lang='lat' dir='ltr'><strong>incolumes,</strong></span> <span class='ocrx_word' id='word_1_605' title='bbox 2965 3579 3166 3635; x_wconf 82' lang='lat' dir='ltr'><strong>fratres</strong></span> <span class='ocrx_word' id='word_1_606' title='bbox 3195 3579 3321 3635; x_wconf 86' lang='lat' dir='ltr'><strong>cha-</strong></span> 
     </span>
    </p>
   </div>
   <div class='ocr_carea' id='block_1_80' title="bbox 1738 3670 2798 3728">
    <p class='ocr_par' dir='ltr' id='par_1_80' title="bbox 1738 3670 2798 3728">
     <span class='ocr_line' id='line_1_80' title="bbox 1738 3670 2798 3728; baseline -0.002 0"><span class='ocrx_word' id='word_1_607' title='bbox 1738 3673 1959 3728; x_wconf 90' lang='lat' dir='ltr'><strong>rissimi.</strong></span> <span class='ocrx_word' id='word_1_608' title='bbox 1988 3671 2123 3727; x_wconf 89' lang='lat' dir='ltr'><strong>Data</strong></span> <span class='ocrx_word' id='word_1_609' title='bbox 2150 3688 2201 3727; x_wconf 82' lang='lat' dir='ltr'><strong>vt</strong></span> <span class='ocrx_word' id='word_1_610' title='bbox 2230 3671 2456 3728; x_wconf 86' lang='lat' dir='ltr'><strong>Kalend.</strong></span> <span class='ocrx_word' id='word_1_611' title='bbox 2494 3670 2798 3728; x_wconf 84' lang='lat' dir='ltr'><strong>Februarii.</strong></span> 
     </span>
    </p>
   </div>
   <div class='ocr_carea' id='block_1_81' title="bbox 1808 3782 3327 3857">
    <p class='ocr_par' dir='ltr' id='par_1_81' title="bbox 1808 3782 3327 3857">
     <span class='ocr_line' id='line_1_81' title="bbox 1808 3782 3327 3857; baseline 0 -17"><span class='ocrx_word' id='word_1_612' title='bbox 1808 3785 1940 3840; x_wconf 91' lang='lat' dir='ltr'><strong>ltem</strong></span> <span class='ocrx_word' id='word_1_613' title='bbox 1986 3784 2210 3857; x_wconf 88' lang='lat' dir='ltr'><strong>epistola</strong></span> <span class='ocrx_word' id='word_1_614' title='bbox 2256 3782 2551 3840; x_wconf 86' lang='lat' dir='ltr'><strong>familiaris</strong></span> <span class='ocrx_word' id='word_1_615' title='bbox 2587 3786 2656 3841; x_wconf 91' lang='lat' dir='ltr'><strong>ad</strong></span> <span class='ocrx_word' id='word_1_616' title='bbox 2698 3785 3054 3844; x_wconf 87' lang='lat' dir='ltr'><strong>Aurelianum</strong></span> <span class='ocrx_word' id='word_1_617' title='bbox 3095 3786 3327 3842; x_wconf 90' lang='lat' dir='ltr'><strong>Cartha-</strong></span> 
     </span>
    </p>
   </div>
   <div class='ocr_carea' id='block_1_82' title="bbox 1738 3865 3119 3949">
    <p class='ocr_par' dir='ltr' id='par_1_82' title="bbox 1738 3865 3119 3949">
     <span class='ocr_line' id='line_1_82' title="bbox 1738 3865 3119 3949; baseline -0.001 -18"><span class='ocrx_word' id='word_1_618' title='bbox 1738 3876 2015 3949; x_wconf 87' lang='lat' dir='ltr'><strong>gincnsem</strong></span> <span class='ocrx_word' id='word_1_619' title='bbox 2053 3877 2390 3948; x_wconf 88' lang='lat' dir='ltr'><strong>episcopum.</strong></span> <span class='ocrx_word' id='word_1_620' title='bbox 3102 3865 3119 3876; x_wconf 82' lang='grc'><strong>’</strong></span> 
     </span>
    </p>
   </div>
   <div class='ocr_carea' id='block_1_83' title="bbox 1808 3966 3327 4041">
    <p class='ocr_par' dir='ltr' id='par_1_83' title="bbox 1808 3966 3327 4041">
     <span class='ocr_line' id='line_1_83' title="bbox 1808 3966 3327 4041; baseline 0.001 -18"><span class='ocrx_word' id='word_1_621' title='bbox 1808 3968 2162 4023; x_wconf 71' lang='lat' dir='ltr'><strong>INNOCENTIUS</strong></span> <span class='ocrx_word' id='word_1_622' title='bbox 2195 3967 2442 4025; x_wconf 72' lang='lat' dir='ltr'><strong>AURELIO</strong></span> <span class='ocrx_word' id='word_1_623' title='bbox 2488 3966 2742 4038; x_wconf 90' lang='lat' dir='ltr'><strong>episcopo</strong></span> <span class='ocrx_word' id='word_1_624' title='bbox 2789 3967 3227 4041; x_wconf 85' lang='lat' dir='ltr'><strong>Carthaginensi.</strong></span> <span class='ocrx_word' id='word_1_625' title='bbox 3267 3969 3327 4025; x_wconf 92' lang='lat' dir='ltr'><strong>ln</strong></span> 
     </span>
    </p>
   </div>
   <div class='ocr_carea' id='block_1_84' title="bbox 1741 4058 3331 4131">
    <p class='ocr_par' dir='ltr' id='par_1_84' title="bbox 1741 4058 3331 4131">
     <span class='ocr_line' id='line_1_84' title="bbox 1741 4058 3331 4131; baseline 0.003 -18"><span class='ocrx_word' id='word_1_626' title='bbox 1741 4058 2098 4116; x_wconf 89' lang='lat' dir='ltr'><strong>familiaribus</strong></span> <span class='ocrx_word' id='word_1_627' title='bbox 2128 4060 2346 4131; x_wconf 91' lang='lat' dir='ltr'><strong>scriptis</strong></span> <span class='ocrx_word' id='word_1_628' title='bbox 2388 4059 2606 4116; x_wconf 91' lang='lat' dir='ltr'><strong>dilectio</strong></span> <span class='ocrx_word' id='word_1_629' title='bbox 2630 4077 2758 4118; x_wconf 88' lang='lat' dir='ltr'><strong>vera</strong></span> <span class='ocrx_word' id='word_1_630' title='bbox 2805 4063 3095 4130; x_wconf 86' lang='lat' dir='ltr'><strong>consistit,</strong></span> <span class='ocrx_word' id='word_1_631' title='bbox 3143 4070 3201 4119; x_wconf 91' lang='lat' dir='ltr'><strong>et</strong></span> <span class='ocrx_word' id='word_1_632' title='bbox 3236 4060 3331 4118; x_wconf 83' lang='lat' dir='ltr'><strong>lir-</strong></span> 
     </span>
    </p>
   </div>
   <div class='ocr_carea' id='block_1_85' title="bbox 1740 4148 3331 4212">
    <p class='ocr_par' dir='ltr' id='par_1_85' title="bbox 1740 4148 3331 4212">
     <span class='ocr_line' id='line_1_85' title="bbox 1740 4148 3331 4212; baseline 0.003 -6"><span class='ocrx_word' id='word_1_633' title='bbox 1740 4152 1881 4206; x_wconf 88' lang='lat' dir='ltr'><strong>mius</strong></span> <span class='ocrx_word' id='word_1_634' title='bbox 1919 4151 2201 4208; x_wconf 91' lang='lat' dir='ltr'><strong>cbaritatis</strong></span> <span class='ocrx_word' id='word_1_635' title='bbox 2256 4148 2432 4207; x_wconf 78' lang='lat' dir='ltr'><strong>ollicia</strong></span> <span class='ocrx_word' id='word_1_636' title='bbox 2472 4152 2666 4209; x_wconf 90' lang='lat' dir='ltr'><strong>melius</strong></span> <span class='ocrx_word' id='word_1_637' title='bbox 2716 4169 2775 4209; x_wconf 90' lang='lat' dir='ltr'><strong>se</strong></span> <span class='ocrx_word' id='word_1_638' title='bbox 2816 4169 2942 4211; x_wconf 91' lang='lat' dir='ltr'><strong>orsa</strong></span> <span class='ocrx_word' id='word_1_639' title='bbox 2990 4166 3331 4212; x_wconf 89' lang='lat' dir='ltr'><strong>mereantur.</strong></span> 
     </span>
    </p>
   </div>
   <div class='ocr_carea' id='block_1_86' title="bbox 1739 4240 3331 4317">
    <p class='ocr_par' dir='ltr' id='par_1_86' title="bbox 1739 4240 3331 4317">
     <span class='ocr_line' id='line_1_86' title="bbox 1739 4240 3331 4317; baseline 0.006 -22"><span class='ocrx_word' id='word_1_640' title='bbox 1739 4240 2102 4310; x_wconf 83' lang='lat' dir='ltr'><strong>Quamobrem</strong></span> <span class='ocrx_word' id='word_1_641' title='bbox 2134 4257 2232 4315; x_wconf 90' lang='lat' dir='ltr'><strong>per</strong></span> <span class='ocrx_word' id='word_1_642' title='bbox 2277 4241 2503 4298; x_wconf 89' lang='lat' dir='ltr'><strong>fratrem</strong></span> <span class='ocrx_word' id='word_1_643' title='bbox 2550 4254 2797 4300; x_wconf 87' lang='lat' dir='ltr'><strong>nostrum</strong></span> <span class='ocrx_word' id='word_1_644' title='bbox 2838 4244 3041 4303; x_wconf 88' lang='lat' dir='ltr'><strong>Julium</strong></span> <span class='ocrx_word' id='word_1_645' title='bbox 3086 4246 3331 4317; x_wconf 82' lang='lat' dir='ltr'><strong>epistolae</strong></span> 
     </span>
    </p>
   </div>
   <div class='ocr_carea' id='block_1_87' title="bbox 1741 4333 3331 4407">
    <p class='ocr_par' dir='ltr' id='par_1_87' title="bbox 1741 4333 3331 4407">
     <span class='ocr_line' id='line_1_87' title="bbox 1741 4333 3331 4407; baseline 0.001 -17"><span class='ocrx_word' id='word_1_646' title='bbox 1741 4334 2081 4390; x_wconf 87' lang='lat' dir='ltr'><strong>extrinsecus</strong></span> <span class='ocrx_word' id='word_1_647' title='bbox 2110 4333 2290 4390; x_wconf 61' lang='lat' dir='ltr'><strong>missae</strong></span> <span class='ocrx_word' id='word_1_648' title='bbox 2330 4334 2662 4405; x_wconf 86' lang='lat' dir='ltr'><strong>respondere</strong></span> <span class='ocrx_word' id='word_1_649' title='bbox 2694 4337 2910 4407; x_wconf 89' lang='lat' dir='ltr'><strong>gestivi,</strong></span> <span class='ocrx_word' id='word_1_650' title='bbox 2945 4352 3014 4393; x_wconf 90' lang='lat' dir='ltr'><strong>ne</strong></span> <span class='ocrx_word' id='word_1_651' title='bbox 3046 4338 3189 4407; x_wconf 90' lang='lat' dir='ltr'><strong>apud</strong></span> <span class='ocrx_word' id='word_1_652' title='bbox 3240 4352 3331 4394; x_wconf 90' lang='lat' dir='ltr'><strong>me</strong></span> 
     </span>
    </p>
   </div>
   <div class='ocr_carea' id='block_1_88' title="bbox 1743 4426 3329 4502">
    <p class='ocr_par' dir='ltr' id='par_1_88' title="bbox 1743 4426 3329 4502">
     <span class='ocr_line' id='line_1_88' title="bbox 1743 4426 3329 4502; baseline 0.003 -20"><span class='ocrx_word' id='word_1_653' title='bbox 1743 4426 1970 4483; x_wconf 89' lang='lat' dir='ltr'><strong>forsitan</strong></span> <span class='ocrx_word' id='word_1_654' title='bbox 1996 4435 2303 4483; x_wconf 89' lang='lat' dir='ltr'><strong>remaneret</strong></span> <span class='ocrx_word' id='word_1_655' title='bbox 2329 4428 2619 4500; x_wconf 87' lang='lat' dir='ltr'><strong>peculiaris</strong></span> <span class='ocrx_word' id='word_1_656' title='bbox 2650 4438 2860 4502; x_wconf 71' lang='lat' dir='ltr'><strong>negata:</strong></span> <span class='ocrx_word' id='word_1_657' title='bbox 2878 4430 3223 4488; x_wconf 88' lang='lat' dir='ltr'><strong>salutationis</strong></span> <span class='ocrx_word' id='word_1_658' title='bbox 3245 4430 3329 4488; x_wconf 88' lang='lat' dir='ltr'><strong>of-</strong></span> 
     </span>
    </p>
   </div>
   <div class='ocr_carea' id='block_1_89' title="bbox 1743 4521 3330 4595">
    <p class='ocr_par' dir='ltr' id='par_1_89' title="bbox 1743 4521 3330 4595">
     <span class='ocr_line' id='line_1_89' title="bbox 1743 4521 3330 4595; baseline 0.001 -18"><span class='ocrx_word' id='word_1_659' title='bbox 1743 4522 1932 4589; x_wconf 90' lang='lat' dir='ltr'><strong>fensa,</strong></span> <span class='ocrx_word' id='word_1_660' title='bbox 1987 4521 2358 4593; x_wconf 88' lang='lat' dir='ltr'><strong>supradictum</strong></span> <span class='ocrx_word' id='word_1_661' title='bbox 2414 4523 2581 4595; x_wconf 89' lang='lat' dir='ltr'><strong>igitur</strong></span> <span class='ocrx_word' id='word_1_662' title='bbox 2627 4521 2853 4579; x_wconf 85' lang='lat' dir='ltr'><strong>fratrem</strong></span> <span class='ocrx_word' id='word_1_663' title='bbox 2918 4532 3167 4583; x_wconf 89' lang='lat' dir='ltr'><strong>nostrum</strong></span> <span class='ocrx_word' id='word_1_664' title='bbox 3225 4532 3330 4579; x_wconf 69' lang='lat' dir='ltr'><strong>tua:</strong></span> 
     </span>
    </p>
   </div>
   <div class='ocr_carea' id='block_1_90' title="bbox 1744 4611 3331 4686">
    <p class='ocr_par' dir='ltr' id='par_1_90' title="bbox 1744 4611 3331 4686">
     <span class='ocr_line' id='line_1_90' title="bbox 1744 4611 3331 4686; baseline 0.001 -17"><span class='ocrx_word' id='word_1_665' title='bbox 1744 4611 2017 4669; x_wconf 89' lang='lat' dir='ltr'><strong>dilectioni</strong></span> <span class='ocrx_word' id='word_1_666' title='bbox 2045 4612 2294 4679; x_wconf 91' lang='lat' dir='ltr'><strong>restituo,</strong></span> <span class='ocrx_word' id='word_1_667' title='bbox 2325 4628 2448 4669; x_wconf 86' lang='lat' dir='ltr'><strong>cum</strong></span> <span class='ocrx_word' id='word_1_668' title='bbox 2476 4614 2785 4685; x_wconf 70' lang='lat' dir='ltr'><strong>apostolicm</strong></span> <span class='ocrx_word' id='word_1_669' title='bbox 2830 4615 2946 4672; x_wconf 87' lang='lat' dir='ltr'><strong>sedi</strong></span> <span class='ocrx_word' id='word_1_670' title='bbox 2991 4615 3214 4686; x_wconf 88' lang='lat' dir='ltr'><strong>dignum</strong></span> <span class='ocrx_word' id='word_1_671' title='bbox 3261 4613 3331 4670; x_wconf 87' lang='lat' dir='ltr'><strong>ad</strong></span> 
     </span>
    </p>
   </div>
   <div class='ocr_carea' id='block_1_91' title="bbox 60 4665 3334 4779">
    <p class='ocr_par' dir='ltr' id='par_1_91' title="bbox 60 4665 3334 4779">
     <span class='ocr_line' id='line_1_91' title="bbox 60 4665 3334 4779; baseline 0.005 -34"><span class='ocrx_word' id='word_1_672' title='bbox 60 4665 211 4779; x_wconf 45' lang='grc' dir='ltr'><strong>ξρξω.</strong></span> <span class='ocrx_word' id='word_1_673' title='bbox 248 4671 647 4779; x_wconf 64' lang='grc' dir='ltr'><strong>δυῢιετΐυείεεξ</strong></span> <span class='ocrx_word' id='word_1_674' title='bbox 675 4688 884 4779; x_wconf 61' lang='grc' dir='ltr'><strong>ςοιξειθι</strong></span> <span class='ocrx_word' id='word_1_675' title='bbox 910 4682 1103 4779; x_wconf 31' lang='grc' dir='ltr'><strong>,τιξξιείε</strong></span> <span class='ocrx_word' id='word_1_676' title='bbox 1132 4698 1294 4779; x_wconf 58' lang='lat' dir='ltr'><strong>(illam</strong></span> <span class='ocrx_word' id='word_1_677' title='bbox 1337 4700 1397 4743; x_wconf 75' lang='lat' dir='ltr'><strong>Se</strong></span> <span class='ocrx_word' id='word_1_678' title='bbox 1424 4689 1477 4742; x_wconf 76' lang='lat' dir='ltr'><strong>in</strong></span> <span class='ocrx_word' id='word_1_679' title='bbox 1526 4698 1638 4746; x_wconf 68' lang='grc' dir='ltr'><strong>ιοιίι</strong></span> <span class='ocrx_word' id='word_1_680' title='bbox 1666 4674 2059 4760; x_wconf 80' lang='lat' dir='ltr'><strong>Drelationem</strong></span> <span class='ocrx_word' id='word_1_681' title='bbox 2108 4665 2340 4775; x_wconf 76' lang='lat' dir='ltr'><strong>duplicis</strong></span> <span class='ocrx_word' id='word_1_682' title='bbox 2367 4665 2561 4777; x_wconf 71' lang='lat' dir='ltr'><strong>synodi</strong></span> <span class='ocrx_word' id='word_1_683' title='bbox 2600 4706 2879 4777; x_wconf 89' lang='lat' dir='ltr'><strong>judicatis.</strong></span> <span class='ocrx_word' id='word_1_684' title='bbox 2930 4665 3229 4779; x_wconf 54' lang='lat' dir='ltr'><strong>SupErest,</strong></span> <span class='ocrx_word' id='word_1_685' title='bbox 3270 4714 3334 4761; x_wconf 88' lang='lat' dir='ltr'><strong>ut</strong></span> 
     </span>
    </p>
   </div>
   <div class='ocr_carea' id='block_1_92' title="bbox 59 4759 1637 4849">
    <p class='ocr_par' dir='ltr' id='par_1_92' title="bbox 59 4759 1637 4849">
     <span class='ocr_line' id='line_1_92' title="bbox 59 4759 1637 4849; baseline 0.016 -36"><span class='ocrx_word' id='word_1_686' title='bbox 59 4759 252 4819; x_wconf 80' lang='lat' dir='ltr'><strong>virtute</strong></span> <span class='ocrx_word' id='word_1_687' title='bbox 276 4779 568 4836; x_wconf 84' lang='lat' dir='ltr'><strong>purgasse.</strong></span> <span class='ocrx_word' id='word_1_688' title='bbox 597 4768 701 4835; x_wconf 89' lang='lat' dir='ltr'><strong>Qui</strong></span> <span class='ocrx_word' id='word_1_689' title='bbox 729 4771 775 4825; x_wconf 92' lang='lat' dir='ltr'><strong>si</strong></span> <span class='ocrx_word' id='word_1_690' title='bbox 798 4771 1039 4840; x_wconf 86' lang='lat' dir='ltr'><strong>confidit,</strong></span> <span class='ocrx_word' id='word_1_691' title='bbox 1064 4778 1323 4849; x_wconf 89' lang='lat' dir='ltr'><strong>novitque</strong></span> <span class='ocrx_word' id='word_1_692' title='bbox 1352 4794 1460 4835; x_wconf 91' lang='lat' dir='ltr'><strong>non</strong></span> <span class='ocrx_word' id='word_1_693' title='bbox 1490 4783 1637 4837; x_wconf 91' lang='lat' dir='ltr'><strong>omni</strong></span> 
     </span>
    </p>
   </div>
   <div class='ocr_carea' id='block_1_93' title="bbox 58 4850 1639 4945">
    <p class='ocr_par' dir='ltr' id='par_1_93' title="bbox 58 4850 1639 4945">
     <span class='ocr_line' id='line_1_93' title="bbox 58 4850 1639 4945; baseline 0.015 -38"><span class='ocrx_word' id='word_1_694' title='bbox 58 4850 274 4921; x_wconf 85' lang='lat' dir='ltr'><strong>dignum</strong></span> <span class='ocrx_word' id='word_1_695' title='bbox 323 4871 444 4914; x_wconf 85' lang='lat' dir='ltr'><strong>esse</strong></span> <span class='ocrx_word' id='word_1_696' title='bbox 482 4859 852 4931; x_wconf 86' lang='lat' dir='ltr'><strong>indignatione</strong></span> <span class='ocrx_word' id='word_1_697' title='bbox 880 4867 1025 4935; x_wconf 91' lang='lat' dir='ltr'><strong>quod</strong></span> <span class='ocrx_word' id='word_1_698' title='bbox 1063 4868 1210 4925; x_wconf 88' lang='lat' dir='ltr'><strong>dicat</strong></span> <span class='ocrx_word' id='word_1_699' title='bbox 1241 4880 1335 4926; x_wconf 89' lang='lat' dir='ltr'><strong>aut</strong></span> <span class='ocrx_word' id='word_1_700' title='bbox 1368 4874 1483 4945; x_wconf 92' lang='lat' dir='ltr'><strong>jam</strong></span> <span class='ocrx_word' id='word_1_701' title='bbox 1535 4876 1639 4932; x_wconf 88' lang='lat' dir='ltr'><strong>hoc</strong></span> 
     </span>
    </p>
   </div>
   <div class='ocr_carea' id='block_1_94' title="bbox 62 4948 1641 5025">
    <p class='ocr_par' dir='ltr' id='par_1_94' title="bbox 62 4948 1641 5025">
     <span class='ocr_line' id='line_1_94' title="bbox 62 4948 1641 5025; baseline 0.017 -27"><span class='ocrx_word' id='word_1_702' title='bbox 62 4949 229 5001; x_wconf 83' lang='lat' dir='ltr'><strong>totum</strong></span> <span class='ocrx_word' id='word_1_703' title='bbox 264 4963 328 5003; x_wconf 89' lang='lat' dir='ltr'><strong>se</strong></span> <span class='ocrx_word' id='word_1_704' title='bbox 359 4948 628 5007; x_wconf 83' lang='lat' dir='ltr'><strong>refutasse</strong></span> <span class='ocrx_word' id='word_1_705' title='bbox 657 4955 800 5023; x_wconf 90' lang='lat' dir='ltr'><strong>quod</strong></span> <span class='ocrx_word' id='word_1_706' title='bbox 854 4956 1089 5025; x_wconf 77' lang='lat' dir='ltr'><strong>dixerat,</strong></span> <span class='ocrx_word' id='word_1_707' title='bbox 1129 4976 1235 5017; x_wconf 92' lang='lat' dir='ltr'><strong>non</strong></span> <span class='ocrx_word' id='word_1_708' title='bbox 1274 4978 1305 5018; x_wconf 92' lang='lat' dir='ltr'><strong>a</strong></span> <span class='ocrx_word' id='word_1_709' title='bbox 1352 4966 1511 5023; x_wconf 91' lang='lat' dir='ltr'><strong>nobis</strong></span> <span class='ocrx_word' id='word_1_710' title='bbox 1549 4983 1641 5024; x_wconf 86' lang='lat' dir='ltr'><strong>ac-</strong></span> 
     </span>
    </p>
   </div>
   <div class='ocr_carea' id='block_1_95' title="bbox 61 5037 1641 5132">
    <p class='ocr_par' dir='ltr' id='par_1_95' title="bbox 61 5037 1641 5132">
     <span class='ocr_line' id='line_1_95' title="bbox 61 5037 1641 5132; baseline 0.02 -43"><span class='ocrx_word' id='word_1_711' title='bbox 61 5037 268 5105; x_wconf 84' lang='lat' dir='ltr'><strong>cersiri,</strong></span> <span class='ocrx_word' id='word_1_712' title='bbox 323 5040 419 5096; x_wconf 90' lang='lat' dir='ltr'><strong>sed</strong></span> <span class='ocrx_word' id='word_1_713' title='bbox 465 5043 579 5112; x_wconf 90' lang='lat' dir='ltr'><strong>ipse</strong></span> <span class='ocrx_word' id='word_1_714' title='bbox 609 5043 769 5102; x_wconf 88' lang='lat' dir='ltr'><strong>debet</strong></span> <span class='ocrx_word' id='word_1_715' title='bbox 804 5049 985 5117; x_wconf 85' lang='lat' dir='ltr'><strong>potius</strong></span> <span class='ocrx_word' id='word_1_716' title='bbox 1020 5050 1278 5111; x_wconf 89' lang='lat' dir='ltr'><strong>festinare</strong></span> <span class='ocrx_word' id='word_1_717' title='bbox 1302 5098 1318 5123; x_wconf 94' lang='lat'><strong>,</strong></span> <span class='ocrx_word' id='word_1_718' title='bbox 1370 5068 1429 5115; x_wconf 92' lang='lat' dir='ltr'><strong>ut</strong></span> <span class='ocrx_word' id='word_1_719' title='bbox 1467 5064 1641 5132; x_wconf 89' lang='lat' dir='ltr'><strong>possit</strong></span> 
     </span>
    </p>
   </div>
   <div class='ocr_carea' id='block_1_96' title="bbox 1742 4794 3333 4873">
    <p class='ocr_par' dir='ltr' id='par_1_96' title="bbox 1742 4794 3333 4873">
     <span class='ocr_line' id='line_1_96' title="bbox 1742 4794 3333 4873; baseline 0.004 -25"><span class='ocrx_word' id='word_1_720' title='bbox 1742 4801 1927 4850; x_wconf 86' lang='lat' dir='ltr'><strong>oratus</strong></span> <span class='ocrx_word' id='word_1_721' title='bbox 1957 4809 1988 4848; x_wconf 91' lang='lat' dir='ltr'><strong>a</strong></span> <span class='ocrx_word' id='word_1_722' title='bbox 2034 4794 2191 4852; x_wconf 90' lang='lat' dir='ltr'><strong>nobis</strong></span> <span class='ocrx_word' id='word_1_723' title='bbox 2230 4796 2491 4853; x_wconf 90' lang='lat' dir='ltr'><strong>Dominus</strong></span> <span class='ocrx_word' id='word_1_724' title='bbox 2534 4808 2796 4870; x_wconf 71' lang='lat' dir='ltr'><strong>praestare</strong></span> <span class='ocrx_word' id='word_1_725' title='bbox 2830 4798 3115 4873; x_wconf 87' lang='lat' dir='ltr'><strong>dignetur,</strong></span> <span class='ocrx_word' id='word_1_726' title='bbox 3143 4808 3333 4873; x_wconf 91' lang='lat' dir='ltr'><strong>quate-</strong></span> 
     </span>
    </p>
   </div>
   <div class='ocr_carea' id='block_1_97' title="bbox 1742 4885 3331 4949">
    <p class='ocr_par' dir='ltr' id='par_1_97' title="bbox 1742 4885 3331 4949">
     <span class='ocr_line' id='line_1_97' title="bbox 1742 4885 3331 4949; baseline 0.004 -10"><span class='ocrx_word' id='word_1_727' title='bbox 1742 4900 1845 4948; x_wconf 87' lang='lat' dir='ltr'><strong>nus</strong></span> <span class='ocrx_word' id='word_1_728' title='bbox 1882 4885 2060 4942; x_wconf 91' lang='lat' dir='ltr'><strong>omnis</strong></span> <span class='ocrx_word' id='word_1_729' title='bbox 2093 4885 2355 4945; x_wconf 73' lang='lat' dir='ltr'><strong>Ecclesiae</strong></span> <span class='ocrx_word' id='word_1_730' title='bbox 2378 4902 2490 4945; x_wconf 72' lang='lat' dir='ltr'><strong>sua:</strong></span> <span class='ocrx_word' id='word_1_731' title='bbox 2515 4890 2725 4946; x_wconf 84' lang='lat' dir='ltr'><strong>macula</strong></span> <span class='ocrx_word' id='word_1_732' title='bbox 2756 4892 3030 4948; x_wconf 86' lang='lat' dir='ltr'><strong>continuis</strong></span> <span class='ocrx_word' id='word_1_733' title='bbox 3050 4890 3331 4949; x_wconf 87' lang='lat' dir='ltr'><strong>laboribus</strong></span> 
     </span>
    </p>
   </div>
   <div class='ocr_carea' id='block_1_98' title="bbox 1744 4977 3329 5052">
    <p class='ocr_par' dir='ltr' id='par_1_98' title="bbox 1744 4977 3329 5052">
     <span class='ocr_line' id='line_1_98' title="bbox 1744 4977 3329 5052; baseline 0.006 -21"><span class='ocrx_word' id='word_1_734' title='bbox 1744 4977 1948 5032; x_wconf 90' lang='lat' dir='ltr'><strong>nostris</strong></span> <span class='ocrx_word' id='word_1_735' title='bbox 1975 4978 2148 5048; x_wconf 90' lang='lat' dir='ltr'><strong>possit</strong></span> <span class='ocrx_word' id='word_1_736' title='bbox 2188 4979 2451 5052; x_wconf 88' lang='lat' dir='ltr'><strong>abstergi.</strong></span> <span class='ocrx_word' id='word_1_737' title='bbox 2480 4982 2743 5039; x_wconf 89' lang='lat' dir='ltr'><strong>Dominus</strong></span> <span class='ocrx_word' id='word_1_738' title='bbox 2788 4985 3059 5041; x_wconf 89' lang='lat' dir='ltr'><strong>custodiat</strong></span> <span class='ocrx_word' id='word_1_739' title='bbox 3103 4992 3154 5041; x_wconf 90' lang='lat' dir='ltr'><strong>te</strong></span> <span class='ocrx_word' id='word_1_740' title='bbox 3184 4985 3329 5040; x_wconf 88' lang='lat' dir='ltr'><strong>inco-</strong></span> 
     </span>
    </p>
   </div>
   <div class='ocr_carea' id='block_1_99' title="bbox 1740 5069 3145 5138">
    <p class='ocr_par' dir='ltr' id='par_1_99' title="bbox 1740 5069 3145 5138">
     <span class='ocr_line' id='line_1_99' title="bbox 1740 5069 3145 5138; baseline 0.009 -15"><span class='ocrx_word' id='word_1_741' title='bbox 1740 5069 1963 5138; x_wconf 91' lang='lat' dir='ltr'><strong>lumem,</strong></span> <span class='ocrx_word' id='word_1_742' title='bbox 1992 5070 2164 5129; x_wconf 87' lang='lat' dir='ltr'><strong>frater</strong></span> <span class='ocrx_word' id='word_1_743' title='bbox 2195 5074 2539 5133; x_wconf 78' lang='lat' dir='ltr'><strong>charissima.</strong></span> <span class='ocrx_word' id='word_1_744' title='bbox 2568 5079 2702 5134; x_wconf 88' lang='lat' dir='ltr'><strong>Data</strong></span> <span class='ocrx_word' id='word_1_745' title='bbox 2741 5095 2792 5136; x_wconf 83' lang='lat' dir='ltr'><strong>vt</strong></span> <span class='ocrx_word' id='word_1_746' title='bbox 2823 5080 2941 5135; x_wconf 82' lang='lat' dir='ltr'><strong>Kal.</strong></span> <span class='ocrx_word' id='word_1_747' title='bbox 2986 5080 3145 5136; x_wconf 79' lang='lat' dir='ltr'><strong>Febr.</strong></span> 
     </span>
    </p>
   </div>
   <div class='ocr_carea' id='block_1_100' title="bbox 67 5191 3323 5258">
    <p class='ocr_par' dir='ltr' id='par_1_100' title="bbox 67 5191 3323 5258">
     <span class='ocr_line' id='line_1_100' title="bbox 67 5191 3323 5258; baseline 0.001 -46"><span class='ocrx_word' id='word_1_748' title='bbox 67 5191 3323 5258; x_wconf 35' lang='lat' dir='ltr'><strong>mm</strong></span> 
     </span>
    </p>
   </div>
   <div class='ocr_carea' id='block_1_101' title="bbox 621 5337 1633 5453">
    <p class='ocr_par' dir='ltr' id='par_1_101' title="bbox 621 5337 1633 5444">
     <span class='ocr_line' id='line_1_101' title="bbox 621 5337 1633 5444; baseline 0.018 -19"><span class='ocrx_word' id='word_1_749' title='bbox 621 5337 1262 5436; x_wconf 84' lang='lat' dir='ltr'><strong>INCIPIUNT</strong></span> <span class='ocrx_word' id='word_1_750' title='bbox 1334 5349 1633 5444; x_wconf 81' lang='lat' dir='ltr'><strong>DECR</strong></span> 
     </span>
    </p>
   </div>
   <div class='ocr_carea' id='block_1_102' title="bbox 1742 5337 2812 5453">
    <p class='ocr_par' dir='ltr' id='par_1_102' title="bbox 1742 5356 2812 5453">
     <span class='ocr_line' id='line_1_102' title="bbox 1742 5356 2812 5453; baseline 0.008 -9"><span class='ocrx_word' id='word_1_751' title='bbox 1742 5356 1871 5445; x_wconf 85' lang='grc' dir='ltr'><strong>ΓΑ</strong></span> <span class='ocrx_word' id='word_1_752' title='bbox 1940 5357 2357 5451; x_wconf 86' lang='grc' dir='ltr'><strong>ΖΟΖΙΜΙ</strong></span> <span class='ocrx_word' id='word_1_753' title='bbox 2436 5364 2812 5453; x_wconf 69' lang='lat' dir='ltr'><strong>PAPIE.</strong></span> 
     </span>
    </p>
   </div>
   <div class='ocr_carea' id='block_1_103' title="bbox 92 5544 1646 5643">
    <p class='ocr_par' dir='ltr' id='par_1_103' title="bbox 92 5544 1646 5643">
     <span class='ocr_line' id='line_1_103' title="bbox 92 5544 1646 5643; baseline 0.021 -48"><span class='ocrx_word' id='word_1_754' title='bbox 92 5631 103 5643; x_wconf 30' lang='grc' dir='ltr'>ι</span> <span class='ocrx_word' id='word_1_755' title='bbox 136 5544 368 5643; x_wconf 57' lang='lat' dir='ltr'><strong>l._Quod</strong></span> <span class='ocrx_word' id='word_1_756' title='bbox 417 5553 666 5608; x_wconf 86' lang='lat' dir='ltr'><strong>monachi</strong></span> <span class='ocrx_word' id='word_1_757' title='bbox 694 5555 775 5611; x_wconf 91' lang='lat' dir='ltr'><strong>vel</strong></span> <span class='ocrx_word' id='word_1_758' title='bbox 820 5554 939 5612; x_wconf 87' lang='lat' dir='ltr'><strong>laici</strong></span> <span class='ocrx_word' id='word_1_759' title='bbox 974 5558 1077 5616; x_wconf 89' lang='lat' dir='ltr'><strong>nisi</strong></span> <span class='ocrx_word' id='word_1_760' title='bbox 1102 5576 1199 5632; x_wconf 86' lang='lat' dir='ltr'><strong>per</strong></span> <span class='ocrx_word' id='word_1_761' title='bbox 1229 5565 1430 5636; x_wconf 83' lang='lat' dir='ltr'><strong>gradus</strong></span> <span class='ocrx_word' id='word_1_762' title='bbox 1466 5579 1646 5625; x_wconf 86' lang='lat' dir='ltr'><strong>eccle-</strong></span> 
     </span>
    </p>
   </div>
   <div class='ocr_carea' id='block_1_104' title="bbox 63 5636 1647 5738">
    <p class='ocr_par' dir='ltr' id='par_1_104' title="bbox 63 5636 1647 5738">
     <span class='ocr_line' id='line_1_104' title="bbox 63 5636 1647 5738; baseline 0.023 -55"><span class='ocrx_word' id='word_1_763' title='bbox 63 5636 311 5738; x_wconf 71' lang='lat' dir='ltr'><strong>siasticos</strong></span> <span class='ocrx_word' id='word_1_764' title='bbox 336 5656 446 5696; x_wconf 92' lang='lat' dir='ltr'><strong>non</strong></span> <span class='ocrx_word' id='word_1_765' title='bbox 473 5643 704 5700; x_wconf 89' lang='lat' dir='ltr'><strong>debeant</strong></span> <span class='ocrx_word' id='word_1_766' title='bbox 732 5648 797 5701; x_wconf 89' lang='lat' dir='ltr'><strong>ad</strong></span> <span class='ocrx_word' id='word_1_767' title='bbox 840 5663 1111 5708; x_wconf 91' lang='lat' dir='ltr'><strong>summum</strong></span> <span class='ocrx_word' id='word_1_768' title='bbox 1139 5657 1498 5715; x_wconf 85' lang='lat' dir='ltr'><strong>sacerdotium</strong></span> <span class='ocrx_word' id='word_1_769' title='bbox 1525 5677 1647 5733; x_wconf 87' lang='lat' dir='ltr'><strong>per-</strong></span> 
     </span>
    </p>
   </div>
   <div class='ocr_carea' id='block_1_105' title="bbox 63 5740 270 5783">
    <p class='ocr_par' dir='ltr' id='par_1_105' title="bbox 63 5740 270 5783">
     <span class='ocr_line' id='line_1_105' title="bbox 63 5740 270 5783; baseline 0.024 -5"><span class='ocrx_word' id='word_1_770' title='bbox 63 5740 270 5783; x_wconf 72' lang='lat' dir='ltr'><strong>ventre.</strong></span> 
     </span>
    </p>
   </div>
   <div class='ocr_carea' id='block_1_106' title="bbox 129 5819 1644 5917">
    <p class='ocr_par' dir='ltr' id='par_1_106' title="bbox 129 5819 1644 5917">
     <span class='ocr_line' id='line_1_106' title="bbox 129 5819 1644 5917; baseline 0.021 -44"><span class='ocrx_word' id='word_1_771' title='bbox 129 5819 187 5917; x_wconf 62' lang='lat'><strong>2.</strong></span> <span class='ocrx_word' id='word_1_772' title='bbox 212 5820 362 5917; x_wconf 83' lang='lat' dir='ltr'><strong>Quod</strong></span> <span class='ocrx_word' id='word_1_773' title='bbox 390 5829 436 5881; x_wconf 94' lang='lat' dir='ltr'><strong>si</strong></span> <span class='ocrx_word' id='word_1_774' title='bbox 476 5829 595 5895; x_wconf 86' lang='lat' dir='ltr'><strong>quis</strong></span> <span class='ocrx_word' id='word_1_775' title='bbox 636 5831 921 5891; x_wconf 81' lang='lat' dir='ltr'><strong>interdicta</strong></span> <span class='ocrx_word' id='word_1_776' title='bbox 953 5840 1286 5911; x_wconf 72' lang='lat' dir='ltr'><strong>despexerit,</strong></span> <span class='ocrx_word' id='word_1_777' title='bbox 1316 5848 1517 5917; x_wconf 88' lang='lat' dir='ltr'><strong>gradus</strong></span> <span class='ocrx_word' id='word_1_778' title='bbox 1563 5865 1644 5904; x_wconf 75' lang='lat' dir='ltr'><strong>sun</strong></span> 
     </span>
    </p>
   </div>
   <div class='ocr_carea' id='block_1_107' title="bbox 65 5910 659 5989">
    <p class='ocr_par' dir='ltr' id='par_1_107' title="bbox 65 5910 659 5989">
     <span class='ocr_line' id='line_1_107' title="bbox 65 5910 659 5989; baseline 0.024 -27"><span class='ocrx_word' id='word_1_779' title='bbox 65 5910 306 5975; x_wconf 86' lang='lat' dir='ltr'><strong>periculo</strong></span> <span class='ocrx_word' id='word_1_780' title='bbox 340 5918 659 5989; x_wconf 87' lang='lat' dir='ltr'><strong>suhjacebit.</strong></span> 
     </span>
    </p>
   </div>
   <div class='ocr_carea' id='block_1_108' title="bbox 1809 5573 3333 5655">
    <p class='ocr_par' dir='ltr' id='par_1_108' title="bbox 1809 5573 3333 5655">
     <span class='ocr_line' id='line_1_108' title="bbox 1809 5573 3333 5655; baseline 0.01 -29"><span class='ocrx_word' id='word_1_781' title='bbox 1809 5573 1875 5627; x_wconf 80' lang='lat'><strong>&#39;3.</strong></span> <span class='ocrx_word' id='word_1_782' title='bbox 1905 5576 2038 5642; x_wconf 69' lang='lat' dir='ltr'><strong>Qum</strong></span> <span class='ocrx_word' id='word_1_783' title='bbox 2078 5574 2134 5629; x_wconf 93' lang='lat' dir='ltr'><strong>in</strong></span> <span class='ocrx_word' id='word_1_784' title='bbox 2162 5574 2389 5647; x_wconf 89' lang='lat' dir='ltr'><strong>singulis</strong></span> <span class='ocrx_word' id='word_1_785' title='bbox 2435 5576 2758 5634; x_wconf 90' lang='lat' dir='ltr'><strong>clericorum</strong></span> <span class='ocrx_word' id='word_1_786' title='bbox 2787 5582 3044 5653; x_wconf 87' lang='lat' dir='ltr'><strong>gradibus</strong></span> <span class='ocrx_word' id='word_1_787' title='bbox 3090 5593 3333 5655; x_wconf 86' lang='lat' dir='ltr'><strong>tempora</strong></span> 
     </span>
    </p>
   </div>
   <div class='ocr_carea' id='block_1_109' title="bbox 1751 5664 2135 5734">
    <p class='ocr_par' dir='ltr' id='par_1_109' title="bbox 1751 5664 2135 5734">
     <span class='ocr_line' id='line_1_109' title="bbox 1751 5664 2135 5734; baseline 0.005 -17"><span class='ocrx_word' id='word_1_788' title='bbox 1751 5664 1861 5719; x_wconf 88' lang='lat' dir='ltr'><strong>sint</strong></span> <span class='ocrx_word' id='word_1_789' title='bbox 1892 5665 2135 5734; x_wconf 80' lang='lat' dir='ltr'><strong>praeﬁxa.</strong></span> 
     </span>
    </p>
   </div>
   <div class='ocr_carea' id='block_1_110' title="bbox 1824 5757 3336 5841">
    <p class='ocr_par' dir='ltr' id='par_1_110' title="bbox 1824 5757 3336 5841">
     <span class='ocr_line' id='line_1_110' title="bbox 1824 5757 3336 5841; baseline 0.011 -30"><span class='ocrx_word' id='word_1_790' title='bbox 1824 5757 2123 5828; x_wconf 80' lang='lat' dir='ltr'><strong>EpiscOpus</strong></span> <span class='ocrx_word' id='word_1_791' title='bbox 2152 5757 2384 5815; x_wconf 84' lang='lat' dir='ltr'><strong>Zozutus</strong></span> <span class='ocrx_word' id='word_1_792' title='bbox 2421 5762 2574 5819; x_wconf 88' lang='lat' dir='ltr'><strong>urbis</strong></span> <span class='ocrx_word' id='word_1_793' title='bbox 2617 5761 2805 5821; x_wconf 63' lang='lat' dir='ltr'><strong>Roma:</strong></span> <span class='ocrx_word' id='word_1_794' title='bbox 2831 5764 3336 5841; x_wconf 73' lang='lat' dir='ltr'><strong>Hesmoepiscopo</strong></span> 
     </span>
    </p>
   </div>
   <div class='ocr_carea' id='block_1_111' title="bbox 1755 5852 3335 5936">
    <p class='ocr_par' dir='ltr' id='par_1_111' title="bbox 1755 5852 3335 5936">
     <span class='ocr_line' id='line_1_111' title="bbox 1755 5852 3335 5936; baseline 0.008 -28"><span class='ocrx_word' id='word_1_795' title='bbox 1755 5852 2095 5921; x_wconf 84' lang='lat' dir='ltr'><strong>Salouitano,</strong></span> <span class='ocrx_word' id='word_1_796' title='bbox 2132 5855 2380 5910; x_wconf 90' lang='lat' dir='ltr'><strong>salutem.</strong></span> <span class='ocrx_word' id='word_1_797' title='bbox 2415 5857 2599 5931; x_wconf 80' lang='lat' dir='ltr'><strong>Exigit</strong></span> <span class='ocrx_word' id='word_1_798' title='bbox 2633 5860 2830 5916; x_wconf 71' lang='lat' dir='ltr'><strong>dilexio</strong></span> <span class='ocrx_word' id='word_1_799' title='bbox 2877 5871 2965 5918; x_wconf 92' lang='lat' dir='ltr'><strong>tua</strong></span> <span class='ocrx_word' id='word_1_800' title='bbox 3006 5876 3335 5936; x_wconf 63' lang='lat' dir='ltr'><strong>praeceptum</strong></span> 
     </span>
    </p>
   </div>
   <div class='ocr_carea' id='block_1_112' title="bbox 1756 5946 3331 6036">
    <p class='ocr_par' dir='ltr' id='par_1_112' title="bbox 1756 5946 3331 6036">
     <span class='ocr_line' id='line_1_112' title="bbox 1756 5946 3331 6036; baseline 0.01 -38"><span class='ocrx_word' id='word_1_801' title='bbox 1756 5946 2062 6017; x_wconf 56' lang='lat' dir='ltr'><strong>apostolicae</strong></span> <span class='ocrx_word' id='word_1_802' title='bbox 2091 5947 2235 6005; x_wconf 88' lang='lat' dir='ltr'><strong>sedis</strong></span> <span class='ocrx_word' id='word_1_803' title='bbox 2260 5963 2314 6004; x_wconf 88' lang='lat' dir='ltr'><strong>tu</strong></span> <span class='ocrx_word' id='word_1_804' title='bbox 2335 5964 2442 6019; x_wconf 87' lang='lat' dir='ltr'><strong>quo</strong></span> <span class='ocrx_word' id='word_1_805' title='bbox 2465 5950 2689 6009; x_wconf 86' lang='lat' dir='ltr'><strong>Patrum</strong></span> <span class='ocrx_word' id='word_1_806' title='bbox 2714 5955 2932 6013; x_wconf 83' lang='lat' dir='ltr'><strong>decreta</strong></span> <span class='ocrx_word' id='word_1_807' title='bbox 2964 5961 3331 6036; x_wconf 71' lang='lat' dir='ltr'><strong>consentiunt,</strong></span> 
     </span>
    </p>
   </div>
  </div>
