3968 6486
753 482 857 537 745

1632 477 1917 538 APPEND.
1960 479 2050 538 AD
2087 477 2258 540 S/EC.
2301 478 2394 539 IX.
2427 511 2497 524 -—
2520 476 2770 538 ISIDORI
2805 472 3245 538 MERCATORIS
3825 487 3879 543 ill

752 607 806 651 et
835 595 1110 668 signiﬁcas
1136 593 1421 651 nonnultos
1465 610 1530 652 ex
1561 599 1950 653 monachorum
1975 591 2122 654 etetu
2144 599 2332 669 ,f'quo-
2359 606 2406 664 Α
2437 597 2733 668 postposita
2771 596 2992 652 Patrum
3043 605 3098 653 et
3154 592 3462 666 apostolicae
3501 592 3633 649 sedis
3665 600 3882 655 auctoritate

752 704 872 742 rum
919 687 1222 744 sollicitudo
1250 688 1497 758 quamvis
1542 688 1850 760 frequentia
1877 690 2051 760 major
2098 700 2200 756 est,
2234 694 2331 747 sed

751 778 916 832 laicos
945 778 1012 832 ad
1050 778 1412 833 sacerdotium
1453 777 1731 836 festinare.

820 869 948 925 Car.
979 870 1032 939 1.,
1058 870 1171 926 Hoc
1198 879 1377 925 autem
1405 871 1713 941 specialiter
1755 881 1810 928 et
1835 873 1934 928 sub
1964 876 2330 943 praedecesso-

751 960 900 1016 ribus
938 962 1139 1017 nostris
1161 971 1216 1018 et
1251 978 1423 1032 nuper
1449 979 1480 1017 a
1525 960 1680 1018 nobis
1728 963 2071 1018 interdictum
2122 971 2335 1018 constat

751 1053 945 1109 litteris
988 1055 1055 1109 ad
1084 1054 1290 1112 Gallias
1317 1055 1708 1127 Hispaniasque
1741 1058 2094 1123 transmissis,
2127 1058 2180 1112 in
2212 1058 2333 1128 qui-

749 1148 851 1203 bus
909 1149 1222 1220 regionibus
1273 1148 1596 1206 familiarior
1646 1158 1730 1205 est
1788 1151 1892 1205 ista
1946 1151 2330 1220 praesumptio,

750 1234 999 1301 quamvis
1029 1250 1130 1289 nec
1161 1233 1343 1290 Africa
1382 1250 1545 1307 super
1588 1236 1693 1290 hac
1736 1236 2104 1292 admonitione
2147 1245 2333 1292 nostra

752 1325 1019 1379 habeatur
1050 1325 1260 1392 aliena,
1314 1342 1382 1380 ne
1427 1327 1548 1397 quis
1602 1325 1817 1396 penitus
1867 1335 2056 1381 contra
2113 1326 2334 1381 Patrum

751 1427 1018 1487 praecepta
1049 1419 1140 1488 qui
1179 1417 1564 1476 ecclesiasticis
1610 1418 1906 1488 disciplinis
1951 1433 2046 1490 per
2091 1419 2334 1475 ordinem

754 1524 861 1563 non
895 1508 1087 1566 fuisset
1115 1510 1372 1578 imbutus,
1416 1521 1468 1565 et
1496 1520 1797 1581 temporum
1843 1511 2228 1580 approbatione
2255 1510 2335 1566 di-

751 1602 893 1656 vinis
943 1603 1225 1673 stipendiis
1270 1603 1533 1670 eruditus,
1575 1618 1914 1674 nequaquam
1955 1604 2022 1658 ad
2063 1617 2333 1659 summum

756 1694 1123 1748 sacerdotium
1181 1695 1425 1764 aspirare
1473 1703 1860 1764 praesumeret;
1908 1702 1965 1748 et
2008 1708 2116 1748 non
2162 1692 2336 1748 solum

754 1781 809 1837 in
835 1798 903 1838 eo
956 1784 1181 1838 ambitio
1233 1783 1486 1840 inefﬁcax
1539 1783 1853 1849 haberetur,
1884 1783 2240 1840 verumetiam
2279 1782 2333 1838 in

752 1874 1094 1930 ordinatorcs
1120 1875 1256 1945 ejus,
1281 1885 1340 1929 ut
1378 1884 1631 1931 carerent
1661 1890 1727 1931 eo
1771 1876 1963 1931 ordine
2009 1891 2173 1946 quem
2218 1876 2335 1932 sine

2435 691 2764 762 neglexerit.
2796 705 2826 744 a
2868 691 3025 745 nobis
3051 688 3349 744 districtius
3389 685 3880 755 vindicandum,utlod

2433 782 2517 834 sui
2561 777 2782 836 minime
2807 780 3018 836 dubitet
3047 780 3150 836 sibi
3180 787 3434 836 constare
3475 778 3730 844 rationem,
3748 782 3782 834 si
3796 792 3883 850 putat

2432 879 2555 941 post
2584 879 2664 926 tot
2697 871 3095 941 prohibitiones
3127 871 3342 940 impune
3371 883 3532 940 posse
3561 869 3744 924 tentari.
3763 871 3882 926 Cornu-

2433 961 2608 1017 meliaa
2648 962 2793 1017 enim
2839 961 3018 1017 studio
3065 959 3126 1014 ﬁt
3168 958 3434 1030 quidquid
3466 957 3764 1014 interdictum
3793 962 3883 1015 toties

2434 1064 2749 1124 usurpatur.

2503 1143 2590 1198 lll.
2624 1143 2750 1199 Haec
2777 1154 2960 1199 autem
2993 1139 3220 1214 singulis
3245 1139 3506 1212 gradibus
3529 1141 3799 1197 observanda
3816 1155 3882 1198 sunt

2434 1243 2678 1304 tempora
2703 1273 2718 1299 ,
2780 1234 2826 1288 si
2883 1233 2951 1287 ab
3002 1231 3230 1286 infantia
3267 1230 3643 1286 ecclesiasticis
3682 1231 3884 1287 ministeriis

2434 1338 2629 1379 nomen
2664 1323 2894 1390 dederit,
2919 1330 2975 1378 et
3001 1323 3142 1378 inter
3173 1322 3409 1378 lectores
3435 1320 3502 1375 ad
3530 1321 3790 1394 vigesimum
3815 1336 3882 1377 au-

2435 1416 2505 1470 tis
2554 1429 2755 1469 annum
2810 1414 3126 1470 continuata
3179 1412 3564 1469 observatione
3619 1412 3824 1483 perduret
3854 1414 3883 1467 Si

2434 1505 2610 1576 major
2636 1511 2691 1560 et
2712 1504 3034 1575 grandaevus
3079 1501 3412 1566 accesserit,
3443 1501 3532 1572 qui
3566 1510 3716 1557 tamen
3743 1503 3883 1572 posits

2434 1596 2695 1665 ptismum
2717 1593 2900 1650 statim
2927 1593 3124 1649 divinae
3161 1592 3372 1647 militia:
3403 1592 3661 1647 desiderat
3683 1593 3884 1659 mancipari,

2440 1688 2557 1743 sive
2587 1687 2731 1742 inter
2778 1686 3012 1742 lectores
3041 1684 3156 1740 sive
3188 1684 3333 1739 inter
3381 1683 3667 1739 exorcistas
3699 1683 3882 1752 quinqueo

2436 1779 2526 1834 nio
2573 1785 2842 1833 teneatur.
2895 1777 3104 1832 Exinde
3163 1775 3453 1846 acolythus
3501 1774 3583 1830 vel
3632 1774 3883 1832 subdiaconus.

2436 1876 2674 1938 quatuor
2703 1867 2862 1922 annis
2890 1867 2979 1932 sit,
3006 1875 3060 1921 et
3086 1866 3166 1920 sic
3195 1865 3264 1920 ad
3291 1864 3704 1921 benedictionem
3735 1863 3882 1918 diosus

755 1963 947 2018 ordine
991 1974 1181 2019 contra
1209 1974 1476 2035 praecepta
1517 1965 1739 2019 Patrum
1771 1965 2115 2022 crediderant
2140 1981 2335 2036 praesu-
2367 1960 2412 2018 B
2441 1969 2528 2014 tus
2556 1959 2601 2014 si
2643 1967 2918 2014 mereatur
2971 1959 3240 2023 accedat,
3296 1958 3350 2012 in
3399 1972 3508 2028 (Ιυο
3555 1955 3721 2011 ordine
3748 1955 3884 2024 αυίιηυε

755 2054 1031 2108 mendum.
1085 2053 1237 2108 Unde
1268 2055 1532 2108 miramur
1560 2055 1627 2109 ad
1669 2054 2013 2110 dilectionem
2051 2063 2197 2110 tuam
2227 2062 2337 2110 sta—

756 2155 871 2198 tuta
918 2145 1064 2200 sedis
1102 2143 1412 2214 apostolicae
1439 2160 1546 2200 non
1577 2144 1742 2199 fuisse
1772 2143 1998 2213 perlata.
2028 2143 2337 2200 Laudamus

756 2237 922 2306 igitur
976 2235 1342 2290 constantiam
1394 2243 1560 2300 tuam,
1619 2234 1792 2289 frater
1839 2234 2196 2300 cbarissime,
2239 2249 2338 2290 nec

757 2327 900 2381 aliud
936 2327 1001 2381 de
1045 2326 1306 2396 pontificii
1345 2341 1576 2380 censura
1619 2326 1822 2381 veteris
1873 2326 2212 2381 auctoritatis
2243 2341 2336 2397 ge-

756 2435 858 2474 nus
884 2417 1308 2490 exspectandum
1335 2417 1455 2481 fuit,
1484 2433 1647 2488 quam
1684 2426 1743 2472 ut
1788 2417 1985 2474 talibus
2023 2417 2340 2472 ambitioni-

755 2513 856 2566 bus
896 2527 994 2582 pro
1020 2510 1302 2581 praeceptis
1331 2509 1553 2564 Patrum
1595 2509 1647 2563 in
1677 2508 1957 2579 procinctu
1989 2507 2112 2564 fidei
2140 2507 2343 2564 consti-

755 2603 855 2658 tuti
882 2617 1222 2658 occurreres.
1262 2601 1430 2671 lgitur
1463 2600 1510 2656 si
1533 2599 1663 2670 quid
1697 2600 2006 2655 auctoritati
2033 2608 2137 2655 tuae
2161 2598 2342 2672 (quod

759 2712 866 2751 non
917 2696 1223 2766 opinamur)
1270 2693 1509 2749 aestimas
1547 2692 1806 2758 defuisse,
1850 2692 2178 2764 supplemus.
2211 2694 2339 2758 Vos,

770 2785 1022 2840 obsistite
1069 2783 1266 2840 talibus
1299 2782 1749 2847 ordinationibus,
1798 2782 2047 2837 obsistite
2075 2783 2344 2854 superbiae

759 2888 817 2934 et
869 2879 1190 2949 arrogantiae
1241 2875 1499 2932 venienti.
1557 2873 1754 2930 Tecum
1818 2873 2022 2930 faciunt
2077 2884 2344 2946 prazeepta

759 2968 1004 3036 Patrum,
1039 2977 1214 3023 tecum
1245 2966 1555 3038 apostolica:
1592 2965 1736 3021 sedis
1765 2965 2083 3023 auctoritas.
2114 2965 2171 3022 Si
2199 2967 2344 3022 enim

763 3063 943 3119 ofﬁcia
971 3063 1248 3119 saecularia
1276 3061 1626 3134 principalem
1661 3063 1838 3119 locum
1881 3077 1986 3118 non
2019 3061 2346 3120 vestibulum

763 3157 991 3212 actionis
1039 3157 1316 3228 ingressis,
1350 3156 1442 3211 sed
1472 3169 1569 3227 per
1602 3155 1863 3226 plurimos
1912 3157 2111 3228 gradus
2141 3156 2346 3212 exami-

760 3249 906 3305 natis
938 3247 1326 3319 tcmporalibus
1353 3247 1624 3315 deferunt,
1654 3248 1778 3318 quis
1807 3248 1897 3304 ille
1927 3257 2037 3304 tam
2064 3263 2345 3322 arrogans,

759 3348 872 3394 tam
922 3340 1204 3411 impudens
1242 3339 1534 3406 invenitur,
1567 3348 1624 3396 ut
1651 3340 1702 3395 in
1735 3341 1943 3397 ctelesti
1973 3341 2184 3408 militia,
2228 3356 2348 3412 quae

761 3435 1084 3507 propensius
1111 3434 1461 3504 ponderanda
1490 3441 1595 3500 est,
1618 3444 1674 3490 et
1701 3435 1843 3490 sicut
1875 3451 2069 3491 aurum
2100 3435 2348 3506 repetitis

760 3532 978 3604 ignibus
999 3530 1350 3601 exploranda,
1385 3529 1568 3585 statim
1617 3529 1722 3584 dux
1755 3544 1876 3585 esse
1915 3529 2188 3585 desiderat
2225 3544 2346 3585 cum

759 3626 864 3680 tiro
913 3631 1041 3678 ante
1088 3639 1193 3678 non
1250 3622 1447 3689 fuerit,
1490 3629 1544 3676 et
1589 3621 1739 3692 prius
1782 3621 1911 3676 velit
1950 3621 2144 3676 docere
2184 3636 2348 3691 quam

765 3717 1019 3773 discere?
1048 3716 1341 3772 Assuescat
1386 3715 1441 3770 in
1483 3715 1697 3770 Domini
1749 3715 1966 3780 castris,
1999 3715 2054 3770 in
2083 3714 2348 3770 lectorum

761 3809 1017 3878 primitus
1047 3807 1240 3879 gradu,
1271 3805 1441 3861 divini
1493 3805 1813 3860 rudimentis
1854 3804 2095 3871 servitii;
2144 3820 2245 3860 nec
2273 3805 2349 3860 illi

762 3899 869 3954 vile
895 3899 967 3954 sit
1002 3897 1354 3962 exorcistam,
1403 3895 1734 3968 acolythum,
1789 3895 2200 3961 subdiaconum,
2234 3894 2354 3950 dia.

762 4007 958 4047 conum
985 4006 1080 4061 per
1099 3989 1347 4044 ordinem
1377 3988 1492 4042 ﬁeri
1521 4004 1536 4054 ;
1569 4003 1665 4043 nec
1689 3987 1795 4052 hoc
1825 3987 1983 4053 saltu,
2012 3987 2106 4043 sed
2133 3987 2350 4043 statutis

769 4079 1034 4151 majorum
1093 4079 1436 4135 ordinatione
1501 4079 1876 4150 temporibus,
1921 4078 2034 4149 jam
2089 4093 2218 4133 vero
2283 4080 2351 4133 ad

762 4169 1089 4241 presbyterii
1116 4168 1392 4240 fastigium
1417 4167 1541 4223 talis
1565 4168 1810 4235 accedat,
1827 4177 1886 4222 ut
1912 4177 1966 4224 et
1988 4183 2183 4224 nomen
2218 4176 2352 4224 astas

767 4263 1010 4332 impleat,
1035 4271 1090 4317 et
1120 4262 1373 4316 meritum
1403 4261 1692 4332 probitatis
1739 4260 2004 4329 stipendia
2054 4269 2182 4314 ante
2227 4268 2350 4315 acta

765 4362 1053 4408 testentur.
1087 4349 1216 4406 Jure
1245 4351 1370 4406 inde
1395 4350 1594 4406 summi
1627 4349 1898 4421 pontificis
1923 4349 2103 4404 locum
2135 4363 2352 4419 sperare

769 4444 1003 4500 debebit.
1049 4443 1202 4498 Facit
1249 4444 1349 4499 hoc
1389 4443 1558 4498 nimia
1608 4442 1858 4498 remissio
1905 4441 2350 4497 consacerdotum

767 4546 1080 4594 nostrorum
1136 4538 1228 4606 qui
1282 4553 1535 4608 pompam
1590 4536 1953 4592 multitudinis
2000 4544 2268 4606 quaerunt,
2298 4543 2352 4590 et

763 4638 960 4697 putant
997 4645 1062 4684 ex
1095 4629 1198 4684 hac
1245 4629 1402 4683 turba
1432 4627 1634 4698 aliquid
1679 4628 1780 4683 sibi
1811 4627 2087 4696 dignitatis
2117 4625 2348 4698 acquiri.

767 4720 906 4776 llinc
955 4720 1154 4790 passim
1198 4733 1488 4774 numerosa
1524 4690 1870 4788 popularitas
1921 4704 2085 4774 etiam
2132 4690 2218 4772 bis
2261 4717 2351 4773 ubi
2384 4690 2432 4748 D

768 4811 1108 4881 solitudojest
1137 4810 1326 4865 talium
1353 4811 1645 4880 reperitur,
1669 4811 1794 4864 dum
1821 4809 2115 4880 parochias
2135 4810 2354 4865 extendi

768 4903 1026 4978 cupiunt,
1059 4911 1151 4956 aut
1195 4901 1392 4971 quibus
1440 4901 1582 4954 aliud
1629 4909 1889 4970 praestare
1935 4917 2040 4956 non
2091 4909 2355 4970 possunt,

771 4994 983 5048 divinos
1015 4993 1235 5048 ordines
1280 4993 1605 5064 largiuntur.
1655 4993 1806 5060 Quod
1859 5002 2076 5064 oportet
2125 4993 2355 5050 districti

771 5099 986 5155 semper
1014 5083 1364 5153 essejudicii,
1398 5099 1576 5139 rarum
1608 5094 1692 5140 est
1722 5085 1865 5139 enim
1890 5100 2049 5140 omne
2077 5086 2218 5154 quod
2247 5102 2358 5139 ma-

769 5195 936 5252 gnum
969 5189 1071 5235 est.

841 5271 906 5328 ll.
953 5273 1190 5329 Proinde
1222 5289 1322 5330 nos
1353 5290 1421 5329 ne
1471 5275 1598 5344 quid
1653 5275 1863 5330 meritis
1901 5276 2207 5332 dilectionis
2254 5285 2358 5332 tua:

771 5362 1180 5436 derogaremus,
1217 5367 1284 5421 ad
1313 5375 1364 5421 te
1409 5365 1752 5434 potissimum
1787 5367 1988 5437 scripta
2034 5367 2356 5434 direximus,

769 5459 972 5529 quibus
1001 5459 1052 5514 in
1077 5460 1317 5514 omnium
1347 5457 1576 5513 fratrum
1603 5467 1657 5513 et
1683 5460 2123 5529 coepiscoporum
2147 5470 2360 5516 nostro-

772 5565 891 5604 rum
931 5549 1102 5606 facies
1151 5551 1231 5605 ire
1259 5550 1535 5616 notitiam,
1575 5565 1684 5606 non
1710 5559 1919 5606 tantum
1959 5567 2145 5608 eorum
2177 5552 2268 5622 qui
2303 5552 2356 5607 in

771 5657 836 5698 ea
863 5641 1150 5712 provincia
1188 5649 1336 5707 sunt,
1362 5641 1458 5698 sed
1483 5643 1644 5697 etiam
1685 5644 1774 5714 qui
1817 5644 1869 5698 in
1897 5645 2088 5700 vicinis
2114 5645 2358 5699 dilectio-

773 5731 860 5788 nis
890 5740 996 5788 tuze
1034 5732 1326 5804 provinciis
1356 5731 1744 5806 adjunguntur.
1797 5734 1946 5790 Sciet
1985 5736 2229 5806 quisquis
2258 5738 2361 5792 hoc

2441 2053 2597 2106 annis
2645 2051 2690 2106 si
2737 2051 3008 2122 inculpate
3055 2066 3112 2107 se
3160 2051 3418 2122 gesserit,
3460 2048 3712 2104 adharere
3745 2047 3881 2101 debebit.

2439 2143 2647 2198 Exinde
2674 2141 3092 2215 suffragantibus
3113 2142 3403 2212 stipendiis
3434 2156 3531 2210 per
3558 2149 3629 2195 tot
3652 2138 3796 2211 gradus
3810 2137 3884 2191 datis

2439 2236 2674 2306 propriae
2703 2234 2824 2290 ﬁdei
2856 2231 3632 2305 documentis,'presbyterium
3650 2229 3795 2300 poterit
3815 2242 3884 2298 pro-

2441 2333 2662 2388 mereri.
2703 2331 2780 2388 De
2824 2348 2930 2402 quo
2960 2331 3080 2388 loco
3109 2332 3154 2387 si
3185 2347 3311 2387 eum
3352 2330 3594 2386 exactior
3617 2331 3675 2385 ad
3690 2329 3883 2384 bonosmo

2440 2441 2531 2482 res
2562 2426 2676 2480 vita
2716 2425 3050 2496 perduxerit,
3083 2439 3356 2479 summum
3392 2421 3728 2494 pontiﬁcatum
3764 2433 3886 2489 sperant

2442 2516 2680 2573 debebit.
2717 2516 2826 2570 Hac
2853 2524 3030 2570 tamen
3056 2514 3171 2585 lege
3197 2523 3444 2579 servata,
3477 2519 3535 2567 ut
3555 2525 3706 2580 neque
3726 2510 3885 2578 bigarum

2444 2622 2622 2678 neque
2650 2606 2824 2661 viduae
2850 2607 3081 2661 maritus
3103 2645 3117 2670 ,
3171 2619 3350 2676 neque
3382 2603 3638 2675 ptenitcns
3658 2602 3712 2656 ad
3739 2603 3805 2656 hos
3825 2612 3884 2668 gn-

2443 2699 2545 2755 dus
2597 2698 2769 2768 possit
2816 2697 3046 2752 admitti.
3098 2695 3242 2752 Sane
3281 2695 3452 2750 etiam
3502 2692 3764 2751 defensores
3789 2688 3885 2742 Eccl?

2444 2793 2537 2848 site
2571 2792 2662 2863 qui
2707 2804 2776 2846 ex
2813 2791 2966 2846 laicis
2999 2789 3134 2844 ﬁunt
3170 2787 3488 2858 supradicta
3531 2783 3823 2841 observatione
3851 2786 3885 2828 te

2445 2895 2677 2942 neantur
2731 2885 2776 2941 si
2827 2884 3130 2940 meruerint
3178 2883 3235 2937 in
3288 2881 3489 2937 ordine
3541 2894 3648 2934 esse
3694 2875 3881 2931 clericus-ti.

2461 2977 2593 3031 Data
2614 2991 2710 3030 vin
2744 2972 2968 3028 Kalend.
2993 2971 3190 3039 Martii,
3217 2969 3462 3027 Honorio
3507 2967 3596 3024 Xll
3641 2974 3686 3021 et
3705 2957 3886 3018 Theodosio

2466 3065 2577 3122 Vlll
2604 3066 2862 3138 Augustis
2889 3064 3220 3121 consulibus.

2661 3163 2742 3217 Ad
2787 3161 2983 3217 clerum
3029 3159 3419 3216 Ravennemem
3473 3155 3771 3213 monitorium.

2521 3256 2758 3311 Zozmus
2807 3253 3092 3324 episcopus
3132 3251 3284 3306 urbis
3336 3249 3525 3306 Ronue
3561 3237 3886 3303 commonitorium

2451 3344 2782 3418 presbyteris
2831 3351 2886 3398 et
2921 3342 3239 3397 diaconibus
3289 3341 3385 3410 qui
3442 3340 3685 3395 Ravenna:
3721 3339 3817 3388 sunt.
3848 3324 3888 3377 E1

2452 3440 2718 3496 relatione
2752 3438 2945 3494 fratris
2959 3437 3129 3492 nostri
3155 3436 3468 3491 Archidami
3492 3420 3889 3506 presbyteriqutlim

2454 3532 2688 3602 suscepti
2715 3531 2858 3597 sitis,
2884 3529 2968 3586 vel
2993 3529 3126 3600 quid
3156 3528 3388 3600 egeritis
3415 3517 3889 3599 cognovimusﬂelqm'

2452 3626 2574 3682 lite'r
2602 3625 2679 3680 illi
2707 3624 2945 3695 suscepti
2973 3631 3121 3688 sunt,
3144 3621 3236 3692 qui
3268 3631 3464 3677 contra
3495 3629 3698 3676 canones
3717 3610 3888 3702 advenit!“

2451 3732 2550 3773 nos
2575 3717 2643 3772 ad
2675 3716 2993 3772 comitatum
3033 3713 3220 3769 nescio
3246 3727 3358 3784 qua
3400 3711 3583 3768 audaci
3615 3701 3889 3790 temeritate-tr!

2452 3806 2761 3863 voluerunt.
2811 3805 2894 3860 Ad
2929 3819 3024 3860 vos
3069 3805 3188 3858 haec
3232 3783 3356 3872 quae
3406 3815 3546 3858 nunc
3573 3784 3793 3854 misimus,
3819 3783 3888 3837 οιίω

2453 3899 2658 3970 scripta
2689 3896 3026 3962 feceramus,
3064 3912 3254 3953 eorum
3281 3912 3423 3967 quas
3464 3895 3694 3966 injuriose
3722 3886 3886 3942 miserant.

2413 3977 2416 3980 ί
2453 3989 2846 4060 respondentes
2866 3988 3130 4060 epistolis.
3158 3987 3266 4045 Sed
3302 3989 3558 4059 quoniam
3587 3999 3678 4040 non
3711 3971 3886 4051 polum“

2455 4081 2532 4137 rei
2555 4081 2608 4136 in
2635 4096 2731 4136 sua
2757 4121 2772 4147 ,
2807 4081 2910 4136 hoc
2951 4089 3035 4135 est
3065 4081 3120 4134 in
3148 4088 3332 4151 nostra
3362 4079 3594 4135 Ecclesia
3627 4066 3888 4154 Romam“?l

2453 4173 2654 4230 nostris
2697 4172 3153 4244 compreshyteris
3187 4170 3542 4236 commorari,
3584 4167 3670 4222 bos
3691 4160 3743 4217 ad
3775 4165 3833 4208 Yth"
3859 4141 3891 4195 ι¹¹

2453 4266 2519 4322 lis
2561 4266 2853 4322 tradendas
2881 4265 3091 4320 litteras
3117 4264 3480 4330 destinamus,
3505 4263 3555 4318 in
3578 4259 3738 4329 quibus
3765 4245 3890 4341 decf”?

2454 4368 2642 4413 nostro
2665 4356 2960 4422 sancimus,
2985 4365 3316 4413 memoratos
3343 4353 3721 4427 perturbatores
3749 4337 3890 4439 οιιξξιίνπξ

2453 4453 2523 4506 ab
2574 4450 2886 4522 apostolicae
2937 4450 3082 4507 sedis
3139 4459 3340 4507 nostrae
3395 4445 3735 4507 communione
3775 4429 3892 4486 alienos

2455 4544 2643 4612 fuisse,
2668 4553 2832 4615 atque
2855 4553 3043 4600 nostra
3072 4544 3474 4616 subscriptione
3501 4541 3740 4614 probatam
3766 4529 3892 4616 seth

2458 4641 2588 4696 tiam
2616 4614 2940 4709 suscepisse.
2981 4637 3106 4694 Illos
3144 4614 3310 4694 etiam
3345 4638 3436 4708 qui
3464 4634 3694 4691 effrenam
3713 4621 3801 4679 huic
3815 4614 3892 4665 facto

2459 4732 2793 4800 consilioque
2819 4745 3100 4786 assensum
3130 4731 3479 4786 commodare
3506 4725 3763 4782 voluerunt.

2461 4794 2747 4879 charitati-s
2773 4831 2858 4878 est
2903 4825 3177 4879 aestimare
3221 4822 3460 4893 qualiter
3486 4821 3757 4876 habeantur.
3774 4794 3893 4867 Quibus

2459 4914 2563 4969 hoc
2593 4913 2828 4985 objicere
2847 4929 2942 4970 vos
2969 4912 3200 4979 debetis,
3226 4914 3372 4983 quod
3409 4913 3557 4984 juxta
3582 4911 3788 4965 canonum
3813 4898 3892 4959 Ρη·

2459 5014 2615 5076 cepta
2656 5005 2872 5060 fortiter
2921 5006 3294 5071 incurrerunt,
3331 5016 3387 5061 et
3436 5003 3651 5074 qualiter
3668 4985 3892 5066 presbi‘em‘

2461 5075 2568 5154 non
2599 5098 2822 5154 decebat
2849 5097 3084 5153 rebelles
3119 5097 3378 5165 existere,
3415 5094 3732 5151 tentaverunt.
3753 5075 3893 5130 V05”

2462 5197 2570 5243 tem
2599 5202 2883 5243 monemus
2907 5188 2962 5241 in
2998 5187 3233 5259 speculis
3265 5202 3387 5244 esse
3406 5185 3611 5247 debere,
3636 5184 3769 5244 neque
3783 5166 3891 5259 εθύιξ

2461 5289 2782 5352 prorumpat
2851 5245 3076 5334 audacia
3107 5319 3123 5345 ,
3197 5293 3335 5350 quos
3393 5268 3802 5352 anathematizalos

2462 5341 2648 5424 sancta
2673 5341 2968 5439 apostolica
3007 5341 3277 5424 Ecclesia.
3324 5369 3398 5424 De
3429 5366 3510 5423 his
3540 5375 3652 5419 vero
3683 5351 3751 5426 qui
3781 5341 3889 5439 eo”?

2462 5477 2521 5517 se
2559 5460 2804 5516 societati
2845 5459 3163 5528 junxerunt,
3201 5460 3329 5531 quid
3377 5472 3532 5528 agere
3570 5431 3888 5531 debeamﬂsvc“:

2467 5553 2671 5609 reversi
2704 5551 2916 5608 fueritis
2939 5591 2957 5619 ,
2987 5552 3216 5608 consilio
3263 5552 3483 5607 meliore
3528 5518 3888 5620 tractabimufgltf

2465 5608 2769 5698 aliamanu.
2803 5608 2995 5698 Data'v
3026 5642 3252 5700 Kalend.
3303 5641 3561 5705 Octobris,
3589 5623 3775 5691 Honorio
3789 5608 3889 5670 ΧΠτί

2465 5733 2770 5792 Theodosio
2807 5735 3086 5817 Augustis
3106 5736 3437 5793 consulibus.
