3968 6476
0 390 164 449 745

0 513 2399 544 —___,.._.________._____________________.

1316 378 1795 461 DECRETALlUM
1833 401 2226 461 COLLECTIO.

520 580 1151 670 INC‘IPIUNT
1223 577 1754 670 DECRETA
1824 576 2434 670 BONIFACII
2513 578 2881 669 PAP/E.

3212 408 3312 462 746

0 714 322 799 Epistolis
375 719 733 799 deprecatorie
771 723 840 776 ad
890 722 1185 799 Honorium
1226 724 1545 799 Augustum,
1589 732 1646 777 ut
1674 705 1724 764 Α
1750 719 2063 799 Constitutio
2097 724 2318 799 Hnnorii
2343 725 2667 799 imperatoris
2693 728 2761 781 ad
2777 727 3106 799 Boni/nciam
3128 749 3312 799 papam

93 781 502 863 constituatur
515 809 545 844 a
563 793 794 860 principe
814 802 1066 863 quatenus
1088 794 1140 845 in
1159 795 1284 847 urbe
1303 781 1544 848 Romana,
1557 809 1649 863 per

98 859 408 912 ambitum
444 876 708 930 nunquam
734 859 969 930 pontifex
1002 863 1291 916 ordinetur.

104 943 314 1015 183
353 946 668 1003 Domracms
689 948 968 1018 episcopus
991 946 1231 1006 Honomo
1251 948 1509 1021 Augusto.
1543 948 1634 1005 Ec-

0 1034 256 1090 clesia:
291 1051 424 1091 mea:
471 1037 726 1092 Romana:
753 1039 860 1102 (cui
889 1041 1030 1095 Deus
1070 1050 1254 1096 noster
1273 1056 1448 1095 meum
1472 1054 1650 1095 sacer-

0 1121 283 1179 dolium
330 1127 484 1182 vobis
536 1142 623 1182 res
673 1129 939 1184 humanas
978 1131 1291 1199 regentibus
1335 1128 1648 1200 deputavit)

0 1225 192 1266 Cura
243 1217 588 1286 constringit,
617 1233 684 1274 ne
722 1219 899 1274 causis
924 1219 1037 1288 ejus
1055 1220 1300 1291 quamvis
1323 1221 1497 1275 adhuc
1525 1236 1646 1276 cor-

5 1303 215 1366 poris
280 1304 722 1361 incommoditate
787 1309 1028 1362 detinear
1091 1317 1310 1378 propter
1352 1318 1649 1364 conventus

9 1392 140 1457 qui
177 1408 216 1445 a
253 1394 625 1449 sacerdotibus
649 1397 914 1453 universis
940 1408 996 1453 et
1041 1400 1274 1464 clericis,
1302 1408 1357 1453 et
1388 1397 1649 1453 Christia-

19 1498 134 1535 na:
199 1483 388 1552 plebis
435 1487 929 1554 perturbationibus
974 1489 1246 1558 agitantur
1294 1490 1436 1559 apud
1493 1504 1650 1544 aures

16 1573 526 1631 Cbristianissimi
591 1577 848 1648 principis
917 1579 1106 1635 desim.
1162 1578 1438 1648 Siquidem
1496 1594 1650 1635 secus

19 1678 231 1731 quam
264 1674 480 1734 oportet
512 1667 744 1732 eveniat,
767 1683 870 1723 non
900 1684 996 1724 vos
1042 1669 1095 1723 id
1127 1668 1306 1725 facere
1338 1670 1426 1740 qui
1458 1681 1648 1726 cuneta

23 1770 226 1824 aequa
253 1758 624 1813 moderatione
650 1759 992 1829 componitis,
1023 1761 1114 1814 sed
1160 1775 1259 1814 nos
1288 1776 1384 1829 per
1411 1769 1647 1814 nostram

29 1855 325 1902 tacentes
348 1849 606 1905 desidiam
631 1849 950 1915 videbimur,
981 1851 1121 1919 quod
1151 1851 1383 1906 civitatis
1415 1851 1646 1919 quietem

28 1948 97 1990 et
132 1937 415 1994 Ecclesia:
444 1955 628 2009 pacem
651 1949 956 2010 per-vertere
988 1939 1158 1994 valeat
1188 1939 1486 1995 admisisse.
1515 1940 1646 1995 Cum

1814 795 1996 868 inissa,
2025 803 2087 868 ut
2112 793 2158 846 si
2177 794 2345 868 denuo
2373 793 2683 868 Romwuduo
2709 793 2928 868 episcopi
2954 793 3178 854 ordinati
3196 793 3317 867 fue—

1816 863 1945 927 rint,
1982 861 2130 916 ambo
2157 865 2219 916 de
2245 864 2453 917 civitate
2475 861 2753 933 pellantur;

1819 952 2004 1007 Victor
2051 951 2327 1008 Horremus
2386 953 2619 1025 inclytus
2673 955 3056 1026 triumphator,
3107 975 3318 1030 semper

1745 1041 2034 1112 Augustus,
2060 1051 2245 1097 sancto
2267 1058 2330 1099 ac
2345 1043 2638 1100 venerabili
2663 1044 2948 1102 Bomracro
3000 1064 3150 1108 pana:
3170 1051 3316 1106 urbis

1751 1131 1952 1185 Romae.

1821 1221 2032 1292 Scripta
2059 1223 2406 1280 beatitudinis
2447 1234 2551 1281 tua:
2573 1227 2752 1282 debita
2779 1231 3094 1284 reverentia:
3135 1240 3317 1302 gratu-

1749 1312 1948 1368 latione
1975 1316 2330 1384 suscepimus.
2356 1315 2562 1384 Quibus
2581 1319 2882 1384 recensitis,
2909 1320 3114 1390 egimus
3139 1323 3316 1390 ompi-

1751 1403 1956 1472 potenti
2002 1403 2113 1458 Deo
2162 1405 2427 1460 maximas
2469 1408 2670 1477 gratias
2713 1409 2854 1476 quod
2903 1411 3314 1471 sanctimoniam

1750 1497 1894 1543 tuam
1939 1500 2061 1560 post
2109 1491 2323 1563 longum
2383 1495 2776 1552 ineonnnodnm
2821 1506 3002 1567 optate
3051 1499 3316 1553 redditam

1748 1577 2028 1635 didicimus
2064 1582 2378 1637 sanitati.Et
2417 1585 2536 1640 ideo
2585 1588 2974 1653 reverentibus,
3001 1589 3321 1643 venerabili-

1747 1672 1847 1726 bus
1875 1672 2007 1730 viris
2047 1675 2299 1745 gaudium
2333 1685 2577 1732 nostrum
2617 1694 2891 1733 sacrorum
2942 1681 3151 1748 apicum
3181 1689 3318 1735 atte-

1747 1764 1975 1819 statione
2005 1765 2276 1834 signamus
2326 1782 2390 1822 ac
2423 1768 2672 1836 petimus,
2719 1778 2777 1822 ut
2826 1771 3154 1838 quolidianis
3201 1786 3320 1825 ora--

1749 1851 1984 1906 tionibus
2033 1853 2363 1922 apostolatus
2397 1863 2520 1909 tuus
2558 1857 2795 1910 studium
2846 1872 2909 1912 ac
2948 1868 3130 1910 votum
3163 1874 3316 1912 suum

1748 1940 1890 1995 circa
1940 1941 2164 1996 salutem
2211 1951 2372 2012 atque
2438 1944 2721 2013 imperium
2784 1956 3024 2000 nostrum
3072 1947 3326 2016 dignetur

31 2030 214 2084 enim
231 2032 486 2086 humanis
508 2034 668 2087 rebus
684 2032 876 2087 divinae
899 2031 1072 2086 cultor
1096 2031 1391 2101 religionis,
1422 2031 1647 2085 Domino
1677 2029 1720 2088 Β
1749 2031 2076 2101 inpendere.
2097 2031 2231 2088 Illud
2253 2043 2431 2088 autem
2453 2035 2668 2105 pietatis
2691 2045 2886 2091 nostra:
2912 2037 3043 2091 satis
3067 2037 3322 2105 placitum

37 2121 324 2187 iubente,
345 2121 652 2192 prazsideas,
677 2132 860 2178 nostra
909 2122 1064 2192 culpa
1094 2123 1218 2187 erit,
1250 2121 1293 2176 si
1329 2136 1434 2176 non
1467 2120 1519 2175 id
1548 2120 1646 2175 sub

35 2217 254 2263 vestra
290 2209 460 2279 gloria
497 2226 658 2280 quam
683 2221 889 2266 certum
915 2220 999 2265 est
1019 2211 1214 2267 divinis
1241 2225 1454 2280 semper
1488 2211 1647 2264 rebus

36 2301 255 2355 animo
301 2303 626 2371 promptiore
665 2301 862 2358 favisse
919 2301 1073 2357 ﬁrmo
1112 2311 1168 2358 et
1196 2301 1370 2357 stabili
1401 2301 1524 2372 jure
1549 2317 1646 2356 cu-

37 2391 363 2455 stodiatur,
395 2393 548 2461 quod'
572 2407 666 2462 per
696 2401 774 2446 tot
820 2406 1082 2447 annorum
1110 2391 1304 2446 seriem
1342 2400 1396 2447 et
1423 2391 1522 2447 sub
1543 2390 1648 2446 illis

36 2480 234 2534 etiam
267 2481 600 2551 principibus
620 2481 883 2547 obtinuit,
937 2496 1073 2551 quos
1106 2480 1248 2536 nulla
1294 2490 1494 2536 nostra:
1521 2482 1648 2537 reli-

39 2569 247 2636 gionis
277 2583 405 2623 cura
445 2570 810 2633 constrinxit,
863 2577 924 2623 ut
971 2567 1140 2624 ﬁdens
1171 2577 1352 2623 utatur
1380 2567 1558 2633 licitis,
1593 2576 1648 2623 et

43 2657 168 2712 sub
194 2670 394 2712 vestrae
421 2659 645 2729 imperio
676 2658 975 2713 clementiae
1013 2658 1233 2712 minime
1265 2672 1384 2726 quae
1401 2667 1526 2711 sunt
1549 2657 1648 2711 illi-

47 2751 126 2803 cit
143 2767 174 2803 a
189 2749 568 2806 formidentur.
589 2751 705 2819 lpsa
724 2749 1126 2818 enimEcclesia
1151 2749 1488 2804 devotionem
1505 2757 1646 2802 tuam

47 2841 535 2905 Christianissime
586 2841 881 2910 imperator
922 2842 974 2895 in
1009 2855 1074 2895 eo
1108 2839 1324 2910 quidem
1377 2852 1644 2902 sermone,

47 2939 154 2992 sed
204 2954 312 2992 suo
343 2931 634 2996 νευρῇ-ειιίιὶ
676 2930 908 3000 appellat
958 2932 1148 2988 affectu
1176 2973 1191 2994 ,
1243 2932 1368 3002 quia
1400 2927 1647 2987 Christus

55 3028 333 3083 Dominus
386 3037 589 3092 noster,
635 3024 802 3081 vestri
843 3025 979 3079 ﬁdus
1023 3032 1200 3078 rector
1231 3032 1285 3079 et
1323 3023 1650 3094 gubernator

53 3121 307 3191 imperii,
326 3137 489 3174 unam
511 3121 888 3190 desponsatam
912 3116 1010 3171 sibi
1037 3116 1362 3170 etintactam
1387 3114 1647 3184 virginem

53 3220 271 3272 servat,
321 3224 390 3264 ne
439 3225 557 3266 eam
601 3211 653 3264 in
699 3209 909 3278 aliquos
951 3206 1229 3279 patiamini
1277 3206 1646 3261 insidiantium

55 3301 428 3370 procellarum
455 3301 647 3357 ﬂuctus
669 3301 820 3365 illidi,
853 3311 907 3356 et
935 3301 1173 3370 quietam
1204 3299 1397 3354 faciem
1438 3309 1646 3368 tempe-

1749 2135 1872 2176 esse
1897 2136 2184 2190 cognosce,
2211 2123 2351 2190 quod
2376 2125 2730 2178 sanctimonia
2759 2132 2846 2178 tua
2866 2125 2930 2179 de
2955 2123 3336 2179 Ecclesiarum

1751 2216 1845 2263 aut
1872 2209 2048 2278 populi
2083 2211 2486 2279 perturbatione
2526 2212 2752 2266 soilicita
2781 2223 2883 2268 est.
2941 2212 3070 2280 Quae
3123 2229 3189 2268 ne
3223 2214 3322 2268 ali-

1747 2311 1850 2367 qua
1871 2299 2078 2354 ratione
2098 2301 2267 2368 possit
2295 2303 2510 2356 evenire
2531 2303 2664 2357 satis
2685 2302 2967 2357 clementia
2994 2312 3170 2358 vestra
3199 2317 3320 2357 cre-

1746 2387 1882 2442 (idit
1908 2402 2027 2443 esse
2066 2389 2331 2458 provisus.
2367 2391 2606 2460 Denique
2631 2391 2956 2461 praedicante
2996 2391 3326 2446 beatitudine

1749 2487 1836 2532 tua
1870 2478 1922 2532 id
1952 2479 2016 2532 ad
2063 2487 2378 2532 cunctorum
2433 2479 2751 2535 clericorum
2782 2480 3028 2534 notitiam
3078 2479 3325 2534 volumus

1747 2567 2047 2636 pervenire,
2080 2575 2138 2620 ut
2168 2567 2212 2622 si
2249 2569 2389 2637 quod
2418 2568 2557 2623 forte
2584 2569 2826 2639 religioni
2877 2577 2982 2623 tute
3002 2568 3166 2639 (quod
3215 2583 3322 2622 non

1747 2657 2017 2726 optamus)
2047 2657 2279 2710 humana
2327 2668 2471 2713 sorte
2501 2659 2808 2729 contigerit,
2841 2659 3014 2714 sciant
3037 2672 3222 2712 omnes
3257 2659 3334 2710 ab

1748 2744 2132 2800 ambitionibus
2161 2761 2279 2802 esse
2295 2749 2636 2813 cessandum,
2659 2762 2723 2802 ac
2763 2748 2808 2801 si
2830 2748 2936 2802 duo
2970 2746 3110 2801 forte
3131 2755 3318 2800 contra

1747 2832 1832 2890 fas
1859 2837 2158 2892 temeritate
2174 2838 2496 2893 certantium
2521 2838 2720 2893 fuerint
2745 2838 3000 2902 ordinati,
3022 2837 3224 2891 nullum
3254 2852 3322 2890 ex

1749 2927 1829 2980 eis
1858 2929 2074 2996 penitus
2116 2927 2355 2982 futurum
2384 2929 2741 2993 sacerdotem,
2784 2942 2842 2984 se
2873 2927 3022 2982 illum
3054 2926 3227 2982 solum
3266 2927 3321 2980 in

1748 3021 1875 3078 aede
1897 3020 2187 3098 apostolica
2209 3019 2814 3090 permansumm,'quem
2837 3035 2902 3074 ex
2931 3034 3156 3074 numero
3170 3018 3323 3073 cleri-

1749 3131 1932 3170 eorum
1984 3121 2118 3170 noVa
2170 3111 2508 3172 OﬁﬁtlaliOﬂc
2540 3110 2779 3164 divinum
2805 3110 3064 3178 judicium
3107 3119 3162 3163 et
3205 3109 3324 3161 uni-

1748 3206 2022 3260 versitatis
2059 3216 2349 3260 consensus
2375 3204 2616 3274 elegerit.
2647 3199 2802 3259 Und’e
2826 3201 2880 3260 id
2923 3201 3320 3258 observandtnn

1750 3305 1853 3362 est,
1877 3305 1937 3350 ut
1962 3312 2148 3352 omnes
2178 3295 2518 3366 tranquillam
2548 3304 2785 3350 mentem
2824 3304 2880 3349 et
2902 3295 3156 3364 paciﬁcos
3208 3295 3324 3348 ani-

57 3394 225 3448 statis
251 3393 478 3449 insolitae
519 3402 725 3449 tumore
767 3393 967 3448 turbari
999 3391 1386 3463 gloriosissime
1415 3398 1470 3446 el
1495 3400 1644 3445 tran-
1674 3387 1718 3449 C
1749 3401 1865 3440 mos
1891 3401 1957 3441 ex
2001 3387 2306 3442 serenitatis
2350 3393 2549 3440 nostrae
2583 3384 2948 3438 admonitione
2991 3383 3321 3446 custodiant,

58 3484 390 3554 quillissime
444 3485 738 3555 imperator
765 3485 1026 3555 Auguste.
1056 3485 1351 3554 lpsajergo
1394 3499 1515 3553 quae
1554 3484 1645 3538 uni

59 3576 396 3645 desponsata
421 3585 506 3630 est
551 3584 731 3631 vestra
785 3587 964 3630 tamen
1021 3584 1194 3630 mater
1235 3576 1477 3631 Ecclesia
1509 3575 1646 3632 hanc

59 3667 324 3733 pietatem
361 3673 600 3721 vestram
641 3665 901 3736 legatione
931 3682 1091 3737 quam
1124 3667 1235 3722 suis
1276 3665 1646 3723 sacerdotibus

60 3753 338 3808 commisit
385 3753 633 3825 appellat,
662 3755 930 3824 praeterita
963 3757 1354 3828 praesentiaque
1404 3759 1640 3828 repetit,

62 3842 214 3897 vobis
238 3843 458 3914 (inquit)
485 3842 733 3915 religiose
761 3845 1148 3916 imperantibus
1171 3848 1342 3902 erevit
1377 3863 1528 3903 meus
1551 3848 1642 3918 qui

65 3935 380 4017 modotuus
408 3945 493 3990 est
513 3935 758 4006 populus,
791 3944 900 3992 tam
921 3937 1059 3993 ﬁdus
1081 3938 1213 4004 Deo,
1244 3954 1404 4010 quam
1436 3940 1527 3994 tibi
1551 3941 1642 4009 qui

60 4037 117 4078 es
142 4023 399 4095 princeps
423 4024 645 4080 Christi.
678 4026 816 4082 Ecce
844 4027 987 4082 enim
1034 4028 1175 4082 inter
1203 4030 1317 4100 ipsa
1363 4030 1640 4102 mysteria,

62 4117 208 4173 inter
232 4133 426 4190 preces
453 4135 578 4176 suas
606 4137 740 4192 quas
763 4137 860 4193 pro
885 4123 1054 4178 nostri
1091 4122 1348 4180 felicitate
1385 4123 1642 4195 dependit

63 4207 298 4278 imperii,
339 4218 474 4265 teste
504 4212 643 4281 apud
681 4228 837 4283 quem
877 4222 934 4268 et
990 4214 1056 4268 de
1088 4213 1240 4284 cujus
1295 4216 1420 4270 sede
1465 4215 1643 4285 agitur

62 4309 251 4356 saneto
277 4301 457 4370 Petro,
485 4303 728 4361 sollicitis
761 4321 856 4375 pro
878 4305 1152 4378 religionis
1178 4305 1521 4362 observantia
1552 4322 1642 4361 vo-

60 4389 212 4446 cibus
237 4390 454 4446 clamat.
499 4392 634 4448 Cum
671 4395 897 4450 sollicita
928 4395 1189 4468 petitione
1236 4395 1493 4450 miscetur
1519 4411 1637 4450 ora~

62 4481 208 4538 tione
232 4497 333 4538 nos
360 4484 416 4540 in
445 4486 622 4542 varias
655 4502 739 4542 res
767 4486 932 4542 semel
969 4487 1152 4543 evulsa
1197 4487 1462 4542 distrahat
1483 4503 1512 4542 a
1543 4487 1639 4543 Dei

63 4573 209 4628 cultu
245 4574 404 4632 solito
432 4584 696 4633 tentatore
737 4577 1058 4634 sollicitante
1091 4579 1411 4643 discordias,
1442 4579 1642 4649 Ageret

62 4664 325 4734 pluribus,
357 4669 606 4739 princeps
623 4669 1102 4736 Christianissime,
1132 4671 1236 4726 nisi
1260 4671 1399 4742 apud
1433 4681 1482 4726 te
1509 4687 1637 4726 sua-

64 4771 179 4809 rum
231 4766 376 4813 esset
421 4774 609 4814 seeura
666 4775 950 4815 causarum
1000 4769 1053 4815 et
1103 4761 1158 4814 in
1201 4762 1638 4831 oppressionibus

65 4846 352 4912 idolorum,
409 4847 463 4903 in
504 4848 879 4904 haereticorum
933 4849 1360 4905 correctionibus
1393 4851 1498 4906 ﬁde
1547 4859 1636 4905 tua

63 4935 246 4992 divino
295 4937 439 4992 cultu
489 4939 692 5008 pariter
735 4955 856 4993 eum
905 4940 1132 5009 imperio
1166 4955 1379 5010 semper
1413 4941 1637 4997 ﬂorente

63 5025 298 5080 vicisset.
352 5025 520 5082 liabet
575 5027 837 5098 refugium
891 5039 994 5085 tua:
1039 5031 1466 5086 mansuetudinis
1515 5032 1635 5086 ani-

63 5135 209 5174 mum
244 5135 365 5175 cum
404 5138 514 5177 suae
559 5123 829 5195 religionis
867 5127 1213 5182 veneratione
1268 5127 1634 5195 coniunctum,

65 5224 184 5264 eum
230 5212 487 5282 quidquid
536 5214 661 5270 huic
711 5217 954 5285 proﬁciat
991 5233 1086 5274 vos
1113 5219 1301 5290 agatis.
1330 5219 1635 5274 Conferatis

67 5301 320 5358 fratribus
339 5313 393 5358 et
417 5308 890 5363 consacerdotibus
916 5310 1071 5375 meis,
1093 5309 1487 5378 probatissimis
1499 5310 1636 5364 viris

67 5405 95 5442 ει
143 5407 230 5448 me
296 5403 350 5448 et
393 5395 460 5450 ab
510 5395 758 5453 omnibus
806 5399 896 5467 qui
945 5399 1237 5455 Eeclesiam
1277 5399 1484 5454 faciunt
1530 5400 1630 5455 ista

69 5484 260 5537 nnmda
304 5483 596 5555 legatione,
631 5489 826 5558 quibus
856 5505 1141 5559 precamur
1189 5505 1358 5546 sacrm
1409 5505 1626 5546 causam

68 5572 336 5642 religionis
365 5580 809 5648 prosequentibus
839 5583 891 5634 in
924 5583 1056 5637 urbe
1088 5591 1279 5638 vestra:
1316 5590 1630 5637 mansuetu-

68 5661 222 5717 dinis.
253 5664 366 5720 lloc
406 5668 585 5723 animo
635 5685 741 5738 quo
774 5672 1057 5740 postulatis
1080 5687 1109 5726 a
1140 5672 1321 5726 multis
1350 5672 1402 5726 in
1437 5686 1628 5742 perpe-

70 5760 210 5805 tuum
263 5757 421 5808 statui
469 5760 782 5816 universalis
834 5761 1082 5818 Ecclesia:
1144 5763 1459 5819 consulatis.
1500 5763 1629 5816 Data

69 5843 280 5901 Kalend.
310 5847 474 5906 Junii.

1750 3491 1850 3530 nec
1886 3475 2084 3546 aliquid
2129 3475 2400 3531 seditiosis
2443 3474 2934 3543 conspirationibus
2972 3482 3180 3527 tentare
3229 3487 3322 3527 co-

1746 3572 1963 3631 nentur,
2004 3580 2128 3619 cum
2177 3572 2385 3621 certum
2415 3564 2486 3620 sit
2512 3563 2639 3619 nulli
2678 3563 2913 3635 partium
2947 3579 3167 3618 suarum
3197 3571 3319 3617 stu-

1745 3654 1830 3709 dia
1861 3655 2163 3726 profutura.

1748 3746 1984 3817 Epistota
2024 3746 2286 3818 Bonifacii
2322 3763 2471 3818 papae
2495 3748 2564 3802 ad
2605 3749 2867 3816 episcOpos
2895 3746 3083 3802 Gallia:
3111 3745 3174 3798 de
3200 3743 3310 3798 Ma-

1773 3852 1778 3858 ~
1885 3819 2024 3872 ximo
2049 3818 2287 3888 episcopo
2321 3818 2535 3872 diversis
2579 3819 2880 3872 criminibus
2907 3825 3172 3870 accusata.

1813 3911 2132 3974 BONIFACJUS
2152 3910 2460 3979 episcopus,
2476 3909 2780 3971 Parnocm,
2807 3908 3058 3971 chtcto,
3076 3905 3318 3966 MAXIIO,

1741 4000 2237 4067 “ILARIO,SEVERO,
2259 3999 2519 4066 VALERIO,
2541 3997 2788 4063 Juuano,
2819 3997 3111 4059 CASTORIO,
3145 3995 3317 4051 Leos-

1743 4107 1857 4158 'l'lO,
1879 4091 2276 4156 CONSTANTINO,
2297 4090 2507 4155 losum,
2526 4091 2811 4155 Mon'rano,
2845 4089 3079 4151 MARlNO,
3109 4087 3318 4142 MAURI-

1738 4198 1848 4249 cm,
1876 4193 1933 4239 et
1970 4182 2178 4237 caeteris
2226 4183 2491 4252 episcopis
2533 4197 2627 4238 uer
2650 4181 2853 4237 Gallias
2879 4190 2935 4236 et
2965 4188 3166 4250 septem
3190 4193 3316 4247 pro?

1741 4273 1948 4328 vincias
1969 4273 2296 4328 constitutis.

1807 4362 2107 4418 Valentius;
2136 4378 2235 4418 nos
2253 4362 2434 4418 clerici
2463 4362 2698 4417 civitatis
2725 4362 2976 4417 adierunt
2998 4375 3308 4430 proponen-

1740 4461 1822 4508 tes
1854 4466 1951 4523 per
1995 4451 2231 4506 libellum
2267 4451 2496 4506 erimina
2527 4466 2646 4521 quae
2670 4449 2983 4514 Maximum,
3019 4461 3153 4506 teste
3203 4460 3313 4507 tota

1737 4542 2038 4612 provincia,
2067 4549 2317 4596 asserunt
2359 4541 2726 4596 commisisse.
2755 4540 3008 4610 Delegata
3043 4541 3199 4594 toties
3226 4555 3320 4593 co-

1736 4631 2134 4702 gnitioneillum
2155 4631 2442 4686 constituta
2465 4646 2675 4701 semper
2698 4630 3081 4698 subterfugissc
3091 4630 3314 4699 judicia,

1667 4727 1716 4786 D
1742 4738 1810 4778 ne
1848 4721 2102 4779 confusus
2142 4721 2470 4778 conscientia
2506 4721 2810 4788 festinasse,
2843 4729 2902 4774 ut
2925 4721 2970 4774 si
2996 4728 3140 4774 esset
3164 4719 3317 4774 inno-

1741 4831 1869 4871 cens
1933 4816 2256 4872 examinatis
2339 4815 2589 4870 outnibus
2680 4823 3033 4885 purgaretur,
3105 4814 3317 4882 quoties

1740 4907 1954 4961 decreta
2003 4920 2069 4960 ex
2119 4914 2424 4960 nostrarum
2469 4919 2682 4975 quoque
2729 4904 3036 4959 chartarum
3113 4903 3315 4956 instru-

1745 5000 1924 5052 ctione
1948 4999 2317 5066 cognovimus.
2346 4998 2446 5065 Qui
2477 5014 2507 5052 e
2545 4998 2820 5053 contrario
2869 4997 3117 5066 probavit
3145 4996 3210 5050 de
3254 5011 3313 5052 se

1743 5088 1828 5142 illa
1849 5102 1969 5157 quae
1998 5087 2142 5142 dicta
2165 5097 2312 5152 sunt,
2329 5104 2447 5156 quae
2471 5089 2535 5143 ad
2554 5103 2617 5142 ea
2639 5087 2962 5142 confutanda
2986 5103 3104 5141 cum
3129 5095 3311 5142 essent

1739 5179 2039 5246 innumera,
2069 5194 2100 5232 a
2129 5180 2495 5235 decessoribus
2540 5180 2670 5234 meis
2698 5178 3041 5248 provincialis
3063 5187 3146 5233 est
3165 5179 3310 5234 dele‘

1739 5277 1860 5336 gata
1896 5266 2152 5336 cognitio.
2187 5266 2495 5322 Conventus
2525 5268 2686 5321 etiam
2735 5266 2934 5321 dicitur
2971 5266 3223 5331 evitasse,
3257 5277 3312 5322 et

1737 5361 1925 5415 adesse
1961 5359 2178 5413 minime
2209 5359 2456 5414 voluisse.
2515 5359 2579 5413 Et
2605 5358 2780 5412 nullus
2815 5358 3025 5413 dubitat
3051 5359 3191 5427 quod
3236 5359 3308 5413 ita

1730 5450 1990 5520 judicium
2044 5451 2299 5506 innocens
2346 5449 2700 5520 subterfugit,
2745 5449 3192 5519 quemadmodum
3249 5460 3309 5504 ut

1649 5553 1656 5558 ‘
1739 5540 2048 5594 absolvatur
2075 5540 2165 5607 qui
2196 5548 2278 5593 est
2310 5540 2566 5594 innocens
2612 5539 2843 5609 qumrit,
2885 5555 2978 5594 seu
3003 5547 3178 5593 astuta
3225 5555 3309 5592 ca-

1741 5629 1941 5684 villatio
1985 5645 2168 5684 eorum
2219 5629 2309 5697 qui
2363 5629 2591 5684 versutis
2622 5629 2886 5699 agendum
2934 5629 3159 5684 credunt
3187 5644 3306 5683 esse

1739 5721 1996 5785 consiliis,
2025 5713 2296 5788 nunquam
2319 5719 2636 5774 innocentia:
2666 5735 2857 5775 nomen
2890 5720 3134 5789 accipiet.
3167 5720 3304 5774 Con<

1738 5811 1917 5865 litetur
1961 5812 2102 5866 enim
2141 5813 2204 5866 de
2254 5812 2520 5879 omnibus,
2548 5812 2787 5882 quisquis
2835 5828 2898 5868 se
2939 5811 3306 5882 subterfugere

2469 5943 2550 5957 ,ιι-’⁵³
