3968 6448
734 400 839 458 τιτ
895 355 898 358 ’

1543 396 1830 454 APPEND.
1873 394 1964 450 AD
2000 393 2174 450 sec.
2215 394 2303 449 Ix.
2333 426 2398 435 —
2431 394 2676 451 ismont
2711 397 3150 454 MERCATORIS
3408 351 3426 354 ’ν
3577 363 3600 374 ’
3824 399 3884 454 at

729 511 989 586 judicium
1013 507 1357 566 dilationibus
1384 517 1553 579 putat.
1586 507 1778 564 Veniet
1806 517 1982 562 tamen
2025 506 2314 576 aliquando
2341 513 2389 570 Α
2419 507 2713 564 constituto
2751 517 3079 579 praesentare
3100 506 3320 580 judicio.
3373 505 3633 576 Quidquid
3661 514 3800 560 autem
3831 525 3883 564 re-

733 604 824 660 ille
859 604 952 674 qui
985 602 1105 658 talis
1141 600 1457 672 perhibetur
1487 601 1540 656 in
1571 601 1825 665 medium,
1862 613 1961 654 nec
1991 598 2207 669 prodest
2235 597 2305 650 illi

735 696 895 752 toties
926 695 1169 759 latuisse,
1203 693 1360 748 toties
1373 691 1780 762 subterfugisse,
1803 704 1960 760 quem
1985 689 2068 744 sui
2091 697 2290 742 actuse

732 786 1044 852 commissa,
1064 799 1384 856 quocunque
1407 783 1622 856 fugerit,
1641 797 1702 836 ea
1727 796 1844 852 quae
1867 778 2193 848 objiciuntur
2215 776 2309 841 illi,

730 878 775 933 si
791 892 920 932 vera
942 886 1068 933 sunt
1081 877 1330 943 erimina,
1344 861 2077 947 persequunturJDebueram
2097 870 2311 940 quidem

723 967 836 1038 jam
888 985 1030 1024 nunc
1074 968 1290 1040 dignam
1345 983 1444 1039 pro
1491 968 1609 1039 ejus
1639 967 1907 1022 accusatis
1939 966 1991 1018 in
2023 962 2314 1032 nostroju-

729 1059 873 1113 dicio
917 1057 1125 1114 actibus
1151 1058 1241 1128 qui
1271 1057 1628 1128 cognitionem
1662 1065 1717 1111 et
1755 1056 2027 1111 decretum
2049 1053 2313 1125 judicium

731 1165 874 1220 saepe
917 1149 1235 1205 declinando
1265 1147 1494 1205 credidit
1535 1146 1883 1212 illudendum,
1919 1145 2061 1200 ferre
2098 1152 2318 1200 senten-

732 1241 884 1295 tiam.
938 1241 1086 1297 Hanc
1113 1257 1182 1296 ne
1211 1241 1406 1312 aliquis
1436 1256 1613 1312 praeco
1641 1241 1691 1296 ei
1728 1255 1886 1309 quem
1930 1238 2153 1294 forsitan
2173 1235 2316 1306 judi-

731 1340 903 1395 caret,
935 1341 989 1387 et
1027 1333 1129 1387 sibi
1177 1333 1271 1403 qui
1313 1333 1508 1388 absens
1538 1340 1649 1396 est,
1703 1330 1828 1385 licet
1879 1330 1950 1384 sit
1997 1327 2257 1398 quaesitus
2285 1342 2315 1380 a

730 1421 886 1476 nobis
912 1431 1246 1477 reservatum
1269 1436 1392 1477 esse
1427 1421 1560 1476 nihil
1588 1421 1811 1486 diceret,
1840 1417 2125 1474 maluimus
2154 1416 2318 1470 inter-

732 1513 994 1584 capedine
1021 1515 1279 1584 temporis
1301 1514 1423 1568 data
1446 1512 1666 1569 deferri.
1697 1510 1832 1566 Cum
1876 1511 1978 1565 hoc
2005 1509 2167 1564 etiam
2200 1507 2318 1577 ejus

733 1616 1082 1660 accusatores
1109 1613 1438 1671 assererent,
1467 1605 1534 1660 de
1561 1618 1790 1674 quorum
1833 1600 2225 1657 intentionibus
2265 1609 2318 1653 et

731 1695 972 1751 moribus
1023 1697 1094 1751 sit
1132 1711 1383 1752 securum
1437 1696 1729 1751 maximum
1763 1703 1909 1748 tanto
1961 1691 2134 1763 magis
2164 1691 2316 1746 datu-

736 1789 914 1844 nanda
955 1789 1326 1854 committere,
1355 1797 1557 1858 quanto
1587 1787 1794 1842 tardius
1825 1802 1881 1840 se
1909 1784 2202 1840 constituto
2240 1780 2321 1850 ju-

731 1879 878 1936 dicio
930 1882 1290 1950 praesentarit.
1322 1880 1495 1948 Quem
1552 1879 1972 1933 Manichaeorum
2018 1875 2316 1930 involutum

2417 609 2527 655 stra
2545 602 2783 658 charitas
2803 603 2869 657 de
2894 603 2994 658 hac
3014 617 3178 658 causa
3197 600 3414 656 duxerit
3439 599 3797 660 decernendum,
3809 617 3882 654 cum

2415 694 2482 748 ad
2512 708 2611 749 nos
2640 694 2867 750 relatum
2891 694 3074 762 fuerit,
3099 702 3285 749 nostra
3305 700 3367 746 ut
3389 691 3639 748 condecet
3661 703 3883 746 necesscest

2415 787 2741 843 auctoritate
2783 788 3084 843 firmenttr.
3135 789 3285 844 Data'
3309 787 3416 843 sub
3465 785 3552 840 die
3599 784 3707 839 ldus
3746 783 3880 848 lunias,

2414 874 2659 934 Monario
2685 878 2729 933 ll
2753 877 2814 934 C.
2839 879 3079 936 consule.

2416 964 2486 1020 Ut
2510 966 2682 1023 nullus
2706 978 2993 1041 contempto
3008 968 3406 1041 metropolitano
3421 967 3674 1021 ordinetur
3690 969 3880 1034 episcopux.

2488 1057 2836 1126 Bomracws,
2867 1061 3148 1132 episcopus
3177 1060 3328 1115 urbis
3359 1059 3567 1123 Romae,
3596 1056 3795 1120 Himto,
3815 1060 3880 1126 epi-

2417 1163 2582 1218 scopo
2617 1148 2978 1216 Narbonensi,
3008 1151 3260 1206 salutem.
3300 1147 3531 1203 Difﬁcile
3575 1148 3756 1217 quidem
3787 1147 3880 1201 ﬁdem

2417 1238 2771 1307 querimoniis
2816 1243 3251 1308 commodamus,
3285 1255 3522 1312 quarum
3562 1239 3879 1294 sacerdoteslle

2419 1329 2549 1384 mini
2607 1330 2787 1399 pulset
2820 1331 3048 1387 intentio
3073 1372 3090 1397 ,
3145 1331 3386 1386 maxime
3436 1344 3556 1384 cum
3596 1342 3677 1383 eos
3706 1329 3880 1397 quidpiam

2417 1430 2604 1477 contra
2631 1423 2854 1478 Patrum
2899 1433 3100 1480 statuta
3140 1433 3398 1487 tentasse,
3433 1423 3528 1477 sed
3572 1420 3812 1489 frequenter
3828 1421 3880 1473 his

2417 1514 2630 1579 asserit,
2654 1513 2796 1570 sicut
2817 1531 2960 1570 nunc
2990 1515 3274 1571 multitudo
3299 1511 3875 1571 causantium.Ecceenim,

2419 1615 2478 1660 ut
2522 1607 2760 1663 charitas
2787 1617 2875 1662 tua
2909 1610 3270 1678 recognoscit,
3294 1623 3363 1662 ex
3413 1605 3634 1662 subditis
3657 1602 3878 1658 Lueubensis

2419 1696 2693 1762 Ecclesiae,
2743 1697 2923 1752 clerici
2967 1699 3100 1754 ordo
3144 1698 3226 1754 vel
3277 1697 3456 1769 plebis
3507 1710 3677 1766 preces
3701 1708 3804 1752 suas,
3834 1693 3878 1742 rel

2421 1788 2685 1858 lacrymas
2723 1789 2789 1842 ad
2835 1805 2971 1854 nos,
3018 1799 3279 1858 quantum
3333 1786 3498 1841 datur
3542 1782 3734 1852 intelligi
3765 1796 3878 1848 magna

2420 1899 2540 1936 cum
2591 1884 2776 1938 dolore
2823 1882 3106 1948 miserunt,
3138 1883 3384 1936 dicentes
3423 1878 3707 1949 episcopum
3730 1882 3876 1927 nostrum

728 1972 958 2043 caligine
988 1982 1222 2042 arguunt
1252 1974 1425 2044 turpis
1453 1983 1635 2038 sectae,
1670 1973 1799 2027 olim
1823 1973 1894 2025 ita
1937 1986 2005 2024 ne
2029 1985 2150 2022 eum
2193 1984 2310 2038 pos-
2351 1971 2391 2028 ll
2422 1971 2725 2028 Patroclum
2752 1987 2845 2028 sua
2873 1971 3132 2040 petitione
3159 1979 3432 2031 cessante,
3468 1969 3518 2020 in
3543 1967 3695 2021 locum
3715 1963 3878 2016 deceden-

730 2073 815 2120 set
853 2063 1079 2120 abluere
1111 2064 1351 2119 animum
1401 2064 1706 2119 sordidasse
1738 2064 1788 2116 iu
1821 2060 2195 2132 probationem
2226 2059 2320 2113 ob-

723 2152 884 2224 iectae
923 2156 1004 2210 rei
1031 2164 1182 2226 gesta
1225 2155 1502 2226 synodalia
1547 2154 1906 2226 proferentes,
1933 2162 1990 2208 et
2017 2151 2320 2207 commissis

731 2246 1032 2300 involutum
1058 2248 1276 2317 indique
1320 2247 1540 2320 ﬂagitiis
1574 2247 1779 2302 nullum
1804 2261 1926 2301 eum
1949 2246 2201 2302 sanitatis
2227 2245 2320 2298 ba-

729 2333 911 2389 buisse
934 2343 1263 2404 respectum,
1284 2349 1444 2405 quem
1466 2335 1652 2392 furore
1680 2351 1778 2391 suo
1799 2344 1854 2390 et
1882 2336 2070 2390 insana
2101 2335 2320 2389 temeri-

731 2433 843 2482 tate
866 2425 932 2480 ad
969 2428 1307 2482 saecularium
1339 2443 1551 2497 quoque
1569 2426 1814 2496 judicum
1867 2426 2155 2482 tribunalia
2189 2425 2318 2480 sub-

736 2517 905 2570 ditum
973 2519 1299 2587 quaestioni,
1345 2520 1490 2589 quod
1541 2519 1595 2574 in
1655 2517 1746 2572 vili
1809 2531 2023 2587 quoque
2091 2531 2317 2586 persona

731 2606 1101 2675 turpissimum
1129 2617 1213 2662 est
1239 2608 1539 2678 objicerent
1560 2607 1892 2678 pervenisse,
1937 2613 1994 2660 et
2040 2603 2319 2660 homicidii

731 2697 1043 2751 damnatum
1095 2708 1366 2762 asserunt,
1410 2699 1577 2770 gestis
1609 2699 1832 2768 prolatis
1867 2699 1920 2752 in
1969 2696 2226 2752 medium.
2251 2695 2320 2749 Et

731 2787 877 2842 hunc
924 2788 1108 2851 talem,
1141 2799 1263 2858 post
1289 2799 1436 2844 tanta
1465 2790 1704 2859 taliaque
1746 2788 2059 2851 commissa,
2105 2788 2319 2856 episco-

729 2885 888 2944 palus
933 2877 1106 2932 adlmc
1145 2879 1247 2932 sibi
1278 2895 1473 2934 nomen
1520 2880 1571 2933 in
1597 2879 1711 2934 suis
1742 2878 1980 2933 latibulis
2009 2878 2312 2943 vendicare,

733 2967 786 3020 in
809 2969 1040 3037 propriae
1069 2969 1304 3025 civitatis
1342 2971 1617 3025 infamiam
1649 2972 1830 3026 nimiis
1867 2971 2142 3027 doloribus
2183 2986 2316 3026 con-

731 3067 1052 3126 queruntur,
1093 3068 1149 3114 et
1177 3071 1422 3115 sanctum
1469 3076 1662 3118 nomen
1691 3063 2017 3116 vindicando
2049 3051 2317 3118 sibi'velle

731 3151 990 3221 polluere.
1023 3153 1275 3225 Ideoque,
1305 3154 1502 3210 fratres
1531 3157 1864 3221 charissimi,
1899 3155 1990 3225 qui
2022 3156 2318 3211 audiendus

731 3241 822 3295 hic
864 3252 1196 3311 praesentare
1243 3260 1302 3300 se
1330 3245 1523 3312 noluit,
1573 3261 1642 3302 ne
1667 3247 1947 3303 convictus
1986 3245 2211 3302 forsitan
2245 3247 2312 3302 ab

2424 2069 2490 2121 tis
2515 2065 2774 2135 episcopi,
2800 2063 2981 2118 nescio
3010 2078 3170 2132 quem
3194 2063 3247 2114 in
3281 2060 3459 2114 aliena
3485 2055 3728 2128 provincia
3746 2062 3874 2122 prater-

2421 2157 2588 2211 misso
2626 2153 3063 2224 metropolitano,
3097 2161 3285 2207 contra
3344 2149 3562 2203 Patrum
3597 2144 3767 2214 regulas
3794 2140 3875 2193 ordi-

2420 2264 2598 2304 nasse.
2629 2249 2784 2316 Quod
2827 2261 3165 2316 nequaquam
3213 2257 3503 2314 possumus
3531 2238 3657 2294 ferre
3680 2236 3876 2307 patienter:

2419 2343 2543 2412 quia
2575 2340 2830 2396 convenit
2873 2353 2972 2394 nos
2997 2347 3349 2408 paternarmn
3381 2333 3694 2389 sanctionum
3717 2324 3875 2381 essedili.

2418 2443 2606 2503 gentes
2671 2431 2941 2488 custodes.
3003 2429 3144 2483 Nulli
3200 2429 3407 2482 etenim
3477 2425 3672 2479 videtur
3707 2416 3873 2485 incogni'ﬁ

2419 2526 2608 2599 synodi
2663 2524 2981 2581 constitutio
3029 2521 3296 2584 Nicaeum,
3347 2534 3467 2587 quae
3517 2517 3584 2571 ita
3615 2509 3818 2584 praecepit,
3847 2517 3874 2554 ιει

2417 2617 2604 2673 eadem
2617 2615 2835 2687 proprie
2849 2615 3009 2669 verba
3025 2626 3306 2682 ponamus.
3326 2609 3431 2663 Per
3445 2608 3873 2675 imamquamqnepm-

2420 2707 2652 2765 vinciam
2674 2705 2763 2776 jus
2811 2703 3257 2774 metropolitanos
3283 2699 3526 2770 singulos
3550 2695 3718 2750 habere
3744 2688 3870 2778 debet“.

2419 2815 2518 2854 nec
2543 2799 2795 2868 cuiquam
2825 2796 2958 2851 duas
2973 2809 3092 2848 esse
3115 2806 3272 2861 posse
3289 2787 3573 2856 subjectas,
3608 2780 3722 2854 quod
3745 2776 3792 2830 illi
3805 2776 3870 2868 qui:

2418 2891 2576 2944 aliter
2603 2887 2935 2943 credendum
2985 2899 3091 2938 non
3123 2890 3226 2947 est,
3270 2879 3610 2938 servandum,
3644 2877 3782 2926 saneto
3804 2862 3867 2928 Sp-

2421 2983 2530 3036 ritu
2585 2986 2935 3049 suggerente,
2967 2974 3184 3029 sibimet
3212 2977 3558 3028 censuerunt.
3601 2962 3737 3021 Unde,
3763 2955 3867 3049 inter

2418 3047 2756 3135 eharissiinve,
2785 3069 2829 3122 si
2852 3067 2924 3121 ita
2956 3080 3043 3122 res
3068 3073 3214 3129 sunt,
3232 3072 3286 3119 et
3308 3061 3597 3117 Ecclesiam
3623 3047 3866 3143 supradicta“!

2417 3162 2708 3235 provincia:
2771 3167 2876 3212 tuae
2920 3157 3079 3211 limes
3131 3151 3384 3214 includit,
3433 3156 3602 3204 nostra
3656 3141 3867 3235 auctorittlr

2419 3221 2938 3322 communias,_quod
2969 3249 3186 3320 quidem
3218 3245 3403 3300 facere
3447 3248 3621 3311 sponte
3649 3231 3808 3287 deberes
3823 3221 3869 3322 tle:

731 3336 1112 3392 accusantibus
1151 3353 1210 3394 se
1263 3339 1474 3395 clericis
1510 3350 1696 3410 posset
1737 3341 1895 3411 digna
1947 3342 2167 3397 tandem
2219 3341 2317 3396 ali-
2345 3341 2390 3403 C
2421 3310 2635 3402 sideriis
2675 3310 3098 3412 supplicantium
3151 3345 3207 3392 et
3262 3310 3551 3399 voluntate:
3601 3327 3798 3412 respecta.

736 3430 955 3499 quando
995 3440 1353 3500 praesentatus
1382 3433 1671 3504 episcopali
1693 3432 1899 3503 judicio
1925 3433 2320 3502 pronuntiatio-

733 3521 819 3576 nis
868 3537 1121 3595 congruae
1170 3525 1320 3580 feriri
1351 3528 1644 3593 sententia,
1694 3542 2020 3596 quamquam
2079 3526 2155 3580 illi
2206 3526 2322 3582 haec

734 3613 925 3668 edocta
957 3615 1159 3672 fuerint
1187 3633 1305 3687 quae
1329 3627 1508 3688 potest
1530 3617 1688 3687 hujus
1711 3618 1946 3674 nominis
1973 3631 2094 3672 esse
2108 3616 2322 3686 jactura

735 3704 827 3774 qui
877 3707 1136 3775 pudorem
1166 3723 1440 3777 nunquam
1472 3709 1759 3764 sacerdotii
1790 3709 2044 3764 habuisse
2073 3707 2329 3777 perhibe-

736 3806 846 3860 tur,
877 3807 931 3850 et
978 3796 1154 3852 locum
1178 3814 1335 3854 suum
1369 3814 1439 3854 ne
1466 3799 1676 3854 modico
1701 3800 1918 3868 quidem
1958 3808 2201 3868 tempore
2225 3813 2322 3853 cu-

737 3887 986 3942 stodisse.
1025 3888 1347 3945 Dilationem
1378 3899 1583 3944 tantum
1613 3891 1874 3953 dedimus,
1894 3900 1946 3944 et
1976 3890 2318 3945 decrevimus

732 3986 971 4032 vestrum
1005 3979 1201 4034 debere
1231 3981 1370 4034 intra
1398 3981 1730 4051 provinciam
1763 3997 1884 4036 esse
1924 3981 2218 4051 judicium,
2266 3988 2322 4035 et

739 4072 1052 4142 congregari
1085 4074 1352 4142 synodum
1384 4082 1508 4126 ante
1531 4074 1670 4128 diem
1698 4073 1866 4128 Kalen
1889 4075 2060 4127 larum
2085 4071 2318 4127 Novem-

742 4160 943 4225 brium,
974 4170 1030 4216 ut
1059 4163 1101 4216 si
1134 4164 1324 4218 adesse
1361 4161 1590 4218 voluerit
1619 4179 1877 4236 praesens,
1901 4165 1943 4218 si
1981 4163 2218 4228 conlidit,
2254 4163 2320 4216 ad

739 4248 948 4318 objecta
1003 4253 1339 4322 respondeat.
1369 4252 1426 4308 Si
1453 4270 1582 4310 vero
1628 4256 1817 4311 adesse
1845 4255 2144 4326 neglexerit
2188 4255 2324 4309 dila-

738 4343 940 4398 tionem
969 4344 1247 4400 sentcntiae
1270 4345 1336 4398 de
1365 4345 1604 4399 absentia
1633 4361 1736 4400 non
1762 4346 2023 4401 lucretur.
2045 4345 2178 4400 Nam
2201 4361 2321 4400 ma-

739 4431 996 4489 nifestum
1038 4443 1118 4489 est
1144 4435 1385 4490 confiteri
1417 4451 1539 4490 eum
1577 4437 1641 4491 de
1682 4437 1929 4500 crimine,
1961 4437 2053 4507 qui
2089 4435 2318 4501 indulto,

740 4535 795 4582 et
833 4527 990 4583 toties
1017 4526 1262 4598 delegato
1295 4528 1498 4598 judicio
1523 4529 1785 4598 purgandi
1814 4544 1872 4583 se
1900 4529 2186 4583 occasione
2214 4543 2322 4582 non

743 4617 931 4671 utitur.
967 4615 1106 4670 Nihil
1156 4617 1298 4671 enim
1347 4618 1571 4672 interest
1601 4625 1779 4672 utrum
1812 4616 1864 4671 in
1909 4617 2160 4687 praesenti
2187 4631 2319 4671 exa-

741 4708 888 4762 mine
915 4707 1095 4762 omnia
1124 4722 1244 4776 quae
1272 4706 1412 4761 dicta
1442 4717 1565 4762 sunt
1589 4686 2030 4776 comprobentur,
2061 4720 2183 4760 cum
2211 4705 2325 4774 ipsa
2353 4692 2405 4753 Ῑ)
2431 4706 2535 4762 ista
2558 4701 2873 4759 constitutio
2893 4715 3105 4770 quoque
3143 4705 3330 4752 nostra
3360 4691 3564 4750 deﬁniat
3588 4686 3691 4775 quill

741 4813 956 4868 quoque
1012 4811 1111 4867 pro
1161 4798 1501 4854 confessione
1555 4807 1843 4868 procurata
1907 4797 2066 4851 toties
2115 4804 2326 4854 constet

744 4888 1010 4943 absentia.
1041 4888 1148 4944 Nos
1177 4897 1355 4943 autem
1405 4905 1503 4959 per
1544 4903 1734 4942 omnes
1761 4888 2071 4958 provincias
2118 4886 2328 4943 litteras

745 4980 1058 5050 dirigemus,
1092 4997 1158 5036 ne
1185 4981 1594 5036 excusationem
1623 4977 1724 5033 sibi
1757 4978 2112 5048 ignorationis
2137 4979 2326 5034 obten-

745 5069 856 5134 dat,
909 5078 967 5123 ut
1004 5071 1069 5124 ad
1114 5072 1445 5139 provinciam
1476 5069 1662 5123 venire
1707 5077 1957 5137 cogatur,
2009 5076 2065 5123 et
2111 5067 2222 5122 illic
2271 5081 2330 5121 se

2428 3434 2678 3490 eumdem
2722 3398 2901 3486 locum
2948 3430 3002 3483 in
3037 3443 3146 3498 quo
3176 3425 3452 3482 ordinatio
3481 3419 3590 3474 talis
3616 3398 3870 3499 celetur-atad!-

2428 3526 2590 3590 citur,
2616 3519 3017 3592 metr0politani
3036 3491 3161 3586 jure
3191 3515 3436 3570 munitus
3465 3518 3518 3565 et
3556 3491 3871 3578 pneceptioniblis

2429 3614 2632 3670 nostris
2659 3611 2852 3676 fretus,
2881 3608 3078 3665 accede
3108 3605 3421 3676 intelligens
3447 3596 3648 3678 arbitrio
3667 3601 3734 3645 tuo
3760 3593 3868 3637 εοαω·

2431 3708 2556 3762 dum
2590 3703 2801 3774 regulas
2847 3701 3073 3756 Patrum
3130 3709 3469 3770 quaecunque
3523 3683 3725 3744 facienda
3755 3679 3868 3774 sur-Ill.3

2430 3798 2585 3854 nobis
2605 3758 2726 3852 esse
2747 3807 3029 3858 concessa,
3054 3791 3126 3844 ita
3143 3799 3203 3844 ut
3216 3786 3455 3858 peractis
3474 3779 3704 3838 omnibus,
3717 3758 3866 3838 προδυιῦ-

2429 3904 2508 3944 ea:
2555 3886 2671 3941 sedi
2720 3882 2979 3955 quidquid
3009 3879 3268 3935 statueris
3305 3886 3360 3931 te
3399 3873 3643 3929 referente
3681 3858 3863 3955 clamat.

2432 3978 2517 4034 cui
2560 3952 2751 4032 totius‘
2767 3952 3061 4045 provinciae
3086 3967 3483 4024 ordinationem
3509 3962 3657 4030 liquet
3679 3962 3765 4006 esse
3786 3952 3863 4045 ita“:

2429 4068 2632 4123 datam.
2660 4040 2830 4120 Nemo
2855 4079 2983 4134 ergo
3005 4077 3194 4117 eorum
3223 4059 3480 4114 terminos
3505 4050 3653 4108 audax
3685 4040 3864 4134 temenlE"

2431 4158 2676 4221 excedat,
2717 4171 2816 4212 nec
2841 4131 3045 4224 aliquid
3082 4153 3138 4208 in
3181 4152 3396 4207 illorum
3433 4131 3864 4224 contumeliam-pali

2430 4253 2532 4307 bus
2574 4249 2687 4304 suis
2725 4262 2846 4318 quae
2875 4245 2977 4300 sibi
3008 4259 3117 4299 non
3142 4243 3396 4297 videntur
3439 4243 3667 4295 concessa
3682 4210 3862 4318 delenda-l-

2430 4340 2618 4396 Cesset
2638 4310 2946 4408 hujusmodi
2991 4333 3271 4405 praemissa
3292 4337 3475 4387 nostra
3519 4310 3863 4408 auctoritate

2431 4431 2665 4500 sumptio
2686 4396 2872 4485 eorum
2902 4396 3153 4497 qui-ultra
3182 4422 3462 4495 dignitatis
3482 4431 3581 4475 suae
3603 4407 3770 4500 limitettl

2431 4485 2488 4576 tu
2537 4485 2852 4576 extendunt.
2886 4485 3038 4584 Quod
3080 4485 3282 4570 idcirco
3334 4511 3585 4570 dicimus,
3624 4507 3671 4553 ut
3712 4485 3859 4584 adrerLtl

2432 4613 2672 4669 charitas
2695 4621 2807 4674 tua,
2824 4609 2959 4664 adeo
2981 4623 3080 4662 nos
3115 4619 3382 4662 canonum
3405 4600 3640 4673 praecepta
3661 4575 3860 4718 servient;

2433 4706 2445 4718 ⁸
2487 4714 2496 4718 ‘
2913 4717 2923 4718 ί
2951 4715 2988 4718 ί-
3010 4716 3068 4718 ~~~
3091 4715 3099 4718 λ
3143 4705 3326 4718 ----_-
3366 4691 3560 4718 ,ιρηηεηι
3588 4686 3738 4718 mnum
3847 4680 3860 4690 ·

3692 4681 3783 4728 ellllS
3800 4680 3862 4712 Ill"

3695 4761 3762 4815 bus
3771 4745 3859 4804 πως

3719 4841 3858 4901 Febnu-

3743 4927 3856 4985 uibus-

2434 4792 2746 4864 tropolitani
2769 4791 2850 4846 sui
2883 4801 3218 4858 unaquaeque
3233 4781 3498 4856 provincia
3516 4777 3562 4831 in
3577 4764 3692 4864 omni

2433 4859 2646 4955 semper
2675 4883 2918 4939 ordinem
2949 4885 3245 4950 exspectet.
3272 4876 3402 4930 Data
3423 4887 3452 4926 v
3480 4859 3699 4955 Kalendas

2434 4976 2522 5042 rii,
2551 4953 2787 5030 lionorio
2817 4972 2908 5027 ΧΠ
2937 4967 3314 5026 etTheodosio
3344 4965 3388 5019 X
3409 4953 3632 5030 Augustis
3647 4953 3740 5000 cons

2713 5062 3020 5132 Expliciunt
3049 5049 3845 5175 decretW

1170 5251 1812 5341 INCIPIUNT
1887 5244 2421 5338 DECRETA
2489 5242 3151 5335 C(ELESTINI
3230 5230 3578 5328 PAPIE.

822 5383 870 5436 i.
911 5380 986 5435 De
1035 5379 1298 5449 Prospero
1335 5388 1390 5434 et
1445 5377 1654 5433 Hilario
1695 5378 1785 5448 qui
1831 5375 2092 5431 auosdam
2141 5371 2333 5428 Gallia:

745 5475 1094 5544 presbyteros
1129 5480 1410 5526 accusant.

815 5565 874 5620 2.
917 5564 992 5619 De
1049 5569 1240 5617 sancto
1293 5562 1592 5633 Augustino
1654 5559 1911 5631 episcopo
1958 5556 2094 5611 mira
2153 5553 2335 5610 laudis

747 5656 1001 5712 assertio.

825 5749 879 5803 5.
943 5747 1347 5804 Praeteritorum
1406 5745 1550 5801 sedis
1600 5743 1905 5812 apostolicae
1954 5739 2328 5809 episcoporum

755 5837 1050 5915 auctoritas
1073 5838 1139 5892 de
1170 5835 1342 5908 gratia
1379 5835 1468 5890 Dei
1498 5841 1685 5888 contra
1711 5830 1909 5900 Pelagii
1935 5837 2251 5884 sectatores.

824 5929 879 6003 β.
919 5925 1074 5998 Quod
1108 5928 1282 5982 Adam
1304 5940 1489 6000 omnes
1518 5923 1762 5978 homines
1788 5920 2006 5985 laeserit,
2030 5935 2126 5976 nec
2154 5934 2340 5988 quem-

2433 5386 2594 5442 quam
2629 5369 2788 5443 184
2808 5384 2905 5440 per
2938 5369 3166 5424 libermn
3191 5365 3468 5420 arbitrium
3495 5361 3629 5410 nosse
3643 5334 3848 5398 consurg”:

2433 5463 2538 5517 nisi
2568 5477 2690 5517 eum
2717 5461 2889 5533 gratia
2920 5460 3015 5550 Dei
3039 5457 3296 5550 erexerit.
3344 5545 3355 5550 _
3461 5537 3470 5550 .
3503 5535 3530 5550 η
3627 5493 3849 5550 “unum.

2506 5552 2560 5606 5-
2600 5518 2752 5617 Quod
2783 5564 2942 5605 nemo
2977 5549 3048 5603 sit
3074 5547 3246 5602 bonus
3275 5545 3387 5600 suis
3427 5535 3601 5592 viribus
3624 5518 3781 5580 nisi?“

2433 5643 2648 5714 patione
2669 5639 2787 5709 ejus
2808 5640 2900 5709 qui
2931 5639 3075 5694 solus
3102 5645 3186 5692 est
3216 5637 3403 5691 bonus.

2507 5733 2556 5786 6.
2603 5733 2754 5799 Quod
2782 5731 2884 5786 nisi
2915 5729 3086 5800 gratia
3131 5727 3224 5781 Dei
3248 5724 3485 5782 continua
3503 5714 3552 5786 ju

2436 5825 2632 5880 diaboli
2667 5825 2905 5878 devitarc
2943 5837 3046 5876 non
3077 5834 3378 5890 possumus.

2523 5914 2571 5967 7-
2593 5912 2741 5981 Quod
2755 5928 2850 5984 per
2877 5910 3150 5967 Christum
3172 5909 3340 5965 libero
3365 5908 3486 5962 bene
3507 5895 3674 5951 utamur

3560 5712 3700 5764 remur
3714 5676 3848 5744 insidi”

3693 5854 3843 5926 arbitrio.
