3968 6456
146 318 259 379 τις)

1329 329 1821 388 DECRETALIUM
1859 330 2261 392 COLLECTIO.

3319 339 3423 396 750

219 445 277 499 8.
340 442 494 511 Quod
546 442 725 500 omnia
800 454 1111 504 sanctorum
1184 449 1375 503 merita
1424 448 1564 505 dona
1620 446 1801 512 sint};
1836 449 1979 505 intra
2009 460 2231 533 portum
2250 460 2455 507 stantes
2485 452 2647 509 statio
2681 452 2815 510 facit
2856 453 2958 509 lida
3012 470 3256 511 securos.
3288 455 3421 510 Fida

136 530 265 586 Dei.

217 622 271 677 9.
312 621 464 690 Quod
496 626 671 680 omnis
721 634 906 682 sancta
937 628 1193 698 cogitatio
1221 635 1275 683 et
1314 637 1492 683 motus
1512 642 1614 698 pun
1645 641 1737 682 vo-

136 709 372 767 luntatis
406 728 472 767 ex
500 712 610 769 Deo
630 715 717 770 sit.

224 802 311 856 l0.
352 803 503 871 Quod
527 808 700 878 gratia
747 809 841 865 Dei
873 826 979 867 non
1018 812 1190 868 solum
1217 813 1449 885 'peccata
1481 813 1737 879 dimittat,

135 892 247 949 sed
285 896 447 952 etiam
494 900 711 970 adjuvet
765 919 831 959 ne
881 907 1314 975 committantur,
1357 915 1413 964 et
1436 915 1654 978 praestet
1680 915 1741 961 ut

138 983 236 1038 lex
278 985 596 1057 impleatur;
625 1008 727 1047 non
780 993 922 1050 sicut
964 995 1215 1069 Pelagius
1243 998 1341 1063 ait,
1370 998 1549 1064 facile,
1582 999 1739 1069 quasi

135 1074 268 1130 sine
326 1078 498 1148 gratia
538 1080 641 1163 Dei
686 1083 954 1141 difﬁcilius
1003 1089 1175 1157 possit
1220 1088 1449 1158 impleri.

220 1165 310 1220 ll.
352 1167 504 1237 Quod
555 1184 753 1240 praeter
796 1184 996 1232 statuta
1043 1179 1187 1235 sedis
1215 1179 1527 1249 apostolicae
1549 1194 1740 1235 omnes

133 1255 426 1313 orationes
451 1259 703 1316 Ecclesia:
724 1262 926 1320 Christi
952 1268 1478 1338 gratiam'resonant,
1511 1283 1617 1339 qua
1642 1283 1736 1339 ge—

132 1361 250 1401 nus
292 1348 587 1405 humanum
637 1366 920 1423 reparatur
956 1367 1009 1411 et
1040 1359 1107 1415 ab
1137 1368 1337 1414 (eterna
1384 1358 1738 1415 damnatione

132 1440 443 1497 reducitur.

226 1529 321 1588 12.
355 1533 509 1602 Quod
559 1537 787 1609 gratiam
824 1539 918 1597 Dei
972 1541 1135 1598 etiam
1174 1542 1623 1613 baptizandorum
1667 1552 1741 1598 te-

130 1638 324 1684 statur
379 1628 622 1684 instituta
672 1633 919 1704 purgatio
983 1649 1107 1690 cum
1168 1634 1486 1692 exorcismis
1537 1644 1593 1690 et
1650 1635 1736 1690 in-

129 1719 541 1777 saﬂlationibus
568 1722 793 1794 spiritus
839 1725 906 1781 ab
955 1727 1035 1783 eis
1068 1727 1407 1799 expelluntur
1450 1728 1735 1785 immundi.

1841 542 2036 613 quippe
2057 551 2142 598 est
2169 544 2410 599 omnium
2441 545 2624 610 statio‘,
2662 556 2892 615 quorum
2934 548 3192 618 perfectis
3223 549 3423 618 gressi-

1841 634 1941 689 bus
1974 635 2197 707 vestigia
2225 652 2328 692 non
2356 647 2661 693 moventur.
2701 637 3076 696 Recurrcrunt
3118 641 3184 695 ad
3207 649 3423 711 aposto-

1840 729 1999 786 licam
2047 731 2289 802 praedicti
2336 734 2543 799 sedem,
2586 734 2704 790 haae
2747 735 2863 806 ipsa
2911 734 3066 791 nobis
3087 750 3206 806 quae
3252 742 3426 790 tentat

1840 825 2590 901 perturbatioeonqnirentes.
2619 826 2843 894 llabete,
2869 826 3063 883 fratres
3092 826 3421 892 charissimi,

1842 935 1940 990 pro
1961 919 2237 976 catholicae
2289 920 2458 992 plebis
2505 937 2637 992 pace
2674 930 2986 978 tractatum.
3035 922 3231 978 Sciant
3260 936 3340 987 se,
3375 920 3420 974 si

1842 1020 2022 1066 tamen
2074 1022 2400 1067 censeantur
2442 1013 2763 1084 presbyterii
2799 1012 3060 1084 dignitate
3103 1012 3254 1068 vobis
3304 1026 3426 1067 esse

1840 1103 2132 1173 subjectos.
2176 1105 2363 1161 Sciant
2390 1120 2579 1162 omnes
2599 1107 2689 1178 qui
2742 1106 2883 1163 male
2925 1107 3119 1163 docent
3144 1104 3288 1176 quod
3318 1103 3424 1160 sibi

1840 1195 2051 1252 discere
2076 1198 2244 1269 magis
2266 1212 2330 1253 ae
2356 1197 2528 1270 magis
2549 1206 2821 1271 competat
2843 1215 3006 1270 quam
3044 1199 3257 1254 docere.
3284 1195 3420 1253 Nam

1839 1288 1967 1357 quid
1996 1287 2050 1344 in
2080 1288 2337 1365 Ecclesiis
2365 1306 2462 1345 vos
2492 1292 2655 1363 agitis
2684 1332 2700 1357 ,
2732 1292 2776 1347 si
2810 1291 2883 1347 illi
2909 1307 3175 1346 summam
3203 1297 3425 1347 teneant

1837 1381 2205 1450 praedicandi?
2236 1381 2351 1438 Nisi
2399 1382 2541 1439 forte
2580 1384 2711 1440 illud
2748 1384 2979 1440 obsistat
3007 1385 3149 1455 quod
3175 1399 3281 1439 non
3321 1399 3423 1438 au-

1845 1471 2112 1538 ctoritate,
2135 1487 2240 1528 non
2285 1473 2463 1530 adhuc
2494 1475 2721 1530 'ratione
2762 1475 3057 1545 colligitur,
3088 1483 3147 1529 ut
3189 1474 3354 1546 aliqui
3394 1489 3426 1531 e

1837 1564 2065 1620 fratrum
2110 1581 2336 1623 numero
2389 1583 2560 1638 nuper
2608 1568 2675 1624 de
2726 1568 2988 1624 laieorum
3038 1568 3313 1624 consortio
3370 1568 3425 1622 in

1838 1654 2119 1728 collegium
2149 1666 2391 1713 nostrum
2442 1658 2692 1714 fortassis
2725 1660 2967 1725 admissi,
3015 1661 3263 1717 nesciant
3297 1660 3427 1733 quid

1839 1747 1941 1802 sibi
1967 1748 2521 1805 debeantvindicare.
2577 1749 2754 1820 Super
2796 1751 2882 1806 his
2933 1751 3098 1805 multa
3144 1751 3257 1821 jam
3281 1752 3426 1808 dicta

214 1810 305 1912 i5.-
347 1812 499 1880 Ουοά
542 1814 919 1912 Ρΐοίυηάξοτθε
973 1820 1299 1912 quaestiones
1348 1835 1449 1876 nec
1493 1828 1739 1877 Conlem'
1770 1848 1813 1907 Β
1841 1848 1968 1893 sunt
2015 1855 2080 1895 eo
2135 1846 2377 1912 tempore
2431 1856 2539 1911 quo
2587 1810 2672 1896 ad.
2697 1840 2884 1897 fratris
2940 1810 3428 1897 tuendbdedimus

131 1903 337 1957 nenda:
363 1911 510 1968 sunt,
536 1919 637 1960 nec
672 1906 885 1975 penitus
911 1911 1217 1967 asserenda:

207 1995 592 2052 Dilectissimis
630 1996 889 2054 fratribus
908 1998 1170 2068 VENERIO,
1196 2001 1432 2069 MARINO,
1470 2004 1734 2070 LEONTIO,

130 2086 409 2152 onoano,
431 2087 731 2155 Anctumo,
764 2088 1049 2161 SILLUCIO,
1094 2103 1152 2149 et
1196 2094 1407 2150 caeteris
1440 2093 1735 2151 Galliarum

130 2178 414 2250 episcopis
440 2178 820 2238 Catusnuus.

203 2268 505 2340 Apostolici
534 2272 698 2326 verba
728 2274 983 2345 praecepti
1008 2283 1134 2331 sunt
1156 2276 1293 2348 apud
1313 2274 1549 2342 Iudaeos,
1576 2285 1736 2346 atque

132 2359 376 2427 gentiles
404 2360 521 2414 sine
552 2360 846 2417 ollensione
891 2380 990 2419 nos
1038 2381 1158 2421 esse
1204 2367 1422 2433 debere,
1458 2368 1559 2422 hoc
1590 2367 1735 2436 quis-

132 2446 268 2517 quis
309 2446 647 2507 Cbristianns
692 2466 761 2505 ex
808 2462 916 2507 tota
981 2454 1147 2509 animi
1209 2456 1413 2511 virtute
1474 2456 1731 2512 custodit.

135 2537 303 2605 Quod
325 2554 446 2593 cum
479 2540 552 2595 ita
574 2534 645 2596 sit
670 2557 776 2596 non
808 2558 999 2613 parum
1027 2545 1251 2614 periculi
1285 2546 1360 2601 illi
1392 2563 1617 2603 manere
1641 2563 1734 2619 po-

134 2630 423 2684 teritante
448 2630 756 2699 Dominum,
784 2634 875 2703 qui
920 2634 1022 2690 hoc
1051 2636 1319 2691 detrectat
1361 2638 1526 2692 etiam
1564 2638 1734 2693 fideli-

134 2719 245 2774 bus
266 2719 545 2775 exhibere.
574 2720 708 2776 Nam
735 2723 969 2793 qualiter
996 2741 1093 2781 nos
1127 2726 1223 2798 qui
1261 2729 1532 2784 neminem
1554 2729 1733 2799 perire

133 2808 392 2863 volumus
415 2810 517 2866 ista
555 2813 879 2873 contristent
907 2831 1027 2885 qua)
1076 2818 1385 2875 auctoribus
1410 2818 1733 2878 Christianis

132 2907 455 2976 praecellunt
482 2909 693 2966 animos
721 2910 1082 2981 Christianos,
1114 2913 1426 2971 Dominicus
1457 2917 1511 2972 ia
1544 2917 1721 2972 Evan-

134 2997 280 3069 gelio
309 3014 492 3056 sermo
535 3009 789 3057 testatur.
842 3005 931 3059 Ait
961 3006 1106 3059 enim
1139 3007 1253 3076 ipse
1300 3006 1549 3064 Salvator
1588 3010 1733 3079 quod

140 3108 161 3141 ι
201 3091 459 3162 expediat
490 3094 878 3175 scandalizanti
910 3114 1075 3152 unum
1121 3098 1188 3154 de
1219 3100 1427 3169 pusillis
1465 3102 1517 3156 in
1564 3104 1732 3159 maris

1838 1932 2038 2003 scripta
2068 1947 2409 2003 responsum.
2454 1932 2611 1989 Nunc
2661 1941 2841 1989 tamen
2898 1943 3203 2005 repetentes
3233 1934 3430 2005 saepius

1837 2028 2190 2082 admonemus
2214 2044 2226 2081 :
2252 2027 2521 2081 Vetentur
2564 2027 2869 2098 huiusmodi
2907 2027 2996 2099 qui
3045 2027 3294 2082 laborant
3332 2041 3429 2096 per

1838 2127 2015 2173 terras
2043 2117 2187 2181 aliud
2217 2133 2380 2188 quam
2424 2118 2514 2173 ille
2543 2128 2731 2174 noster
2767 2118 2931 2187 jussit
2974 2117 3227 2189 Agricola
3259 2117 3424 2173 semi-

1836 2223 1986 2264 nare.
2015 2207 2126 2264 Nec
2152 2217 2331 2264 tamen
2376 2209 2562 2264 mirari
2615 2225 2921 2280 possumus,
2961 2209 3004 2265 si
3054 2210 3168 2266 haec
3196 2225 3323 2281 erga
3353 2209 3430 2263 vi-

1836 2309 2024 2356 ventes
2050 2300 2106 2355 hi
2136 2316 2280 2356 nunc
2309 2309 2522 2357 tentare
2572 2301 2808 2366 audent,
2860 2301 2952 2373 qui
2977 2302 3227 2356 nituntur
3256 2302 3424 2357 etiam

1835 2393 2229 2462 quiescentium
2258 2392 2485 2447 fratrum
2513 2393 2833 2448 memoriam
2860 2392 3147 2463 dissipare.

1905 2484 1968 2539 ll.
2002 2485 2383 2554 Augustinium
2411 2494 2612 2539 sancta:
2642 2485 3033 2540 recordationis
3058 2484 3230 2545 virum
3267 2497 3426 2553 quem

1834 2589 1933 2643 pro
1966 2574 2075 2630 vita
2102 2589 2199 2630 sua
2247 2584 2409 2645 atque
2441 2576 2654 2632 meritis
2706 2576 2757 2630 in
2814 2584 3001 2631 nostra
3043 2574 3427 2630 communione

1836 2683 2050 2739 semper
2070 2668 2381 2735 habuimus,
2412 2685 2513 2725 nec
2546 2685 2786 2741 unquam
2818 2670 2961 2725 lntne
2984 2668 3219 2724 sinistra:
3241 2667 3423 2741 suspi-

1835 2758 2009 2814 cionis
2059 2757 2251 2814 saltem
2277 2775 2466 2814 rumor
2501 2759 2755 2829 aspersit,
2797 2774 2957 2830 quem
2992 2767 3154 2814 tanta:
3183 2759 3427 2814 scientia:

1834 2851 1964 2907 olim
1992 2849 2162 2906 fuisse
2191 2850 2561 2917 meminimus,
2592 2859 2652 2906 nt
2701 2852 2841 2906 inter
2872 2852 3162 2923 magistros
3191 2852 3427 2923 optimos

1834 2941 1999 2996 etiam
2039 2951 2217 2996 antea
2249 2942 2385 2997 meis
2434 2957 2649 3014 semper
2679 2943 3059 2999 decessor-ibus
3111 2944 3422 3015 haberetur.

1834 3029 1977 3086 Bene
2025 3048 2155 3101 ergo
2188 3033 2254 3088 de
2312 3048 2377 3089 eo
2423 3049 2610 3090 omnes
2656 3035 2708 3089 in
2766 3051 3054 3091 commune
3111 3044 3423 3102 senserunt,

1837 3132 2020 3191 utpote
2043 3124 2135 3193 qui
2160 3123 2358 3194 ubique
2389 3127 2601 3180 cunctis
2629 3136 2683 3181 et
2720 3127 2892 3182 amori
2926 3127 3086 3182 fuerit
3112 3136 3167 3183 et
3210 3128 3423 3194 honori,

134 3183 466 3254 profundum
494 3187 730 3259 demergi
755 3187 972 3260 (Matth.
1011 3207 1166 3258 xvm,
1193 3193 1270 3264 6).
1305 3215 1321 3244 ι
1355 3192 1480 3250 Ideo
1514 3211 1634 3265 qua:
1660 3197 1732 3253 sit

1837 3213 1980 3267 unde
2008 3213 2297 3268 resistatur
2326 3214 2523 3270 talibus
2553 3232 2689 3284 quos
2711 3217 2849 3271 mala
2879 3233 3128 3274 crescere
3152 3218 3421 3286 videmus,

129 3278 249 3348 jam
275 3279 394 3350 ejus
423 3293 580 3350 pmna
608 3297 934 3353 quaeramus,
965 3283 1052 3340 cui
1104 3282 1210 3340 tale
1246 3286 1567 3357 supplicium
1598 3287 1730 3361 legi-

134 3386 264 3426 mus
289 3373 567 3440 expedire.
800 3362 803 3366 ’
1516 3372 1517 3375 ¹

212 3458 342 3515 Car.
370 3461 413 3517 l.
438 3461 559 3517 Filii
590 3466 781 3532 nostri,
808 3476 1125 3537 praesentes,
1150 3468 1386 3541 Prosper
1401 3478 1455 3526 et
1474 3470 1725 3537 llilarius,

134 3567 374 3621 quorum
429 3555 574 3609 circa
634 3556 923 3614 Dominum
985 3568 1231 3615 nostrum
1279 3561 1586 3617 sollicitudo
1616 3563 1729 3617 lau-

138 3643 321 3698 danda
349 3653 451 3711 est,
481 3647 736 3703 *tantum
773 3650 955 3706 nescio
989 3650 1188 3722 quibus
1244 3654 1576 3726 presbyteris
1621 3655 1732 3711 illic

139 3734 310 3789 licere
358 3737 449 3806 qui
511 3738 831 3795 dissensioni
880 3742 1245 3799 Ecclesiarum
1304 3745 1555 3800 studeant
1606 3753 1731 3802 sunt

139 3825 285 3896 apud
329 3842 428 3883 nos
478 3832 772 3899 prosecuti,
824 3840 882 3886 ut
936 3832 1367 3904 indisciplinatas
1407 3836 1732 3905 quaestiones

139 3925 401 3973 vocantes
426 3919 479 3972 in
512 3919 747 3976 medium
794 3924 1150 3992 pertinaciter
1175 3942 1269 3983 eos
1301 3927 1485 3982 dicant
1531 3929 1730 3999 praedi-

139 4022 274 4064 care
300 4009 639 4067 adversantia
695 4014 929 4070 veritati.
977 4017 1082 4072 Sed
1121 4029 1315 4074 vestrae
1346 4019 1614 4076 dilectioni
1640 4019 1731 4090 ju-

136 4101 282 4156 stius
310 4101 655 4172 imputamus,
694 4109 953 4177 quoniam
984 4109 1059 4164 illi
1087 4125 1254 4181 supra
1280 4128 1374 4167 vos
1405 4104 1604 4169 habent
1639 4130 1730 4170 co-

138 4191 291 4261 piam
320 4194 644 4265 disputandi.
697 4199 952 4274 Legimus
1002 4222 1021 4255 ι
1051 4219 1215 4275 super
1258 4208 1575 4277 magistrum
1624 4227 1730 4265 non

139 4298 265 4339 esse
291 4285 608 4359 discipulum
634 4288 852 4361 (Matth.
899 4311 957 4361 x,
999 4294 1115 4367 24),
1141 4315 1159 4349 ι
1211 4297 1313 4353 hoc
1361 4307 1447 4355 est
1489 4316 1596 4356 non
1627 4301 1731 4356 sibi

137 4377 688 4452 deberequemquam
726 4386 793 4442 ad
825 4387 1079 4458 injuriam
1108 4390 1410 4465 ldoetorum
1454 4393 1733 4450 vindicare

137 4466 467 4526 doctrinam.
498 4472 633 4529 Nam
674 4484 729 4530 et
771 4477 871 4533 hos
916 4479 1059 4549 ipsos
1089 4496 1120 4535 a
1160 4481 1271 4537 Deo
1304 4492 1490 4540 nostro
1527 4486 1733 4555 positos

1830 3299 1984 3357 nefas
2006 3309 2088 3357 est
2120 3302 2235 3357 haec
2280 3304 2393 3372 pati
2430 3304 2712 3375 religiosas
2756 3306 2991 3372 animas,
3034 3322 3264 3377 quarum
3293 3305 3427 3363 ami-

1831 3394 2028 3459 ctione,
2062 3395 2187 3464 quia
2221 3397 2465 3451 membra
2504 3407 2687 3452 nostra
2734 3407 2882 3464 sunt,
2930 3415 3027 3455 nos
3054 3416 3273 3471 quoque
3301 3417 3428 3456 eon-

1831 3486 1971 3540 venit
2001 3486 2286 3551 macerari,
2320 3489 2569 3558 quamvis
2601 3499 2820 3545 maneat
2865 3493 2966 3547 hos
2993 3492 3273 3549 beatitudo
3299 3510 3429 3564 pro-

1833 3576 1996 3630 missa
2043 3572 2354 3647 quicunque
2399 3581 2699 3649 probantur
2736 3583 3173 3653 persecutionem
3204 3595 3441 3657 propter-

1823 3664 2091 3734 justitiam
2124 3669 2417 3736 sustinere,
2449 3672 2647 3740 quibus
2682 3674 2811 3743 quid
2848 3676 3132 3744 promittat
3163 3677 3443 3735 Dominus

1832 3756 1886 3811 in
1915 3755 2152 3813 futurum
2183 3773 2420 3828 sequens
2467 3777 2649 3817 sermo
2684 3764 2946 3821 declarat.
3001 3765 3116 3822 Non
3143 3777 3225 3823 est
3263 3784 3426 3840 agen-

1834 3847 1967 3901 tium
1997 3863 2160 3902 causa
2211 3850 2474 3917 solarum,
2514 3852 2838 3909 universalis
2887 3855 3144 3913 Ecclesiae
3178 3874 3422 3929 quacun-

1832 3954 1938 4009 que
1968 3939 2207 3995 novitate
2247 3940 2919 4016 pulsatur.’lntelligamus
2967 3946 3083 4002 luce
3127 3948 3240 4018 ipsa
3275 3946 3426 4003 vobis

1832 4043 1950 4098 qua:
1975 4029 2127 4084 nobis
2154 4046 2258 4085 non
2289 4031 2504 4102 placent
2543 4033 2849 4104 displicere.
2901 4036 3054 4104 Quod
3099 4039 3174 4093 ita
3207 4040 3425 4093 demum

1831 4121 2063 4191 probare
2088 4123 2407 4191 poterimus,
2439 4125 2487 4179 si
2534 4125 2786 4197 imposito
2814 4127 3075 4199 improbis
3118 4129 3333 4185 silentio
3358 4129 3442 4186 de'

1836 4209 1928 4265 tali
1972 4227 2032 4267 re
2058 4211 2111 4266 in
2135 4223 2412 4283 posterum
2443 4217 2663 4284 querela
2696 4219 2952 4273 cessabit.
2986 4219 3247 4275 Dominus
3276 4220 3441 4276 inco-'

1835 4301 2007 4359 tumes
2035 4319 2131 4358 vos
2159 4304 2451 4371 custodiat,
2483 4304 2683 4361 fratres
2709 4308 3041 4363 eharissimi.

1904 4394 1989 4449 lll.
2028 4395 2165 4463 Quia
2201 4396 2447 4450 nonnulli
2479 4396 2749 4453 catholico
2772 4400 2990 4474 nomine
3016 4400 3334 4471 gloriantur,
3366 4401 3422 4457 in

1835 4484 2105 4540 damnatis
2160 4480 2537 4541 bmrctico'rum
2584 4488 2832 4543 sensibus
2880 4504 2975 4544 seu
3020 4489 3285 4559 pravitate
3308 4490 3445 4547 sive“
3536 4488 3543 4495 ’

136 4558 396 4615 novimus
420 4562 487 4616 ad
511 4563 830 4628 docendum,
870 4583 992 4623 cum
1030 4571 1121 4635 sit,
1168 4572 1397 4629 docente
1443 4575 1730 4647 Apostolo,
1760 4556 1812 4616 D
1839 4577 2108 4647 imperitia
2138 4577 2485 4634 demorantes
2536 4580 2799 4650 piissimis
2840 4580 3296 4651 disputationibus
3323 4582 3423 4638 ob-

138 4649 222 4705 eis
258 4668 278 4701 ‹
311 4652 503 4707 tertius
529 4653 678 4711 locus
726 4656 780 4727 (1
804 4655 925 4712 Cor.
963 4677 1061 4726 xu,
1093 4662 1184 4734 28)
1214 4683 1232 4717 ι
1267 4664 1406 4718 intra
1434 4665 1729 4722 Ecclesiam

138 4744 504 4815 deputandus.
551 4748 691 4816 Quid
726 4750 834 4806 illic
870 4754 1072 4823 speciei
1111 4764 1194 4811 est
1228 4757 1317 4811 ubi
1346 4758 1622 4829 magistris
1652 4768 1732 4813 ta-

138 4834 393 4890 centibus
425 4837 478 4891 hi
517 4837 848 4908 loquuntur?
876 4842 998 4910 Qui,
1032 4844 1077 4901 si
1105 4845 1176 4901 ita
1206 4856 1309 4912 est,
1346 4862 1535 4903 eorum
1566 4850 1729 4905 disci-

141 4922 253 4993 puli
284 4939 390 4980 non
414 4923 867 5005 fuerunt;‘timeo
891 4950 960 4989 ne
989 4936 1282 4993 connivere
1304 4939 1376 4994 sit
1400 4941 1503 4995 hoc
1527 4950 1730 5008 tacere,

143 5016 311 5072 timeo
337 5033 405 5072 ne
435 5020 608 5090 magis
653 5022 757 5097 ipsi
803 5023 1099 5096 loquantur
1127 5029 1219 5100 qui
1259 5032 1582 5100 permittunt
1628 5034 1733 5090 illis

141 5105 323 5162 taliter
351 5107 517 5181 loqui.
545 5111 603 5167 ln
633 5113 830 5170 talibus
871 5117 1051 5173 causis
1101 5135 1214 5174 non
1240 5129 1394 5176 caret
1422 5123 1730 5193 suspicione

142 5198 505 5268 taciturnitas,
549 5205 679 5276 quia
709 5216 1023 5264 occurreret
1052 5210 1274 5278 veritas,
1304 5213 1349 5267 si
1383 5212 1595 5271 falsitas
1619 5216 1730 5270 dis-

142 5289 405 5358 pliceret;
450 5293 647 5351 Merito
699 5313 935 5370 namque
993 5316 1154 5358 causa
1217 5318 1318 5359 nos
1374 5305 1637 5376 respicit,
1685 5308 1730 5363 si

141 5384 357 5440 silentio
389 5386 665 5445 faveamus
706 5393 907 5447 errori.
950 5391 1095 5466 Ergo
1147 5397 1511 5468 corripiantur
1545 5399 1731 5470 hujus-

145 5476 311 5540 modi,
344 5494 451 5533 non
480 5481 553 5534 sit
578 5480 663 5536 bis
694 5480 924 5538 liberum
951 5484 1154 5541 habere
1188 5503 1286 5558 pro
1314 5488 1590 5544 voluntate
1616 5506 1730 5545 ser-

145 5583 380 5624 nmnetu.
408 5570 655 5641 Deserat,
708 5574 751 5629 si
797 5574 869 5630 ita
917 5591 1003 5632 res
1029 5585 1179 5644 sunt,
1210 5579 1486 5635 incessere
1519 5581 1732 5657 novitas

144 5671 488 5720 vetustatem.
518 5666 739 5723 Desinat
763 5668 1130 5726 Ecclesiarum
1155 5671 1389 5743 quietem
1415 5672 1731 5744 inquietudo

149 5756 713 5832 turbare.pConantnr
761 5776 902 5832 smpc
947 5763 1230 5836 naufragio
1270 5781 1537 5838 mergere,
1596 5782 1741 5837 quos.

1841 4668 1987 4723 viare
2015 4677 2368 4739 prmsumunt.
2393 4669 2604 4725 Etcum
2621 4671 2893 4744 Pelagium
2921 4680 3085 4743 atque
3111 4671 3425 4728 Coelestium

1800 4758 2301 4816 'anathematizare
2330 4774 2438 4815 non
2471 4760 2734 4826 dubitent,
2785 4771 3074 4832 magistros
3119 4771 3296 4818 tamen
3330 4776 3425 4816 ve-

1840 4859 2262 4922 strostanquam
2309 4854 2679 4909 necessarium
2726 4855 2943 4909 modum
2973 4854 3304 4910 excesserint
3329 4853 3441 4909 ob--

1838 4942 2152 5013 loquuntur,
2200 4959 2373 5015 eaque
2424 4945 2796 5000 tantummodo
2845 4944 3020 5016 sequi,
3074 4954 3130 4999 et
3195 4946 3424 5013 probare

1834 5034 2158 5105 profitentur
2207 5051 2328 5106 qua:
2368 5035 2735 5091 sacratissima
2787 5035 2929 5091 beati
2984 5035 3213 5105 apostoli
3267 5036 3423 5092 sedes

1832 5133 2023 5183 contra
2047 5126 2295 5182 inimicos
2323 5128 2513 5199 gratiae
2539 5127 2630 5182 Dei
2660 5143 2758 5198 per
2788 5129 3103 5199 mysterium
3130 5128 3420 5200 praesnlum

1833 5234 2053 5276 suorum
2082 5220 2264 5275 sanxit
2308 5227 2364 5275 et
2412 5221 2612 5276 docuit.
2659 5220 3035 5276 Necessarium
3070 5222 3233 5293 igitur
3265 5220 3427 5277 fuerit

1833 5308 2119 5381 diligenter
2139 5310 2412 5381 inquirere
2442 5310 2570 5381 quid
2603 5323 2842 5367 rectores
2880 5312 3139 5368 Romanze
3169 5311 3439 5369 Ecclesia:-

1835 5400 1902 5455 de
1932 5400 2127 5455 haeresi
2156 5415 2276 5471 quae
2313 5415 2501 5455 eorum
2530 5402 2862 5471 temporibus
2892 5412 3081 5457 exorta
3121 5402 3298 5457 fuerat
3338 5400 3426 5469 ju-

1835 5492 2156 5558 dicaverint,
2211 5500 2266 5547 ct
2314 5502 2500 5548 contra
2552 5493 2970 5548 nocentissimos
3018 5493 3170 5548 liberi
3212 5482 3427 5547 arbitrii

1836 5581 2151 5638 defensores
2186 5584 2317 5653 quid
2343 5585 2408 5639 de
2434 5585 2604 5654 gratia
2646 5584 2735 5639 Dei
2772 5584 3111 5640 sentiendum
3141 5597 3261 5639 esse
3293 5597 3435 5639 cene

1835 5674 2064 5740 suerint,
2094 5674 2165 5729 ita
2194 5687 2251 5730 ut
2278 5673 2438 5730 etiam
2468 5676 2851 5731 Africanorum
2877 5689 3229 5731 concmorum
3260 5686 3427 5742 quas-

1838 5772 1959 5827 dam
1989 5767 2288 5826 sententias
2312 5765 2682 5839 iungeremus,
2715 5785 2849 5841 quas
2898 5769 3085 5838 utique
3131 5781 3258 5824 suas
3290 5763 3428 5822 fece-
