3968 6502
531 406 633 469 751
1348 404 1637 467 ᾹΡΡΕΝΠ.
1678 409 1770 465 AD
1809 398 1982 465 S/EC.
2040 400 2107 463 IX

2221 436 2242 448 -
2277 403 2529 467 lSlDORI'
2550 409 2992 472 MERCATORIS
3692 411 3805 469 7S!

529 532 660 579 runt
721 521 999 594 apostolici
1065 521 1337 579 antistites
1386 528 1445 577 et
1488 522 1807 593 probarunt.
1866 521 1940 579 Ut
1985 533 2118 590 ergo
2142 517 2194 580 Α
2222 520 2469 580 scribens
2496 522 2566 579 ad
2613 524 2779 581 totius
2810 521 2964 598 (orbis
3010 523 3293 597 episcopos
3318 525 3434 580 ait:
3473 524 3585 582 Nos
3607 535 3803 599 autem

528 612 741 682 plenius
769 615 861 683 qui
902 615 955 668 in
1004 613 1185 685 aliquo
1223 613 1487 675 dubitant,
1516 614 1874 682 instruantur,
1907 615 2111 672 consti-
2214 611 2468 668 instinctu
2492 614 2585 669 Dei
2618 614 2819 686 (omnia
2858 614 3003 674 enim
3049 616 3190 672 bona
3216 615 3287 671 ad
3316 624 3594 672 auctorem
3632 631 3803 672 suum

533 701 769 757 tutiones
798 710 1108 757 sanctorum
1151 701 1369 757 Patrum
1393 704 1778 774 compendiose
1800 702 2112 761 manifeste-

530 808 654 849 mus
688 794 944 850 indiculo.
975 795 1128 862 Quod
1148 795 1196 850 si
1225 795 1354 866 quis
1386 810 1493 851 non
1526 792 1752 851 nimium
1780 804 1865 851 est
1887 804 2113 853 conten-

532 884 727 949 tiosus,
743 894 1003 955 agnoscat
1021 880 1260 941 omnium
1278 885 1701 957 disputationum
1721 886 2110 943 connexionem

528 987 596 1027 ex
624 973 726 1029 hac
752 975 1093 1031 subditarum
1119 977 1505 1033 auetoritatum
1534 976 1800 1034 brevitate
1848 978 2111 1049 pendere,

528 1062 843 1135 nullamque
876 1060 981 1121 sibi
1019 1067 1464 1124 contradictionis
1491 1082 1776 1139 superesse
1820 1069 2110 1137 rationem,

531 1155 575 1210 si
608 1170 730 1210 cum
752 1156 1035 1213 catholicis
1062 1157 1249 1214 credat
1279 1168 1335 1214 et
1361 1159 1526 1214 dicat.

603 1246 691 1303 ιν.
733 1246 791 1303 In
820 1250 1260 1318 praevaricatione
1287 1250 1416 1306 Adae
1457 1266 1645 1308 omnes
1684 1251 1932 1309 homines
1956 1260 2116 1309 natu-

528 1340 696 1395 ralem
742 1342 1152 1412 possibilitatem
1184 1350 1241 1398 et
1301 1342 1667 1398 innocentiam
1716 1342 2038 1412 perdidisse,
2061 1351 2117 1400 et

528 1428 803 1484 neminem
830 1430 896 1485 de
919 1430 1185 1499 profundo
1214 1430 1357 1486 illius
1384 1431 1554 1486 ruina:
1574 1446 1674 1501 per
1696 1430 1930 1487 liberum
1964 1432 2113 1488 arbi—

529 1517 697 1572 trium‘
744 1532 903 1589 posse
931 1535 1283 1589 consurgere,
1323 1521 1429 1576 nisi
1470 1536 1596 1577 eum
1623 1521 1798 1593 gratia
1821 1520 1919 1577 Dei
1950 1522 2115 1578 mise-

529 1607 701 1662 reutis
734 1606 990 1674 erexerit,
1014 1610 1399 1680 pronuntiante
1437 1610 1611 1666 beata:
1640 1611 1916 1667 memoriae
1955 1610 2118 1668 Inno-

528 1699 729 1766 centio,
761 1713 924 1772 atque
945 1703 1157 1759 dicente
1198 1703 1253 1759 in
1302 1702 1530 1773 epistola
1584 1703 1652 1759 ad
1688 1703 2119 1775 Carthaginense

530 1791 847 1848 concilium.
893 1793 1151 1850 Liberum
1191 1796 1335 1852 enim
1371 1796 1658 1852 arbitrium
1687 1796 1776 1852 ille
1805 1810 2113 1868 perpessus,

2212 702 2494 761 referenda
2547 705 2673 762 sunt
2729 706 2871 763 unde
2936 707 3275 778 nascuntur)
3329 707 3395 763 ad
3445 707 3682 764 fratrum
3745 717 3808 764 et

2211 794 2653 866 coepiscoporum
2731 806 3040 854 nostrorum
3107 797 3495 854 conscientiam
3537 800 3806 854 universa

2213 885 2518 941 retulimus.
2546 884 2701 943 Nunc
2734 894 2919 944 autem
2963 902 3268 944 sermonem
3296 887 3689 944 sincerissima
3715 901 3809 943 ve-

2212 977 2392 1033 ritatis
2421 977 2541 1034 luce
2590 978 2892 1036 radiantem
2935 987 3087 1036 tanto
3134 975 3254 1037 Afri
3303 978 3551 1050 episcopi
3588 980 3809 1035 honore

2212 1069 2456 1124 venerati
2472 1078 2617 1137 sunt,
2644 1071 2717 1126 ita
2739 1080 2799 1127 ut
2821 1072 2891 1128 ad
2911 1072 3162 1128 eumdem
3192 1073 3370 1127 virum
3411 1069 3807 1137 rescriberem,

2214 1159 2343 1214 illud
2374 1175 2502 1216 vero
2527 1161 2668 1232 quod
2721 1162 2774 1217 in
2822 1162 3021 1219 litteris
3057 1178 3194 1234 quas
3236 1164 3306 1220 ad
3353 1163 3647 1219 universas
3668 1178 3803 1235 pro-

2213 1250 2423 1307 vincias
2442 1254 2643 1308 curasti
2675 1268 2795 1309 esse
2825 1254 3137 1319 mittendas,
3159 1252 3411 1326 posuisti,
3425 1255 3618 1311 dicens
3649 1273 3667 1310 :
3700 1253 3809 1311 Nos

2217 1349 2396 1396 tamen
2425 1341 2695 1398 instinctu
2725 1343 2846 1409 Dei,
2875 1353 2983 1401 etc.
3014 1343 3106 1401 Sic
3143 1345 3452 1415 accepimus
3476 1342 3719 1410 dictum,
3748 1355 3809 1399 ut

2216 1428 2359 1495 illos,
2402 1431 2496 1501 qui
2541 1442 2731 1488 contra
2771 1432 2865 1491 Dei
2912 1432 3238 1503 adiutorium
3265 1435 3555 1500 extollunt,
3580 1432 3806 1491 humani

2210 1504 2427 1576 arbitrii
2473 1521 2778 1578 libertatem
2823 1522 3072 1579 districto
3122 1524 3302 1595 gladio
3347 1523 3604 1580 veritatis
3659 1525 3808 1579 velut

2217 1611 2416 1665 cursim
2447 1611 2713 1667 transiens
2737 1620 3064 1684 amputares.
3107 1612 3249 1682 Quid
3285 1614 3433 1668 enim
3473 1623 3587 1668 tam
3636 1612 3808 1669 libero

2218 1700 2426 1757 fecistis
2455 1701 2726 1758 arbitrio?
2778 1719 2941 1775 quam
2991 1704 3135 1775 quod
3186 1704 3442 1761 universa
3492 1704 3553 1759 in
3606 1714 3810 1759 nostra:

2220 1793 2539 1850 humilitatis
2564 1795 2952 1851 conscientiam
2979 1796 3263 1862 retulistis,
3313 1804 3369 1852 et
3395 1803 3585 1851 tamen
3619 1795 3809 1851 instin-

530 1883 656 1937 dum
679 1884 1164 1943 suisinconsultius
1180 1889 1350 1943 utitur
1374 1889 1550 1953 bonis,
1565 1889 1767 1946 cadens
1792 1891 1845 1944 in
1861 1890 2115 1960 praevari-
2142 1879 2192 1941 Β
2216 1890 2307 1937 ctu
2343 1882 2439 1938 Dei
2469 1882 2669 1940 factum
2693 1899 2814 1940 esse
2840 1884 3072 1941 ﬁdeliter
3115 1886 3501 1955 sapienterque
3559 1882 3804 1949 Vidistis.

524 1974 754 2033 catiouis
768 1976 1437 2049 profundanemersusest,
1453 1988 1508 2036 et
1521 1979 1658 2037 nihil
1669 1981 2121 2052 quemadmodum

526 2066 724 2123 exinde
752 2084 1045 2140 resurgere
1070 2081 1256 2142 posset
1288 2072 1515 2139 invenit,
1543 2087 1749 2143 suaque
1777 2073 1831 2128 in
1857 2081 2119 2129 aeternum

527 2160 778 2216 libertate
814 2161 1073 2232 deceptus
1106 2163 1269 2232 hujus
1325 2164 1482 2218 ruina
1530 2163 1777 2219 latuisset
1805 2179 2117 2234 oppressus,

526 2249 629 2305 nisi
662 2266 786 2307 eum
810 2262 996 2322 postea
1023 2253 1225 2309 Christi
1248 2269 1348 2324 per
1375 2269 1526 2310 suam
1560 2254 1791 2325 gratiam
1822 2253 2121 2312 relevasset

529 2340 815 2408 adventus,
848 2344 939 2414 qui
991 2360 1086 2413 per
1115 2360 1270 2401 novae
1318 2346 1747 2417 regenerationis
1777 2346 2118 2418 puriﬁcatio-

531 2446 652 2489 nem
687 2448 847 2490 omne
887 2435 1148 2506 praeteriti
1180 2437 1388 2507 peccati
1413 2436 1603 2493 vitium
1649 2437 1732 2493 sui
1780 2435 2120 2508 baptismatis

525 2523 745 2579 lavacro
774 2527 1041 2598 purgavit.

600 2610 664 2667 V‘.
705 2611 987 2672 Neminem
1028 2632 1150 2675 esse
1198 2634 1295 2690 per
1338 2630 1689 2695 semetipsum
1744 2625 1967 2691 bonum,
2011 2625 2114 2682 nisi

531 2705 1006 2776 participationem
1040 2710 1124 2766 sui
1171 2710 1261 2767 ille
1289 2710 1454 2768 donet
1487 2732 1505 2766 ς
1540 2714 1631 2785 qni
1659 2714 1805 2771 solus
1830 2726 1916 2773 est
1944 2718 2116 2774 bonus

529 2796 727 2868 (Marc.
756 2815 814 2864 κ,
850 2800 959 2869 l8).
998 2821 1017 2854 ι
1063 2801 1216 2870 Quod
1270 2804 1323 2858 in
1363 2802 1567 2865 eisdem
1611 2806 1829 2877 scriptis
1873 2807 2114 2877 ejusdem

539 2886 814 2956 pontiﬁcis
834 2891 1099 2946 sententia
1128 2901 1464 2962 protestatur
1490 2896 1674 2953 dicens
1698 2915 1712 2951 :
1742 2896 1992 2968 Nunquid
2019 2916 2118 2957 nos

538 2978 607 3034 de
652 2996 841 3035 eorum
890 2983 1128 3052 posthaec
1177 2996 1387 3043 rectum
1434 2988 1704 3045 mentibus
1762 2992 2113 3059 aestimemus,

528 3069 619 3138 qui
643 3069 825 3126 sibise
851 3079 1045 3141 putant
1069 3072 1250 3130 deberi
1293 3078 1437 3147 quod
1480 3078 1606 3133 boni
1643 3087 1789 3146 sunt,
1824 3096 1928 3138 nec
1963 3082 2115 3137 illum

528 3162 896 3231 considerant,
939 3166 1093 3237 cujus
1146 3168 1384 3224 uuotidie
1429 3170 1659 3240 gratiam
1711 3182 2118 3244 consequuntur

538 3255 633 3325 qui
663 3254 781 3312 sine
820 3256 913 3314 illo
942 3267 1150 3314 tantum
1193 3275 1253 3316 se
1292 3262 1507 3333 assequi
1534 3278 1692 3333 posse
1712 3264 2008 3321 conﬁdunt.

601 3347 689 3403 Vl.
729 3347 1008 3406 Neminem
1059 3351 1222 3407 etiam
1278 3354 1622 3424 baptismatis
1667 3358 1842 3428 gratia
1888 3374 2116 3415 renova-

529 3447 643 3495 tum
668 3440 919 3496 idoneum
946 3457 1071 3499 esse
1094 3444 1163 3499 ad
1184 3445 1517 3515 superandus
1537 3447 1738 3502 diaboli
1783 3448 2031 3516 insidias,
2059 3457 2116 3506 et

527 3531 597 3586 ad
647 3531 976 3589 evineeudas
1039 3534 1223 3591 carnis
1288 3534 1798 3607 concupiscentias.
1854 3538 1958 3593 nisi
2019 3553 2117 3609 per

525 3623 899 3693 quotidianum
951 3624 1278 3694 atljutorium
1331 3626 1429 3682 Dei
1475 3629 1933 3698 perseverantiam
1962 3629 2116 3685 bona:

528 3715 960 3771 conversationis
993 3717 1282 3788 acceperit.
1309 3718 1462 3786 Quod
1491 3718 1734 3789 ejusdem
1767 3722 2028 3778 antistitis
2059 3722 2113 3777 in

526 3802 729 3859 eisrlcm
784 3806 995 3877 paginis
1044 3807 1287 3863 doctrina
1349 3808 1638 3865 conﬁrmat
1681 3810 1867 3868 dicens
1913 3824 1929 3865 :
1982 3811 2114 3868 Nam

527 3896 776 3964 quamvis
810 3898 1084 3955 hominem
1138 3900 1433 3956 redimeret
1466 3917 1497 3956 a
1546 3904 1837 3971 praeteritis
1870 3903 1960 3961 ille
1987 3920 2117 3975 pec-

535 3987 692 4052 catis,
720 3996 900 4043 tamen
922 3989 1102 4045 sciens
1138 3990 1332 4046 iterum
1366 4005 1525 4062 posse
1558 4007 1783 4062 peccare
1803 3994 1870 4050 ad
1894 4009 2115 4065 repara-

531 4077 735 4133 tionem
787 4079 913 4145 sibi,
969 4082 1425 4151 quemadmodum
1469 4094 1652 4155 posset
1698 4085 1869 4154 illum,
1901 4097 1953 4143 et
1996 4097 2118 4159 post

529 4166 633 4225 ista
661 4170 933 4241 corrigere
972 4173 1139 4228 multa
1183 4175 1437 4239 servavit,
1486 4176 1801 4245 quotidiana
1853 4186 2117 4249 praestans

528 4256 605 4313 illi
648 4261 887 4316 remedia
925 4262 1123 4332 quibus
1173 4264 1276 4320 nisi
1331 4264 1454 4321 freti
1505 4265 1810 4337 conﬁsique
1851 4268 2114 4336 nitamur,

528 4352 838 4409 nullatenus
862 4353 1128 4411 humanos
1154 4357 1371 4413 vincere
1414 4359 1714 4428 poterimus
1751 4374 1989 4416 errores.
2013 4360 2119 4417 Ne-

528 4457 681 4500 cesse
708 4443 951 4501 esteuim
977 4456 1036 4500 ut
1056 4462 1162 4515 quo
1188 4445 1484 4503 auxiliante
1510 4448 1798 4515 vincimus,
1826 4464 1891 4506 eo
1915 4450 2113 4506 iterum

528 4549 633 4590 non
659 4533 947 4605 adiuvante
974 4538 1275 4593 vincamur.

600 4625 709 4683 VII.
736 4627 888 4696 Quod
904 4645 1064 4686 nemo
1087 4630 1187 4685 nisi
1209 4645 1304 4701 per
1322 4630 1552 4703 gratiam
1575 4631 1746 4689 libero
1766 4634 1903 4690 bene
1933 4643 2118 4690 utatur

527 4718 772 4777 arbitrio.
805 4721 953 4778 Idem
979 4722 1240 4792 magister
1277 4724 1331 4778 in
1374 4724 1600 4795 epistola
1637 4726 1705 4781 ad
1747 4724 2112 4783 Milevitanum

526 4811 815 4867 concilium
845 4812 973 4867 data
1015 4814 1273 4884 praedicat
1317 4813 1503 4871 dicens
1549 4834 1562 4870 :
1604 4815 1841 4874 Adverte
1874 4819 2112 4886 tandem,

526 4919 561 4955 ο)
587 4892 1032 4974 pravissimarum
1061 4906 1321 4960 mentium
1368 4923 1619 4977 perversa
1656 4908 1921 4973 doctrina,
1966 4911 2112 4980 quod

525 4993 760 5063 primum
791 4994 1064 5051 hominem
1105 4998 1181 5052 ita
1229 4999 1450 5055 libertas
1492 5000 1607 5071 ipsa
1635 5001 1870 5073 decepit,
1898 5011 1957 5057 ut
1982 5002 2110 5058 dum

528 5085 892 5157 indulgentius
936 5086 1108 5144 frenis
1139 5089 1256 5160 ejus
1305 5090 1474 5146 utitur
1517 5091 1570 5146 in
1616 5091 2115 5161 praevaricationem

527 5178 963 5248 praesumptionis
1007 5179 1321 5247 incederet;
1372 5196 1473 5237 nec
1513 5197 1581 5237 ex
1624 5182 1726 5237 hac
1763 5184 1939 5253 potuit
1974 5183 2114 5250 erui,

528 5268 630 5323 nisi
681 5266 732 5323 ei
782 5269 1116 5339 providentia
1153 5270 1581 5341 regenerationis
1622 5279 1823 5328 statum
1873 5274 2117 5344 pristinae

527 5358 794 5416 libertatis
836 5360 1048 5419 Christi
1088 5361 1299 5418 Domini
1341 5362 1695 5420 reformasset
1722 5364 2006 5421 adventus.

600 5449 730 5506 Vlll.
771 5451 925 5519 Quod
956 5452 1137 5506 omnia
1177 5453 1354 5507 studia
1403 5461 1457 5508 et
1502 5453 1682 5510 omnia
1716 5468 1878 5524 opera
1908 5470 1972 5509 ae
2002 5469 2116 5510 me-

527 5542 629 5596 rita
652 5552 965 5599 sanctorum
990 5539 1055 5596 ad
1093 5541 1183 5597 Dei
1219 5543 1447 5614 gratiam
1485 5543 1806 5616 laudemque
1833 5544 2117 5600 referenda

527 5640 671 5696 sunt,
704 5632 833 5703 quia
867 5646 1027 5688 nemo
1068 5630 1287 5688 aliunde
1334 5634 1383 5689 ei
1414 5634 1615 5704 placet,
1654 5634 1756 5690 nisi
1788 5651 1852 5690 ex
1881 5649 1947 5690 eo
1977 5636 2118 5704 quod

528 5724 646 5794 ipse
665 5725 969 5791 donaverit,
998 5724 1050 5779 in
1074 5740 1236 5795 quam
1262 5742 1362 5782 nos
1388 5731 1712 5784 sententiam
1744 5728 1927 5800 dirigit
1950 5728 2121 5785 beaue

529 5817 925 5873 recordationis
957 5818 1106 5888 pzipzc
1134 5818 1337 5874 Zozimi
1364 5819 1626 5889 regularis
1651 5819 1970 5885 auctoritas,
1998 5835 2120 5874 cum

2145 4593 2196 4653 D

2221 1972 2491 2028 veraciter
2543 1972 2882 2045 ﬁdeliterque
2922 1983 2982 2030 ut
3025 1976 3264 2042 dixistis,
3295 1975 3416 2031 ideo
3460 1975 3663 2046 utique
3688 1974 3806 2045 quia

2228 2082 2250 2116 σ
2285 2074 2620 2136 praeparatur
2650 2066 2898 2122 voluntas
2920 2082 2948 2122 a
2983 2067 3208 2124 Domino
3240 2065 3427 2138 (Prov.
3456 2083 3575 2131 xu,
3633 2066 3750 2138 Si).
3784 2086 3803 2120 ι

2220 2162 2276 2209 et
2307 2162 2367 2208 ut
2416 2155 2544 2211 boni
2604 2155 2806 2227 aliquid
2843 2165 3008 2228 agant
3052 2156 3295 2227 paternis
3349 2154 3808 2226 inspirationibus

2220 2260 2439 2302 suorum
2466 2246 2580 2317 ipse
2606 2247 2779 2318 tangit
2810 2249 2971 2304 corda
2997 2247 3254 2303 ﬁdelium.
3307 2266 3325 2300 ι
3359 2246 3649 2317 Quotquot
3667 2246 3805 2301 enim

2221 2335 2425 2407 Spiritu
2475 2336 2571 2393 Dei
2627 2347 2883 2410 aguntur,
2937 2339 2991 2393 Iti
3037 2338 3131 2393 ﬁlii
3171 2347 3298 2395 sunt
3339 2338 3436 2394 Dei
3470 2337 3663 2407 (Rom.
3693 2352 3804 2401 vtu,

2219 2427 2331 2500 Η),
2362 2447 2381 2480 ο
2410 2437 2592 2484 utnec
2612 2438 2859 2485 nostrum
2889 2428 3076 2485 deesse
3107 2430 3403 2485 sentiamus
3433 2427 3731 2484 arbitrium
3755 2435 3808 2482 et

2216 2518 2271 2573 in
2325 2518 2483 2575 bonis
2536 2518 2841 2591 quibusque
2919 2519 3211 2574 voluntatis
3271 2519 3527 2575 humana:
3580 2517 3804 2590 singulis

2217 2610 2459 2668 moribus
2502 2611 2674 2683 magis
2721 2610 2865 2669 illius
2910 2611 3092 2667 valere
3144 2626 3252 2667 non
3306 2609 3624 2667 dubitemus
3662 2611 3808 2665 auxia

2217 2706 2370 2763 lium.

2287 2798 2382 2854 1X.
2422 2798 2577 2868 Quod
2604 2800 2681 2856 ita
2726 2800 2870 2858 Deus
2908 2799 2963 2858 in
2991 2799 3244 2858 cordibus
3287 2800 3593 2863 hominum,
3644 2807 3807 2869 atque

2218 2890 2273 2947 in
2297 2890 2414 2962 ipso
2434 2890 2606 2948 libero
2625 2899 2883 2962 operetur
2908 2892 3134 2947 arbitrio
3159 2930 3175 2958 ,
3220 2899 3280 2946 ut
3321 2900 3514 2947 saneta
3549 2889 3803 2960 cogitatio

2217 2985 2365 3056 pium
2390 2984 2673 3041 consilium
2708 2984 2993 3055 omnisque
3029 2991 3209 3041 motus
3234 2983 3391 3039 bonae
3413 2981 3711 3039 voluntatis
3735 2993 3800 3033 ex

2221 3076 2334 3132 Deo
2354 3077 2444 3143 sit,
2468 3075 2595 3147 quia
2632 3089 2732 3146 per
2752 3074 2902 3130 illum
2927 3075 3132 3144 aliquid
3162 3074 3290 3130 boni
3313 3086 3607 3144 possumus
3632 3091 3651 3122 ι
3684 3070 3799 3125 sine

2224 3184 2332 3242 quo
2369 3168 2504 3225 nihil
2537 3182 2824 3240 possumus
2871 3166 3052 3237 (Joan.
3084 3182 3175 3233 xv,
3204 3166 3281 3238 5).
3318 3186 3337 3220 ι
3369 3165 3455 3221 Ad
3490 3166 3637 3220 hanc
3662 3164 3798 3217 enim

2143 3241 2189 3303 ί)
2224 3241 2323 3314 nos
2344 3256 2735 3329 professionem
2761 3257 2903 3313 idem
2941 3257 3132 3312 doctor
3156 3255 3412 3320 instituit,
3453 3254 3548 3324 qui
3589 3268 3713 3309 cum
3735 3250 3797 3306 ad

2222 3351 2387 3407 totius
2414 3349 2562 3406 orbis
2587 3349 2874 3419 episcopos
2898 3350 2965 3405 de
2993 3350 3194 3406 divinat
3230 3348 3420 3421 gratiae
3446 3345 3800 3417 opitulatione

2216 3441 2530 3513 loqueretur
2561 3459 2574 3495 :
2611 3442 2756 3510 quod
2778 3456 2908 3511 ergo
2930 3448 3167 3510 tempus,
3201 3439 3296 3504 ait,
3329 3436 3653 3501 intervenit,
3695 3447 3796 3504 quo

2215 3534 2331 3606 ejus
2352 3549 2457 3590 non
2483 3548 2740 3606 egeamus
2760 3533 2998 3589 auxilio?
3018 3531 3075 3587 ln
3107 3531 3361 3587 omnibus
3386 3530 3552 3600 igitur
3570 3528 3790 3590 acilius,

2215 3627 2417 3690 causis,
2439 3624 2881 3697 cogitationibus,
2913 3623 3173 3689 motibus,
3200 3621 3416 3692 adjutor
3445 3630 3503 3675 et
3526 3626 3795 3690 protector

2213 3718 2452 3776 orandus
2493 3724 2601 3784 est,
2646 3715 2944 3787 superbum
2989 3724 3073 3771 est
3109 3714 3255 3770 enim
3285 3720 3346 3768 ut
3373 3712 3674 3784 quidquam
3699 3708 3792 3765 sibi

2215 3810 2451 3867 humana
2511 3817 2705 3864 natura
2759 3815 3094 3877 pmsumat,
3147 3805 3421 3862 clamante
3488 3801 3790 3874 Apostolo:

2222 3925 2240 3956 ι
2277 3902 2393 3962 Non
2420 3912 2506 3961 est
2532 3902 2688 3958 nobis
2709 3901 3019 3958 colluctatio
3057 3899 3316 3955 adversus
3338 3911 3564 3952 carnem
3598 3902 3656 3951 et
3678 3910 3789 3951 san-

2217 3996 2456 4067 guinem,
2470 3993 2564 4051 sed
2579 4001 2768 4050 contra
2784 3991 3055 4063 principes
3073 3998 3129 4046 et
3142 3996 3438 4059 potestates
3458 3986 3610 4043 aeris
3624 3985 3790 4055 hujus,

2218 4097 2406 4144 contra
2432 4084 2732 4157 spiritualia
2757 4083 3014 4155 nequitiae
3049 4079 3209 4152 185
3237 4080 3290 4135 in
3320 4077 3663 4135 coelestibus.
3687 4095 3706 4129 ι
3737 4074 3792 4128 Et

2218 4178 2361 4235 sicut
2380 4177 2494 4248 ipse
2528 4176 2727 4232 iterum
2750 4174 2881 4231 dicit
2906 4190 2921 4229 :
2952 4191 2972 4226 ι
3007 4170 3192 4228 Infelix
3220 4186 3321 4241 ego
3359 4171 3547 4234 homo,
3573 4172 3697 4240 quis
3718 4182 3791 4222 me

2217 4268 2474 4326 liberabit
2514 4266 2583 4323 de
2626 4279 2855 4337 corpore
2897 4261 3088 4320 mortis
3135 4261 3316 4332 hujus.
3356 4259 3547 4316 Gratia
3591 4260 3684 4315 Dei
3710 4273 3791 4328 per

2219 4359 2402 4416 .lesum
2439 4357 2714 4415 Christum
2769 4355 3057 4413 Dominum
3094 4363 3339 4410 nostrum
3366 4351 3547 4423 (Rom.
3581 4368 3682 4417 vn,
3710 4350 3791 4412 24,

2219 4451 2334 4521 25).
2374 4469 2393 4504 ι
2425 4450 2494 4505 Ει
2522 4450 2717 4505 iterum
2747 4465 2763 4505 :
2816 4466 2837 4500 ε
2864 4440 3053 4504 Gratia
3089 4444 3185 4501 Dei
3230 4458 3349 4499 sum
3395 4442 3448 4497 id
3488 4442 3638 4513 quod
3665 4456 3790 4502 sum,

2222 4551 2277 4599 et
2315 4543 2488 4613 gratia
2523 4538 2639 4610 ejus
2690 4539 2743 4594 in
2776 4554 2864 4595 me
2898 4552 3068 4594 vacua
3113 4551 3225 4592 non
3275 4534 3396 4599 fuit,
3429 4534 3527 4590 sed
3559 4534 3680 4604 plus
3700 4531 3790 4587 illis

2220 4633 2473 4690 omnibus
2512 4630 2777 4697 laboravi,
2825 4647 2930 4686 non
2984 4642 3085 4697 ego
3131 4636 3339 4694 autem,
3366 4626 3463 4682 sed
3504 4624 3681 4698 gratia
3707 4620 3787 4676 Dei

2220 4738 2430 4779 mecum
2470 4721 2524 4794 (Ι
2544 4720 2669 4776 Cor.
2700 4736 2791 4787 xv,
2832 4719 2940 4791 10).
2973 4738 2990 4771 ι

2292 4812 2361 4868 Χ.
2391 4812 2524 4869 lllud
2557 4812 2725 4869 etiam
2770 4812 2914 4882 quod
2946 4812 3088 4868 intra
3123 4808 3578 4882 Carthaginensis
3618 4802 3787 4879 synodi

2220 4906 2438 4960 decreta
2470 4903 2825 4960 constitutum
2863 4910 2976 4967 est,
3008 4902 3162 4973 quasi
3192 4902 3473 4973 proprium
3501 4896 3788 4971 apostolica

2221 4994 2379 5051 Sedis
2408 4993 2807 5066 amplectimur,
2831 4993 2973 5064 quod
3000 4992 3209 5048 scilicet
3241 4991 3398 5047 tertio
3419 4990 3660 5060 capitulo
3679 4983 3786 5041 deﬁ-

2224 5087 2395 5141 nitum
2448 5094 2570 5150 est,
2605 5093 2666 5141 ut
2692 5083 3002 5154 quicunque
3053 5081 3253 5137 dixerit
3290 5081 3525 5152 gratiam
3573 5079 3661 5134 Dei
3696 5090 3784 5145 qua

2217 5175 2601 5250 justiﬁcamur,
2623 5189 2719 5244 per
2738 5172 2923 5229 Jesunt
2949 5173 3534 5229 Christum-Dominum
3565 5178 3783 5226 nostrum

2224 5270 2293 5325 ad
2340 5268 2509 5325 solam
2543 5266 2916 5323 remissionem
2949 5274 3297 5337 peccatorum
3340 5264 3523 5319 valere
3553 5276 3668 5333 qum
3688 5257 3781 5327 jam

2226 5359 2518 5417 commissa
2555 5366 2712 5425 sunt,
2753 5373 2859 5413 non
2899 5357 3065 5412 etiam
3107 5357 3201 5411 ad.
3230 5355 3557 5426 adjutorium
3600 5361 3655 5407 ut
3695 5362 3780 5405 nos

2227 5450 2664 5516 committantur,
2696 5449 2983 5505 anathema
3008 5448 3097 5504 sit.
3130 5446 3196 5503 Et
3229 5447 3425 5501 iterum
3453 5457 3642 5517 quarto
3660 5438 3782 5510 capi-

2231 5542 2341 5597 tulo
2368 5542 2444 5598 ait
2474 5559 2488 5596 :
2525 5537 2593 5596 Ut
2626 5540 2671 5596 si
2700 5540 2823 5611 quis
2863 5540 3061 5596 dixerit
3101 5538 3331 5610 gratiam
3385 5536 3481 5592 Dei
3510 5551 3604 5609 per
3623 5532 3779 5593 Iesum

2225 5636 2501 5693 Christum
2524 5676 2538 5700 ,
2566 5644 2787 5706 propter
2813 5635 2915 5689 hoc
2939 5641 3147 5689 tantum
3178 5644 3279 5687 nos
3313 5630 3571 5702 adjuvare
3606 5627 3667 5683 ad
3692 5635 3779 5678 non

2228 5725 2592 5797 peccandum,
2618 5724 2746 5795 quia
2779 5737 2874 5794 per
2895 5723 3067 5794 ipsam
3104 5722 3259 5778 nobis
3291 5722 3567 5777 revelatur
3598 5727 3649 5774 ct
3677 5724 3783 5782 ape-

2232 5820 2369 5874 ritur
2431 5816 2780 5890 intelligentia
2822 5812 3232 5888 mandatorum}
3295 5823 3356 5869 ut
3409 5812 3638 5869 sciamus
3662 5802 3781 5876 quod
