3968 6488
124 349 302 413 753
1396 350 1882 410 necnsrauuu
1923 325 2323 409 conserto:
3365 369 3468 425 πμ

133 486 455 548 appetere
500 482 556 531 et
603 471 746 545 quod
787 471 962 527 vitare
997 469 1322 536 debeamus,
1351 487 1460 528 non
1486 481 1662 527 autem
1692 487 1787 542 per
1815 456 1860 511 Α
1892 469 2072 523 mundi
2106 467 2264 537 hujus
2292 468 2535 523 mittatur
2561 467 2706 524 foras
2729 511 2743 535 ,
2781 479 2836 527 et
2865 488 3133 543 quomouo
3152 494 3303 548 prius
3350 484 3470 539 allio

138 563 350 624 illam
377 568 532 624 nobis
559 563 840 638 praestari,
869 563 1078 634 utquid
1107 563 1410 619 faciendum
1439 563 1790 635 cognovimus
1891 570 2046 630 getur
2099 560 2275 626 fortis,
2327 569 2382 616 et
2423 561 2678 633 deinceps
2728 579 2853 620 vasa
2898 566 3016 636 ejus
3063 570 3388 643 diripiantur
3416 577 3468 632 in

142 653 371 716 etiam
408 660 587 716 facere
629 657 916 728 diligamus
959 664 1122 726 atque
1155 656 1432 712 valeamus
1452 697 1467 722 ,
1501 657 1787 711 anathema
1889 653 2283 723 possessionem
2309 653 2564 708 translata
2585 655 2830 722 victoris,
2860 678 2879 710 ‹
2907 661 2998 730 qui
3028 664 3294 733 captivam
3324 668 3472 724 ducit

147 751 448 807 sit-Cum
462 750 605 805 enim
621 747 1102 816 dicatApostolus:
1127 764 1144 795 ι
1170 745 1404 800 Scientia
1421 745 1592 811 inflat,
1614 746 1791 801 chari-
1893 741 2284 812 captivitatem,
2315 742 2480 798 etdat
2507 744 2645 800 dona
2672 745 2976 804 hominibus
2998 749 3212 821 (Ep/tes.
3243 770 3314 821 tv,
3336 755 3413 827 8).
3447 778 3466 811 ι

150 849 288 898 tas
309 856 445 898 vero
464 839 696 896 aediﬁcat
717 838 876 894 valde
898 837 947 909 (I
978 837 1100 892 Cor.
1133 854 1227 894 vui
1251 879 1266 904 ,
1308 837 1359 909 l)
1391 858 1436 904 ι,
1463 838 1683 909 impium
1708 847 1791 892 est
1894 829 1990 886 His
2015 846 2144 902 ergo
2168 832 2553 890 ecclesiasticis
2580 851 2647 890 ex
2685 837 2864 893 divina
2893 844 3122 913 sumptis
3147 847 3474 904 auctoritate

153 941 249 988 ut
288 931 580 989 credamus
604 929 672 984 ad
706 943 826 986 eam
853 944 973 998 qu-.e
1010 927 1161 983 inflat
1189 945 1288 985 nos
1329 930 1530 984 habere
1562 929 1791 1000 gratiam
1894 921 2230 978 documentis
2258 924 2366 991 ita,
2401 926 2690 996 adiuvante
2751 930 3008 998 Domino,
3043 937 3333 993 confortati
3381 955 3474 995 su-

157 1020 447 1086 Christi,
478 1028 536 1076 et
575 1019 644 1074 ad
672 1034 791 1074 eam
821 1033 941 1088 qua:
985 1020 1217 1074 aediﬁcat
1263 1035 1366 1075 non
1411 1021 1642 1085 habere,
1670 1034 1791 1074 cum
1895 1028 2016 1069 mus
2042 1054 2056 1078 ,
2086 1022 2147 1069 ut
2175 1016 2415 1070 omnium
2446 1018 2706 1073 bonorum
2739 1021 3029 1080 affectuum
3059 1036 3221 1097 atque
3249 1044 3473 1100 operum

159 1111 274 1166 sit
304 1120 598 1179 utrumque
637 1109 836 1162 donum
887 1107 1016 1172 Dei,
1053 1117 1108 1162 et
1150 1109 1290 1163 scire
1321 1108 1447 1178 quid
1493 1107 1669 1163 facere
1697 1107 1793 1162 dc-
1895 1111 1949 1158 et
1986 1106 2228 1160 omnium
2254 1108 2552 1163 studiorum
2579 1111 2932 1184 omniumque
2953 1117 3214 1172 virtutum
3238 1160 3253 1184 ,
3279 1120 3476 1189 quibus

165 1203 458 1269 beamus,
487 1210 544 1256 et
568 1200 791 1272 diligere
821 1207 880 1252 ut
905 1197 1189 1264 faciamus,
1227 1209 1306 1264 ut,
1333 1200 1637 1255 aediﬁcante
1671 1199 1795 1254 cha-
1895 1194 1963 1249 ab
2005 1195 2160 1251 initio
2202 1197 2325 1253 ﬁdei
2371 1198 2440 1252 ad
2483 1200 2649 1255 Deum
2697 1203 2953 1270 tenditur,
2999 1205 3166 1261 Deum
3209 1207 3498 1263 fateamur'

171 1291 401 1359 ritate,
451 1289 676 1346 scientia
723 1305 830 1344 non
877 1289 1048 1358 possit
1086 1287 1290 1344 inflare.
1327 1287 1480 1344 Sicut
1524 1297 1702 1344 autem
1732 1291 1798 1345 de
1896 1295 2193 1354 auctorem,
2219 1296 2274 1342 et
2307 1303 2415 1343 non
2444 1288 2754 1348 dubitemus
2787 1295 2855 1349 ab
2891 1295 3060 1365 ipsius
3080 1299 3252 1367 gratia
3293 1299 3477 1353 omnia

171 1381 324 1438 Deo
375 1381 634 1452 scriptum
663 1386 785 1435 est:
823 1398 841 1430 ι
879 1377 982 1446 Qui
1012 1378 1170 1434 docet
1192 1379 1465 1435 hominem
1513 1379 1796 1436 scientiam
1899 1375 2132 1434 hominis
2183 1380 2375 1434 merita
2421 1385 2729 1451 praeveniri,
2757 1401 2857 1456 per
2904 1403 3063 1458 quem
3105 1391 3165 1444 fit
3197 1391 3479 1461 utaliquid

176 1471 386 1543 (Psal.
425 1488 592 1538 xcm,
626 1471 714 1542 10)
751 1491 771 1524 ι
795 1511 811 1539 ,
835 1471 908 1526 ita
944 1471 1203 1541 scriptum
1241 1481 1323 1528 est
1361 1473 1563 1528 etiam:
1604 1491 1622 1526 ι
1656 1472 1799 1529 Cha-
1898 1466 2582 1540 bonietvclleincipiamus
2603 1474 2872 1532 etfacere.
2901 1477 3054 1544 Quod
3077 1481 3260 1550 utique
3275 1481 3480 1536 auxilio

175 1566 444 1626 ritasex
471 1565 585 1620 Deo
611 1571 693 1619 est
724 1563 773 1636 (1
803 1563 963 1619 Joan.
997 1578 1075 1630 tv,
1102 1563 1178 1633 7).
1219 1583 1238 1616 ι
1279 1563 1412 1620 ltem
1435 1565 1622 1635 quinto
1651 1565 1799 1634 capi-
1899 1568 1954 1615 et
1982 1575 2206 1616 munere
2236 1562 2328 1616 Dei
2354 1577 2458 1616 non
2496 1562 2741 1620 aufertur
2771 1567 2999 1623 liberum
3027 1571 3314 1626 arbitrium
3339 1613 3354 1638 ,
3387 1573 3484 1628 sed

181 1659 332 1714 tulo
359 1699 375 1726 ,
405 1666 466 1713 ut
490 1656 738 1728 quisquis
760 1655 959 1712 dixerit
991 1654 1115 1711 ideo
1141 1656 1298 1711 nobis
1345 1655 1574 1728 gratiam
1601 1654 1801 1724 justiﬁ-
1899 1650 2180 1718 liberatur,
2199 1661 2258 1706 ut
2282 1654 2349 1708 de
2371 1655 2662 1711 tenebroso
2683 1655 2943 1725 lucidum,
2969 1661 3036 1715 de
3061 1677 3228 1732 pravo
3251 1672 3479 1726 rectum,

183 1749 447 1808 cationis
483 1749 642 1815 dari,
673 1757 736 1804 ut
760 1748 905 1819 quod
936 1746 1117 1804 facere
1139 1763 1236 1819 per
1263 1748 1490 1804 liberum
1517 1746 1800 1802 arbitrium
1834 1816 1869 1821 _
1903 1742 1970 1797 de
2017 1742 2270 1814 languido
2325 1759 2553 1811 sanum,
2609 1746 2676 1802 de
2714 1747 3024 1818 impudente
3063 1748 3134 1805 si't'
3173 1751 3479 1821 providum.

178 1839 464 1910 iubemur
537 1838 750 1894 facilius
777 1816 1076 1909 possimus
1111 1816 1337 1907 implere
1380 1851 1479 1908 per
1526 1837 1752 1908 gratiam
1782 1874 1798 1902 ,
1834 1816 1878 1875 Β
1909 1831 2081 1887 Tanta
2109 1833 2251 1887 enim
2275 1849 2403 1904 erga
2427 1850 2616 1892 omnes
2654 1816 2900 1895 homines
2929 1849 3012 1896 est
3042 1816 3258 1897 bonitas
3282 1842 3400 1907 Dei,
3425 1851 3485 1896 ut

188 1939 473 2000 tanquam
493 1936 550 1985 et
570 1929 615 1984 si
639 1929 809 2001 gratia
845 1943 952 1983 non
977 1929 1200 1983 daretur
1229 1943 1334 1982 non
1363 1927 1583 1999 quidem
1618 1925 1800 1992 facile,
1905 1931 2093 1978 nostra
2124 1923 2254 1977 velit
2279 1939 2399 1979 esse
2422 1926 2612 1980 merita
2634 1941 2753 1997 qua:
2773 1937 2902 1983 sunt
2929 1930 3096 1999 ipsius
3123 1932 3284 1995 dona,
3309 1939 3365 1986 et
3385 1945 3485 2000 pro

191 2021 311 2076 sed
340 2029 522 2075 tamen
547 2019 819 2090 possimus
858 2019 1020 2073 etiam
1050 2019 1167 2075 sine
1217 2018 1304 2073 illa
1345 2019 1522 2074 divina
1582 2017 1806 2088 implere
1906 2012 1993 2068 his
2019 2028 2139 2083 quaa
2166 2012 2392 2084 largitus
2423 2023 2508 2068 est
2537 2026 2739 2071 aeterna
2781 2019 3004 2088 praemia
3045 2020 3116 2075 sit
3145 2021 3443 2076 donaturus
3467 2060 3482 2084 ,

195 2110 494 2177 mandata,
532 2110 818 2164 anathema
845 2110 936 2166 sit.
972 2109 1044 2165 De
1073 2108 1339 2165 fructibus
1360 2109 1503 2163 enim
1533 2109 1808 2166 mandato-

197 2195 335 2253 Ιἰιιιι
374 2198 636 2255 Dominus
665 2198 1004 2269 loquebatur,
1037 2199 1128 2254 ubi
1151 2215 1254 2254 non
1286 2198 1394 2265 ait,
1434 2200 1552 2254 sine
1589 2214 1675 2254 me
1703 2197 1806 2252 dif-

201 2289 414 2345 ﬁcilius
440 2290 668 2360 potestis
689 2289 892 2356 facere,
923 2290 1015 2346 sed
1043 2289 1140 2357 ait,
1169 2308 1187 2342 ι
1218 2291 1336 2346 sine
1360 2306 1445 2345 me
1468 2289 1602 2346 nihil
1629 2299 1806 2361 potes-

206 2380 289 2436 tis
313 2379 498 2436 facere
525 2379 710 2453 (Joan.
744 2395 837 2448 xv,
864 2381 941 2450 5).
977 2400 994 2432 ι

291 2470 384 2526 XI.
423 2471 630 2527 Praeter
672 2487 765 2528 eas
805 2481 987 2528 autem
1035 2474 1364 2531 beatissimus
1405 2482 1461 2530 et
1502 2473 1810 2544 apostolicae

212 2563 384 2621 Sedis
428 2565 768 2622 inviolabiles
815 2567 1125 2624 sanctiones
1149 2609 1162 2635 ,
1194 2570 1390 2640 quibus
1430 2583 1529 2624 nos
1580 2567 1807 2638 piissimi

216 2656 418 2712 Patres
442 2657 713 2727 pestiferae
743 2660 999 2716 novitatis
1027 2660 1262 2717 elatione
1288 2661 1522 2732 dejecta,
1548 2671 1604 2716 et
1650 2661 1804 2716 bona:

216 2747 529 2803 voluntatis
560 2748 779 2804 exordia
799 2789 816 2816 ,
857 2759 912 2805 et
942 2751 1272 2807 incrementa
1311 2750 1668 2823 probabilium
1697 2760 1812 2806 stu-

217 2837 440 2893 diorum
464 2877 480 2904 ,
504 2838 636 2892 etin
667 2838 747 2895 eis
776 2854 947 2910 usque
974 2839 1029 2896 in
1065 2839 1226 2895 ﬁnem
1258 2842 1718 2913 perseverantiam
1742 2839 1810 2894 ad

217 2926 428 2983 Christi
473 2928 702 2998 gratiam
744 2928 952 2985 referre
997 2931 1334 2999 docuerunt,
1377 2933 1808 2988 obsecrationum

220 3032 446 3087 quoque
479 3017 896 3073 sacerdotalium
927 3032 1266 3078 sacramenta
1293 3023 1662 3094 respiciamus,
1691 3038 1812 3094 quae

222 3113 294 3168 ab
324 3113 584 3183 apostolis
614 3113 810 3169 tradita
837 3115 891 3169 in
918 3123 1029 3173 toto
1050 3117 1250 3172 mundo
1271 3126 1433 3188 atque
1458 3118 1512 3172 in
1538 3119 1808 3173 communi

1907 2105 2020 2177 agit
2070 2106 2272 2176 quippe
2328 2109 2382 2160 in
2427 2107 2582 2162 nobis
2621 2118 2679 2163 ut
2725 2110 2868 2180 quod
2904 2109 3018 2164 vult
3057 2119 3113 2165 et
3159 2101 3489 2170 velimus‘et

1909 2213 2158 2269 agamus,
2190 2213 2293 2254 nec
2323 2199 2493 2254 otiosa
2524 2200 2576 2254 in
2606 2200 2760 2257 nobis
2789 2216 2910 2257 esse
2933 2203 3159 2272 patitur,
3185 2219 3306 2274 quae
3335 2218 3490 2258 exer-

1908 2289 2078 2345 cenda
2106 2304 2215 2344 non
2242 2289 2561 2362 negligenda
2590 2291 2844 2359 donavit,
2867 2302 2928 2347 ut
2965 2301 3020 2348 et
3042 2308 3141 2349 nos
3170 2303 3491 2364 cooperato-

1915 2395 2005 2435 res
2032 2381 2204 2434 simus
2231 2382 2420 2449 gratiae
2449 2381 2576 2448 Dei,
2605 2397 2670 2438 ac
2697 2383 2742 2437 si
2770 2384 2900 2453 quid
2933 2384 2986 2439 in
3027 2385 3183 2440 nobis
3211 2399 3278 2439 ex
3305 2393 3491 2439 nostra

1910 2470 2207 2526 viderimus
2227 2471 2549 2527 remissione
2577 2472 2927 2545 languescere
2945 2514 2960 2542 ,
2987 2476 3055 2530 ad
3089 2476 3234 2530 illum
3261 2476 3492 2532 sollicite

1913 2578 2258 2618 recurramus
2287 2563 2380 2633 qui
2409 2572 2569 2619 sanat
2607 2579 2796 2621 omnes
2819 2567 3108 2637 languores
3135 2575 3353 2622 nostros
3375 2607 3391 2631 ,
3435 2576 3492 2621 et

1913 2652 2130 2708 redimit
2159 2651 2219 2708 de
2259 2653 2481 2708 interitu
2509 2654 2678 2710 vitam
2717 2665 2958 2710 nostram
2987 2696 3003 2722 ,
3051 2665 3106 2710 ct
3133 2657 3219 2712 cui
3249 2657 3491 2726 quotidie

1912 2745 2164 2810 dicimus,
2197 2763 2215 2796 ι
2249 2761 2317 2800 ne
2339 2745 2564 2801 inducas
2583 2762 2682 2803 nos
2710 2747 2762 2802 in
2798 2748 3172 2814 tentationem,
3200 2749 3294 2804 sed
3339 2748 3491 2807 ibera

1913 2853 2013 2893 nos
2034 2853 2063 2891 a
2098 2836 2240 2892 malo
2268 2835 2480 2909 (Matth.
2523 2853 2572 2892 vt
2603 2879 2618 2904 ,
2649 2839 2760 2909 15).
2792 2857 2810 2890 ι

1983 2925 2115 2981 Xlll.
2152 2925 2539 2983 Profundiores
2567 2943 2696 2983 vero
2722 2927 3158 3000 dilIicilioresque
3200 2938 3382 3001 partes
3408 2945 3498 2986 occ

1911 3018 2249 3072 currentium
2284 3019 2644 3087 quaestionum
2694 3034 2830 3088 quas
2872 3020 3036 3076 latius
3086 3017 3496 3090 perlractarunt

1913 3106 2004 3175 qui
2028 3105 2301 3161 haereticis
2354 3106 2690 3173 restiterunt,
2734 3107 2876 3163 sicut
2925 3124 3031 3164 non
3063 3108 3324 3163 audemus
3367 3121 3497 3162 con-

221 3201 466 3258 Ecclesia
491 3203 754 3260 catholica
789 3204 1130 3262 uniformiter
1159 3207 1523 3274 celebrantur,
1551 3217 1610 3262 ut
1638 3207 1809 3279 legent
1838 3195 1882 3256 C
1914 3203 2176 3262 temnere.
2193 3196 2267 3250 im
2290 3211 2396 3251 nou
2424 3196 2922 3255 necesselhabemus
2941 3210 3206 3263 astruere;
3231 3200 3262 3234 “
3282 3198 3407 3268 quia
3428 3198 3498 3253 ad

222 3292 503 3360 credendi,
544 3293 629 3349 lex
657 3301 864 3350 statuat
892 3296 1248 3368 supplicandi.
1278 3296 1411 3353 Cum
1433 3298 1575 3354 enim
1597 3307 1812 3353 sancta-

222 3397 349 3439 rum
396 3383 630 3455 plebium
669 3386 928 3456 praesules
979 3388 1229 3443 mandata
1295 3389 1512 3445 sibimet
1548 3389 1815 3460 legatione

225 3472 547 3545 funguntur,
574 3477 714 3547 apud
732 3477 971 3533 divinam
993 3477 1576 3550 clementiamfhumani
1598 3482 1812 3551 generis

227 3573 400 3634 agunt
420 3579 638 3620 causam
657 3583 672 3621 :
690 3575 747 3621 et
776 3574 888 3621 tota
913 3582 1098 3623 secum
1119 3569 1552 3640 congemiscente
1571 3570 1813 3626 Ecclesia

224 3653 503 3726 postulant
527 3666 584 3710 et
602 3667 927 3727 precantur,
961 3667 1021 3713 ιιι
1058 3660 1365 3716 infidelibus
1400 3662 1629 3717 donetur
1656 3663 1809 3731 ﬁdes,

225 3755 290 3799 ut
312 3745 604 3802 idololatrre
627 3748 695 3802 ab
716 3747 1010 3818 impietatis
1037 3763 1148 3804 sua:
1169 3749 1468 3805 liberentur
1491 3753 1769 3807 erroribus
1793 3793 1810 3818 ,

225 3846 290 3892 ut
310 3835 510 3894 Iudaeis
537 3839 717 3896 ablato
745 3840 1013 3896 velamine
1037 3840 1127 3895 lux
1151 3843 1396 3898 veritatis
1418 3853 1677 3914 appareat
1701 3885 1717 3908 ,
1754 3853 1812 3899 ut

224 3929 472 3985 haeretici
519 3931 804 3987 catholicae
833 3931 959 3988 ﬁdei
995 3933 1339 4003 perceptione
1369 3934 1723 4005 resipiscant,
1755 3947 1813 3991 ut

224 4023 561 4080 schismatici
591 4025 841 4096 spiritum
865 4027 1421 4100 redivivaezcharitatis
1445 4033 1733 4102 accipiant,
1753 4043 1813 4088 nt

225 4113 397 4186 lapsis
430 4117 762 4185 pmnitentim
793 4119 1089 4174 remedium
1120 4119 1452 4186 conferatur,
1496 4131 1556 4177 ut
1580 4124 1810 4192 denique

225 4207 632 4263 catechumenis
676 4209 744 4264 ad
772 4211 1199 4280 regenerationis
1242 4223 1582 4267 sacramenta
1615 4215 1811 4282 perdu-

226 4297 333 4354 ctis
359 4337 375 4363 ,
404 4298 642 4356 caelestis
678 4299 798 4354 aula
827 4300 1214 4357 miseriCOrdiaa
1244 4311 1539 4368 reseretur,
1571 4302 1687 4357 ιιωο
1715 4318 1808 4356 an-

227 4398 337 4445 tem
368 4406 472 4445 non
499 4391 884 4462 perfunctorie,
919 4408 1091 4463 neque
1115 4393 1352 4449 inaniter
1377 4411 1407 4450 a
1443 4395 1672 4450 Domino
1696 4394 1807 4466 peti

226 4497 413 4538 rerum
443 4484 674 4554 ipsarum
705 4494 972 4541 monstrat
997 4486 1243 4554 effectus,
1275 4489 1709 4560 quandoquidem
1737 4503 1802 4542 ex

225 4576 378 4630 omni
417 4592 600 4632 eorum
632 4592 828 4647 genere
860 4577 1120 4648 plurimos
1169 4580 1311 4634 Deus
1341 4580 1593 4651 dignatur
1642 4587 1802 4635 attra-

225 4667 363 4725 here
397 4688 415 4721 ι
448 4685 582 4739 quos
622 4679 809 4725 erutos
840 4671 905 4726 de
933 4680 1198 4740 potestate
1245 4673 1588 4727 tenebrarum
1634 4682 1808 4726 trans-

227 4761 375 4818 ferat
401 4762 454 4816 in
478 4778 700 4834 regnum
729 4762 825 4817 filii
857 4763 1139 4819 charitatis
1167 4779 1278 4819 suze
1305 4763 1530 4836 (Co/oss.
1567 4781 1607 4828 ι,
1633 4764 1744 4835 l5),
1783 4783 1802 4816 ι

226 4861 282 4906 et
304 4867 372 4907 ex
400 4853 546 4908 vasis
571 4852 664 4908 ira:
691 4853 853 4908 faciat
876 4870 1000 4909 vasa
1035 4855 1417 4910 misericordiae
1439 4895 1454 4920 ,
1493 4855 1634 4925 quod
1673 4855 1809 4910 adeo

226 4951 400 4999 totum
430 4944 594 4999 divini
639 4945 818 5016 operis
856 4961 977 5000 csse
1019 4944 1269 5010 sentitur,
1300 4954 1359 4998 ut
1399 4945 1511 4999 hzec
1544 4945 1810 5001 eﬁiciente

228 5035 366 5102 Deo,
389 5036 682 5107 gratiarum
700 5051 919 5108 semper
941 5037 1082 5094 actio
1109 5037 1394 5108 laudisque
1426 5035 1694 5093 confessio
1718 5053 1816 5108 pro

225 5127 622 5184 illuminatione
652 5129 838 5183 talium
861 5128 942 5183 vel
974 5129 1312 5183 correctione
1343 5131 1630 5184 referatur.

298 5217 416 5274 ΧΠ.
438 5218 570 5274 Illud
591 5219 752 5274 etiam
777 5220 920 5288 quod
935 5219 1079 5273 circa
1100 5219 1456 5290 baptizandus
1488 5219 1538 5273 in
1563 5221 1816 5276 universo

232 5309 436 5363 mundo
479 5320 668 5364 sancta
704 5308 942 5364 Ecclesia
975 5307 1317 5364 uniformiter
1345 5309 1458 5379 agit
1505 5324 1609 5363 non
1640 5309 1816 5363 otioso

228 5398 661 5470 contemplamur
684 5398 898 5462 intuitu,
949 5413 1070 5453 cum
1097 5398 1212 5452 sive
1241 5398 1482 5469 parvuli,
1514 5399 1632 5454 sive
1659 5398 1817 5468 juve-

230 5507 326 5546 nes
368 5491 435 5546 ad
475 5491 900 5561 regenerationis
948 5491 1169 5544 veniunt
1223 5500 1626 5546 sacramentum
1651 5531 1666 5556 ,
1706 5506 1814 5546 non

229 5583 381 5652 prius
403 5583 472 5638 ad
497 5582 701 5640 fontem
731 5585 854 5638 vita:
885 5585 1086 5639 adeunt
1110 5599 1271 5654 quam
1299 5584 1621 5639 exorcismis
1646 5592 1701 5639 et
1724 5599 1817 5640 cx-

231 5672 623 5730 stnllationibus
675 5675 996 5731 clericorum
1039 5675 1263 5746 spiritus
1297 5676 1365 5729 ab
1405 5675 1484 5730 cis
1508 5675 1818 5730 immundus

233 5765 483 5838 abigatur
514 5814 521 5821 .
552 5778 604 5823 tu
664 5780 788 5824 tunc
831 5785 950 5824 vere
981 5779 1236 5840 appareat
1269 5767 1537 5840 quomodo
1566 5769 1816 5838 princeps

1915 3286 2284 3343 conﬁtendum
2327 3289 2558 3360 gratiam
2587 3289 2684 3344 Dei
2726 3290 2882 3360 cujus
2915 3291 3065 3360 operi
3113 3305 3176 3346 ac
3199 3287 3496 3362 dignationi

1915 3379 2130 3450 penitus
2155 3378 2584 3434 subtrahendum
2609 3389 2713 3440 est.
2751 3381 2885 3436 satis
2929 3379 3182 3436 sufﬁcere
3223 3379 3496 3434 credimus

1913 3470 2174 3540 quidquid
2245 3471 2538 3526 secundum
2583 3471 2870 3541 praedictas
2925 3471 3137 3542 regulas
3185 3468 3494 3541 apostolicae

1917 3561 2073 3617 Sedis
2103 3578 2207 3617 non
2235 3561 2382 3636 [nos]
2423 3563 2622 3634 scripta
2661 3563 2997 3628 docuerunt,
3027 3571 3085 3618 ut
3112 3577 3334 3632 prorsus
3388 3575 3494 3615 non

1916 3652 2202 3722 opinenmr
2225 3653 2548 3709 catholicum
2578 3653 2721 3724 quod
2751 3653 3062 3724 apparuerit
3104 3652 3340 3722 prmﬁxis
3375 3667 3500 3706 seu-
3559 3677 3581 3700 ο

1919 3744 2100 3798 tentiis
2133 3757 2253 3799 esse
2276 3744 2634 3800 contrarium.

2143 3833 2224 3886 Ad
2250 3833 2514 3904 episcopos
2544 3831 2732 3889 Galliw
2754 3831 2975 3904 epistola
3006 3832 3262 3903 ejusdem.

1989 3924 2036 3977 l.
2067 3923 2218 3990 Quod
2247 3940 2354 3979 non
2384 3925 2616 3980 debeant
2641 3924 2956 3980 sacerdotes
2985 3931 3079 3980 aut
3105 3922 3287 3978 clerici
3314 3919 3500 3976 amicti

1915 4012 2093 4083 palliis
2115 4021 2170 4068 et
2194 4014 2474 4083 praecincti
2497 4013 2700 4070 lumbis
2725 4015 2778 4068 in
2804 4014 3052 4070 ecclesiis
3085 4013 3421 4068 ministrare.

1982 4104 2037 4158 9..
2069 4103 2221 4173 Quod
2249 4107 2382 4161 nulli
2416 4107 2487 4162 sit
2511 4106 2698 4162 ultima
2727 4107 3044 4176 poenitentia
3072 4104 3405 4175 deneganda.

1983 4194 2039 4248 5.
2069 4193 2223 4262 Quod
2250 4209 2347 4266 per
2381 4196 2580 4266 gradus
2617 4195 3019 4251 ecclesiasticos
3058 4195 3128 4248 ad
3158 4195 3503 4266 episcopatus

1914 4281 2146 4338 ofﬁcium
2173 4285 2367 4339 debeat
2391 4284 2514 4354 quis
2541 4285 2850 4355 pervenire.

1984 4373 2038 4427 4.
2076 4374 2228 4441 Quod
2278 4390 2611 4445 unaquaeque
2645 4375 2923 4444 provincia
2952 4390 3052 4431 suo
3081 4373 3504 4445 metropolitano

1915 4461 2113 4518 debeat
2132 4478 2252 4518 esse
2280 4471 2558 4517 contenta.

1982 4551 2036 4607 5.
2069 4551 2221 4620 Quod
2267 4553 2574 4609 nolentibus
2617 4553 2830 4609 clericis
2866 4553 2949 4609 vel
2976 4553 3190 4623 populis
3225 4565 3386 4606 nemo
3415 4551 3502 4606 dc-

1915 4646 2042 4701 beat
2081 4648 2366 4717 cpiscopus
2397 4647 2662 4702 ordinari.

1988 4738 2040 4793 6.
2065 4737 2221 4804 Quod
2242 4740 2308 4793 ab
2333 4737 2538 4792 illicitis
2561 4735 3078 4794 sitordinationibus
3099 4731 3502 4788 abstinendum.

1987 4828 2356 4898 Cmpesrmus
2381 4828 2649 4884 universis
2672 4827 3048 4899 episcopisper
3077 4827 3438 4880 Viennensem
3454 4831 3509 4878 et

1916 4918 2321 4976 Narbonensem
2358 4919 2690 4990 provinciam
2741 4917 3050 4974 constitutis
3081 4915 3135 4970 in
3163 4915 3392 4970 Domino
3425 4929 3509 4968 sa-

1922 5013 2108 5069 lutem.
2171 5013 2503 5083 Cnperemus
2537 5011 2754 5080 quidem
2797 5011 2864 5064 de
2905 5017 3209 5063 vestrarum
3246 5003 3508 5061 ecclesia-

1923 5119 2042 5156 rum
2069 5103 2142 5156 ita
2161 5102 2506 5157 ordinatione
2532 5101 2793 5169 gaudere,
2825 5107 2884 5153 ut
2905 5097 3308 5169 gratularemur
3330 5094 3509 5164 potius

1921 5196 1988 5250 de
2013 5202 2268 5266 provectu
2297 5209 2458 5263 quam
2491 5191 2692 5260 aliquid
2719 5189 3014 5245 admissum
3053 5197 3243 5244 contra
3272 5183 3512 5252 discipli-

1923 5303 2046 5342 nam
2102 5286 2526 5343 ecclesiasticam
2575 5283 2906 5347 doleremus,
2961 5289 3017 5336 et
3072 5290 3312 5335 nostram
3366 5274 3511 5331 enim

1922 5377 2163 5434 ltetitiam
2185 5387 2239 5434 et
2261 5376 2541 5432 benefacta
2572 5375 2926 5444 prazveniunt,
2954 5383 3009 5427 et
3036 5370 3287 5427 maeroris
3313 5366 3514 5422 aculeis

1923 5487 2024 5527 nos
2053 5487 2172 5542 quae
2201 5470 2400 5525 fuerint
2446 5467 2732 5524 malefacta
2770 5473 3158 5538 compungunt.
3203 5463 3313 5518 Nec
3355 5459 3516 5516 silere

1923 5566 2198 5634 possimus
2225 5605 2239 5630 ,
2263 5580 2386 5619 cum
2417 5564 2520 5620 hoc
2547 5572 2605 5618 ut
2632 5565 2700 5618 ab
2733 5562 2937 5619 illicitis
2969 5573 3282 5617 revocemus
3308 5555 3516 5624 aliquos

1925 5656 2086 5712 ofﬁcii
2141 5657 2331 5721 nostri,
2371 5669 2734 5726 provocctnur
2776 5655 3065 5716 instinctu,
3109 5651 3164 5706 in
3194 5645 3426 5719 speculis
3483 5659 3513 5696 a

1927 5751 2036 5805 Deo
2064 5748 2342 5805 constituti
2367 5757 2424 5802 ut
2468 5748 2754 5819 vigilantia:
2782 5760 2977 5803 nosu-ae
3003 5740 3332 5813 diligentiam
3363 5751 3515 5793 corn-
