3968 6444
558 297 664 353 7ὅ5
1373 293 1665 353 APPEND.
1696 296 1790 351 AD
1828 294 2001 352 SEO.
2034 296 2125 350 IX.
2153 325 2224 335 —
2262 295 2515 355 ISIDORI
2543 299 2987 371 MERCATORIS
3697 302 3776 362 756

554 407 882 482 probantes,
925 413 983 463 et
1023 420 1143 479 qua:
1179 408 1480 462 coercenda
1526 417 1654 464 sunt
1703 423 2046 475 resecemus,
2088 416 2143 462 ct
2170 411 2219 467 Α
2250 409 2334 465 vel
2363 419 2637 467 momento
2672 428 2829 484 posse
2857 429 2963 469 non
2996 413 3187 470 credit.
3236 412 3568 471 Perdidtsset
3595 414 3713 474 latro
3737 422 3777 477 in

556 516 679 571 qua:
706 499 1043 555 observanda
1091 506 1216 554 sunt
1244 499 1574 555 sanciamus.
1622 501 1691 556 Et
1721 502 1970 572 quamvis
1999 502 2146 558 circa
2247 516 2410 557 cruce
2437 504 2715 573 pmmium
2739 505 2805 560 ad
2826 503 3027 561 Christi
3051 505 3323 561 dexteram
3344 505 3586 578 pendens
3604 508 3645 563 si
3664 511 3778 567 illum

558 589 849 661 longinqua
893 590 1192 661 spiritualis
1231 606 1361 646 cura
1402 607 1507 648 non
1539 592 1790 661 deﬁciat,
1819 597 1913 650 sed
1956 610 2014 650 se
2050 611 2148 666 per
2247 591 2406 647 unius
2435 592 2583 648 liora:
2606 594 2925 664 paenitentia
2982 611 3087 653 non
3114 596 3362 668 juvisset.
3406 596 3539 654 Cum
3577 610 3703 655 esset
3737 603 3779 659 iu

557 682 742 736 omnia
794 698 899 752 qua
946 697 1140 738 nomen
1190 683 1284 738 Dei
1331 685 1657 753 praedicatur
1708 686 2002 750 extendat,
2047 702 2147 743 nec
2244 693 2405 748 poena
2425 680 2705 751 {paenituit
2729 691 2785 739 et
2807 698 2906 754 per
2930 684 3090 740 unius
3118 686 3385 741 sermonis
3412 688 3778 758 promissionem

562 772 811 827 notitiam
849 781 1090 829 nostram
1119 774 1551 846 subterfugiunt,
1583 792 1700 847 quae
1730 778 1782 833 in
1807 782 2142 834 eversionem
2246 769 2613 827 habitaculum
2655 775 2892 844 paradisi
2945 775 3056 831 Deo
3103 777 3457 847 promittente
3510 784 3778 848 promeruit.

559 863 871 932 regularum
921 864 1148 921 novellae
1187 868 1622 938 praesumptionis
1669 870 1989 925 auctoritate
2024 880 2144 925 ten-
2248 860 2384 915 Vera
2417 878 2545 934 ergo
2569 864 2635 918 ad
2674 863 2964 921 Dominum
2994 867 3276 923 conversio
3313 868 3368 922 in
3404 867 3605 925 ultimis
3628 886 3781 942 pecca-

560 959 761 1006 tantur.
2246 958 2422 1006 torum
2445 963 2623 1008 mente
2649 955 2831 1024 potius
2857 967 2938 1012 est
2966 956 3344 1025 existimanda,
3370 973 3536 1027 quam
3567 968 3781 1032 tempore,

625 1042 669 1097 I.
728 1043 1026 1101 Didicimus
1070 1047 1217 1103 enim
1255 1049 1517 1119 quosdam
1568 1050 1782 1106 Domini
1833 1054 2146 1109 sacerdotes
2244 1045 2503 1114 ρτοριιειει
2550 1047 2652 1103 hoc
2690 1048 2872 1104 ialilei‘
2901 1058 3177 1105 θεεεΐεῐιιθ
3223 1069 3237 1104 ε
3288 1069 3307 1102 ε
3355 1049 3496 1106 Cum
3539 1067 3782 1112 conversus

555 1132 931 1202 superstitioso
970 1136 1150 1205 potius
1193 1138 1359 1194 cultui
1390 1139 1652 1195 inservire
1675 1181 1692 1208 ,
1740 1156 1901 1211 quam
1949 1144 2144 1198 mentis
2247 1137 2594 1209 ingemueris,
2621 1148 2749 1197 tunc
2787 1141 2968 1198 salvus
2998 1141 3126 1198 eris.
3165 1163 3183 1195 ι
3225 1141 3359 1200 Cum
3395 1159 3527 1216 ergo
3571 1146 3782 1203 Dominus

553 1223 639 1279 vel
666 1224 788 1281 ﬁdei
817 1227 1058 1295 puritati.
1092 1227 1197 1284 Sed
1225 1246 1329 1286 non
1361 1231 1556 1287 mirum
1588 1232 1632 1287 si
1664 1242 1853 1288 contra
1883 1234 2140 1292 ecclesia—
2244 1229 2316 1282 Sit
2352 1229 2532 1284 cordis
2577 1231 2849 1301 inspector
2876 1232 3067 1301 quovis
3100 1240 3344 1303 tempore
3389 1249 3498 1289 non
3541 1243 3620 1289 est
3654 1234 3780 1291 dene-

553 1316 749 1373 sticum
797 1335 1005 1376 morem
1033 1321 1274 1389 faciunt,
1319 1324 1409 1394 qui
1443 1324 1495 1379 in
1527 1308 1771 1381 Ecclesia
1806 1343 1912 1381 non
1953 1343 2141 1385 creve-
2244 1320 2419 1389 gandi!
2474 1322 2792 1391 poenilt’nlia
2822 1322 3143 1394 postulanti
3179 1363 3195 1387 ν
3240 1337 3364 1378 cum
3411 1323 3504 1379 ille
3542 1339 3598 1379 se
3627 1324 3783 1397 obliget

554 1415 716 1475 runt,
769 1408 865 1465 sed
894 1411 963 1466 ab
1005 1412 1112 1467 alio
1154 1414 1434 1470 venientes
1472 1415 1665 1471 itinere
1707 1431 1892 1472 secum
1931 1418 2046 1474 hinc
2087 1419 2140 1474 in
2238 1413 2410 1483 jlldiCi
2436 1454 2450 1477 .
2481 1414 2565 1469 cui
2594 1414 2805 1469 occulta
2838 1416 3018 1470 omnia
3050 1415 3260 1470 noverit
3289 1414 3543 1470 revelari.

554 1496 857 1569 Ecclesiam
878 1542 892 1566 ,
947 1518 1070 1573 qua:
1101 1505 1156 1558 in
1201 1504 1308 1559 alia
1350 1507 1765 1564 conversatione
1809 1509 2140 1577 habuerant,
2313 1503 2400 1558 lll.
2429 1502 2720 1560 Ordinatos
2744 1518 2875 1559 vero
2908 1504 3170 1573 quosdam
3197 1544 3213 1570 ,
3243 1503 3446 1560 fratres
3484 1505 3781 1573 charissimi,

554 1590 874 1661 intulerunt,
905 1597 1090 1652 amicti
1117 1597 1280 1668 pallio
1297 1608 1351 1654 et
1381 1599 1595 1656 lumbos
1621 1602 1896 1669 praecincti
1916 1605 2144 1659 credunt
2242 1596 2544 1667 episcopos,
2571 1596 2662 1667 qui
2694 1596 2855 1651 nullis
2877 1596 3263 1652 ecclesiasﬁcis
3291 1596 3577 1652 ordinibus
3604 1597 3662 1652 ad
3697 1609 3785 1653 tau-

551 1690 753 1739 sancta:
788 1684 1083 1756 Scriptura:
1111 1688 1270 1744 ﬁdem
1291 1730 1305 1753 ,
1347 1705 1454 1746 non
1482 1707 1580 1759 per
1607 1692 1854 1761 spiritum
1880 1734 1896 1759 ,
1926 1694 2020 1749 sed
2045 1710 2141 1765 per
2246 1694 2313 1739 ta:
2332 1686 2610 1757 dignitatis
2631 1685 2905 1758 fastigium
2929 1686 3131 1742 fuerint
3157 1686 3387 1742 instituti
3412 1686 3781 1742 contraPatrum

554 1769 766 1827 literam
798 1776 1194 1846 complexuros.
1225 1778 1361 1834 Nam
1407 1780 1451 1836 si
1489 1781 1557 1835 ad
1600 1782 1702 1837 hoc
1745 1783 1847 1837 ista
1870 1794 2121 1855 praecepti

2244 1778 2462 1834 decreta
2499 1778 2659 1847 hujus
2690 1780 3074 1850 usurpatione,
3107 1780 3197 1851 qui
3248 1794 3308 1835 se
3334 1780 3446 1835 hoc
3495 1781 3784 1852 recognoscit

548 1874 675 1919 sunt
706 1874 762 1920 ut
793 1867 972 1923 taliter
995 1880 1368 1937 servarentur,
1389 1888 1489 1927 cur
1512 1889 1618 1930 non
1642 1875 1774 1929 ﬁunt
1800 1878 2003 1945 pariter
2022 1892 2142 1947 qua:
2240 1869 2435 1925 fecisse
2463 1870 2771 1939 didicimUS,
2801 1887 2924 1927 cum
2955 1873 3022 1929 ad
3059 1873 3439 1944 episcopatum
3464 1873 3548 1929 bis
3575 1874 3783 1944 gradibus

549 1966 874 2024 sequuntur,
930 1968 988 2015 ut
1039 1960 1277 2018 lucerna:
1330 1965 1584 2021 ardentes
1633 1966 1686 2021 in
1735 1969 1986 2026 inanibus
2032 1987 2137 2027 una
2240 1961 2678 2031 frequentissime
2721 1973 2937 2018 cautum
2977 1978 3096 2020 esse
3122 1964 3341 2020 deberet
3368 1964 3783 2034 perveniri,uta

547 2060 673 2100 cum
722 2048 915 2105 baculo
946 2055 1266 2109 teneantur?
1296 2053 1544 2111 Habeant
1596 2065 1777 2113 autem
1829 2074 1984 2115 suum
2038 2061 2140 2118 ista
2240 2051 2542 2108 minoribus
2561 2053 2756 2109 initiati
2779 2052 2970 2109 officiis
2993 2055 3061 2109 ad
3087 2053 3292 2123 majora
3322 2054 3627 2109 ﬁrmentur.
3648 2055 3779 2110 Debet

549 2139 870 2208 mysterium
916 2151 971 2197 et
1019 2143 1443 2216 intelligentibus
1501 2147 1578 2201 ita
1614 2148 1761 2203 clara
1792 2158 1912 2204 sunt
1938 2192 1953 2215 ,
1981 2160 2041 2205 ut
2075 2167 2138 2206 ea
2240 2138 2386 2196 enim
2415 2151 2540 2197 301°
2568 2158 2691 2198 esse
2720 2143 3018 2215 ἀίεοῖρυιυε
3047 2144 3292 2215 (Ιυῖδίιυῖδ
3321 2144 3517 2200 domo"
3544 2160 3653 2200 055°
3671 2145 3780 2199 δθεῖ·

544 2231 719 2300 magis
759 2247 919 2302 quam
947 2236 1100 2291 decet
1128 2237 1523 2307 signiﬁcatione
1561 2248 1847 2295 serventur
1910 2240 2045 2295 Nam
2085 2242 2138 2297 in
2239 2234 2413 2299 derat,
2465 2243 2526 2289 ut
2563 2220 2735 2305 possit
2783 2233 2980 2289 docere
3027 2234 3173 2304 quod
3221 2234 3437 2290 didicit.
3470 2234 3646 2292 Omnis
3689 2236 3781 2290 vita:
3898 2232 3899 2281 l

545 2320 851 2379 lumborum
892 2328 1275 2396 przecinctione
1303 2331 1561 2397 castitas,
1594 2332 1648 2386 in
1674 2334 1867 2389 baculo
1898 2336 2112 2406 regimen

2240 2324 2506 2380 institutio
2542 2326 2645 2382 hac
2670 2326 2736 2380 ad
2788 2326 2840 2381 id
2870 2326 3015 2396 quod
3066 2326 3237 2380 tendit
3274 2340 3332 2381 se
3392 2326 3599 2381 ratione
3629 2325 3780 2380 conﬁr-

543 2415 834 2482 pastorale.
864 2415 921 2471 in
962 2418 1197 2477 lucernis
1224 2421 1541 2479 ardentibus
1578 2422 1707 2479 boni
1746 2425 1919 2496 fulgor
1959 2428 2139 2498 operis
2239 2423 2369 2469 "'31-
2397 2414 2495 2482 QUi
2545 2416 2766 2470 minime
2794 2415 2992 2471 Ῑίιιετίε
3013 2428 3238 2486 0901⁵³1ίὶ
3276 2417 3491 2472 dederit
3520 2425 3773 2487 Ρτεεοβίοτ

543 2504 833 2573 indicatur,
865 2510 932 2566 de
960 2528 1067 2580 quo
1094 2512 1292 2568 dicitur
1316 2531 1330 2568 :
1357 2533 1376 2566 ι
1410 2513 1502 2570 Sic
1529 2529 1692 2585 opera
1715 2526 1895 2572 vestra
1923 2518 2110 2575 lucean

2238 2522 2344 2561 non
2373 2516 2553 2578 potest
2576 2522 2696 2563 esse
2726 2507 3046 2562 litterarum.
3086 2506 3187 2574 Qui
3225 2523 3332 2562 non
3356 2523 3460 2578 per
3495 2507 3685 2579 singula
3703 2507 3775 2561 sti.

544 2601 757 2667 (Matth.
782 2620 836 2669 v,
864 2606 974 2676 16).
997 2627 1015 2658 ι
1039 2608 1250 2666 [labent
1271 2612 1627 2667 tamenistum
1652 2609 1879 2667 forsitan
1904 2613 2109 2668 cultum

2235 2599 2432 2668 pendia
2457 2599 2719 2664 creverit,
2753 2599 2820 2654 ad
2852 2600 3107 2654 meritum
3136 2599 3391 2673 ordinem
3436 2600 3670 2671 stipendii
3699 2614 3775 2653 nou

542 2706 748 2747 morem
767 2696 945 2763 potius
960 2711 1122 2766 quam
1142 2699 1406 2756 rationem
1436 2710 1744 2771 sequentes,
1760 2703 1851 2772 qui
1874 2706 2104 2760 remotio

2236 2695 2416 2756 potest
2482 2687 2787 2757 pervenire.
2849 2686 3037 2742 Solum
3097 2689 3471 2743 sacerdotium
3533 2689 3659 2743 inter
3701 2689 3773 2741 ista

542 2782 693 2837 ribus
713 2785 960 2843 habitant
982 2788 1114 2844 locis
1135 2830 1151 2855 ,
1173 2799 1227 2845 et
1249 2792 1432 2862 procul
1465 2808 1496 2847 a
1517 2794 1730 2850 czeteris
1750 2795 1969 2867 degunt,
1992 2797 2135 2850 unde
2238 2791 2368 2847 "030
2404 2777 2562 2867 Vili“
2602 2778 2719 2867 θδίῗ
2754 2776 2908 2845 θυοδ
2934 2776 3147 2834 “cuius
3197 2778 3459 2833 tribum"
3491 2794 3604 2834 cum
3632 2777 3777 2832 dimd'

549 2872 637 2926 hic
670 2874 888 2931 baliittts
924 2876 978 2932 in
1005 2879 1251 2935 ecclesiis
1299 2880 1628 2949 Gallicanis,
1655 2893 1715 2938 ut
1759 2866 1837 2939 tot
1872 2900 2116 2940 annorun

2236 2867 2340 2922 lius
2370 2866 2675 2936 impleatur.
2692 2866 2798 2922 Sed
2815 2867 2927 2936 jam
2956 2884 3061 2923 non
3085 2868 3332 2925 satisest
3354 2869 3526 2926 laicos
3558 2868 3772 2941 186m-

542 2973 928 3037 tantoruntqne
953 2970 1269 3038 pontiﬁcum
1298 2972 1351 3027 in
1383 2973 1612 3028 alterum
1639 2975 1882 3031 habitum
1911 2991 2109 3032 consue

2235 2958 2422 3013 dinare
2445 3000 2459 3025 ,
2491 2960 2633 3028 quod
2662 2950 2840 3013 nullus
2880 2958 2995 3015 ﬁeri
3027 2960 3161 3015 ordo
3195 2962 3445 3031 permitit
3472 3002 3487 3029 ,
3512 2962 3598 3016 sed
3646 2960 3770 3014 etiam

544 3053 671 3107 tudo
696 3064 959 3123 vertatur,
985 3060 1330 3116 discernendi
1355 3078 1384 3118 a
1408 3063 1565 3133 plebe
1592 3065 1677 3119 vel
1708 3068 1917 3122 caneris
1946 3082 2133 3123 sumus
2235 3063 2463 3117 ειυοτιηη
2526 3049 2755 3104 crimina
2826 3047 2982 3120 longe
3030 3049 3246 3120 Ιαιθτιυθ
3304 3067 3409 3122 l)er
3457 3067 3632 3108 omnes
3671 3063 3773 3119 llene

541 3145 782 3200 doctrina
815 3163 919 3201 non
940 3160 1111 3215 veste,
1135 3154 1547 3208 conversatione
1572 3169 1676 3209 non
1705 3156 1911 3223 habitu,
1935 3157 2108 3212 menti:

2235 3138 2537 3208 provincias
2584 3148 2711 3193 nota
2763 3149 2889 3194 sunt
2925 3140 3216 3210 pontiﬁces
3262 3142 3602 3197 ordinantur.
3627 3137 3771 3194 Daniel

541 3236 779 3305 puritate
811 3254 917 3295 non
945 3240 1113 3296 cultu.
1142 3241 1275 3297 Nam
1309 3243 1355 3299 si
1386 3244 1605 3302 studere
1632 3245 1954 3316 incipiamus
1979 3248 2131 3303 novi—
2230 3230 2372 3284 enim
2403 3245 2575 3300 “ulle”
2606 3230 2770 3285 missa
2805 3230 3069 3286 π’θιίὶιίοιιθ
3110 3247 3177 3287 εκ
3221 3233 3576 3289 orientalibus
3606 3232 3668 3285 ad
3699 3245 3768 3283 “05

540 3330 660 3392 tati,
686 3331 943 3386 traditum
976 3334 1132 3389 nobis
1160 3352 1187 3388 a
1213 3335 1463 3392 Patribus
1483 3338 1728 3393 ordinem
1755 3338 2088 3397 calcabimus
2111 3382 2127 3408 ,
2234 3321 2480 3393 Panibus
2510 3325 2578 3377 ab
2609 3323 2754 3377 omni
2783 3324 2926 3393 (1ηοά
2969 3334 3217 3380 temeri“
3244 3326 3518 3398 Virginum
3550 3334 3770 3380 “mnasm‘

540 3427 599 3471 nt
648 3419 825 3475 locum
881 3425 1235 3493 supervacuis
1295 3428 1772 3497 superstitionibus
1822 3429 2127 3498 faciamus,
2230 3416 2311 3470 rio
2352 3414 2576 3470 nefariis
2626 3424 2710 3471 est
2762 3415 3160 3486 objectionibus
3204 3409 3493 3475 accusatus
3540 3418 3683 3475 multa
3720 3415 3768 3468 de

540 3508 701 3564 rudes
738 3526 868 3581 ergo
914 3512 1149 3568 ﬁdelium
1196 3524 1406 3571 mentes
1450 3517 1517 3571 ad
1561 3518 1689 3572 talia
1722 3533 1827 3572 non
1871 3520 2129 3575 debemus
2230 3506 2415 3562 ῐηυιιίδ
2440 3506 2650 3576 σωθείη
2687 3506 2924 3580 ηπεῑιίίεο
2955 3509 3012 3565 Ῑη
3047 3527 3282 3580 quam“!
3311 3512 3511 3568 Ῐίὶῑθνυῑ
3542 3522 3767 3568 ierim“

465 3618 487 3641 ο
540 3596 813 3667 inducere,
848 3602 1077 3658 docendi
1119 3605 1263 3659 enim
1292 3605 1470 3675 potius
1492 3616 1618 3662 sunt
1644 3622 1808 3676 quam
1848 3607 2032 3664 illudet

2228 3606 2383 3666 parte
2428 3600 2715 3669 quiesitum
2770 3609 2885 3665 est,
2930 3610 2991 3656 ut
3028 3601 3073 3656 si
3129 3603 3457 3659 innocentiae
3503 3603 3763 3663 conﬁderet,

537 3686 649 3741 Nec
696 3689 1084 3760 imponendum
1119 3704 1203 3750 est
1247 3710 1435 3751 eorum
1472 3698 1673 3762 oculis,
1723 3699 1818 3755 sed
1857 3701 2130 3758 mentibus
2228 3701 2419 3748 contra
2500 3690 2764 3762 judicium
2834 3693 3166 3763 postulatum
3226 3695 3452 3750 minime
3504 3694 3763 3750 declinaret.

539 3776 866 3834 infundenda
898 3794 1173 3854 praecepta
1199 3795 1344 3840 sunt.
1368 3786 1777 3858 Erantquidem
1816 3790 1982 3845 multa
2009 3806 2129 3861 qua;
2228 3780 2404 3838 Missae
2448 3783 2515 3837 ad
2540 3782 2916 3837 Arelatensem
2970 3783 3282 3853 episcopum
3330 3800 3430 3856 per
3461 3784 3763 3839 Fortunatuui

537 3885 635 3937 pro
695 3870 983 3943 disciplina
1021 3878 1427 3944 ecclesiastica,
1476 3880 1561 3935 vel
1614 3880 1783 3950 ipsius
1830 3882 1907 3938 rei
1945 3883 2129 3939 dicere
2228 3872 2616 3929 subdiaconum
2649 3881 2892 3926 nostrum
2920 3873 3334 3942 praeceptioneS.
3368 3874 3519 3928 utad
3549 3869 3762 3943 iudicium

538 3961 748 4017 ratione
775 3978 1081 4033 possemus,
1109 3969 1204 4023 sed
1240 3968 1308 4023 ab
1345 3969 1430 4023 his
1458 3970 1527 4025 ad
1550 3969 1656 4025 alia
1685 3985 2027 4027 revocamur.
2227 3962 2594 4019 destinaretur
2613 3961 2936 4034 episcOpale.
2970 3962 3159 4017 Tantis
3190 3972 3447 4033 gravatus
3471 3956 3761 4019 testimoniis,

608 4051 670 4107 ll.
727 4054 1059 4125 Agnovimus
1109 4059 1255 4114 enim
1329 4061 1707 4130 ptenitentiam
1768 4063 2128 4121 morientibus
2229 4063 2379 4110 tanta
2410 4054 2726 4127 Lfacinorum
2771 4056 3117 4110 accusatione
3142 4054 3393 4125 pulsatus
3421 4067 3679 4111 sacrarum
3703 4047 3763 4119 (ut

537 4142 819 4213 denegari,
851 4162 951 4201 nec
976 4147 1189 4202 illorum
1219 4149 1503 4206 desideriis
1525 4152 1689 4206 annui
1719 4151 1813 4222 qui
1835 4153 2016 4209 obitus
2043 4156 2127 4210 sui
2227 4147 2446 4219 dicitur)
2482 4148 2751 4218 virginum
2792 4147 3030 4216 pollutus
3060 4147 3266 4203 incesto
3305 4148 3585 4219 episcopus
3609 4137 3761 4198 asseri-

541 4244 782 4304 Icmpore
810 4236 915 4292 hoc
940 4238 1133 4294 anima:
1163 4254 1272 4295 sua:
1292 4241 1515 4312 cupiunt
1543 4243 1785 4299 remedio
1814 4244 2123 4313 subveniri;
2227 4248 2315 4295 tur
2336 4238 2647 4306 ordinatus,
2672 4246 2729 4293 et
2764 4247 2823 4292 ut
2873 4237 2925 4292 in
2977 4238 3146 4294 nostri
3175 4237 3375 4295 libellis
3406 4236 3586 4295 scrinii
3621 4229 3757 4289 conti-

539 4326 845 4393 ltorremus,
876 4326 1069 4393 fateor,
1099 4332 1262 4385 tantae
1288 4331 1581 4403 impietatis
1606 4333 1839 4404 aliquem
1863 4336 2124 4405 reperiri,
2228 4342 2410 4399 netur,
2441 4347 2670 4404 quorum
2702 4332 2769 4385 ad
2804 4346 2902 4387 vos
2938 4347 3156 4402 quoque
3191 4321 3758 4402 exemplaria'direxeri—

538 4429 596 4471 ut
622 4420 688 4474 de
728 4419 822 4474 Dei
861 4421 1061 4490 pietate
1102 4423 1372 4493 chperet,
1411 4427 1567 4496 quasi
1616 4441 1723 4482 non
1760 4429 1932 4497 possit
1956 4430 2024 4484 ad
2064 4444 2124 4485 se
2151 4488 2194 4497 _
2230 4441 2374 4492 mus,
2421 4426 2476 4481 in
2507 4424 2768 4496 pontiﬁcii
2797 4424 3115 4496 dignitatem
3159 4425 3266 4480 ltoc
3306 4432 3545 4495 tempore
3586 4434 3677 4491 quo
3706 4411 3754 4467 ad

537 4510 731 4577 quovis
759 4504 1003 4582 tempore
1042 4507 1390 4570 concurrenti
1432 4532 1754 4574 succurrere
1781 4560 1795 4585 ,
1829 4529 1887 4589 et
1906 4488 2202 4591 pericii-D
2228 4534 2447 4575 causam
2516 4518 2801 4574 dicendam
2862 4518 3042 4573 missis
3093 4532 3124 4571 a
3181 4517 3338 4573 nobis
3388 4515 3576 4572 litteris
3630 4521 3753 4564 voca-

537 4610 738 4655 tantcm
778 4604 879 4659 sub
933 4619 1099 4659 onere
1136 4616 1479 4675 peccatorum
1536 4608 1809 4665 hominem
1854 4612 2121 4668 redimere
2227 4612 2388 4666 batur
2413 4652 2426 4676 ,
2481 4610 2751 4680 obrepsit,
2784 4623 2942 4664 sacro
2976 4608 3181 4663 nomini
3226 4609 3369 4664 absit
3408 4604 3607 4679 injuria.
3634 4596 3750 4652 'Fn-

535 4707 644 4762 quo
674 4708 732 4749 se
778 4693 853 4749 illi
891 4697 1133 4767 expediri
1173 4697 1446 4753 desiderat
1475 4709 1531 4755 et
1557 4700 1819 4757 liberari?
1857 4702 1996 4770 Quid
2018 4704 2122 4760 hoc
2227 4703 2385 4758 cilius
2454 4709 2537 4757 est
2586 4711 2643 4756 ut
2711 4703 2850 4756 hanc
2906 4701 3221 4771 dignitatem
3301 4700 3395 4755 tali
3468 4696 3626 4755 dando
3671 4692 3754 4758 ipse

537 4805 668 4860 rogo
696 4790 842 4847 aliud
871 4807 1032 4863 quam
1074 4794 1325 4849 morienti
1360 4804 1588 4850 mortem
1633 4797 1863 4862 addere,
1898 4795 2121 4867 ejusque
2228 4793 2478 4848 amiserit
2535 4792 2835 4855 ordinatus,
2866 4806 3027 4861 quam
3078 4806 3198 4845 eam
3228 4789 3469 4846 obtineat
3505 4786 3746 4844 ordinatus.

539 4884 776 4937 animam
806 4899 903 4939 sua
934 4882 1256 4939 credulitate
1284 4900 1353 4939 ne
1381 4885 1587 4940 absolvi
1624 4886 1795 4957 possit
1839 4888 2115 4952 occidere,
2228 4886 2328 4942 Cui
2377 4886 2627 4941 convicto
2678 4883 2974 4939 sociabitur
3019 4884 3109 4954 qui
3141 4884 3246 4939 sibi
3283 4899 3406 4938 cum
3434 4876 3640 4939 credidit
3672 4871 3752 4968 lar-

537 4990 662 5028 cum
709 4975 851 5029 Deus
904 4975 970 5029 ad
1018 4975 1442 5031 subveniendum
1512 4978 1583 5031 sit
1635 4979 2013 5047 paratissimus
2067 4987 2123 5035 et
2229 4976 2425 5049 gicndo
2454 4974 2789 5046 pontiﬁcium
2834 4974 3173 5030 sociandnm.
3199 4973 3386 5043 Qualis
3415 4966 3749 5058 enimipsciil

538 5064 774 5121 invitans
818 5066 885 5120 ad
932 5066 1308 5135 paenitentiam
1359 5069 1438 5124 sic
1485 5069 1767 5138 promittat
1805 5070 2119 5141 peccatori,
2228 5066 2477 5137 quisquis
2524 5064 2686 5119 talem
2737 5064 3070 5119 ordinaverit
3113 5064 3373 5119 ostendit.
3431 5062 3520 5116 His
3567 5061 3748 5148 ετεοοιιξ

539 5155 749 5221 inquit.
782 5176 800 5207 ί
833 5172 1157 5227 quacunque
1192 5159 1281 5215 die
1327 5175 1623 5216 conversus
1680 5160 1862 5223 fuerit.
1897 5170 2121 5230 peccata
2229 5157 2465 5213 medium
2508 5170 2651 5210 nunc
2681 5153 2957 5218 deductis,
2990 5169 3113 5208 cum
3143 5153 3385 5224 plerique
3410 5158 3627 5207 nostrum
3666 5142 3747 5193 sint

536 5244 656 5315 ejus
676 5251 797 5302 ’non
836 5251 1243 5318 imputabutttur
1273 5253 1321 5308 ci
1357 5250 1577 5325 (Ezeclt.
1605 5270 1812 5319 xxxiii,
1850 5255 1970 5323 l2);
2007 5276 2026 5308 ι
2067 5265 2124 5312 et
2229 5252 2319 5322 qui
2352 5248 2661 5320 apostolica:
2692 5247 2848 5303 Sedis
2889 5256 3090 5302 statuta
3132 5246 3480 5317 cognoverint
3517 5234 3743 5295 nobiscum

538 5338 738 5396 iterum
787 5359 801 5395 :
858 5359 875 5391 ι
933 5341 1067 5397 ΝοΙο
1112 5352 1339 5399 mortem
1396 5346 1739 5415 peccatoris,
1783 5345 1878 5401 sed
1910 5353 2118 5400 tantum
2230 5351 2472 5412 tempore
2519 5338 2794 5409 aliquanto
2832 5336 3033 5391 versati
3090 5336 3156 5391 ad
3205 5335 3492 5406 disciplima
3547 5329 3740 5422 normfl'“

536 5439 886 5488 convertatur
928 5439 982 5488 ct
1026 5432 1170 5487 vivat
1197 5434 1413 5503 (Ezech.
1444 5451 1644 5496 xvittii.
1675 5435 1787 5502 ll).
1830 5454 1848 5487 ›
1877 5433 2117 5490 Salutem
2228 5431 2427 5488 nostris
2476 5436 2742 5486 conventa
2772 5425 3247 5482 exhortationibus
3277 5427 3451 5481 omnia
3486 5417 3741 5477 fraternitas

537 5538 668 5595 ergo
693 5523 897 5580 homini
929 5524 1139 5589 adimit,
1170 5526 1417 5597 quisquis
1457 5527 1648 5583 mortis
1678 5535 1917 5597 tempore
1945 5525 2123 5596 pmni-
2224 5532 2406 5580 vestra
2439 5521 2659 5578 festinet
2685 5534 2963 5575 revocare.

539 5613 763 5669 tentiam
822 5614 1185 5686 denegaverit.
1233 5614 1302 5670 Et
1349 5617 1655 5688 desperavit
1695 5617 1762 5672 de
1833 5614 2116 5673 clementia
2293 5616 2383 5674 Ν.
2430 5615 2669 5671 Primum
2707 5613 2861 5685 juxta
2893 5628 3158 5668 canonum
3213 5613 3422 5669 decreta
3468 5601 3737 5690 unaqne‘l'l"

538 5701 667 5776 θρίξ,
703 5706 792 5777 Ψιί
828 5723 950 5763 eum
986 5708 1053 5764 ad
1086 5708 1507 5763 subveniendum
1538 5708 1791 5766 morienti
1836 5706 2112 5775 sutIicere,
2224 5704 3307 5783 provinciasuometropolitanocontenta
3330 5693 3738 5769 sit,utdccessorts
