3832 5364
136 125 249 183 757

1340 122 1828 181 DECRETALIUM
1850 114 2248 179 COLLEC'I‘IO.

3309 130 3413 188 758

136 241 314 298 nostri
359 240 481 312 data
534 241 603 296 ad
652 238 1061 296 Narbonensem
1090 239 1404 312 episcopum
1448 239 1727 295 continent
1756 235 1963 304 AData
2013 250 2086 289 vn
2124 234 2349 290 Kalend.
2392 235 2618 305 Augusti
2676 238 2853 295 Felice
2901 248 2956 295 et
3001 240 3179 297 Tauro
3219 257 3417 302 consu-

134 334 409 401 instituta,
457 349 560 390 nec
591 333 927 405 usurpationi
970 334 1121 391 locus
1159 332 1320 391 alicui
1370 332 1640 391 sacerdoti
1672 332 1726 387 in

135 423 366 480 alterius
429 424 761 480 concedatur
828 425 1100 496 iniuriam.
1158 424 1241 480 Sit
1298 425 1571 483 concessis
1625 424 1728 479 sibi

134 522 433 571 contentus
482 515 855 585 unusquisque
921 514 1227 582 limitibus,
1283 516 1422 571 alter
1474 517 1525 570 in
1597 514 1730 569 alte-

134 604 256 661 rius
303 604 576 676 provincia
632 604 770 660 nihil
825 614 1159 675 praesumat,
1210 620 1312 661 nec
1363 604 1605 660 emeritis
1673 604 1726 657 in

134 695 256 752 suis
310 695 555 752 ecclesiis
604 696 877 766 peregrini
918 703 976 751 et
1016 695 1284 762 extranei,
1340 703 1394 749 et
1446 695 1538 765 qui
1602 703 1729 749 ante

131 785 371 856 ignorati
400 794 527 843 sunt
552 787 619 841 ad
643 786 1011 842 exclusionem
1036 799 1224 841 eorum
1248 786 1341 856 qui
1360 788 1497 841 bene
1524 784 1590 841 de
1612 802 1732 841 suo-

134 892 265 932 rum
313 878 513 934 civium
545 886 826 934 merentur
874 879 1181 934 tcstimonio
1210 885 1613 948 prmponanlur,
1660 891 1729 931 ne

130 980 342 1022 novum
371 969 638 1039 quoddam
668 968 734 1025 de
760 984 868 1039 quo
891 968 1128 1040 episcopi
1156 969 1289 1024 fiant
1329 968 1577 1023 videatur
1610 982 1729 1023 esse

129 1055 457 1130 collegium;

208 1169 276 1226 ν.
323 1169 516 1227 Nullus
554 1171 738 1227 invitis
764 1172 923 1246 detur
952 1173 1235 1245 episcopus
1264 1191 1278 1228 :
1315 1172 1446 1229 cleri
1478 1173 1648 1245 plebis
1674 1182 1729 1230 et

126 1259 346 1315 ordinis
382 1276 677 1317 consensus
724 1270 778 1318 ct
831 1262 1158 1317 desiderium
1207 1264 1539 1335 requiratur.
1578 1262 1730 1318 Tunc

127 1348 276 1406 alter
304 1352 373 1408 de
395 1352 563 1409 altera
593 1353 825 1424 eligatur
847 1354 1099 1419 ecclesia,
1133 1354 1268 1410 side
1295 1354 1534 1410 civitatis
1559 1355 1729 1423 ipsius

126 1439 285 1495 clero
323 1442 412 1497 cui
454 1452 536 1497 est
580 1443 867 1513 episcopus
912 1444 1261 1506 ordinandus,
1326 1445 1504 1500 nullus
1534 1445 1729 1515 dignus

128 1529 307 1602 (quod
336 1532 554 1587 evenire
594 1549 703 1589 non
746 1534 1037 1605 credimus)
1064 1536 1301 1605 potuerit
1330 1536 1578 1606 reperiri.
1604 1534 1724 1589 Pri~

1828 325 1990 381 libus.

1830 414 2066 486 Epistola
2104 416 2217 486 ejus
2242 416 2337 470 ἐιη
2361 416 2657 542 οωιιὲξῖιὺ
2673 438 2739 505 (ια
2792 421 3055 477 eniscooos
3111 422 3318 479 Aouliw
3363 433 3414 479 et

2034 530 2043 538 .
2540 507 2570 541 α
2595 508 2624 542 α
2663 507 2779 542 ιἰιε.

2540 507 2779 545 amoma.

1900 578 1950 630 l.
2007 574 2160 643 Quod
2197 576 2325 630 nulli
2374 579 2719 635 sacerdotum
2766 580 2933 637 liceat
2985 597 3221 641 canones
3268 585 3416 656 ignoo

1830 680 1887 717 Γέὶ
1895 679 1971 719 re.

1895 757 1952 812 2.
1985 756 2137 823 Quod
2190 774 2294 812 non
2330 769 2575 828 oporteat
2630 761 2843 819 clericis
2894 766 3247 823 ecclesiam
3275 781 3425 826 con-

1829 848 2046 919 temptis
2067 850 2133 903 de
2160 849 2317 915 laicis
2343 852 2624 922 episcopos
2653 856 2927 911 ordinare.

1898 939 1951 994 5.
1979 938 2130 1006 Quod
2161 940 2436 996 docendus
2460 943 2530 998 sit
2553 943 2782 1014 pupulus
2804 960 2910 1001 non
2943 948 3272 1018 sequendus.

1898 1030 2029 1087 Car.
2053 1030 2089 1086 Ι.
2109 1032 2467 1088 υωιεδτιιωε
2489 1035 3033 1107 universis'episcopis
3058 1038 3415 1109 perApuliam
3452 1089 3457 1095 .

1828 1128 1884 1174 et
1897 1119 2199 1175 Calabriam
2210 1122 2541 1178 constitutis.
2563 1122 2702 1179 Nulli
2718 1126 2986 1181 sacerdoti
3011 1126 3421 1185 liccatcanones

1830 1212 2098 1281 ignorare,
2129 1228 2231 1269 nec
2255 1229 2584 1284 quemquam
2612 1214 2796 1272 facere
2817 1218 2960 1287 quod
2990 1217 3212 1274 Patrum
3242 1217 3419 1288 possit

1829 1302 2028 1373 regulis
2065 1303 2305 1358 obviare.
2354 1303 2483 1371 Qum
2529 1305 2672 1359 enim
2717 1322 2745 1359 a
2798 1305 2955 1361 nobis
2996 1322 3084 1365 res
3130 1307 3289 1376 digna
3335 1320 3455 1361 re-.

1829 1394 2168 1456 servabitur,
2227 1394 2273 1449 si
2331 1394 2681 1450 decretalium
2741 1413 2932 1453 norma
2998 1397 3420 1453 constitutorum

1830 1501 1927 1555 pro
1955 1486 2259 1557 aliquorum
2290 1487 2444 1543 libitu
2486 1488 2703 1543 licentia
2734 1490 2948 1560 populis
2975 1489 3239 1560 permissa
3269 1489 3419 1545 fran-

126 1587 289 1677 ἰιῖυηι
340 1622 488 1679 enim
538 1623 614 1678 illi
677 1587 1224 1695 reprobandiusunt,
1290 1634 1352 1681 ut
1391 1587 1581 1696 raliqui
1658 1625 1726 1681 de

1861 1587 2007 1633 atur.

1898 1672 1937 1696 Π
1995 1672 2007 1696 Α

127 1712 333 1769 alienis
373 1713 615 1770 ecclesiis
644 1715 840 1770 merito
885 1713 1264 1786 prmferantur.
1314 1716 1516 1772 llabeat
1561 1731 1726 1772 unus-

128 1804 373 1875 quisque
394 1802 629 1860 fructum
659 1822 770 1862 sua:
792 1807 997 1862 militia:
1020 1808 1074 1862 in
1092 1808 1322 1864 ecclesia
1354 1809 1409 1864 in
1439 1827 1544 1880 qua
1575 1825 1726 1865 suam

130 1907 240 1963 per
271 1894 457 1948 omnia
486 1893 661 1950 otIicia
711 1895 973 1967 transegit
1019 1906 1255 1951 aetatem.
1294 1896 1350 1951 lu
1400 1898 1574 1952 aliena
1632 1898 1731 1952 sti-

129 1982 334 2051 pendia
413 1983 636 2040 minime
686 1984 826 2040 alter
894 1986 1162 2059 obrepat,
1212 2003 1314 2044 nec
1362 1988 1453 2043 alii
1490 1989 1726 2045 debitam

135 2073 277 2129 alter
325 2075 429 2130 sibi
460 2075 655 2131 audeat
692 2077 980 2134 vendicare
1007 2081 1336 2136 mercedem.
1390 2080 1474 2137 Sit
1500 2082 1731 2139 facultas

140 2162 352 2220 clericis
404 2165 674 2222 renitendi
726 2167 771 2222 si
844 2183 903 2225 se
954 2168 1192 2225 viderint
1246 2174 1615 2243 prtrgravari,
1675 2186 1732 2230 et

143 2266 281 2321 quos
296 2252 397 2309 sibi
416 2253 587 2324 ingeri
609 2270 677 2311 ex
699 2264 1010 2314 transverso
1038 2261 1354 2330 agnoverint
1378 2277 1482 2317 non
1506 2263 1730 2320 timeant

138 2343 396 2411 refutare,
441 2347 533 2415 qui
560 2345 607 2403 si
638 2362 745 2403 non
776 2348 1019 2404 debitum
1053 2352 1332 2421 praemium
1384 2352 1469 2407 vel
1500 2353 1728 2411 liberum

135 2432 207 2489 de
251 2448 319 2490 eo
365 2450 461 2491 eos
512 2437 606 2507 qui
658 2448 908 2494 recturus
955 2448 1041 2495 est
1094 2440 1294 2497 debent
1340 2441 1541 2500 habere
1582 2446 1728 2518 judi-

134 2541 308 2582 cnim.

209 2637 302 2693 Vl.
339 2638 696 2697 Abstineatur
731 2644 895 2700 etiam
919 2644 989 2700 ab
1016 2645 1221 2704 illicitis
1269 2650 1724 2708 ordinationibus.

129 2726 334 2786 Nullus
379 2746 446 2786 ex
492 2733 679 2799 Iaicis,
731 2734 910 2790 nullus
960 2736 1225 2807 digamus,
1282 2741 1463 2796 nullus
1516 2742 1608 2812 qui
1661 2743 1730 2797 sit

132 2819 323 2875 viduae
348 2823 576 2879 maritus
602 2832 695 2880 aut
722 2823 891 2880 fuerit
915 2827 1220 2895 ordinetur,
1267 2830 1360 2886 sed
1386 2833 1731 2903 irreprehcn-

136 2912 322 2969 sibilis
349 2923 406 2969 et
441 2914 655 2986 qualem
686 2917 849 2988 elegit
895 2919 1172 2987 apostolus
1220 2921 1331 2976 fiat.
1362 2922 1469 2979 Per
1508 2923 1726 2996 Moysen

132 3003 407 3060 Dominus
442 3006 699 3077 praecepit
749 3026 763 3062 :
822 3027 842 3060 ‹
896 3007 1172 3082 Virginem
1203 3012 1436 3083 accipiat
1474 3030 1731 3072 saceruos

133 3111 373 3152 morem
405 3095 591 3167 (Leuit.
640 3114 754 3164 xxx,
787 3099 897 3167 l5).
952 3120 973 3154 ι
1018 3101 1380 3174 Subsequitur
1423 3113 1480 3161 et
1521 3106 1732 3176 supplet

133 3187 439 3258 Apostolus
491 3190 680 3244 eodem
733 3190 947 3247 locutus
993 3192 1207 3263 spiritu,
1265 3214 1286 3247 ‹
1337 3196 1497 3251 unius
1548 3196 1733 3252 uxoris

131 3276 324 3331 virum
354 3276 664 3350 episcopum
691 3280 890 3336 debere
910 3283 1218 3339 consecrari
1244 3282 1294 3353 (1
1322 3283 1455 3339 Tim.
1482 3301 1566 3352 ιιι,
1596 3285 1675 3357 2).
1708 3306 1727 3340 i

132 3367 226 3423 Ad
255 3368 398 3425 hanc
425 3384 555 3442 ergo
602 3370 874 3441 eligantur
899 3373 1188 3429 formulam
1219 3376 1552 3443 sacerdotes,
1597 3388 1650 3432 et
1687 3378 1733 3433 si

132 3475 268 3533 qua:
311 3459 469 3517 facta:
497 3463 1014 3522 suntordinationes
1056 3466 1275 3532 illicite,
1306 3478 1731 3524 removeantur:

134 3551 401 3622 quoniam
469 3561 617 3609 stare
667 3569 772 3610 non
829 3565 1096 3625 possunt,
1169 3573 1272 3613 nec
1337 3558 1735 3617 discussionem

135 3649 390 3697 nostram
436 3643 813 3715 subterfugere
856 3654 1130 3716 poterunt,
1170 3647 1419 3718 quamvis
1457 3648 1630 3705 latere
1677 3667 1734 3707 se

137 3731 421 3787 aestimant
446 3734 539 3803 qui
594 3734 775 3791 taliter
827 3749 1231 3817 pervenerunt;
1262 3749 1319 3795 et
1352 3748 1410 3796 ut
1434 3742 1578 3796 nulla
1616 3743 1736 3796 reli-

137 3822 321 3895 gionis
350 3827 653 3882 reverentia
677 3828 1011 3885 obscuritate
1056 3829 1289 3895 fucetur,
1340 3848 1447 3890 non
1498 3835 1571 3889 sit
1598 3851 1736 3890 vana

138 3912 467 3984 glorificatio
483 3918 741 3988 palliatis,
762 3920 1126 3992 episc0palem
1149 3938 1355 3979 morem
1378 3925 1470 3995 qui
1495 3927 1736 3999 episcopi

140 4014 277 4060 sunt
323 4015 640 4076 sequantur.
688 4009 897 4076 Daniel,
950 4020 1009 4066 ut
1058 4012 1314 4081 diximus,
1366 4016 1459 4085 qui
1507 4032 1734 4073 accusa-

144 4091 352 4149 tionem
390 4096 689 4165 pontiﬁcali
735 4099 942 4155 honore
978 4100 1356 4175 subterfugere
1400 4120 1460 4161 se
1506 4107 1740 4163 credidit

146 4198 333 4257 posse,
387 4195 444 4244 et
488 4190 558 4244 ad
608 4189 883 4263 fastigium
941 4201 1147 4248 tantum
1204 4204 1556 4254 accusatores
1609 4215 1737 4256 suos

144 4272 373 4348 latendo
403 4282 672 4350 pervenit,
716 4297 747 4337 a
777 4284 1085 4341 sanctitatis
1117 4296 1312 4343 vestrae
1340 4299 1484 4344 coetu
1516 4290 1734 4346 interim

146 4371 365 4424 noverit
428 4380 768 4444 segregatum
816 4376 910 4447 qui
963 4392 1022 4432 se
1072 4390 1262 4434 nostro
1304 4379 1512 4450 judicio
1577 4383 1738 4439 debet

146 4459 415 4531 obiicere,
466 4465 514 4521 si
557 4467 902 4525 conscientiae
952 4486 1064 4527 sua:
1111 4472 1260 4527 novit
1304 4473 1556 4531 fiduciam
1596 4478 1736 4531 obti-

145 4569 301 4611 nere.
337 4554 682 4615 Massiliensis
714 4574 840 4617 vero
864 4562 1107 4620 ecclesiae
1127 4566 1384 4621 sacerdos
1414 4569 1506 4638 qui
1539 4567 1739 4623 dicitur

148 4643 324 4716 (quod
383 4647 528 4704 dictu
584 4650 741 4707 nefas
799 4652 902 4725 est)
960 4653 1012 4709 in
1074 4669 1261 4711 necem
1311 4657 1497 4714 fratris
1558 4658 1738 4713 taliter

145 4733 470 4803 gratulatus,
520 4748 582 4794 ut
636 4741 762 4796 huic
813 4743 907 4814 qui
956 4744 1073 4815 ejus
1107 4747 1371 4818 sanguine
1420 4755 1735 4804 cruentatus

145 4824 447 4880 advenerat
491 4829 795 4899 portionem
843 4849 966 4888 cum
998 4836 1186 4890 eodem
1234 4837 1521 4895 habiturus
1550 4853 1741 4892 oecur-

143 4921 329 4979 reret,
344 4929 406 4970 ex
430 4929 609 4975 vestro
630 4922 1102 4993 cumlaudiendutn
1144 4925 1373 4997 collegio
1399 4928 1732 4999 delegamus.

1898 1672 1960 1725 I.
1986 1672 2303 1728 Audivimus
2335 1673 2599 1742 quasdam
2632 1675 2871 1744 propriis
2907 1675 3205 1729 destitutas
3238 1681 3422 1727 recto-

1830 1763 1979 1818 ribus
2011 1764 2261 1819 civitates
2302 1765 2582 1836 episcopos
2622 1766 2723 1821 sibi
2771 1765 2909 1821 velle
2937 1774 3121 1836 petere
3152 1767 3218 1820 de
3243 1764 3419 1827 laicis,

1832 1866 2148 1928 tantumque
2192 1858 2467 1929 fastigium
2501 1866 2610 1913 tam
2663 1859 2767 1915 vile
2809 1859 3058 1924 credere,
3106 1867 3165 1911 ut
3204 1859 3307 1912 hoc
3336 1855 3425 1910 his

1830 1950 1921 2021 qui
1948 1963 2053 2005 non
2088 1950 2221 2016 Deo,
2248 1951 2344 2006 sed
2377 1950 2575 2006 saeculo
2619 1950 2993 2014 militaverint,
3015 1951 3285 2006 aestiment
3315 1964 3421 2002 non

1830 2058 1993 2114 posse
2025 2043 2295 2108 conferre,
2338 2058 2442 2099 non
2485 2042 2658 2099 solum
2698 2042 2838 2098 male
2863 2043 2928 2097 de
2950 2043 3070 2097 suis
3107 2040 3321 2096 clericis
3366 2038 3423 2091 in

1835 2148 2067 2202 quorum
2113 2140 2482 2203 contemptum
2515 2132 2616 2188 hoc
2654 2132 2861 2188 faciunt
2880 2129 3209 2199 judicantes,
3237 2128 3331 2184 sed
3356 2125 3427 2181 de

1832 2227 1990 2282 nobis
2018 2226 2270 2296 pessime,
2305 2228 2444 2295 qdos
2481 2225 2713 2281 credunt
2743 2225 2847 2280 hoc
2868 2239 3028 2293 posse
3075 2222 3257 2276 facere
3302 2233 3425 2274 sen-

1833 2318 2049 2372 tientes.
2074 2316 2225 2383 Quod
2248 2332 2521 2387 nunquam
2544 2316 2825 2382 auderent,
2857 2317 3033 2372 sinon
3064 2314 3425 2385 quorumdam

1832 2408 2034 2465 illicitis
2066 2409 2413 2464 consentiens
2456 2409 2727 2464 sententia
2766 2407 3138 2480 coniungeret.
3185 2407 3261 2461 lta
3290 2403 3424 2459 nihil

1832 2520 1953 2574 qua:
1975 2504 2310 2574 frequentius
2330 2511 2455 2558 sunt
2476 2504 2689 2558 decreta
2720 2503 3025 2572 proficiunt,
3042 2510 3110 2555 'nt
3136 2501 3241 2556 hoc
3264 2496 3424 2569 quasi

1832 2611 2109 2666 nunquam
2157 2597 2224 2651 de
2265 2595 2369 2650 hac
2409 2605 2563 2666 parte
2611 2595 2875 2664 scriptum
2925 2593 3091 2649 fuerit
3122 2592 3422 2660 ignoretur.

1833 2687 1973 2755 Quid
2027 2690 2274 2758 proderit
2320 2703 2421 2758 per
2465 2688 2675 2760 singula
2707 2688 2942 2743 clericos
2968 2686 3230 2758 stipendia
3286 2682 3428 2737 mili-

1833 2787 1999 2844 tasse,
2025 2788 2080 2834 et
2100 2794 2317 2834 omnem
2341 2780 2520 2850 egisse
2549 2780 2604 2835 in
2634 2779 2934 2835 Dominicis
2962 2779 3159 2835 castris
3187 2784 3421 2832 aetatem.

1834 2868 1880 2924 si
1926 2868 1981 2923 hi
2008 2870 2100 2938 qui
2132 2868 2411 2939 praefuturi
2445 2878 2661 2924 suntex
2709 2870 2863 2924 laicis
2917 2869 3288 2939 requirantur.
3322 2863 3428 2932 Qui

1757 2965 1802 3026 C
1834 2966 2094 3013 vacantes
2141 2958 2341 3014 saeculo
2385 2968 2439 3014 et
2466 2974 2682 3014 omnem
2712 2959 3144 3015 ecclesiasticum
3172 2957 3422 3012 ordinem

1832 3050 2158 3115 nescientes,
2198 3050 2336 3104 saltu
2367 3051 2587 3120 proprio
2634 3050 2687 3104 in
2728 3050 2966 3104 alienum
3019 3051 3282 3104 honorem
3312 3061 3431 3102 am-

1832 3137 1987 3193 biunt
2030 3139 2389 3194 immoderata
2450 3140 2747 3208 cupiditate
2800 3140 3210 3201 transcendere,
3258 3146 3316 3190 et
3371 3135 3426 3188 in

1833 3227 1976 3281 aliud
2004 3228 2129 3283 vita:
2183 3244 2373 3298 genus,
2420 3230 2629 3285 calcata
2682 3229 2985 3284 reverentia
3034 3225 3426 3283 ecclesiasticae.

1839 3316 2160 3386 disciplinac,
2192 3321 2444 3376 transire.
2477 3319 2699 3375 Talibus
2732 3321 2940 3390 itaque,
2991 3318 3190 3373 fratres
3224 3317 3431 3372 charis.

1836 3407 1980 3472 simi,
2012 3407 2101 3476 qui
2128 3406 2268 3475 juris
2297 3412 2491 3475 nostri,
2535 3411 2590 3467 id
2636 3421 2722 3466 est
2766 3426 3034 3466 canonum
3062 3408 3432 3479 gubernacula

1836 3497 2190 3562 custodimus,
2222 3514 2444 3554 necesse
2468 3508 2552 3555 est
2572 3501 2879 3565 obviemus;
2908 3500 3103 3568 hisque
3126 3498 3432 3553 fraternita-

1840 3594 1943 3638 tem
1968 3595 2199 3640 vestram
2223 3587 2469 3655 epistolis
2502 3604 2934 3651 commonemus,
2967 3605 3038 3644 ne
3074 3589 3198 3657 quis
3226 3587 3427 3641 laicunt

1839 3678 1905 3732 ad
1934 3679 2178 3733 ordinem
2210 3678 2501 3736 clericatus
2526 3682 2797 3748 admittat,
2838 3692 2893 3737 et
2936 3682 3081 3737 sinat
3120 3680 3263 3746 ﬁeri,
3290 3679 3433 3735 unde

1837 3777 1894 3825 et
1920 3769 2068 3823 illum
2092 3770 2326 3839 decipiat
2357 3778 2409 3825 et
2438 3772 2538 3825 sibi
2571 3788 2765 3828 causas
2804 3784 3043 3844 generet,
3081 3772 3280 3842 quibus
3306 3784 3432 3826 reus

1839 3863 2149 3918 Constitutis
2174 3863 2543 3919 decretalibus
2575 3866 2688 3919 fiat.

1910 3952 1994 4006 Ill.
2029 3952 2315 4011 Docendus
2340 3965 2425 4010 est
2448 3957 2679 4026 pupulus
2709 3972 2813 4012 non
2846 3957 3177 4027 sequendus.
3212 3953 3430 4023 Nosque

1841 4041 1884 4096 si
1908 4042 2157 4097 nesciunt
2183 4058 2297 4109 eos,
2332 4045 2462 4113 quid
2488 4045 2670 4112 liceat,
2711 4047 2912 4116 quidve
2949 4062 3056 4101 non
3094 4044 3253 4101 liceat
3279 4060 3430 4099 com-

1840 4148 2063 4188 monere
2093 4175 2108 4199 ,
2153 4150 2259 4191 non
2314 4136 2402 4191 his
2449 4153 2779 4194 consensum
2844 4140 3093 4210 praebere
3146 4140 3439 4194 debemus.

1842 4220 2099 4293 Quisquis
2158 4240 2290 4280 vero
2346 4237 2577 4283 conatus
2628 4228 2798 4285 fuerit
2851 4239 3064 4285 tentare
3135 4229 3437 4298 prohibita,

1769 4336 1816 4395 υ
1841 4315 2041 4370 sentiat
2071 4331 2357 4372 censuram
2399 4320 2712 4390 apostolicae
2758 4321 2916 4377 Sedis
2964 4322 3189 4377 minime
3218 4322 3437 4376 defutu-

1841 4420 1980 4461 ram.
2030 4405 2161 4474 Qua:
2213 4410 2503 4467 enimsola
2533 4412 2920 4468 admonitionis
2970 4414 3295 4467 auctoritate
3324 4428 3433 4466 non

1843 4494 2186 4566 corrigimus,
2223 4511 2447 4555 necesse
2476 4508 2566 4555 est
2597 4517 2694 4570 per
2744 4502 3093 4556 severitatem
3125 4515 3436 4570 congruen-

1844 4594 1952 4641 tem
1982 4588 2184 4659 regulis
2209 4588 2566 4646 vindicemus.
2592 4589 2699 4645 Per
2718 4600 2856 4646 totas
2882 4606 3013 4661 ergo
3041 4591 3142 4644 hoc
3164 4606 3287 4659 quae
3312 4603 3439 4658 pro-

1842 4678 1977 4747 priis
2009 4678 2312 4735 rectoribus
2338 4689 2529 4736 carent
2552 4680 2813 4735 ecclesias
2837 4682 3085 4738 volumus
3110 4678 3439 4742 innotescat,

1845 4778 1904 4824 ut
1937 4771 2116 4827 nullus
2142 4772 2242 4827 sibi
2272 4787 2372 4842 spe
2403 4775 2580 4841 aliqua
2638 4772 2866 4829 forsitan
2912 4770 3193 4831 blanditus
3235 4769 3443 4824 illudut.

1845 4863 1979 4921 Data
2004 4884 2075 4922 xu
2110 4866 2338 4923 Kalend.
2368 4864 2624 4939 Augusti,
2657 4865 2935 4926 Florentio
2983 4876 3040 4922 et
3062 4863 3451 4918 Dionisiocon-

1848 4954 2075 5014 sulibus.

281 5078 3454 5120 ΜΨ

747 5238 1385 5329 INCIPIUNT
1459 5238 2010 5336 DECRETA
2080 5244 2418 5338 SIXTI
2497 5241 2887 5340 PAPZE.
