  <div class='ocr_page' id='page_1' title='image "/cluster/home/n/w/nwhite01/storage/ocr_20150623/130/hvd.32044015471717/409.png"; bbox 0 0 3968 6446; ppageno 0'>
   <div class='ocr_carea' id='block_1_1' title="bbox 439 349 546 409">
    <p class='ocr_par' dir='ltr' id='par_1_1' title="bbox 439 349 546 409">
     <span class='ocr_line' id='line_1_1' title="bbox 439 349 546 409; baseline 0.037 -4"><span class='ocrx_word' id='word_1_1' title='bbox 439 349 546 409; x_wconf 80' lang='lat'><strong>759</strong></span> 
     </span>
    </p>
   </div>
   <div class='ocr_carea' id='block_1_2' title="bbox 1257 348 2881 414">
    <p class='ocr_par' dir='ltr' id='par_1_2' title="bbox 1257 348 2881 414">
     <span class='ocr_line' id='line_1_2' title="bbox 1257 348 2881 414; baseline 0.003 -6"><span class='ocrx_word' id='word_1_2' title='bbox 1257 349 1543 409; x_wconf 75' lang='lat' dir='ltr'><strong>APPEND.</strong></span> <span class='ocrx_word' id='word_1_3' title='bbox 1586 355 1678 410; x_wconf 83' lang='lat' dir='ltr'><strong>AD</strong></span> <span class='ocrx_word' id='word_1_4' title='bbox 1711 352 1885 410; x_wconf 72' lang='lat' dir='ltr'><strong>SEC.</strong></span> <span class='ocrx_word' id='word_1_5' title='bbox 1923 349 2015 408; x_wconf 63' lang='grc' dir='ltr'><strong>ιχ.</strong></span> <span class='ocrx_word' id='word_1_6' title='bbox 2057 382 2127 393; x_wconf 88' lang='grc'><strong><em>-</em></strong></span> <span class='ocrx_word' id='word_1_7' title='bbox 2162 350 2389 413; x_wconf 83' lang='lat' dir='ltr'><strong>lSlDOR</strong></span> <span class='ocrx_word' id='word_1_8' title='bbox 2441 348 2881 414; x_wconf 76' lang='lat' dir='ltr'><strong>MERCATORIS</strong></span> 
     </span>
    </p>
   </div>
   <div class='ocr_carea' id='block_1_3' title="bbox 3603 360 3695 420">
    <p class='ocr_par' dir='ltr' id='par_1_3' title="bbox 3603 360 3695 420">
     <span class='ocr_line' id='line_1_3' title="bbox 3603 360 3695 420; baseline 0.033 -3"><span class='ocrx_word' id='word_1_9' title='bbox 3603 360 3695 420; x_wconf 80' lang='lat'><strong>760</strong></span> 
     </span>
    </p>
   </div>
   <div class='ocr_carea' id='block_1_4' title="bbox 442 463 3695 538">
    <p class='ocr_par' dir='ltr' id='par_1_4' title="bbox 442 463 3695 538">
     <span class='ocr_line' id='line_1_4' title="bbox 442 463 3695 538; baseline 0.004 -20"><span class='ocrx_word' id='word_1_10' title='bbox 442 463 720 520; x_wconf 90' lang='lat' dir='ltr'><strong>bulatione</strong></span> <span class='ocrx_word' id='word_1_11' title='bbox 747 473 1112 530; x_wconf 87' lang='lat' dir='ltr'><strong>succurreret,</strong></span> <span class='ocrx_word' id='word_1_12' title='bbox 1157 478 1275 522; x_wconf 90' lang='lat' dir='ltr'><strong>mea</strong></span> <span class='ocrx_word' id='word_1_13' title='bbox 1320 481 1513 536; x_wconf 92' lang='lat' dir='ltr'><strong>meque</strong></span> <span class='ocrx_word' id='word_1_14' title='bbox 1544 469 1845 538; x_wconf 89' lang='lat' dir='ltr'><strong>adjuvaret,</strong></span> <span class='ocrx_word' id='word_1_15' title='bbox 1873 476 1928 524; x_wconf 93' lang='lat' dir='ltr'><strong>et</strong></span> <span class='ocrx_word' id='word_1_16' title='bbox 1953 467 2022 523; x_wconf 88' lang='lat' dir='ltr'><strong>ab</strong></span> <span class='ocrx_word' id='word_1_17' title='bbox 2047 469 2099 527; x_wconf 80' lang='grc' dir='ltr'>Α</span> <span class='ocrx_word' id='word_1_18' title='bbox 2124 481 2310 536; x_wconf 87' lang='lat' dir='ltr'><strong>pacem</strong></span> <span class='ocrx_word' id='word_1_19' title='bbox 2344 471 2621 525; x_wconf 89' lang='lat' dir='ltr'><strong>nobiscum</strong></span> <span class='ocrx_word' id='word_1_20' title='bbox 2671 486 2778 526; x_wconf 92' lang='lat' dir='ltr'><strong>non</strong></span> <span class='ocrx_word' id='word_1_21' title='bbox 2811 471 3028 534; x_wconf 99' lang='lat' dir='ltr'><strong>habent,</strong></span> <span class='ocrx_word' id='word_1_22' title='bbox 3076 484 3174 526; x_wconf 89' lang='lat' dir='ltr'><strong>nos</strong></span> <span class='ocrx_word' id='word_1_23' title='bbox 3219 479 3400 527; x_wconf 87' lang='lat' dir='ltr'><strong>tamen</strong></span> <span class='ocrx_word' id='word_1_24' title='bbox 3441 487 3560 528; x_wconf 91' lang='lat' dir='ltr'><strong>cum</strong></span> <span class='ocrx_word' id='word_1_25' title='bbox 3603 476 3695 534; x_wconf 87' lang='lat' dir='ltr'><strong>illis</strong></span> 
     </span>
    </p>
   </div>
   <div class='ocr_carea' id='block_1_5' title="bbox 442 553 2021 626">
    <p class='ocr_par' dir='ltr' id='par_1_5' title="bbox 442 553 2021 626">
     <span class='ocr_line' id='line_1_5' title="bbox 442 553 2021 626; baseline 0.004 -18"><span class='ocrx_word' id='word_1_26' title='bbox 442 553 653 609; x_wconf 70' lang='lat' dir='ltr'><strong>aemulis</strong></span> <span class='ocrx_word' id='word_1_27' title='bbox 683 554 1065 610; x_wconf 89' lang='lat' dir='ltr'><strong>tribulantibus</strong></span> <span class='ocrx_word' id='word_1_28' title='bbox 1093 564 1146 610; x_wconf 93' lang='lat' dir='ltr'><strong>et</strong></span> <span class='ocrx_word' id='word_1_29' title='bbox 1165 558 1613 626; x_wconf 79' lang='lat' dir='ltr'><strong>persequentibus</strong></span> <span class='ocrx_word' id='word_1_30' title='bbox 1636 574 1721 614; x_wconf 92' lang='lat' dir='ltr'><strong>me</strong></span> <span class='ocrx_word' id='word_1_31' title='bbox 1746 559 2021 615; x_wconf 83' lang='lat' dir='ltr'><strong>liberaret.</strong></span> 
     </span>
    </p>
   </div>
   <div class='ocr_carea' id='block_1_6' title="bbox 442 642 2022 722">
    <p class='ocr_par' dir='ltr' id='par_1_6' title="bbox 442 642 2022 722">
     <span class='ocr_line' id='line_1_6' title="bbox 442 642 2022 722; baseline 0.003 -21"><span class='ocrx_word' id='word_1_32' title='bbox 442 642 489 701; x_wconf 90' lang='grc' dir='ltr'><strong>Ο</strong></span> <span class='ocrx_word' id='word_1_33' title='bbox 508 661 668 716; x_wconf 90' lang='lat' dir='ltr'><strong>quam</strong></span> <span class='ocrx_word' id='word_1_34' title='bbox 699 646 842 702; x_wconf 90' lang='lat' dir='ltr'><strong>bona</strong></span> <span class='ocrx_word' id='word_1_35' title='bbox 871 655 955 702; x_wconf 89' lang='lat' dir='ltr'><strong>est</strong></span> <span class='ocrx_word' id='word_1_36' title='bbox 982 647 1238 712; x_wconf 77' lang='lat' dir='ltr'><strong>Charitas,</strong></span> <span class='ocrx_word' id='word_1_37' title='bbox 1267 663 1388 717; x_wconf 69' lang='lat' dir='ltr'><strong>quae</strong></span> <span class='ocrx_word' id='word_1_38' title='bbox 1425 649 1679 706; x_wconf 87' lang='lat' dir='ltr'><strong>absentes</strong></span> <span class='ocrx_word' id='word_1_39' title='bbox 1706 666 1804 720; x_wconf 90' lang='lat' dir='ltr'><strong>per</strong></span> <span class='ocrx_word' id='word_1_40' title='bbox 1830 651 2022 722; x_wconf 91' lang='lat' dir='ltr'><strong>imagi-</strong></span> 
     </span>
    </p>
   </div>
   <div class='ocr_carea' id='block_1_7' title="bbox 445 736 2020 810">
    <p class='ocr_par' dir='ltr' id='par_1_7' title="bbox 445 736 2020 810">
     <span class='ocr_line' id='line_1_7' title="bbox 445 736 2020 810; baseline 0.004 -21"><span class='ocrx_word' id='word_1_41' title='bbox 445 750 568 789; x_wconf 87' lang='lat' dir='ltr'><strong>nem</strong></span> <span class='ocrx_word' id='word_1_42' title='bbox 617 744 912 805; x_wconf 64' lang='lat' dir='ltr'><strong>prmsentes</strong></span> <span class='ocrx_word' id='word_1_43' title='bbox 963 736 1314 808; x_wconf 86' lang='lat' dir='ltr'><strong>sibimetipsis</strong></span> <span class='ocrx_word' id='word_1_44' title='bbox 1358 739 1577 794; x_wconf 80' lang='lat' dir='ltr'><strong>exhibet</strong></span> <span class='ocrx_word' id='word_1_45' title='bbox 1604 755 1702 810; x_wconf 89' lang='lat' dir='ltr'><strong>per</strong></span> <span class='ocrx_word' id='word_1_46' title='bbox 1750 757 2020 807; x_wconf 88' lang='lat' dir='ltr'><strong>amorem;</strong></span> 
     </span>
    </p>
   </div>
   <div class='ocr_carea' id='block_1_8' title="bbox 442 824 2023 900">
    <p class='ocr_par' dir='ltr' id='par_1_8' title="bbox 442 824 2023 900">
     <span class='ocr_line' id='line_1_8' title="bbox 442 824 2023 900; baseline 0.005 -22"><span class='ocrx_word' id='word_1_47' title='bbox 442 824 616 880; x_wconf 85' lang='lat' dir='ltr'><strong>divisa</strong></span> <span class='ocrx_word' id='word_1_48' title='bbox 654 839 870 895; x_wconf 90' lang='lat' dir='ltr'><strong>quoque</strong></span> <span class='ocrx_word' id='word_1_49' title='bbox 899 827 1016 881; x_wconf 90' lang='lat' dir='ltr'><strong>unit</strong></span> <span class='ocrx_word' id='word_1_50' title='bbox 1066 834 1123 880; x_wconf 91' lang='lat' dir='ltr'><strong>et</strong></span> <span class='ocrx_word' id='word_1_51' title='bbox 1166 826 1393 882; x_wconf 84' lang='lat' dir='ltr'><strong>confusa</strong></span> <span class='ocrx_word' id='word_1_52' title='bbox 1447 829 1684 894; x_wconf 85' lang='lat' dir='ltr'><strong>ordinat,</strong></span> <span class='ocrx_word' id='word_1_53' title='bbox 1736 830 2023 900; x_wconf 70' lang='lat' dir='ltr'><strong>inaequalia</strong></span> 
     </span>
    </p>
   </div>
   <div class='ocr_carea' id='block_1_9' title="bbox 443 915 2028 991">
    <p class='ocr_par' dir='ltr' id='par_1_9' title="bbox 443 915 2028 991">
     <span class='ocr_line' id='line_1_9' title="bbox 443 915 2028 991; baseline 0.004 -23"><span class='ocrx_word' id='word_1_54' title='bbox 443 915 636 980; x_wconf 82' lang='lat' dir='ltr'><strong>sociat,</strong></span> <span class='ocrx_word' id='word_1_55' title='bbox 664 915 980 985; x_wconf 91' lang='lat' dir='ltr'><strong>imperfecta</strong></span> <span class='ocrx_word' id='word_1_56' title='bbox 1008 916 1314 973; x_wconf 81' lang='lat' dir='ltr'><strong>conﬁrmat.</strong></span> <span class='ocrx_word' id='word_1_57' title='bbox 1340 917 1509 986; x_wconf 89' lang='lat' dir='ltr'><strong>Quam</strong></span> <span class='ocrx_word' id='word_1_58' title='bbox 1532 931 1678 975; x_wconf 90' lang='lat' dir='ltr'><strong>recte</strong></span> <span class='ocrx_word' id='word_1_59' title='bbox 1706 921 2028 991; x_wconf 64' lang='lat' dir='ltr'><strong>praedicator</strong></span> 
     </span>
    </p>
   </div>
   <div class='ocr_carea' id='block_1_10' title="bbox 445 1007 2032 1085">
    <p class='ocr_par' dir='ltr' id='par_1_10' title="bbox 445 1007 2032 1085">
     <span class='ocr_line' id='line_1_10' title="bbox 445 1007 2032 1085; baseline 0.008 -26"><span class='ocrx_word' id='word_1_60' title='bbox 445 1007 694 1078; x_wconf 84' lang='lat' dir='ltr'><strong>egregius</strong></span> <span class='ocrx_word' id='word_1_61' title='bbox 715 1007 1010 1078; x_wconf 80' lang='lat' dir='ltr'><strong>apostolus,</strong></span> <span class='ocrx_word' id='word_1_62' title='bbox 1029 1011 1280 1068; x_wconf 85' lang='lat' dir='ltr'><strong>videlicet</strong></span> <span class='ocrx_word' id='word_1_63' title='bbox 1304 1011 1524 1078; x_wconf 89' lang='lat' dir='ltr'><strong>Paulus,</strong></span> <span class='ocrx_word' id='word_1_64' title='bbox 1550 1015 1821 1070; x_wconf 88' lang='lat' dir='ltr'><strong>vinculum</strong></span> <span class='ocrx_word' id='word_1_65' title='bbox 1852 1017 2032 1085; x_wconf 90' lang='lat' dir='ltr'><strong>perfe-</strong></span> 
     </span>
    </p>
   </div>
   <div class='ocr_carea' id='block_1_11' title="bbox 446 1097 2029 1178">
    <p class='ocr_par' dir='ltr' id='par_1_11' title="bbox 446 1097 2029 1178">
     <span class='ocr_line' id='line_1_11' title="bbox 446 1097 2029 1178; baseline 0.008 -28"><span class='ocrx_word' id='word_1_66' title='bbox 446 1097 644 1153; x_wconf 91' lang='lat' dir='ltr'><strong>ctionis</strong></span> <span class='ocrx_word' id='word_1_67' title='bbox 667 1108 825 1154; x_wconf 83' lang='lat' dir='ltr'><strong>vocat</strong></span> <span class='ocrx_word' id='word_1_68' title='bbox 850 1118 862 1152; x_wconf 93' lang='lat'>:</span> <span class='ocrx_word' id='word_1_69' title='bbox 897 1103 1153 1169; x_wconf 90' lang='lat' dir='ltr'><strong>quoniam</strong></span> <span class='ocrx_word' id='word_1_70' title='bbox 1177 1104 1407 1159; x_wconf 80' lang='lat' dir='ltr'><strong>virtutes</strong></span> <span class='ocrx_word' id='word_1_71' title='bbox 1433 1105 1648 1174; x_wconf 89' lang='lat' dir='ltr'><strong>quidem</strong></span> <span class='ocrx_word' id='word_1_72' title='bbox 1665 1115 1872 1162; x_wconf 61' lang='lat' dir='ltr'><strong>caeteras</strong></span> <span class='ocrx_word' id='word_1_73' title='bbox 1907 1124 2029 1178; x_wconf 91' lang='lat' dir='ltr'><strong>per-</strong></span> 
     </span>
    </p>
   </div>
   <div class='ocr_carea' id='block_1_12' title="bbox 441 1185 2026 1268">
    <p class='ocr_par' dir='ltr' id='par_1_12' title="bbox 441 1185 2026 1268">
     <span class='ocr_line' id='line_1_12' title="bbox 441 1185 2026 1268; baseline 0.007 -27"><span class='ocrx_word' id='word_1_74' title='bbox 441 1185 731 1245; x_wconf 83' lang='lat' dir='ltr'><strong>fectionem</strong></span> <span class='ocrx_word' id='word_1_75' title='bbox 759 1202 1041 1261; x_wconf 80' lang='lat' dir='ltr'><strong>generant,</strong></span> <span class='ocrx_word' id='word_1_76' title='bbox 1067 1193 1162 1248; x_wconf 91' lang='lat' dir='ltr'><strong>sed</strong></span> <span class='ocrx_word' id='word_1_77' title='bbox 1191 1203 1370 1248; x_wconf 90' lang='lat' dir='ltr'><strong>tamen</strong></span> <span class='ocrx_word' id='word_1_78' title='bbox 1397 1209 1490 1250; x_wconf 90' lang='lat' dir='ltr'><strong>eas</strong></span> <span class='ocrx_word' id='word_1_79' title='bbox 1513 1196 1754 1252; x_wconf 89' lang='lat' dir='ltr'><strong>charitas</strong></span> <span class='ocrx_word' id='word_1_80' title='bbox 1780 1198 1851 1252; x_wconf 89' lang='lat' dir='ltr'><strong>ita</strong></span> <span class='ocrx_word' id='word_1_81' title='bbox 1877 1197 2026 1268; x_wconf 83' lang='lat' dir='ltr'><strong>ligat,</strong></span> 
     </span>
    </p>
   </div>
   <div class='ocr_carea' id='block_1_13' title="bbox 445 1279 2032 1358">
    <p class='ocr_par' dir='ltr' id='par_1_13' title="bbox 445 1279 2032 1358">
     <span class='ocr_line' id='line_1_13' title="bbox 445 1279 2032 1358; baseline 0.008 -27"><span class='ocrx_word' id='word_1_82' title='bbox 445 1285 508 1332; x_wconf 82' lang='lat' dir='ltr'><strong>ut</strong></span> <span class='ocrx_word' id='word_1_83' title='bbox 551 1279 620 1334; x_wconf 90' lang='lat' dir='ltr'><strong>ab</strong></span> <span class='ocrx_word' id='word_1_84' title='bbox 667 1281 898 1336; x_wconf 86' lang='lat' dir='ltr'><strong>amantis</strong></span> <span class='ocrx_word' id='word_1_85' title='bbox 943 1292 1122 1338; x_wconf 89' lang='lat' dir='ltr'><strong>mente</strong></span> <span class='ocrx_word' id='word_1_86' title='bbox 1172 1284 1392 1340; x_wconf 90' lang='lat' dir='ltr'><strong>dissolvi</strong></span> <span class='ocrx_word' id='word_1_87' title='bbox 1431 1287 1542 1355; x_wconf 90' lang='lat' dir='ltr'><strong>jam</strong></span> <span class='ocrx_word' id='word_1_88' title='bbox 1591 1298 1877 1358; x_wconf 88' lang='lat' dir='ltr'><strong>nequeant.</strong></span> <span class='ocrx_word' id='word_1_89' title='bbox 1921 1289 2032 1344; x_wconf 88' lang='lat' dir='ltr'><strong>Hac</strong></span> 
     </span>
    </p>
   </div>
   <div class='ocr_carea' id='block_1_14' title="bbox 444 1369 2030 1446">
    <p class='ocr_par' dir='ltr' id='par_1_14' title="bbox 444 1369 2030 1446">
     <span class='ocr_line' id='line_1_14' title="bbox 444 1369 2030 1446; baseline 0.008 -26"><span class='ocrx_word' id='word_1_90' title='bbox 444 1381 660 1436; x_wconf 89' lang='lat' dir='ltr'><strong>quoque</strong></span> <span class='ocrx_word' id='word_1_91' title='bbox 706 1369 925 1435; x_wconf 91' lang='lat' dir='ltr'><strong>virtute,</strong></span> <span class='ocrx_word' id='word_1_92' title='bbox 971 1371 1184 1437; x_wconf 75' lang='lat' dir='ltr'><strong>fratres,</strong></span> <span class='ocrx_word' id='word_1_93' title='bbox 1224 1374 1411 1444; x_wconf 91' lang='lat' dir='ltr'><strong>plenos</strong></span> <span class='ocrx_word' id='word_1_94' title='bbox 1438 1391 1534 1431; x_wconf 92' lang='lat' dir='ltr'><strong>vos</strong></span> <span class='ocrx_word' id='word_1_95' title='bbox 1577 1374 1808 1446; x_wconf 89' lang='lat' dir='ltr'><strong>Spiritus</strong></span> <span class='ocrx_word' id='word_1_96' title='bbox 1858 1380 2030 1434; x_wconf 89' lang='lat' dir='ltr'><strong>sancti</strong></span> 
     </span>
    </p>
   </div>
   <div class='ocr_carea' id='block_1_15' title="bbox 445 1457 2034 1531">
    <p class='ocr_par' dir='ltr' id='par_1_15' title="bbox 445 1457 2034 1531">
     <span class='ocr_line' id='line_1_15' title="bbox 445 1457 2034 1531; baseline 0.009 -23"><span class='ocrx_word' id='word_1_97' title='bbox 445 1457 621 1526; x_wconf 87' lang='lat' dir='ltr'><strong>gratia</strong></span> <span class='ocrx_word' id='word_1_98' title='bbox 647 1472 770 1514; x_wconf 86' lang='lat' dir='ltr'><strong>esse</strong></span> <span class='ocrx_word' id='word_1_99' title='bbox 796 1461 1029 1531; x_wconf 88' lang='lat' dir='ltr'><strong>reperio,</strong></span> <span class='ocrx_word' id='word_1_100' title='bbox 1055 1463 1178 1517; x_wconf 92' lang='lat' dir='ltr'><strong>dum</strong></span> <span class='ocrx_word' id='word_1_101' title='bbox 1201 1463 1440 1519; x_wconf 88' lang='lat' dir='ltr'><strong>solatiari</strong></span> <span class='ocrx_word' id='word_1_102' title='bbox 1465 1465 1595 1520; x_wconf 86' lang='lat' dir='ltr'><strong>mihi</strong></span> <span class='ocrx_word' id='word_1_103' title='bbox 1618 1466 1670 1521; x_wconf 93' lang='lat' dir='ltr'><strong>in</strong></span> <span class='ocrx_word' id='word_1_104' title='bbox 1695 1469 1830 1523; x_wconf 88' lang='lat' dir='ltr'><strong>meis</strong></span> <span class='ocrx_word' id='word_1_105' title='bbox 1849 1469 2034 1523; x_wconf 60' lang='lat' dir='ltr'><strong>anxie.</strong></span> 
     </span>
    </p>
   </div>
   <div class='ocr_carea' id='block_1_16' title="bbox 444 1548 2033 1628">
    <p class='ocr_par' dir='ltr' id='par_1_16' title="bbox 444 1548 2033 1628">
     <span class='ocr_line' id='line_1_16' title="bbox 444 1548 2033 1628; baseline 0.009 -28"><span class='ocrx_word' id='word_1_106' title='bbox 444 1548 648 1603; x_wconf 90' lang='lat' dir='ltr'><strong>tatibus</strong></span> <span class='ocrx_word' id='word_1_107' title='bbox 671 1552 865 1605; x_wconf 90' lang='lat' dir='ltr'><strong>sentio.</strong></span> <span class='ocrx_word' id='word_1_108' title='bbox 894 1549 1004 1607; x_wconf 82' lang='lat' dir='ltr'><strong>Nec</strong></span> <span class='ocrx_word' id='word_1_109' title='bbox 1029 1553 1246 1619; x_wconf 89' lang='lat' dir='ltr'><strong>mirum,</strong></span> <span class='ocrx_word' id='word_1_110' title='bbox 1276 1556 1599 1621; x_wconf 88' lang='lat' dir='ltr'><strong>charissimi,</strong></span> <span class='ocrx_word' id='word_1_111' title='bbox 1640 1558 1684 1612; x_wconf 89' lang='lat' dir='ltr'><strong>si</strong></span> <span class='ocrx_word' id='word_1_112' title='bbox 1722 1573 1808 1613; x_wconf 92' lang='lat' dir='ltr'><strong>me</strong></span> <span class='ocrx_word' id='word_1_113' title='bbox 1853 1573 2033 1628; x_wconf 82' lang='lat' dir='ltr'><strong>perse—</strong></span> 
     </span>
    </p>
   </div>
   <div class='ocr_carea' id='block_1_17' title="bbox 445 1642 2034 1719">
    <p class='ocr_par' dir='ltr' id='par_1_17' title="bbox 445 1642 2034 1719">
     <span class='ocr_line' id='line_1_17' title="bbox 445 1642 2034 1719; baseline 0.008 -26"><span class='ocrx_word' id='word_1_114' title='bbox 445 1648 685 1709; x_wconf 90' lang='lat' dir='ltr'><strong>quuntur</strong></span> <span class='ocrx_word' id='word_1_115' title='bbox 739 1642 915 1697; x_wconf 67' lang='lat' dir='ltr'><strong>aemuli</strong></span> <span class='ocrx_word' id='word_1_116' title='bbox 963 1643 1090 1709; x_wconf 91' lang='lat' dir='ltr'><strong>mei,</strong></span> <span class='ocrx_word' id='word_1_117' title='bbox 1121 1658 1243 1700; x_wconf 90' lang='lat' dir='ltr'><strong>cum</strong></span> <span class='ocrx_word' id='word_1_118' title='bbox 1291 1655 1455 1717; x_wconf 88' lang='lat' dir='ltr'><strong>caput</strong></span> <span class='ocrx_word' id='word_1_119' title='bbox 1499 1657 1740 1703; x_wconf 90' lang='lat' dir='ltr'><strong>nostrum</strong></span> <span class='ocrx_word' id='word_1_120' title='bbox 1781 1650 1922 1719; x_wconf 87' lang='lat' dir='ltr'><strong>quod</strong></span> <span class='ocrx_word' id='word_1_121' title='bbox 1951 1662 2034 1706; x_wconf 92' lang='lat' dir='ltr'><strong>est</strong></span> 
     </span>
    </p>
   </div>
   <div class='ocr_carea' id='block_1_18' title="bbox 445 1726 2035 1804">
    <p class='ocr_par' dir='ltr' id='par_1_18' title="bbox 445 1726 2035 1804">
     <span class='ocr_line' id='line_1_18' title="bbox 445 1726 2035 1804; baseline 0.009 -22"><span class='ocrx_word' id='word_1_122' title='bbox 445 1726 693 1785; x_wconf 75' lang='lat' dir='ltr'><strong>Christus</strong></span> <span class='ocrx_word' id='word_1_123' title='bbox 721 1731 849 1786; x_wconf 93' lang='lat' dir='ltr'><strong>olim</strong></span> <span class='ocrx_word' id='word_1_124' title='bbox 880 1733 1060 1788; x_wconf 71' lang='lat' dir='ltr'><strong>azmuli</strong></span> <span class='ocrx_word' id='word_1_125' title='bbox 1110 1735 1328 1804; x_wconf 90' lang='lat' dir='ltr'><strong>quidem</strong></span> <span class='ocrx_word' id='word_1_126' title='bbox 1377 1747 1581 1794; x_wconf 62' lang='lat' dir='ltr'><strong>sancta:</strong></span> <span class='ocrx_word' id='word_1_127' title='bbox 1634 1739 1729 1794; x_wconf 90' lang='lat' dir='ltr'><strong>Dei</strong></span> <span class='ocrx_word' id='word_1_128' title='bbox 1779 1740 2035 1797; x_wconf 84' lang='lat' dir='ltr'><strong>Ecclesiae</strong></span> 
     </span>
    </p>
   </div>
   <div class='ocr_carea' id='block_1_19' title="bbox 2127 558 3696 634">
    <p class='ocr_par' dir='ltr' id='par_1_19' title="bbox 2127 558 3696 634">
     <span class='ocr_line' id='line_1_19' title="bbox 2127 558 3696 634; baseline 0.007 -22"><span class='ocrx_word' id='word_1_129' title='bbox 2127 558 2246 613; x_wconf 88' lang='lat' dir='ltr'><strong>sine</strong></span> <span class='ocrx_word' id='word_1_130' title='bbox 2274 561 2436 615; x_wconf 91' lang='lat' dir='ltr'><strong>dubio</strong></span> <span class='ocrx_word' id='word_1_131' title='bbox 2470 561 2751 617; x_wconf 84' lang='lat' dir='ltr'><strong>habemus.</strong></span> <span class='ocrx_word' id='word_1_132' title='bbox 2782 562 2936 630; x_wconf 85' lang='lat' dir='ltr'><strong>Quod</strong></span> <span class='ocrx_word' id='word_1_133' title='bbox 2976 577 3103 634; x_wconf 90' lang='lat' dir='ltr'><strong>ergo</strong></span> <span class='ocrx_word' id='word_1_134' title='bbox 3145 563 3463 630; x_wconf 86' lang='lat' dir='ltr'><strong>mandastis,</strong></span> <span class='ocrx_word' id='word_1_135' title='bbox 3488 575 3550 621; x_wconf 93' lang='lat' dir='ltr'><strong>ut</strong></span> <span class='ocrx_word' id='word_1_136' title='bbox 3573 569 3696 623; x_wconf 84' lang='lat' dir='ltr'><strong>scri-</strong></span> 
     </span>
    </p>
   </div>
   <div class='ocr_carea' id='block_1_20' title="bbox 2126 649 3699 726">
    <p class='ocr_par' dir='ltr' id='par_1_20' title="bbox 2126 649 3699 726">
     <span class='ocr_line' id='line_1_20' title="bbox 2126 649 3699 726; baseline 0.008 -23"><span class='ocrx_word' id='word_1_137' title='bbox 2126 649 2311 704; x_wconf 90' lang='lat' dir='ltr'><strong>berem</strong></span> <span class='ocrx_word' id='word_1_138' title='bbox 2365 651 2514 706; x_wconf 90' lang='lat' dir='ltr'><strong>vobis</strong></span> <span class='ocrx_word' id='word_1_139' title='bbox 2561 652 2792 722; x_wconf 90' lang='lat' dir='ltr'><strong>qualiter</strong></span> <span class='ocrx_word' id='word_1_140' title='bbox 2851 653 3058 709; x_wconf 91' lang='lat' dir='ltr'><strong>instans</strong></span> <span class='ocrx_word' id='word_1_141' title='bbox 3100 653 3336 726; x_wconf 88' lang='lat' dir='ltr'><strong>jurgium</strong></span> <span class='ocrx_word' id='word_1_142' title='bbox 3391 665 3578 712; x_wconf 89' lang='lat' dir='ltr'><strong>contra</strong></span> <span class='ocrx_word' id='word_1_143' title='bbox 3624 675 3699 717; x_wconf 89' lang='lat' dir='ltr'><strong>me</strong></span> 
     </span>
    </p>
   </div>
   <div class='ocr_carea' id='block_1_21' title="bbox 2127 745 3702 824">
    <p class='ocr_par' dir='ltr' id='par_1_21' title="bbox 2127 745 3702 824">
     <span class='ocr_line' id='line_1_21' title="bbox 2127 745 3702 824; baseline 0.008 -27"><span class='ocrx_word' id='word_1_144' title='bbox 2127 745 2446 800; x_wconf 89' lang='lat' dir='ltr'><strong>suscitatum</strong></span> <span class='ocrx_word' id='word_1_145' title='bbox 2482 747 2571 810; x_wconf 88' lang='lat' dir='ltr'><strong>sit,</strong></span> <span class='ocrx_word' id='word_1_146' title='bbox 2603 747 2685 803; x_wconf 91' lang='lat' dir='ltr'><strong>vel</strong></span> <span class='ocrx_word' id='word_1_147' title='bbox 2730 764 2760 802; x_wconf 91' lang='lat' dir='ltr'><strong>a</strong></span> <span class='ocrx_word' id='word_1_148' title='bbox 2789 764 2918 818; x_wconf 90' lang='lat' dir='ltr'><strong>quo,</strong></span> <span class='ocrx_word' id='word_1_149' title='bbox 2951 758 3014 804; x_wconf 88' lang='lat' dir='ltr'><strong>ut</strong></span> <span class='ocrx_word' id='word_1_150' title='bbox 3056 758 3236 805; x_wconf 87' lang='lat' dir='ltr'><strong>vestro</strong></span> <span class='ocrx_word' id='word_1_151' title='bbox 3258 751 3583 808; x_wconf 86' lang='lat' dir='ltr'><strong>adminiculo</strong></span> <span class='ocrx_word' id='word_1_152' title='bbox 3603 754 3702 824; x_wconf 58' lang='lat' dir='ltr'><strong>pel.</strong></span> 
     </span>
    </p>
   </div>
   <div class='ocr_carea' id='block_1_22' title="bbox 2127 834 3699 908">
    <p class='ocr_par' dir='ltr' id='par_1_22' title="bbox 2127 834 3699 908">
     <span class='ocr_line' id='line_1_22' title="bbox 2127 834 3699 908; baseline 0.01 -21"><span class='ocrx_word' id='word_1_153' title='bbox 2127 834 2348 902; x_wconf 90' lang='lat' dir='ltr'><strong>leretur,</strong></span> <span class='ocrx_word' id='word_1_154' title='bbox 2375 847 2430 894; x_wconf 90' lang='lat' dir='ltr'><strong>et</strong></span> <span class='ocrx_word' id='word_1_155' title='bbox 2457 854 2619 894; x_wconf 91' lang='lat' dir='ltr'><strong>causa</strong></span> <span class='ocrx_word' id='word_1_156' title='bbox 2659 855 2776 894; x_wconf 90' lang='lat' dir='ltr'><strong>mea</strong></span> <span class='ocrx_word' id='word_1_157' title='bbox 2828 842 3154 908; x_wconf 85' lang='lat' dir='ltr'><strong>firmaretur,</strong></span> <span class='ocrx_word' id='word_1_158' title='bbox 3199 844 3394 901; x_wconf 86' lang='lat' dir='ltr'><strong>scitote</strong></span> <span class='ocrx_word' id='word_1_159' title='bbox 3420 860 3508 900; x_wconf 89' lang='lat' dir='ltr'><strong>me</strong></span> <span class='ocrx_word' id='word_1_160' title='bbox 3532 847 3699 904; x_wconf 82' lang='lat' dir='ltr'><strong>crimi-</strong></span> 
     </span>
    </p>
   </div>
   <div class='ocr_carea' id='block_1_23' title="bbox 2129 933 3700 1007">
    <p class='ocr_par' dir='ltr' id='par_1_23' title="bbox 2129 933 3700 1007">
     <span class='ocr_line' id='line_1_23' title="bbox 2129 933 3700 1007; baseline 0.007 -23"><span class='ocrx_word' id='word_1_161' title='bbox 2129 933 2245 986; x_wconf 90' lang='lat' dir='ltr'><strong>nari</strong></span> <span class='ocrx_word' id='word_1_162' title='bbox 2270 947 2301 986; x_wconf 93' lang='lat' dir='ltr'><strong>a</strong></span> <span class='ocrx_word' id='word_1_163' title='bbox 2334 933 2564 1001; x_wconf 87' lang='lat' dir='ltr'><strong>quodam</strong></span> <span class='ocrx_word' id='word_1_164' title='bbox 2596 933 2761 990; x_wconf 88' lang='lat' dir='ltr'><strong>Basso</strong></span> <span class='ocrx_word' id='word_1_165' title='bbox 2799 942 2852 990; x_wconf 91' lang='lat' dir='ltr'><strong>et</strong></span> <span class='ocrx_word' id='word_1_166' title='bbox 2880 935 3077 1006; x_wconf 83' lang='lat' dir='ltr'><strong>injuste</strong></span> <span class='ocrx_word' id='word_1_167' title='bbox 3116 938 3392 1007; x_wconf 88' lang='lat' dir='ltr'><strong>persequi.</strong></span> <span class='ocrx_word' id='word_1_168' title='bbox 3437 937 3589 1004; x_wconf 86' lang='lat' dir='ltr'><strong>Quod</strong></span> <span class='ocrx_word' id='word_1_169' title='bbox 3619 956 3700 995; x_wconf 82' lang='lat' dir='ltr'><strong>au-</strong></span> 
     </span>
    </p>
   </div>
   <div class='ocr_carea' id='block_1_24' title="bbox 2129 1022 3702 1096">
    <p class='ocr_par' dir='ltr' id='par_1_24' title="bbox 2129 1022 3702 1096">
     <span class='ocr_line' id='line_1_24' title="bbox 2129 1022 3702 1096; baseline 0.006 -20"><span class='ocrx_word' id='word_1_170' title='bbox 2129 1022 2283 1078; x_wconf 89' lang='lat' dir='ltr'><strong>diens</strong></span> <span class='ocrx_word' id='word_1_171' title='bbox 2330 1022 2741 1080; x_wconf 81' lang='lat' dir='ltr'><strong>Valentinianus</strong></span> <span class='ocrx_word' id='word_1_172' title='bbox 2799 1026 3093 1096; x_wconf 86' lang='lat' dir='ltr'><strong>Augustus,</strong></span> <span class='ocrx_word' id='word_1_173' title='bbox 3156 1039 3343 1083; x_wconf 88' lang='lat' dir='ltr'><strong>nostra</strong></span> <span class='ocrx_word' id='word_1_174' title='bbox 3396 1030 3702 1086; x_wconf 86' lang='lat' dir='ltr'><strong>auctoritate</strong></span> 
     </span>
    </p>
   </div>
   <div class='ocr_carea' id='block_1_25' title="bbox 2129 1111 3700 1188">
    <p class='ocr_par' dir='ltr' id='par_1_25' title="bbox 2129 1111 3700 1188">
     <span class='ocr_line' id='line_1_25' title="bbox 2129 1111 3700 1188; baseline 0.004 -17"><span class='ocrx_word' id='word_1_175' title='bbox 2129 1111 2390 1187; x_wconf 86' lang='lat' dir='ltr'><strong>synodum</strong></span> <span class='ocrx_word' id='word_1_176' title='bbox 2435 1118 2750 1188; x_wconf 89' lang='lat' dir='ltr'><strong>congregari</strong></span> <span class='ocrx_word' id='word_1_177' title='bbox 2798 1116 2980 1187; x_wconf 86' lang='lat' dir='ltr'><strong>jussit,</strong></span> <span class='ocrx_word' id='word_1_178' title='bbox 3027 1125 3082 1173; x_wconf 91' lang='lat' dir='ltr'><strong>et</strong></span> <span class='ocrx_word' id='word_1_179' title='bbox 3126 1118 3271 1175; x_wconf 89' lang='lat' dir='ltr'><strong>facto</strong></span> <span class='ocrx_word' id='word_1_180' title='bbox 3315 1121 3552 1177; x_wconf 91' lang='lat' dir='ltr'><strong>concilio</strong></span> <span class='ocrx_word' id='word_1_181' title='bbox 3593 1139 3700 1178; x_wconf 90' lang='lat' dir='ltr'><strong>cum</strong></span> 
     </span>
    </p>
   </div>
   <div class='ocr_carea' id='block_1_26' title="bbox 2130 1207 3705 1277">
    <p class='ocr_par' dir='ltr' id='par_1_26' title="bbox 2130 1207 3705 1277">
     <span class='ocr_line' id='line_1_26' title="bbox 2130 1207 3705 1277; baseline 0.006 -18"><span class='ocrx_word' id='word_1_182' title='bbox 2130 1221 2324 1276; x_wconf 89' lang='lat' dir='ltr'><strong>magna</strong></span> <span class='ocrx_word' id='word_1_183' title='bbox 2384 1207 2806 1274; x_wconf 80' lang='lat' dir='ltr'><strong>examinatione,</strong></span> <span class='ocrx_word' id='word_1_184' title='bbox 2863 1207 3203 1264; x_wconf 81' lang='lat' dir='ltr'><strong>satisfaciens</strong></span> <span class='ocrx_word' id='word_1_185' title='bbox 3260 1211 3540 1277; x_wconf 89' lang='lat' dir='ltr'><strong>omnibus,</strong></span> <span class='ocrx_word' id='word_1_186' title='bbox 3596 1212 3705 1268; x_wconf 82' lang='lat' dir='ltr'><strong>licet</strong></span> 
     </span>
    </p>
   </div>
   <div class='ocr_carea' id='block_1_27' title="bbox 2129 1297 3701 1370">
    <p class='ocr_par' dir='ltr' id='par_1_27' title="bbox 2129 1297 3701 1370">
     <span class='ocr_line' id='line_1_27' title="bbox 2129 1297 3701 1370; baseline 0.003 -18"><span class='ocrx_word' id='word_1_187' title='bbox 2129 1297 2359 1352; x_wconf 87' lang='lat' dir='ltr'><strong>evadere</strong></span> <span class='ocrx_word' id='word_1_188' title='bbox 2405 1298 2537 1353; x_wconf 87' lang='lat' dir='ltr'><strong>satis</strong></span> <span class='ocrx_word' id='word_1_189' title='bbox 2566 1297 2726 1352; x_wconf 90' lang='lat' dir='ltr'><strong>aliter</strong></span> <span class='ocrx_word' id='word_1_190' title='bbox 2765 1299 3084 1368; x_wconf 88' lang='lat' dir='ltr'><strong>potuissem,</strong></span> <span class='ocrx_word' id='word_1_191' title='bbox 3131 1300 3497 1370; x_wconf 89' lang='lat' dir='ltr'><strong>suspicionem</strong></span> <span class='ocrx_word' id='word_1_192' title='bbox 3543 1311 3701 1358; x_wconf 88' lang='lat' dir='ltr'><strong>tamen</strong></span> 
     </span>
    </p>
   </div>
   <div class='ocr_carea' id='block_1_28' title="bbox 2131 1385 3702 1460">
    <p class='ocr_par' dir='ltr' id='par_1_28' title="bbox 2131 1385 3702 1460">
     <span class='ocr_line' id='line_1_28' title="bbox 2131 1385 3702 1460; baseline 0.003 -20"><span class='ocrx_word' id='word_1_193' title='bbox 2131 1385 2341 1458; x_wconf 82' lang='lat' dir='ltr'><strong>fugiens</strong></span> <span class='ocrx_word' id='word_1_194' title='bbox 2376 1401 2562 1442; x_wconf 87' lang='lat' dir='ltr'><strong>coram</strong></span> <span class='ocrx_word' id='word_1_195' title='bbox 2603 1387 2855 1443; x_wconf 91' lang='lat' dir='ltr'><strong>omnibus</strong></span> <span class='ocrx_word' id='word_1_196' title='bbox 2905 1403 2992 1443; x_wconf 85' lang='lat' dir='ltr'><strong>me</strong></span> <span class='ocrx_word' id='word_1_197' title='bbox 3037 1388 3284 1460; x_wconf 89' lang='lat' dir='ltr'><strong>purgavi,</strong></span> <span class='ocrx_word' id='word_1_198' title='bbox 3321 1405 3412 1444; x_wconf 90' lang='lat' dir='ltr'><strong>me</strong></span> <span class='ocrx_word' id='word_1_199' title='bbox 3459 1389 3702 1446; x_wconf 82' lang='lat' dir='ltr'><strong>sciliceta</strong></span> 
     </span>
    </p>
   </div>
   <div class='ocr_carea' id='block_1_29' title="bbox 2132 1471 3702 1552">
    <p class='ocr_par' dir='ltr' id='par_1_29' title="bbox 2132 1471 3702 1552">
     <span class='ocr_line' id='line_1_29' title="bbox 2132 1471 3702 1552; baseline 0.003 -21"><span class='ocrx_word' id='word_1_200' title='bbox 2132 1475 2436 1546; x_wconf 86' lang='lat' dir='ltr'><strong>suspicione</strong></span> <span class='ocrx_word' id='word_1_201' title='bbox 2463 1486 2517 1530; x_wconf 89' lang='lat' dir='ltr'><strong>et</strong></span> <span class='ocrx_word' id='word_1_202' title='bbox 2543 1471 2885 1533; x_wconf 68' lang='lat' dir='ltr'><strong>aemulatione</strong></span> <span class='ocrx_word' id='word_1_203' title='bbox 2913 1474 3172 1543; x_wconf 86' lang='lat' dir='ltr'><strong>liberans,</strong></span> <span class='ocrx_word' id='word_1_204' title='bbox 3221 1479 3314 1534; x_wconf 93' lang='lat' dir='ltr'><strong>sed</strong></span> <span class='ocrx_word' id='word_1_205' title='bbox 3340 1495 3454 1534; x_wconf 88' lang='lat' dir='ltr'><strong>non</strong></span> <span class='ocrx_word' id='word_1_206' title='bbox 3481 1479 3597 1536; x_wconf 91' lang='lat' dir='ltr'><strong>aliis</strong></span> <span class='ocrx_word' id='word_1_207' title='bbox 3623 1483 3702 1552; x_wconf 93' lang='lat' dir='ltr'><strong>qui</strong></span> 
     </span>
    </p>
   </div>
   <div class='ocr_carea' id='block_1_30' title="bbox 2129 1566 3704 1641">
    <p class='ocr_par' dir='ltr' id='par_1_30' title="bbox 2129 1566 3704 1641">
     <span class='ocr_line' id='line_1_30' title="bbox 2129 1566 3704 1641; baseline 0.003 -19"><span class='ocrx_word' id='word_1_208' title='bbox 2129 1566 2422 1632; x_wconf 90' lang='lat' dir='ltr'><strong>noluerint,</strong></span> <span class='ocrx_word' id='word_1_209' title='bbox 2469 1575 2563 1622; x_wconf 92' lang='lat' dir='ltr'><strong>aut</strong></span> <span class='ocrx_word' id='word_1_210' title='bbox 2586 1576 2776 1637; x_wconf 92' lang='lat' dir='ltr'><strong>sponte</strong></span> <span class='ocrx_word' id='word_1_211' title='bbox 2830 1569 2930 1624; x_wconf 85' lang='lat' dir='ltr'><strong>hoc</strong></span> <span class='ocrx_word' id='word_1_212' title='bbox 2979 1584 3084 1623; x_wconf 90' lang='lat' dir='ltr'><strong>non</strong></span> <span class='ocrx_word' id='word_1_213' title='bbox 3133 1568 3423 1641; x_wconf 84' lang='lat' dir='ltr'><strong>elegerint,</strong></span> <span class='ocrx_word' id='word_1_214' title='bbox 3478 1571 3704 1628; x_wconf 88' lang='lat' dir='ltr'><strong>faciendo</strong></span> 
     </span>
    </p>
   </div>
   <div class='ocr_carea' id='block_1_31' title="bbox 2132 1653 3701 1732">
    <p class='ocr_par' dir='ltr' id='par_1_31' title="bbox 2132 1653 3701 1732">
     <span class='ocr_line' id='line_1_31' title="bbox 2132 1653 3701 1732; baseline 0.005 -21"><span class='ocrx_word' id='word_1_215' title='bbox 2132 1655 2361 1712; x_wconf 88' lang='lat' dir='ltr'><strong>formam</strong></span> <span class='ocrx_word' id='word_1_216' title='bbox 2398 1653 2815 1728; x_wconf 82' lang='lat' dir='ltr'><strong>exemplumque</strong></span> <span class='ocrx_word' id='word_1_217' title='bbox 2858 1657 3017 1723; x_wconf 88' lang='lat' dir='ltr'><strong>dans,</strong></span> <span class='ocrx_word' id='word_1_218' title='bbox 3064 1675 3186 1715; x_wconf 92' lang='lat' dir='ltr'><strong>cum</strong></span> <span class='ocrx_word' id='word_1_219' title='bbox 3221 1662 3488 1732; x_wconf 89' lang='lat' dir='ltr'><strong>scriptum</strong></span> <span class='ocrx_word' id='word_1_220' title='bbox 3517 1662 3625 1718; x_wconf 92' lang='lat' dir='ltr'><strong>sit:</strong></span> <span class='ocrx_word' id='word_1_221' title='bbox 3654 1661 3701 1719; x_wconf 89' lang='lat' dir='ltr'><strong>Si</strong></span> 
     </span>
    </p>
   </div>
   <div class='ocr_carea' id='block_1_32' title="bbox 2136 1746 3702 1822">
    <p class='ocr_par' dir='ltr' id='par_1_32' title="bbox 2136 1746 3702 1822">
     <span class='ocr_line' id='line_1_32' title="bbox 2136 1746 3702 1822; baseline 0.004 -22"><span class='ocrx_word' id='word_1_222' title='bbox 2136 1746 2258 1818; x_wconf 93' lang='lat' dir='ltr'><strong>quis</strong></span> <span class='ocrx_word' id='word_1_223' title='bbox 2299 1747 2507 1801; x_wconf 90' lang='lat' dir='ltr'><strong>crimen</strong></span> <span class='ocrx_word' id='word_1_224' title='bbox 2539 1746 2775 1814; x_wconf 89' lang='lat' dir='ltr'><strong>objicere</strong></span> <span class='ocrx_word' id='word_1_225' title='bbox 2801 1747 3054 1813; x_wconf 92' lang='lat' dir='ltr'><strong>voluerit,</strong></span> <span class='ocrx_word' id='word_1_226' title='bbox 3082 1749 3288 1806; x_wconf 88' lang='lat' dir='ltr'><strong>scribat</strong></span> <span class='ocrx_word' id='word_1_227' title='bbox 3319 1765 3381 1806; x_wconf 88' lang='lat' dir='ltr'><strong>se</strong></span> <span class='ocrx_word' id='word_1_228' title='bbox 3409 1752 3560 1822; x_wconf 91' lang='lat' dir='ltr'><strong>prius</strong></span> <span class='ocrx_word' id='word_1_229' title='bbox 3593 1768 3702 1821; x_wconf 84' lang='lat' dir='ltr'><strong>pro-</strong></span> 
     </span>
    </p>
   </div>
   <div class='ocr_carea' id='block_1_33' title="bbox 447 1815 3703 1904">
    <p class='ocr_par' dir='ltr' id='par_1_33' title="bbox 447 1815 3703 1904">
     <span class='ocr_line' id='line_1_33' title="bbox 447 1815 3703 1904; baseline 0.009 -34"><span class='ocrx_word' id='word_1_230' title='bbox 447 1831 835 1890; x_wconf 87' lang='lat' dir='ltr'><strong>servorumque</strong></span> <span class='ocrx_word' id='word_1_231' title='bbox 869 1820 988 1891; x_wconf 89' lang='lat' dir='ltr'><strong>ejus</strong></span> <span class='ocrx_word' id='word_1_232' title='bbox 1022 1824 1131 1880; x_wconf 90' lang='lat' dir='ltr'><strong>sint</strong></span> <span class='ocrx_word' id='word_1_233' title='bbox 1165 1829 1462 1895; x_wconf 89' lang='lat' dir='ltr'><strong>persecuti;</strong></span> <span class='ocrx_word' id='word_1_234' title='bbox 1499 1831 1639 1885; x_wconf 92' lang='lat' dir='ltr'><strong>unde</strong></span> <span class='ocrx_word' id='word_1_235' title='bbox 1676 1839 1730 1885; x_wconf 91' lang='lat' dir='ltr'><strong>et</strong></span> <span class='ocrx_word' id='word_1_236' title='bbox 1776 1831 1890 1901; x_wconf 89' lang='lat' dir='ltr'><strong>ipsa</strong></span> <span class='ocrx_word' id='word_1_237' title='bbox 1932 1848 2030 1903; x_wconf 89' lang='lat' dir='ltr'><strong>per</strong></span> <span class='ocrx_word' id='word_1_238' title='bbox 2062 1815 2106 1874; x_wconf 76' lang='grc' dir='ltr'><strong>Β</strong></span> <span class='ocrx_word' id='word_1_239' title='bbox 2133 1815 2420 1904; x_wconf 63' lang='lat' dir='ltr'><strong>Daturum;</strong></span> <span class='ocrx_word' id='word_1_240' title='bbox 2455 1848 2510 1894; x_wconf 90' lang='lat' dir='ltr'><strong>et</strong></span> <span class='ocrx_word' id='word_1_241' title='bbox 2550 1839 2678 1894; x_wconf 90' lang='lat' dir='ltr'><strong>alibi</strong></span> <span class='ocrx_word' id='word_1_242' title='bbox 2711 1858 2722 1892; x_wconf 93' lang='lat'><strong>:</strong></span> <span class='ocrx_word' id='word_1_243' title='bbox 2776 1840 3194 1896; x_wconf 89' lang='lat' dir='ltr'><strong>Criminationes</strong></span> <span class='ocrx_word' id='word_1_244' title='bbox 3243 1844 3509 1900; x_wconf 87' lang='lat' dir='ltr'><strong>adversus</strong></span> <span class='ocrx_word' id='word_1_245' title='bbox 3537 1845 3703 1900; x_wconf 84' lang='lat' dir='ltr'><strong>docto-</strong></span> 
     </span>
    </p>
   </div>
   <div class='ocr_carea' id='block_1_34' title="bbox 446 1906 2028 1990">
    <p class='ocr_par' dir='ltr' id='par_1_34' title="bbox 446 1906 2028 1990">
     <span class='ocr_line' id='line_1_34' title="bbox 446 1906 2028 1990; baseline 0.014 -32"><span class='ocrx_word' id='word_1_246' title='bbox 446 1919 506 1959; x_wconf 89' lang='lat' dir='ltr'><strong>se</strong></span> <span class='ocrx_word' id='word_1_247' title='bbox 536 1906 746 1964; x_wconf 84' lang='lat' dir='ltr'><strong>Veritas</strong></span> <span class='ocrx_word' id='word_1_248' title='bbox 774 1910 903 1990; x_wconf 87' lang='lat' dir='ltr'><strong>dicit</strong></span> <span class='ocrx_word' id='word_1_249' title='bbox 933 1930 946 1966; x_wconf 88' lang='lat'><strong>:</strong></span> <span class='ocrx_word' id='word_1_250' title='bbox 985 1931 1004 1964; x_wconf 71' lang='grc' dir='ltr'>ι</span> <span class='ocrx_word' id='word_1_251' title='bbox 1043 1913 1100 1969; x_wconf 91' lang='lat' dir='ltr'><strong>Si</strong></span> <span class='ocrx_word' id='word_1_252' title='bbox 1128 1916 1576 1985; x_wconf 87' lang='lat' dir='ltr'><strong>patremfamilias</strong></span> <span class='ocrx_word' id='word_1_253' title='bbox 1612 1920 1902 1978; x_wconf 89' lang='lat' dir='ltr'><strong>Belzebuth</strong></span> <span class='ocrx_word' id='word_1_254' title='bbox 1931 1939 2028 1980; x_wconf 85' lang='lat' dir='ltr'><strong>vo—</strong></span> 
     </span>
    </p>
   </div>
   <div class='ocr_carea' id='block_1_35' title="bbox 446 2005 2028 2085">
    <p class='ocr_par' dir='ltr' id='par_1_35' title="bbox 446 2005 2028 2085">
     <span class='ocr_line' id='line_1_35' title="bbox 446 2005 2028 2085; baseline 0.013 -35"><span class='ocrx_word' id='word_1_255' title='bbox 446 2008 946 2070; x_wconf 82' lang='lat' dir='ltr'><strong>caverunt,quanto</strong></span> <span class='ocrx_word' id='word_1_256' title='bbox 976 2005 1149 2076; x_wconf 88' lang='lat' dir='ltr'><strong>magis</strong></span> <span class='ocrx_word' id='word_1_257' title='bbox 1166 2007 1493 2065; x_wconf 89' lang='lat' dir='ltr'><strong>domesticos</strong></span> <span class='ocrx_word' id='word_1_258' title='bbox 1523 2009 1638 2079; x_wconf 88' lang='lat' dir='ltr'><strong>ejus</strong></span> <span class='ocrx_word' id='word_1_259' title='bbox 1664 2014 1710 2066; x_wconf 67' lang='lat' dir='ltr'><strong>li</strong></span> <span class='ocrx_word' id='word_1_260' title='bbox 1730 2013 1943 2085; x_wconf 76' lang='lat' dir='ltr'><strong>(Manli.</strong></span> <span class='ocrx_word' id='word_1_261' title='bbox 1971 2033 2028 2083; x_wconf 83' lang='lat' dir='ltr'><strong>x,</strong></span> 
     </span>
    </p>
   </div>
   <div class='ocr_carea' id='block_1_36' title="bbox 447 2085 2030 2164">
    <p class='ocr_par' dir='ltr' id='par_1_36' title="bbox 447 2085 2030 2164">
     <span class='ocr_line' id='line_1_36' title="bbox 447 2085 2030 2164; baseline 0.015 -23"><span class='ocrx_word' id='word_1_262' title='bbox 447 2085 564 2158; x_wconf 77' lang='lat'><strong>25).</strong></span> <span class='ocrx_word' id='word_1_263' title='bbox 595 2089 726 2157; x_wconf 55' lang='lat' dir='ltr'><strong>Quae</strong></span> <span class='ocrx_word' id='word_1_264' title='bbox 773 2093 970 2148; x_wconf 91' lang='lat' dir='ltr'><strong>iterum</strong></span> <span class='ocrx_word' id='word_1_265' title='bbox 1022 2097 1201 2152; x_wconf 90' lang='lat' dir='ltr'><strong>dicit:</strong></span> <span class='ocrx_word' id='word_1_266' title='bbox 1233 2119 1251 2151; x_wconf 87' lang='grc'><em>‹</em></span> <span class='ocrx_word' id='word_1_267' title='bbox 1291 2099 1348 2155; x_wconf 92' lang='lat' dir='ltr'><strong>Si</strong></span> <span class='ocrx_word' id='word_1_268' title='bbox 1407 2103 1473 2157; x_wconf 92' lang='lat' dir='ltr'><strong>de</strong></span> <span class='ocrx_word' id='word_1_269' title='bbox 1502 2103 1604 2159; x_wconf 88' lang='lat' dir='ltr'><strong>hoc</strong></span> <span class='ocrx_word' id='word_1_270' title='bbox 1643 2107 1844 2162; x_wconf 92' lang='lat' dir='ltr'><strong>mundo</strong></span> <span class='ocrx_word' id='word_1_271' title='bbox 1882 2123 2030 2164; x_wconf 88' lang='lat' dir='ltr'><strong>esse-</strong></span> 
     </span>
    </p>
   </div>
   <div class='ocr_carea' id='block_1_37' title="bbox 450 2179 2032 2271">
    <p class='ocr_par' dir='ltr' id='par_1_37' title="bbox 450 2179 2032 2271">
     <span class='ocr_line' id='line_1_37' title="bbox 450 2179 2032 2271; baseline 0.017 -40"><span class='ocrx_word' id='word_1_272' title='bbox 450 2179 545 2271; x_wconf 74' lang='lat' dir='ltr'><strong>tis,</strong></span> <span class='ocrx_word' id='word_1_273' title='bbox 586 2181 838 2247; x_wconf 91' lang='lat' dir='ltr'><strong>mundus,</strong></span> <span class='ocrx_word' id='word_1_274' title='bbox 881 2188 1023 2255; x_wconf 87' lang='lat' dir='ltr'><strong>quod</strong></span> <span class='ocrx_word' id='word_1_275' title='bbox 1047 2205 1203 2244; x_wconf 94' lang='lat' dir='ltr'><strong>suum</strong></span> <span class='ocrx_word' id='word_1_276' title='bbox 1234 2203 1355 2248; x_wconf 91' lang='lat' dir='ltr'><strong>erat</strong></span> <span class='ocrx_word' id='word_1_277' title='bbox 1379 2194 1646 2266; x_wconf 84' lang='lat' dir='ltr'><strong>diligeret.</strong></span> <span class='ocrx_word' id='word_1_278' title='bbox 1678 2198 1784 2255; x_wconf 87' lang='lat' dir='ltr'><strong>Sed</strong></span> <span class='ocrx_word' id='word_1_279' title='bbox 1807 2202 1936 2271; x_wconf 85' lang='lat' dir='ltr'><strong>quia</strong></span> <span class='ocrx_word' id='word_1_280' title='bbox 1963 2203 2032 2258; x_wconf 89' lang='lat' dir='ltr'><strong>de</strong></span> 
     </span>
    </p>
   </div>
   <div class='ocr_carea' id='block_1_38' title="bbox 450 2266 2026 2359">
    <p class='ocr_par' dir='ltr' id='par_1_38' title="bbox 450 2266 2026 2359">
     <span class='ocr_line' id='line_1_38' title="bbox 450 2266 2026 2359; baseline 0.018 -38"><span class='ocrx_word' id='word_1_281' title='bbox 450 2266 553 2322; x_wconf 85' lang='lat' dir='ltr'><strong>hoc</strong></span> <span class='ocrx_word' id='word_1_282' title='bbox 583 2274 781 2328; x_wconf 89' lang='lat' dir='ltr'><strong>mundo</strong></span> <span class='ocrx_word' id='word_1_283' title='bbox 812 2290 917 2329; x_wconf 93' lang='lat' dir='ltr'><strong>non</strong></span> <span class='ocrx_word' id='word_1_284' title='bbox 955 2278 1109 2343; x_wconf 87' lang='lat' dir='ltr'><strong>estis,</strong></span> <span class='ocrx_word' id='word_1_285' title='bbox 1138 2282 1233 2335; x_wconf 87' lang='lat' dir='ltr'><strong>sed</strong></span> <span class='ocrx_word' id='word_1_286' title='bbox 1276 2297 1379 2354; x_wconf 86' lang='lat' dir='ltr'><strong>ego</strong></span> <span class='ocrx_word' id='word_1_287' title='bbox 1409 2286 1544 2358; x_wconf 82' lang='lat' dir='ltr'><strong>elegi</strong></span> <span class='ocrx_word' id='word_1_288' title='bbox 1572 2304 1669 2345; x_wconf 93' lang='lat' dir='ltr'><strong>vos</strong></span> <span class='ocrx_word' id='word_1_289' title='bbox 1696 2292 1762 2346; x_wconf 91' lang='lat' dir='ltr'><strong>de</strong></span> <span class='ocrx_word' id='word_1_290' title='bbox 1806 2266 2026 2359; x_wconf 83' lang='lat' dir='ltr'><strong>mundo,</strong></span> 
     </span>
    </p>
   </div>
   <div class='ocr_carea' id='block_1_39' title="bbox 448 2369 2026 2460">
    <p class='ocr_par' dir='ltr' id='par_1_39' title="bbox 448 2369 2026 2460">
     <span class='ocr_line' id='line_1_39' title="bbox 448 2369 2026 2460; baseline 0.023 -45"><span class='ocrx_word' id='word_1_291' title='bbox 448 2371 734 2460; x_wconf 79' lang='lat' dir='ltr'><strong>propterea</strong></span> <span class='ocrx_word' id='word_1_292' title='bbox 764 2369 878 2425; x_wconf 91' lang='lat' dir='ltr'><strong>odit</strong></span> <span class='ocrx_word' id='word_1_293' title='bbox 915 2388 1013 2429; x_wconf 85' lang='lat' dir='ltr'><strong>vos</strong></span> <span class='ocrx_word' id='word_1_294' title='bbox 1049 2379 1282 2434; x_wconf 93' lang='lat' dir='ltr'><strong>mundus</strong></span> <span class='ocrx_word' id='word_1_295' title='bbox 1313 2381 1494 2450; x_wconf 82' lang='lat' dir='ltr'><strong>(Joan.</strong></span> <span class='ocrx_word' id='word_1_296' title='bbox 1534 2401 1625 2452; x_wconf 78' lang='lat' dir='ltr'><strong>xv,</strong></span> <span class='ocrx_word' id='word_1_297' title='bbox 1663 2388 1773 2460; x_wconf 88' lang='grc'><strong>19).</strong></span> <span class='ocrx_word' id='word_1_298' title='bbox 1819 2411 1838 2442; x_wconf 79' lang='grc' dir='ltr'><strong><em>ι</em></strong></span> <span class='ocrx_word' id='word_1_299' title='bbox 1883 2389 2026 2452; x_wconf 79' lang='lat' dir='ltr'><strong>Haec.</strong></span> 
     </span>
    </p>
   </div>
   <div class='ocr_carea' id='block_1_40' title="bbox 451 2451 2031 2551">
    <p class='ocr_par' dir='ltr' id='par_1_40' title="bbox 451 2451 2031 2551">
     <span class='ocr_line' id='line_1_40' title="bbox 451 2451 2031 2551; baseline 0.022 -46"><span class='ocrx_word' id='word_1_300' title='bbox 451 2451 674 2522; x_wconf 85' lang='lat' dir='ltr'><strong>fratres,</strong></span> <span class='ocrx_word' id='word_1_301' title='bbox 703 2473 826 2514; x_wconf 92' lang='lat' dir='ltr'><strong>cum</strong></span> <span class='ocrx_word' id='word_1_302' title='bbox 857 2472 913 2516; x_wconf 91' lang='lat' dir='ltr'><strong>et</strong></span> <span class='ocrx_word' id='word_1_303' title='bbox 938 2479 1037 2520; x_wconf 91' lang='lat' dir='ltr'><strong>nos</strong></span> <span class='ocrx_word' id='word_1_304' title='bbox 1067 2468 1322 2538; x_wconf 89' lang='lat' dir='ltr'><strong>sciamus,</strong></span> <span class='ocrx_word' id='word_1_305' title='bbox 1351 2474 1544 2531; x_wconf 89' lang='lat' dir='ltr'><strong>etaliis</strong></span> <span class='ocrx_word' id='word_1_306' title='bbox 1583 2493 1741 2535; x_wconf 90' lang='lat' dir='ltr'><strong>nosse</strong></span> <span class='ocrx_word' id='word_1_307' title='bbox 1771 2483 2031 2551; x_wconf 60' lang='lat' dir='ltr'><strong>praedica-</strong></span> 
     </span>
    </p>
   </div>
   <div class='ocr_carea' id='block_1_41' title="bbox 449 2556 2030 2627">
    <p class='ocr_par' dir='ltr' id='par_1_41' title="bbox 449 2556 2030 2627">
     <span class='ocr_line' id='line_1_41' title="bbox 449 2556 2030 2627; baseline 0.02 -32"><span class='ocrx_word' id='word_1_308' title='bbox 449 2556 593 2611; x_wconf 88' lang='lat' dir='ltr'><strong>mus,</strong></span> <span class='ocrx_word' id='word_1_309' title='bbox 652 2562 854 2619; x_wconf 91' lang='lat' dir='ltr'><strong>vosque</strong></span> <span class='ocrx_word' id='word_1_310' title='bbox 913 2567 976 2608; x_wconf 90' lang='lat' dir='ltr'><strong>ea</strong></span> <span class='ocrx_word' id='word_1_311' title='bbox 1047 2557 1285 2627; x_wconf 86' lang='lat' dir='ltr'><strong>perfecte</strong></span> <span class='ocrx_word' id='word_1_312' title='bbox 1356 2564 1496 2619; x_wconf 89' lang='lat' dir='ltr'><strong>scire</strong></span> <span class='ocrx_word' id='word_1_313' title='bbox 1555 2582 1660 2622; x_wconf 91' lang='lat' dir='ltr'><strong>non</strong></span> <span class='ocrx_word' id='word_1_314' title='bbox 1727 2570 2030 2627; x_wconf 88' lang='lat' dir='ltr'><strong>dubitemus</strong></span> 
     </span>
    </p>
   </div>
   <div class='ocr_carea' id='block_1_42' title="bbox 451 2640 2027 2724">
    <p class='ocr_par' dir='ltr' id='par_1_42' title="bbox 451 2640 2027 2724">
     <span class='ocr_line' id='line_1_42' title="bbox 451 2640 2027 2724; baseline 0.021 -36"><span class='ocrx_word' id='word_1_315' title='bbox 451 2644 670 2706; x_wconf 90' lang='lat' dir='ltr'><strong>propter</strong></span> <span class='ocrx_word' id='word_1_316' title='bbox 717 2640 1086 2703; x_wconf 87' lang='lat' dir='ltr'><strong>insidiantium</strong></span> <span class='ocrx_word' id='word_1_317' title='bbox 1117 2650 1558 2724; x_wconf 87' lang='lat' dir='ltr'><strong>vituperationes,</strong></span> <span class='ocrx_word' id='word_1_318' title='bbox 1603 2669 1698 2714; x_wconf 91' lang='lat' dir='ltr'><strong>aut</strong></span> <span class='ocrx_word' id='word_1_319' title='bbox 1724 2665 2027 2720; x_wconf 82' lang='lat' dir='ltr'><strong>accusatio-</strong></span> 
     </span>
    </p>
   </div>
   <div class='ocr_carea' id='block_1_43' title="bbox 453 2731 2029 2817">
    <p class='ocr_par' dir='ltr' id='par_1_43' title="bbox 453 2731 2029 2817">
     <span class='ocr_line' id='line_1_43' title="bbox 453 2731 2029 2817; baseline 0.019 -36"><span class='ocrx_word' id='word_1_320' title='bbox 453 2743 573 2794; x_wconf 87' lang='lat' dir='ltr'><strong>nes,</strong></span> <span class='ocrx_word' id='word_1_321' title='bbox 621 2731 705 2786; x_wconf 92' lang='lat' dir='ltr'><strong>vel</strong></span> <span class='ocrx_word' id='word_1_322' title='bbox 750 2744 970 2805; x_wconf 91' lang='lat' dir='ltr'><strong>propter</strong></span> <span class='ocrx_word' id='word_1_323' title='bbox 1025 2739 1358 2799; x_wconf 89' lang='lat' dir='ltr'><strong>adulantium</strong></span> <span class='ocrx_word' id='word_1_324' title='bbox 1404 2746 1760 2817; x_wconf 87' lang='lat' dir='ltr'><strong>laudationes,</strong></span> <span class='ocrx_word' id='word_1_325' title='bbox 1814 2769 1913 2810; x_wconf 87' lang='lat' dir='ltr'><strong>nec</strong></span> <span class='ocrx_word' id='word_1_326' title='bbox 1962 2757 2029 2810; x_wconf 91' lang='lat' dir='ltr'><strong>ad</strong></span> 
     </span>
    </p>
   </div>
   <div class='ocr_carea' id='block_1_44' title="bbox 452 2820 2030 2913">
    <p class='ocr_par' dir='ltr' id='par_1_44' title="bbox 452 2820 2030 2913">
     <span class='ocr_line' id='line_1_44' title="bbox 452 2820 2030 2913; baseline 0.019 -39"><span class='ocrx_word' id='word_1_327' title='bbox 452 2820 752 2892; x_wconf 81' lang='lat' dir='ltr'><strong>dexteram,</strong></span> <span class='ocrx_word' id='word_1_328' title='bbox 783 2843 885 2885; x_wconf 91' lang='lat' dir='ltr'><strong>nec</strong></span> <span class='ocrx_word' id='word_1_329' title='bbox 912 2831 978 2886; x_wconf 90' lang='lat' dir='ltr'><strong>ad</strong></span> <span class='ocrx_word' id='word_1_330' title='bbox 1004 2833 1281 2890; x_wconf 91' lang='lat' dir='ltr'><strong>sinistram</strong></span> <span class='ocrx_word' id='word_1_331' title='bbox 1313 2839 1586 2896; x_wconf 89' lang='lat' dir='ltr'><strong>declinare</strong></span> <span class='ocrx_word' id='word_1_332' title='bbox 1632 2844 1908 2913; x_wconf 87' lang='lat' dir='ltr'><strong>debemus,</strong></span> <span class='ocrx_word' id='word_1_333' title='bbox 1937 2849 2030 2904; x_wconf 91' lang='lat' dir='ltr'><strong>sed</strong></span> 
     </span>
    </p>
   </div>
   <div class='ocr_carea' id='block_1_45' title="bbox 453 2908 2031 3001">
    <p class='ocr_par' dir='ltr' id='par_1_45' title="bbox 453 2908 2031 3001">
     <span class='ocr_line' id='line_1_45' title="bbox 453 2908 2031 3001; baseline 0.019 -38"><span class='ocrx_word' id='word_1_334' title='bbox 453 2908 597 2966; x_wconf 90' lang='lat' dir='ltr'><strong>inter</strong></span> <span class='ocrx_word' id='word_1_335' title='bbox 656 2915 822 2972; x_wconf 90' lang='lat' dir='ltr'><strong>verba</strong></span> <span class='ocrx_word' id='word_1_336' title='bbox 884 2919 1215 2980; x_wconf 91' lang='lat' dir='ltr'><strong>laudantium</strong></span> <span class='ocrx_word' id='word_1_337' title='bbox 1296 2929 1411 2984; x_wconf 88' lang='lat' dir='ltr'><strong>sive</strong></span> <span class='ocrx_word' id='word_1_338' title='bbox 1476 2908 1904 3001; x_wconf 82' lang='lat' dir='ltr'><strong>vituperantium</strong></span> <span class='ocrx_word' id='word_1_339' title='bbox 1963 2939 2031 2993; x_wconf 89' lang='lat' dir='ltr'><strong>ad</strong></span> 
     </span>
    </p>
   </div>
   <div class='ocr_carea' id='block_1_46' title="bbox 451 3012 2031 3090">
    <p class='ocr_par' dir='ltr' id='par_1_46' title="bbox 451 3012 2031 3090">
     <span class='ocr_line' id='line_1_46' title="bbox 451 3012 2031 3090; baseline 0.018 -34"><span class='ocrx_word' id='word_1_340' title='bbox 451 3012 689 3061; x_wconf 85' lang='lat' dir='ltr'><strong>mentem</strong></span> <span class='ocrx_word' id='word_1_341' title='bbox 731 3023 945 3080; x_wconf 87' lang='lat' dir='ltr'><strong>semper</strong></span> <span class='ocrx_word' id='word_1_342' title='bbox 972 3019 1361 3073; x_wconf 89' lang='lat' dir='ltr'><strong>recurrendum</strong></span> <span class='ocrx_word' id='word_1_343' title='bbox 1393 3030 1495 3086; x_wconf 90' lang='lat' dir='ltr'><strong>est,</strong></span> <span class='ocrx_word' id='word_1_344' title='bbox 1539 3032 1593 3076; x_wconf 82' lang='lat' dir='ltr'><strong>et</strong></span> <span class='ocrx_word' id='word_1_345' title='bbox 1632 3025 1677 3078; x_wconf 93' lang='lat' dir='ltr'><strong>si</strong></span> <span class='ocrx_word' id='word_1_346' title='bbox 1714 3028 1767 3079; x_wconf 92' lang='lat' dir='ltr'><strong>in</strong></span> <span class='ocrx_word' id='word_1_347' title='bbox 1811 3041 1874 3082; x_wconf 89' lang='lat' dir='ltr'><strong>ea</strong></span> <span class='ocrx_word' id='word_1_348' title='bbox 1897 3044 2031 3090; x_wconf 65' lang='lat' dir='ltr'><strong>.non</strong></span> 
     </span>
    </p>
   </div>
   <div class='ocr_carea' id='block_1_47' title="bbox 451 3092 2028 3184">
    <p class='ocr_par' dir='ltr' id='par_1_47' title="bbox 451 3092 2028 3184">
     <span class='ocr_line' id='line_1_47' title="bbox 451 3092 2028 3184; baseline 0.019 -39"><span class='ocrx_word' id='word_1_349' title='bbox 451 3092 725 3184; x_wconf 88' lang='lat' dir='ltr'><strong>invenitur</strong></span> <span class='ocrx_word' id='word_1_350' title='bbox 748 3099 949 3166; x_wconf 87' lang='lat' dir='ltr'><strong>bonum</strong></span> <span class='ocrx_word' id='word_1_351' title='bbox 975 3105 1118 3174; x_wconf 92' lang='lat' dir='ltr'><strong>quod</strong></span> <span class='ocrx_word' id='word_1_352' title='bbox 1143 3107 1297 3163; x_wconf 92' lang='lat' dir='ltr'><strong>nobis</strong></span> <span class='ocrx_word' id='word_1_353' title='bbox 1321 3109 1540 3176; x_wconf 91' lang='lat' dir='ltr'><strong>dicitur,</strong></span> <span class='ocrx_word' id='word_1_354' title='bbox 1564 3129 1813 3184; x_wconf 89' lang='lat' dir='ltr'><strong>magnam</strong></span> <span class='ocrx_word' id='word_1_355' title='bbox 1857 3119 2028 3174; x_wconf 83' lang='lat' dir='ltr'><strong>tristi-</strong></span> 
     </span>
    </p>
   </div>
   <div class='ocr_carea' id='block_1_48' title="bbox 2130 1930 3699 2006">
    <p class='ocr_par' dir='ltr' id='par_1_48' title="bbox 2130 1930 3699 2006">
     <span class='ocr_line' id='line_1_48' title="bbox 2130 1930 3699 2006; baseline 0.004 -23"><span class='ocrx_word' id='word_1_356' title='bbox 2130 1944 2246 1984; x_wconf 90' lang='lat' dir='ltr'><strong>rem</strong></span> <span class='ocrx_word' id='word_1_357' title='bbox 2278 1943 2438 1984; x_wconf 91' lang='lat' dir='ltr'><strong>nemo</strong></span> <span class='ocrx_word' id='word_1_358' title='bbox 2464 1930 2730 1999; x_wconf 89' lang='lat' dir='ltr'><strong>recipiat;</strong></span> <span class='ocrx_word' id='word_1_359' title='bbox 2765 1937 2818 1984; x_wconf 91' lang='lat' dir='ltr'><strong>et</strong></span> <span class='ocrx_word' id='word_1_360' title='bbox 2849 1931 3047 1986; x_wconf 89' lang='lat' dir='ltr'><strong>iterum</strong></span> <span class='ocrx_word' id='word_1_361' title='bbox 3094 1949 3107 1985; x_wconf 93' lang='lat'>:</span> <span class='ocrx_word' id='word_1_362' title='bbox 3151 1931 3208 1988; x_wconf 93' lang='lat' dir='ltr'><strong>Si</strong></span> <span class='ocrx_word' id='word_1_363' title='bbox 3238 1934 3364 2003; x_wconf 89' lang='lat' dir='ltr'><strong>quis</strong></span> <span class='ocrx_word' id='word_1_364' title='bbox 3414 1936 3699 2006; x_wconf 89' lang='lat' dir='ltr'><strong>episc0pns,</strong></span> 
     </span>
    </p>
   </div>
   <div class='ocr_carea' id='block_1_49' title="bbox 2129 2019 3701 2098">
    <p class='ocr_par' dir='ltr' id='par_1_49' title="bbox 2129 2019 3701 2098">
     <span class='ocr_line' id='line_1_49' title="bbox 2129 2019 3701 2098; baseline 0.006 -25"><span class='ocrx_word' id='word_1_365' title='bbox 2129 2020 2433 2090; x_wconf 90' lang='lat' dir='ltr'><strong>presbyter,</strong></span> <span class='ocrx_word' id='word_1_366' title='bbox 2484 2029 2580 2076; x_wconf 90' lang='lat' dir='ltr'><strong>aut</strong></span> <span class='ocrx_word' id='word_1_367' title='bbox 2616 2019 2894 2087; x_wconf 87' lang='lat' dir='ltr'><strong>diaconus,</strong></span> <span class='ocrx_word' id='word_1_368' title='bbox 2940 2021 3024 2077; x_wconf 87' lang='lat' dir='ltr'><strong>vel</strong></span> <span class='ocrx_word' id='word_1_369' title='bbox 3065 2023 3294 2094; x_wconf 89' lang='lat' dir='ltr'><strong>quilibet</strong></span> <span class='ocrx_word' id='word_1_370' title='bbox 3325 2026 3536 2094; x_wconf 91' lang='lat' dir='ltr'><strong>clerici,</strong></span> <span class='ocrx_word' id='word_1_371' title='bbox 3579 2028 3701 2098; x_wconf 90' lang='lat' dir='ltr'><strong>apud</strong></span> 
     </span>
    </p>
   </div>
   <div class='ocr_carea' id='block_1_50' title="bbox 2131 2111 3703 2189">
    <p class='ocr_par' dir='ltr' id='par_1_50' title="bbox 2131 2111 3703 2189">
     <span class='ocr_line' id='line_1_50' title="bbox 2131 2111 3703 2189; baseline 0.004 -23"><span class='ocrx_word' id='word_1_372' title='bbox 2131 2111 2436 2182; x_wconf 89' lang='lat' dir='ltr'><strong>episcopum</strong></span> <span class='ocrx_word' id='word_1_373' title='bbox 2467 2128 2498 2167; x_wconf 92' lang='lat' dir='ltr'><strong>a</strong></span> <span class='ocrx_word' id='word_1_374' title='bbox 2526 2112 2765 2182; x_wconf 90' lang='lat' dir='ltr'><strong>qualibet</strong></span> <span class='ocrx_word' id='word_1_375' title='bbox 2805 2128 3036 2184; x_wconf 90' lang='lat' dir='ltr'><strong>persona</strong></span> <span class='ocrx_word' id='word_1_376' title='bbox 3079 2115 3284 2172; x_wconf 91' lang='lat' dir='ltr'><strong>fuerint</strong></span> <span class='ocrx_word' id='word_1_377' title='bbox 3311 2120 3573 2182; x_wconf 87' lang='lat' dir='ltr'><strong>accusati,</strong></span> <span class='ocrx_word' id='word_1_378' title='bbox 3602 2121 3703 2189; x_wconf 60' lang='lat' dir='ltr'><strong>qui.</strong></span> 
     </span>
    </p>
   </div>
   <div class='ocr_carea' id='block_1_51' title="bbox 2131 2201 3703 2273">
    <p class='ocr_par' dir='ltr' id='par_1_51' title="bbox 2131 2201 3703 2273">
     <span class='ocr_line' id='line_1_51' title="bbox 2131 2201 3703 2273; baseline 0.004 -17"><span class='ocrx_word' id='word_1_379' title='bbox 2131 2216 2340 2272; x_wconf 90' lang='lat' dir='ltr'><strong>cunque</strong></span> <span class='ocrx_word' id='word_1_380' title='bbox 2368 2201 2550 2266; x_wconf 87' lang='lat' dir='ltr'><strong>fuerit,</strong></span> <span class='ocrx_word' id='word_1_381' title='bbox 2607 2203 2721 2259; x_wconf 90' lang='lat' dir='ltr'><strong>sive</strong></span> <span class='ocrx_word' id='word_1_382' title='bbox 2770 2203 2860 2257; x_wconf 92' lang='lat' dir='ltr'><strong>ille</strong></span> <span class='ocrx_word' id='word_1_383' title='bbox 2904 2205 3152 2260; x_wconf 89' lang='lat' dir='ltr'><strong>sublimis</strong></span> <span class='ocrx_word' id='word_1_384' title='bbox 3198 2206 3283 2260; x_wconf 91' lang='lat' dir='ltr'><strong>vir</strong></span> <span class='ocrx_word' id='word_1_385' title='bbox 3332 2208 3578 2273; x_wconf 88' lang='lat' dir='ltr'><strong>honoris,</strong></span> <span class='ocrx_word' id='word_1_386' title='bbox 3607 2210 3703 2264; x_wconf 80' lang='lat' dir='ltr'><strong>sive</strong></span> 
     </span>
    </p>
   </div>
   <div class='ocr_carea' id='block_1_52' title="bbox 2129 2294 3699 2369">
    <p class='ocr_par' dir='ltr' id='par_1_52' title="bbox 2129 2294 3699 2369">
     <span class='ocr_line' id='line_1_52' title="bbox 2129 2294 3699 2369; baseline 0.002 -20"><span class='ocrx_word' id='word_1_387' title='bbox 2129 2294 2289 2350; x_wconf 90' lang='lat' dir='ltr'><strong>ullius</strong></span> <span class='ocrx_word' id='word_1_388' title='bbox 2319 2295 2540 2350; x_wconf 89' lang='lat' dir='ltr'><strong>alterius</strong></span> <span class='ocrx_word' id='word_1_389' title='bbox 2567 2294 2783 2364; x_wconf 87' lang='lat' dir='ltr'><strong>generis</strong></span> <span class='ocrx_word' id='word_1_390' title='bbox 2819 2311 3045 2364; x_wconf 81' lang='lat' dir='ltr'><strong>persona</strong></span> <span class='ocrx_word' id='word_1_391' title='bbox 3080 2298 3172 2366; x_wconf 92' lang='lat' dir='ltr'><strong>qui</strong></span> <span class='ocrx_word' id='word_1_392' title='bbox 3205 2299 3308 2353; x_wconf 91' lang='lat' dir='ltr'><strong>hoc</strong></span> <span class='ocrx_word' id='word_1_393' title='bbox 3346 2313 3519 2369; x_wconf 90' lang='lat' dir='ltr'><strong>genus</strong></span> <span class='ocrx_word' id='word_1_394' title='bbox 3561 2299 3699 2353; x_wconf 83' lang='lat' dir='ltr'><strong>illau-</strong></span> 
     </span>
    </p>
   </div>
   <div class='ocr_carea' id='block_1_53' title="bbox 2131 2384 3702 2459">
    <p class='ocr_par' dir='ltr' id='par_1_53' title="bbox 2131 2384 3702 2459">
     <span class='ocr_line' id='line_1_53' title="bbox 2131 2384 3702 2459; baseline 0.001 -19"><span class='ocrx_word' id='word_1_395' title='bbox 2131 2384 2326 2440; x_wconf 88' lang='lat' dir='ltr'><strong>dabilis</strong></span> <span class='ocrx_word' id='word_1_396' title='bbox 2364 2384 2679 2441; x_wconf 90' lang='lat' dir='ltr'><strong>intentionis</strong></span> <span class='ocrx_word' id='word_1_397' title='bbox 2722 2385 3034 2455; x_wconf 90' lang='lat' dir='ltr'><strong>arripuerit,</strong></span> <span class='ocrx_word' id='word_1_398' title='bbox 3069 2389 3284 2442; x_wconf 86' lang='lat' dir='ltr'><strong>noverit</strong></span> <span class='ocrx_word' id='word_1_399' title='bbox 3323 2389 3568 2444; x_wconf 88' lang='lat' dir='ltr'><strong>docenda</strong></span> <span class='ocrx_word' id='word_1_400' title='bbox 3597 2404 3702 2459; x_wconf 86' lang='lat' dir='ltr'><strong>pro-</strong></span> 
     </span>
    </p>
   </div>
   <div class='ocr_carea' id='block_1_54' title="bbox 2128 2473 3700 2533">
    <p class='ocr_par' dir='ltr' id='par_1_54' title="bbox 2128 2473 3700 2533">
     <span class='ocr_line' id='line_1_54' title="bbox 2128 2473 3700 2533; baseline 0.003 -5"><span class='ocrx_word' id='word_1_401' title='bbox 2128 2473 2432 2529; x_wconf 90' lang='lat' dir='ltr'><strong>batioribus</strong></span> <span class='ocrx_word' id='word_1_402' title='bbox 2489 2476 2840 2530; x_wconf 89' lang='lat' dir='ltr'><strong>monstranda</strong></span> <span class='ocrx_word' id='word_1_403' title='bbox 2891 2477 3230 2532; x_wconf 90' lang='lat' dir='ltr'><strong>documentis</strong></span> <span class='ocrx_word' id='word_1_404' title='bbox 3281 2493 3342 2533; x_wconf 89' lang='lat' dir='ltr'><strong>se</strong></span> <span class='ocrx_word' id='word_1_405' title='bbox 3392 2477 3585 2533; x_wconf 86' lang='lat' dir='ltr'><strong>debere</strong></span> <span class='ocrx_word' id='word_1_406' title='bbox 3633 2479 3700 2532; x_wconf 89' lang='lat' dir='ltr'><strong>in-</strong></span> 
     </span>
    </p>
   </div>
   <div class='ocr_carea' id='block_1_55' title="bbox 2136 2564 3701 2640">
    <p class='ocr_par' dir='ltr' id='par_1_55' title="bbox 2136 2564 3701 2640">
     <span class='ocr_line' id='line_1_55' title="bbox 2136 2564 3701 2640; baseline 0.004 -21"><span class='ocrx_word' id='word_1_407' title='bbox 2136 2564 2295 2635; x_wconf 77' lang='lat'><strong>187</strong></span> <span class='ocrx_word' id='word_1_408' title='bbox 2313 2564 2473 2621; x_wconf 87' lang='lat' dir='ltr'><strong>ferre.</strong></span> <span class='ocrx_word' id='word_1_409' title='bbox 2503 2565 2559 2620; x_wconf 91' lang='lat' dir='ltr'><strong>Si</strong></span> <span class='ocrx_word' id='word_1_410' title='bbox 2581 2566 2702 2635; x_wconf 92' lang='lat' dir='ltr'><strong>quis</strong></span> <span class='ocrx_word' id='word_1_411' title='bbox 2714 2581 2844 2636; x_wconf 81' lang='lat' dir='ltr'><strong>ergo</strong></span> <span class='ocrx_word' id='word_1_412' title='bbox 2859 2567 3004 2622; x_wconf 92' lang='lat' dir='ltr'><strong>circa</strong></span> <span class='ocrx_word' id='word_1_413' title='bbox 3020 2569 3326 2638; x_wconf 90' lang='lat' dir='ltr'><strong>hujusmodi</strong></span> <span class='ocrx_word' id='word_1_414' title='bbox 3343 2585 3599 2640; x_wconf 89' lang='lat' dir='ltr'><strong>personas</strong></span> <span class='ocrx_word' id='word_1_415' title='bbox 3610 2585 3701 2625; x_wconf 90' lang='lat' dir='ltr'><strong>non</strong></span> 
     </span>
    </p>
   </div>
   <div class='ocr_carea' id='block_1_56' title="bbox 2130 2655 3700 2731">
    <p class='ocr_par' dir='ltr' id='par_1_56' title="bbox 2130 2655 3700 2731">
     <span class='ocr_line' id='line_1_56' title="bbox 2130 2655 3700 2731; baseline 0.006 -23"><span class='ocrx_word' id='word_1_416' title='bbox 2130 2655 2405 2724; x_wconf 86' lang='lat' dir='ltr'><strong>probanda</strong></span> <span class='ocrx_word' id='word_1_417' title='bbox 2452 2657 2726 2722; x_wconf 89' lang='lat' dir='ltr'><strong>detulerit,</strong></span> <span class='ocrx_word' id='word_1_418' title='bbox 2778 2659 3043 2730; x_wconf 85' lang='lat' dir='ltr'><strong>intelligat</strong></span> <span class='ocrx_word' id='word_1_419' title='bbox 3084 2675 3142 2715; x_wconf 90' lang='lat' dir='ltr'><strong>se</strong></span> <span class='ocrx_word' id='word_1_420' title='bbox 3166 2662 3440 2731; x_wconf 90' lang='lat' dir='ltr'><strong>jacturam</strong></span> <span class='ocrx_word' id='word_1_421' title='bbox 3491 2662 3700 2718; x_wconf 77' lang='lat' dir='ltr'><strong>infamia:</strong></span> 
     </span>
    </p>
   </div>
   <div class='ocr_carea' id='block_1_57' title="bbox 2133 2747 3700 2820">
    <p class='ocr_par' dir='ltr' id='par_1_57' title="bbox 2133 2747 3700 2820">
     <span class='ocr_line' id='line_1_57' title="bbox 2133 2747 3700 2820; baseline 0.004 -18"><span class='ocrx_word' id='word_1_422' title='bbox 2133 2747 2419 2812; x_wconf 88' lang='lat' dir='ltr'><strong>sustinere,</strong></span> <span class='ocrx_word' id='word_1_423' title='bbox 2452 2755 2508 2802; x_wconf 90' lang='lat' dir='ltr'><strong>et</strong></span> <span class='ocrx_word' id='word_1_424' title='bbox 2551 2747 2652 2803; x_wconf 87' lang='lat' dir='ltr'><strong>sub</strong></span> <span class='ocrx_word' id='word_1_425' title='bbox 2686 2765 2877 2820; x_wconf 86' lang='lat' dir='ltr'><strong>magna</strong></span> <span class='ocrx_word' id='word_1_426' title='bbox 2929 2753 3495 2810; x_wconf 81' lang='lat' dir='ltr'><strong>excommunicatione</strong></span> <span class='ocrx_word' id='word_1_427' title='bbox 3531 2755 3700 2810; x_wconf 79' lang='lat' dir='ltr'><strong>exsilio</strong></span> 
     </span>
    </p>
   </div>
   <div class='ocr_carea' id='block_1_58' title="bbox 2131 2836 3697 2912">
    <p class='ocr_par' dir='ltr' id='par_1_58' title="bbox 2131 2836 3697 2912">
     <span class='ocr_line' id='line_1_58' title="bbox 2131 2836 3697 2912; baseline 0.004 -21"><span class='ocrx_word' id='word_1_428' title='bbox 2131 2836 2424 2907; x_wconf 89' lang='lat' dir='ltr'><strong>deportari.</strong></span> <span class='ocrx_word' id='word_1_429' title='bbox 2481 2837 2599 2910; x_wconf 51' lang='lat' dir='ltr'><strong>,lsta</strong></span> <span class='ocrx_word' id='word_1_430' title='bbox 2668 2841 2849 2895; x_wconf 89' lang='lat' dir='ltr'><strong>omnia</strong></span> <span class='ocrx_word' id='word_1_431' title='bbox 2921 2843 3376 2912; x_wconf 79' lang='lat' dir='ltr'><strong>postposuinon</strong></span> <span class='ocrx_word' id='word_1_432' title='bbox 3453 2845 3585 2908; x_wconf 89' lang='lat' dir='ltr'><strong>aliis,</strong></span> <span class='ocrx_word' id='word_1_433' title='bbox 3647 2855 3697 2898; x_wconf 86' lang='lat' dir='ltr'><strong>ut</strong></span> 
     </span>
    </p>
   </div>
   <div class='ocr_carea' id='block_1_59' title="bbox 2133 2929 3696 3007">
    <p class='ocr_par' dir='ltr' id='par_1_59' title="bbox 2133 2929 3696 3007">
     <span class='ocr_line' id='line_1_59' title="bbox 2133 2929 3696 3007; baseline 0.005 -24"><span class='ocrx_word' id='word_1_434' title='bbox 2133 2929 2290 2997; x_wconf 90' lang='lat' dir='ltr'><strong>paulo</strong></span> <span class='ocrx_word' id='word_1_435' title='bbox 2339 2930 2586 2999; x_wconf 91' lang='lat' dir='ltr'><strong>superius</strong></span> <span class='ocrx_word' id='word_1_436' title='bbox 2635 2931 2976 3000; x_wconf 80' lang='lat' dir='ltr'><strong>praelibatum</strong></span> <span class='ocrx_word' id='word_1_437' title='bbox 3017 2943 3120 2998; x_wconf 87' lang='lat' dir='ltr'><strong>est,</strong></span> <span class='ocrx_word' id='word_1_438' title='bbox 3169 2936 3476 3007; x_wconf 79' lang='lat' dir='ltr'><strong>exemplum</strong></span> <span class='ocrx_word' id='word_1_439' title='bbox 3523 2936 3696 2999; x_wconf 89' lang='lat' dir='ltr'><strong>dando,</strong></span> 
     </span>
    </p>
   </div>
   <div class='ocr_carea' id='block_1_60' title="bbox 2132 3017 3697 3097">
    <p class='ocr_par' dir='ltr' id='par_1_60' title="bbox 2132 3017 3697 3097">
     <span class='ocr_line' id='line_1_60' title="bbox 2132 3017 3697 3097; baseline 0.006 -23"><span class='ocrx_word' id='word_1_440' title='bbox 2132 3017 2226 3074; x_wconf 87' lang='lat' dir='ltr'><strong>sed</strong></span> <span class='ocrx_word' id='word_1_441' title='bbox 2288 3033 2375 3074; x_wconf 92' lang='lat' dir='ltr'><strong>me</strong></span> <span class='ocrx_word' id='word_1_442' title='bbox 2427 3035 2458 3074; x_wconf 91' lang='lat' dir='ltr'><strong>a</strong></span> <span class='ocrx_word' id='word_1_443' title='bbox 2527 3020 2752 3084; x_wconf 67' lang='lat' dir='ltr'><strong>prtefata</strong></span> <span class='ocrx_word' id='word_1_444' title='bbox 2816 3021 3039 3078; x_wconf 88' lang='lat' dir='ltr'><strong>infamia</strong></span> <span class='ocrx_word' id='word_1_445' title='bbox 3103 3033 3160 3078; x_wconf 91' lang='lat' dir='ltr'><strong>et</strong></span> <span class='ocrx_word' id='word_1_446' title='bbox 3225 3026 3533 3097; x_wconf 91' lang='lat' dir='ltr'><strong>suspicione</strong></span> <span class='ocrx_word' id='word_1_447' title='bbox 3583 3027 3697 3081; x_wconf 87' lang='lat' dir='ltr'><strong>libe-</strong></span> 
     </span>
    </p>
   </div>
   <div class='ocr_carea' id='block_1_61' title="bbox 2133 3110 2325 3166">
    <p class='ocr_par' dir='ltr' id='par_1_61' title="bbox 2133 3110 2325 3166">
     <span class='ocr_line' id='line_1_61' title="bbox 2133 3110 2325 3166; baseline -0.005 -1"><span class='ocrx_word' id='word_1_448' title='bbox 2133 3110 2325 3166; x_wconf 91' lang='lat' dir='ltr'><strong>rando.</strong></span> 
     </span>
    </p>
   </div>
   <div class='ocr_carea' id='block_1_62' title="bbox 454 3179 3687 3276">
    <p class='ocr_par' dir='ltr' id='par_1_62' title="bbox 454 3179 3687 3276">
     <span class='ocr_line' id='line_1_62' title="bbox 454 3179 3687 3276; baseline 0.012 -40"><span class='ocrx_word' id='word_1_449' title='bbox 454 3182 582 3238; x_wconf 90' lang='lat' dir='ltr'><strong>tiam</strong></span> <span class='ocrx_word' id='word_1_450' title='bbox 614 3201 873 3257; x_wconf 86' lang='lat' dir='ltr'><strong>generare</strong></span> <span class='ocrx_word' id='word_1_451' title='bbox 896 3191 1075 3249; x_wconf 89' lang='lat' dir='ltr'><strong>debet.</strong></span> <span class='ocrx_word' id='word_1_452' title='bbox 1100 3195 1168 3250; x_wconf 90' lang='lat' dir='ltr'><strong>Et</strong></span> <span class='ocrx_word' id='word_1_453' title='bbox 1199 3213 1412 3254; x_wconf 91' lang='lat' dir='ltr'><strong>rursum</strong></span> <span class='ocrx_word' id='word_1_454' title='bbox 1447 3201 1493 3256; x_wconf 91' lang='lat' dir='ltr'><strong>si</strong></span> <span class='ocrx_word' id='word_1_455' title='bbox 1523 3202 1573 3257; x_wconf 93' lang='lat' dir='ltr'><strong>in</strong></span> <span class='ocrx_word' id='word_1_456' title='bbox 1600 3179 1680 3258; x_wconf 34' lang='lat' dir='ltr'><strong>eai</strong></span> <span class='ocrx_word' id='word_1_457' title='bbox 1693 3220 1799 3260; x_wconf 91' lang='lat' dir='ltr'><strong>non</strong></span> <span class='ocrx_word' id='word_1_458' title='bbox 1825 3207 2032 3264; x_wconf 91' lang='lat' dir='ltr'><strong>inveni-</strong></span> <span class='ocrx_word' id='word_1_459' title='bbox 2059 3179 2103 3241; x_wconf 64' lang='grc' dir='ltr'><strong>ρ</strong></span> <span class='ocrx_word' id='word_1_460' title='bbox 2207 3199 2608 3258; x_wconf 73' lang='lat' dir='ltr'><strong>condemnalus</strong></span> <span class='ocrx_word' id='word_1_461' title='bbox 2634 3211 2719 3259; x_wconf 68' lang='lat' dir='ltr'><strong>est</strong></span> <span class='ocrx_word' id='word_1_462' title='bbox 2753 3213 2931 3259; x_wconf 73' lang='lat' dir='ltr'><strong>allle</strong></span> <span class='ocrx_word' id='word_1_463' title='bbox 2970 3216 3299 3262; x_wconf 67' lang='lat' dir='ltr'><strong>memoratus</strong></span> <span class='ocrx_word' id='word_1_464' title='bbox 3320 3207 3524 3264; x_wconf 70' lang='lat' dir='ltr'><strong>Bassus</strong></span> <span class='ocrx_word' id='word_1_465' title='bbox 3546 3223 3574 3262; x_wconf 68' lang='lat'><strong>3</strong></span> <span class='ocrx_word' id='word_1_466' title='bbox 3592 3205 3687 3276; x_wconf 64' lang='lat' dir='ltr'><strong>iam</strong></span> 
     </span>
    </p>
   </div>
   <div class='ocr_carea' id='block_1_63' title="bbox 455 3279 2030 3368">
    <p class='ocr_par' dir='ltr' id='par_1_63' title="bbox 455 3279 2030 3368">
     <span class='ocr_line' id='line_1_63' title="bbox 455 3279 2030 3368; baseline 0.018 -40"><span class='ocrx_word' id='word_1_467' title='bbox 455 3283 546 3329; x_wconf 88' lang='lat' dir='ltr'><strong>tur</strong></span> <span class='ocrx_word' id='word_1_468' title='bbox 585 3279 808 3346; x_wconf 91' lang='lat' dir='ltr'><strong>malum,</strong></span> <span class='ocrx_word' id='word_1_469' title='bbox 839 3285 981 3352; x_wconf 92' lang='lat' dir='ltr'><strong>quod</strong></span> <span class='ocrx_word' id='word_1_470' title='bbox 1026 3287 1091 3342; x_wconf 92' lang='lat' dir='ltr'><strong>de</strong></span> <span class='ocrx_word' id='word_1_471' title='bbox 1139 3289 1293 3346; x_wconf 92' lang='lat' dir='ltr'><strong>nobis</strong></span> <span class='ocrx_word' id='word_1_472' title='bbox 1339 3291 1584 3350; x_wconf 86' lang='lat' dir='ltr'><strong>homines</strong></span> <span class='ocrx_word' id='word_1_473' title='bbox 1627 3295 1939 3368; x_wconf 88' lang='lat' dir='ltr'><strong>loquuntur,</strong></span> <span class='ocrx_word' id='word_1_474' title='bbox 1979 3301 2030 3356; x_wconf 92' lang='lat' dir='ltr'><strong>in</strong></span> 
     </span>
    </p>
   </div>
   <div class='ocr_carea' id='block_1_64' title="bbox 453 3371 2033 3454">
    <p class='ocr_par' dir='ltr' id='par_1_64' title="bbox 453 3371 2033 3454">
     <span class='ocr_line' id='line_1_64' title="bbox 453 3371 2033 3454; baseline 0.017 -34"><span class='ocrx_word' id='word_1_475' title='bbox 453 3381 648 3439; x_wconf 91' lang='lat' dir='ltr'><strong>magna</strong></span> <span class='ocrx_word' id='word_1_476' title='bbox 705 3371 967 3431; x_wconf 89' lang='lat' dir='ltr'><strong>debemus</strong></span> <span class='ocrx_word' id='word_1_477' title='bbox 1018 3377 1202 3434; x_wconf 63' lang='lat' dir='ltr'><strong>laetitia</strong></span> <span class='ocrx_word' id='word_1_478' title='bbox 1264 3384 1535 3452; x_wconf 91' lang='lat' dir='ltr'><strong>prosilire.</strong></span> <span class='ocrx_word' id='word_1_479' title='bbox 1583 3386 1722 3454; x_wconf 86' lang='lat' dir='ltr'><strong>Quid</strong></span> <span class='ocrx_word' id='word_1_480' title='bbox 1786 3391 1930 3445; x_wconf 89' lang='lat' dir='ltr'><strong>enim</strong></span> <span class='ocrx_word' id='word_1_481' title='bbox 1989 3394 2033 3448; x_wconf 92' lang='lat' dir='ltr'><strong>si</strong></span> 
     </span>
    </p>
   </div>
   <div class='ocr_carea' id='block_1_65' title="bbox 454 3461 2036 3548">
    <p class='ocr_par' dir='ltr' id='par_1_65' title="bbox 454 3461 2036 3548">
     <span class='ocr_line' id='line_1_65' title="bbox 454 3461 2036 3548; baseline 0.018 -36"><span class='ocrx_word' id='word_1_482' title='bbox 454 3471 645 3517; x_wconf 92' lang='lat' dir='ltr'><strong>omnes</strong></span> <span class='ocrx_word' id='word_1_483' title='bbox 698 3461 937 3531; x_wconf 89' lang='lat' dir='ltr'><strong>laudant,</strong></span> <span class='ocrx_word' id='word_1_484' title='bbox 979 3476 1036 3523; x_wconf 93' lang='lat' dir='ltr'><strong>et</strong></span> <span class='ocrx_word' id='word_1_485' title='bbox 1062 3472 1394 3528; x_wconf 90' lang='lat' dir='ltr'><strong>conscientia</strong></span> <span class='ocrx_word' id='word_1_486' title='bbox 1427 3492 1526 3532; x_wconf 92' lang='lat' dir='ltr'><strong>nos</strong></span> <span class='ocrx_word' id='word_1_487' title='bbox 1572 3489 1812 3548; x_wconf 91' lang='lat' dir='ltr'><strong>accuset,</strong></span> <span class='ocrx_word' id='word_1_488' title='bbox 1860 3493 1953 3538; x_wconf 90' lang='lat' dir='ltr'><strong>aut</strong></span> <span class='ocrx_word' id='word_1_489' title='bbox 1991 3485 2036 3539; x_wconf 92' lang='lat' dir='ltr'><strong>si</strong></span> 
     </span>
    </p>
   </div>
   <div class='ocr_carea' id='block_1_66' title="bbox 454 3564 2038 3630">
    <p class='ocr_par' dir='ltr' id='par_1_66' title="bbox 454 3564 2038 3630">
     <span class='ocr_line' id='line_1_66' title="bbox 454 3564 2038 3630; baseline 0.015 -24"><span class='ocrx_word' id='word_1_490' title='bbox 454 3567 642 3609; x_wconf 89' lang='lat' dir='ltr'><strong>omnes</strong></span> <span class='ocrx_word' id='word_1_491' title='bbox 657 3566 908 3612; x_wconf 88' lang='lat' dir='ltr'><strong>accusent</strong></span> <span class='ocrx_word' id='word_1_492' title='bbox 927 3569 979 3614; x_wconf 91' lang='lat' dir='ltr'><strong>et</strong></span> <span class='ocrx_word' id='word_1_493' title='bbox 994 3564 1323 3619; x_wconf 86' lang='lat' dir='ltr'><strong>conscientia</strong></span> <span class='ocrx_word' id='word_1_494' title='bbox 1339 3581 1435 3622; x_wconf 90' lang='lat' dir='ltr'><strong>nos</strong></span> <span class='ocrx_word' id='word_1_495' title='bbox 1448 3567 1647 3625; x_wconf 88' lang='lat' dir='ltr'><strong>liberos</strong></span> <span class='ocrx_word' id='word_1_496' title='bbox 1667 3570 2038 3630; x_wconf 89' lang='lat' dir='ltr'><strong>demonstret?</strong></span> 
     </span>
    </p>
   </div>
   <div class='ocr_carea' id='block_1_67' title="bbox 455 3640 2037 3720">
    <p class='ocr_par' dir='ltr' id='par_1_67' title="bbox 455 3640 2037 3720">
     <span class='ocr_line' id='line_1_67' title="bbox 455 3640 2037 3720; baseline 0.017 -26"><span class='ocrx_word' id='word_1_497' title='bbox 455 3640 727 3700; x_wconf 86' lang='lat' dir='ltr'><strong>Habemus</strong></span> <span class='ocrx_word' id='word_1_498' title='bbox 797 3646 1020 3704; x_wconf 89' lang='lat' dir='ltr'><strong>Paulum</strong></span> <span class='ocrx_word' id='word_1_499' title='bbox 1083 3652 1354 3710; x_wconf 91' lang='lat' dir='ltr'><strong>dicentem</strong></span> <span class='ocrx_word' id='word_1_500' title='bbox 1427 3674 1440 3711; x_wconf 88' lang='lat'><strong>:</strong></span> <span class='ocrx_word' id='word_1_501' title='bbox 1518 3677 1536 3710; x_wconf 85' lang='grc'><strong><em>‹</em></strong></span> <span class='ocrx_word' id='word_1_502' title='bbox 1613 3661 1793 3716; x_wconf 84' lang='lat' dir='ltr'><strong>Gloria</strong></span> <span class='ocrx_word' id='word_1_503' title='bbox 1853 3676 2037 3720; x_wconf 90' lang='lat' dir='ltr'><strong>nostra</strong></span> 
     </span>
    </p>
   </div>
   <div class='ocr_carea' id='block_1_68' title="bbox 454 3731 2034 3826">
    <p class='ocr_par' dir='ltr' id='par_1_68' title="bbox 454 3731 2034 3826">
     <span class='ocr_line' id='line_1_68' title="bbox 454 3731 2034 3826; baseline 0.018 -40"><span class='ocrx_word' id='word_1_504' title='bbox 454 3731 572 3790; x_wconf 68' lang='lat' dir='ltr'><strong>haec</strong></span> <span class='ocrx_word' id='word_1_505' title='bbox 610 3743 695 3791; x_wconf 91' lang='lat' dir='ltr'><strong>est</strong></span> <span class='ocrx_word' id='word_1_506' title='bbox 722 3739 1088 3797; x_wconf 91' lang='lat' dir='ltr'><strong>testimonium</strong></span> <span class='ocrx_word' id='word_1_507' title='bbox 1127 3747 1472 3804; x_wconf 72' lang='lat' dir='ltr'><strong>conscientiae</strong></span> <span class='ocrx_word' id='word_1_508' title='bbox 1499 3760 1699 3810; x_wconf 64' lang='lat' dir='ltr'><strong>nostra:</strong></span> <span class='ocrx_word' id='word_1_509' title='bbox 1723 3754 1809 3826; x_wconf 87' lang='lat' dir='ltr'><strong>(II</strong></span> <span class='ocrx_word' id='word_1_510' title='bbox 1838 3755 1960 3811; x_wconf 89' lang='lat' dir='ltr'><strong>Cor.</strong></span> <span class='ocrx_word' id='word_1_511' title='bbox 1995 3775 2034 3826; x_wconf 85' lang='grc' dir='ltr'><strong>ι,</strong></span> 
     </span>
    </p>
   </div>
   <div class='ocr_carea' id='block_1_69' title="bbox 456 3825 2040 3907">
    <p class='ocr_par' dir='ltr' id='par_1_69' title="bbox 456 3825 2040 3907">
     <span class='ocr_line' id='line_1_69' title="bbox 456 3825 2040 3907; baseline 0.021 -34"><span class='ocrx_word' id='word_1_512' title='bbox 456 3825 569 3897; x_wconf 75' lang='grc'><strong>12).</strong></span> <span class='ocrx_word' id='word_1_513' title='bbox 605 3845 623 3878; x_wconf 77' lang='grc' dir='ltr'><strong><em>ι</em></strong></span> <span class='ocrx_word' id='word_1_514' title='bbox 654 3827 755 3885; x_wconf 83' lang='lat' dir='ltr'><strong>Job</strong></span> <span class='ocrx_word' id='word_1_515' title='bbox 787 3845 1002 3902; x_wconf 91' lang='lat' dir='ltr'><strong>quoque</strong></span> <span class='ocrx_word' id='word_1_516' title='bbox 1033 3835 1201 3892; x_wconf 88' lang='lat' dir='ltr'><strong>dicit:</strong></span> <span class='ocrx_word' id='word_1_517' title='bbox 1235 3855 1255 3888; x_wconf 84' lang='grc'><strong><em>‹</em></strong></span> <span class='ocrx_word' id='word_1_518' title='bbox 1285 3839 1425 3896; x_wconf 87' lang='lat' dir='ltr'><strong>Ecce</strong></span> <span class='ocrx_word' id='word_1_519' title='bbox 1446 3841 1498 3896; x_wconf 92' lang='lat' dir='ltr'><strong>in</strong></span> <span class='ocrx_word' id='word_1_520' title='bbox 1521 3844 1673 3900; x_wconf 81' lang='lat' dir='ltr'><strong>caelis</strong></span> <span class='ocrx_word' id='word_1_521' title='bbox 1705 3825 1857 3902; x_wconf 88' lang='lat' dir='ltr'><strong>testis</strong></span> <span class='ocrx_word' id='word_1_522' title='bbox 1887 3865 2040 3907; x_wconf 92' lang='lat' dir='ltr'><strong>meus</strong></span> 
     </span>
    </p>
   </div>
   <div class='ocr_carea' id='block_1_70' title="bbox 458 3911 2036 4006">
    <p class='ocr_par' dir='ltr' id='par_1_70' title="bbox 458 3911 2036 4006">
     <span class='ocr_line' id='line_1_70' title="bbox 458 3911 2036 4006; baseline 0.018 -40"><span class='ocrx_word' id='word_1_523' title='bbox 458 3911 580 4006; x_wconf 58' lang='lat' dir='ltr'><strong>(Joh</strong></span> <span class='ocrx_word' id='word_1_524' title='bbox 635 3933 748 4006; x_wconf 61' lang='lat' dir='ltr'><strong>im,</strong></span> <span class='ocrx_word' id='word_1_525' title='bbox 793 3919 905 3989; x_wconf 74' lang='lat'><strong>20).</strong></span> <span class='ocrx_word' id='word_1_526' title='bbox 945 3941 965 3975; x_wconf 77' lang='grc' dir='ltr'><strong><em>ι</em></strong></span> <span class='ocrx_word' id='word_1_527' title='bbox 1017 3922 1073 3978; x_wconf 94' lang='lat' dir='ltr'><strong>Si</strong></span> <span class='ocrx_word' id='word_1_528' title='bbox 1103 3940 1232 3997; x_wconf 88' lang='lat' dir='ltr'><strong>ergo</strong></span> <span class='ocrx_word' id='word_1_529' title='bbox 1275 3938 1357 3984; x_wconf 91' lang='lat' dir='ltr'><strong>est</strong></span> <span class='ocrx_word' id='word_1_530' title='bbox 1388 3931 1543 3987; x_wconf 91' lang='lat' dir='ltr'><strong>nobis</strong></span> <span class='ocrx_word' id='word_1_531' title='bbox 1592 3935 1742 3990; x_wconf 79' lang='lat' dir='ltr'><strong>testis</strong></span> <span class='ocrx_word' id='word_1_532' title='bbox 1787 3937 1840 3990; x_wconf 93' lang='lat' dir='ltr'><strong>in</strong></span> <span class='ocrx_word' id='word_1_533' title='bbox 1875 3938 2036 4006; x_wconf 88' lang='lat' dir='ltr'><strong>coelo,</strong></span> 
     </span>
    </p>
   </div>
   <div class='ocr_carea' id='block_1_71' title="bbox 458 4003 2040 4097">
    <p class='ocr_par' dir='ltr' id='par_1_71' title="bbox 458 4003 2040 4097">
     <span class='ocr_line' id='line_1_71' title="bbox 458 4003 2040 4097; baseline 0.018 -42"><span class='ocrx_word' id='word_1_534' title='bbox 458 4003 611 4097; x_wconf 80' lang='lat' dir='ltr'><strong>testis</strong></span> <span class='ocrx_word' id='word_1_535' title='bbox 638 4004 690 4059; x_wconf 92' lang='lat' dir='ltr'><strong>in</strong></span> <span class='ocrx_word' id='word_1_536' title='bbox 723 4007 904 4074; x_wconf 90' lang='lat' dir='ltr'><strong>corde,</strong></span> <span class='ocrx_word' id='word_1_537' title='bbox 954 4011 1287 4071; x_wconf 89' lang='lat' dir='ltr'><strong>dimittamus</strong></span> <span class='ocrx_word' id='word_1_538' title='bbox 1333 4018 1527 4075; x_wconf 84' lang='lat' dir='ltr'><strong>stultos</strong></span> <span class='ocrx_word' id='word_1_539' title='bbox 1559 4020 1690 4078; x_wconf 85' lang='lat' dir='ltr'><strong>foris</strong></span> <span class='ocrx_word' id='word_1_540' title='bbox 1720 4024 1864 4095; x_wconf 88' lang='lat' dir='ltr'><strong>loqui</strong></span> <span class='ocrx_word' id='word_1_541' title='bbox 1897 4003 2040 4097; x_wconf 87' lang='lat' dir='ltr'><strong>quod</strong></span> 
     </span>
    </p>
   </div>
   <div class='ocr_carea' id='block_1_72' title="bbox 457 4089 2040 4180">
    <p class='ocr_par' dir='ltr' id='par_1_72' title="bbox 457 4089 2040 4180">
     <span class='ocr_line' id='line_1_72' title="bbox 457 4089 2040 4180; baseline 0.02 -39"><span class='ocrx_word' id='word_1_542' title='bbox 457 4089 660 4146; x_wconf 86' lang='lat' dir='ltr'><strong>volunt.</strong></span> <span class='ocrx_word' id='word_1_543' title='bbox 722 4094 860 4162; x_wconf 88' lang='lat' dir='ltr'><strong>Quid</strong></span> <span class='ocrx_word' id='word_1_544' title='bbox 907 4098 1050 4153; x_wconf 91' lang='lat' dir='ltr'><strong>enim</strong></span> <span class='ocrx_word' id='word_1_545' title='bbox 1097 4100 1242 4157; x_wconf 89' lang='lat' dir='ltr'><strong>aliud</strong></span> <span class='ocrx_word' id='word_1_546' title='bbox 1278 4105 1623 4165; x_wconf 89' lang='lat' dir='ltr'><strong>detrahentes</strong></span> <span class='ocrx_word' id='word_1_547' title='bbox 1667 4089 1889 4180; x_wconf 81' lang='lat' dir='ltr'><strong>faciunt,</strong></span> <span class='ocrx_word' id='word_1_548' title='bbox 1915 4089 2040 4173; x_wconf 44' lang='lat' dir='ltr'><strong>-nisi</strong></span> 
     </span>
    </p>
   </div>
   <div class='ocr_carea' id='block_1_73' title="bbox 457 4181 2040 4268">
    <p class='ocr_par' dir='ltr' id='par_1_73' title="bbox 457 4181 2040 4268">
     <span class='ocr_line' id='line_1_73' title="bbox 457 4181 2040 4268; baseline 0.021 -36"><span class='ocrx_word' id='word_1_549' title='bbox 457 4181 600 4248; x_wconf 90' lang='lat' dir='ltr'><strong>quod</strong></span> <span class='ocrx_word' id='word_1_550' title='bbox 653 4183 706 4237; x_wconf 94' lang='lat' dir='ltr'><strong>in</strong></span> <span class='ocrx_word' id='word_1_551' title='bbox 751 4186 1026 4255; x_wconf 91' lang='lat' dir='ltr'><strong>pulverem</strong></span> <span class='ocrx_word' id='word_1_552' title='bbox 1076 4191 1310 4260; x_wconf 75' lang='lat' dir='ltr'><strong>suillam,</strong></span> <span class='ocrx_word' id='word_1_553' title='bbox 1357 4206 1520 4268; x_wconf 88' lang='lat' dir='ltr'><strong>atque</strong></span> <span class='ocrx_word' id='word_1_554' title='bbox 1570 4201 1624 4255; x_wconf 92' lang='lat' dir='ltr'><strong>in</strong></span> <span class='ocrx_word' id='word_1_555' title='bbox 1671 4204 1855 4261; x_wconf 89' lang='lat' dir='ltr'><strong>oculos</strong></span> <span class='ocrx_word' id='word_1_556' title='bbox 1913 4223 2040 4265; x_wconf 91' lang='lat' dir='ltr'><strong>suos</strong></span> 
     </span>
    </p>
   </div>
   <div class='ocr_carea' id='block_1_74' title="bbox 461 4278 2042 4367">
    <p class='ocr_par' dir='ltr' id='par_1_74' title="bbox 461 4278 2042 4367">
     <span class='ocr_line' id='line_1_74' title="bbox 461 4278 2042 4367; baseline 0.02 -43"><span class='ocrx_word' id='word_1_557' title='bbox 461 4279 660 4328; x_wconf 85' lang='lat' dir='ltr'><strong>terram</strong></span> <span class='ocrx_word' id='word_1_558' title='bbox 703 4278 984 4334; x_wconf 83' lang='lat' dir='ltr'><strong>excitant?</strong></span> <span class='ocrx_word' id='word_1_559' title='bbox 1030 4281 1184 4339; x_wconf 90' lang='lat' dir='ltr'><strong>Unde</strong></span> <span class='ocrx_word' id='word_1_560' title='bbox 1229 4287 1349 4356; x_wconf 86' lang='lat' dir='ltr'><strong>plus</strong></span> <span class='ocrx_word' id='word_1_561' title='bbox 1401 4289 1755 4350; x_wconf 90' lang='lat' dir='ltr'><strong>detractionis</strong></span> <span class='ocrx_word' id='word_1_562' title='bbox 1810 4298 2042 4367; x_wconf 82' lang='lat' dir='ltr'><strong>perﬂant</strong></span> 
     </span>
    </p>
   </div>
   <div class='ocr_carea' id='block_1_75' title="bbox 456 4362 2039 4448">
    <p class='ocr_par' dir='ltr' id='par_1_75' title="bbox 456 4362 2039 4448">
     <span class='ocr_line' id='line_1_75' title="bbox 456 4362 2039 4448; baseline 0.019 -31"><span class='ocrx_word' id='word_1_563' title='bbox 456 4362 583 4420; x_wconf 90' lang='lat' dir='ltr'><strong>inde</strong></span> <span class='ocrx_word' id='word_1_564' title='bbox 628 4369 799 4439; x_wconf 82' lang='lat' dir='ltr'><strong>magis</strong></span> <span class='ocrx_word' id='word_1_565' title='bbox 853 4372 990 4426; x_wconf 90' lang='lat' dir='ltr'><strong>nihil</strong></span> <span class='ocrx_word' id='word_1_566' title='bbox 1032 4376 1280 4434; x_wconf 91' lang='lat' dir='ltr'><strong>veritatis</strong></span> <span class='ocrx_word' id='word_1_567' title='bbox 1321 4381 1547 4447; x_wconf 88' lang='lat' dir='ltr'><strong>vident;</strong></span> <span class='ocrx_word' id='word_1_568' title='bbox 1577 4362 1826 4441; x_wconf 44' lang='lat' dir='ltr'><strong>vocandi-</strong></span> <span class='ocrx_word' id='word_1_569' title='bbox 1860 4399 2039 4448; x_wconf 91' lang='lat' dir='ltr'><strong>tamen</strong></span> 
     </span>
    </p>
   </div>
   <div class='ocr_carea' id='block_1_76' title="bbox 456 4457 2039 4546">
    <p class='ocr_par' dir='ltr' id='par_1_76' title="bbox 456 4457 2039 4546">
     <span class='ocr_line' id='line_1_76' title="bbox 456 4457 2039 4546; baseline 0.016 -36"><span class='ocrx_word' id='word_1_570' title='bbox 456 4463 583 4512; x_wconf 86' lang='lat' dir='ltr'><strong>sunt</strong></span> <span class='ocrx_word' id='word_1_571' title='bbox 609 4457 772 4513; x_wconf 90' lang='lat' dir='ltr'><strong>etiam</strong></span> <span class='ocrx_word' id='word_1_572' title='bbox 795 4460 918 4530; x_wconf 90' lang='lat' dir='ltr'><strong>ipsi,</strong></span> <span class='ocrx_word' id='word_1_573' title='bbox 936 4472 991 4518; x_wconf 91' lang='lat' dir='ltr'><strong>et</strong></span> <span class='ocrx_word' id='word_1_574' title='bbox 1011 4467 1296 4536; x_wconf 91' lang='lat' dir='ltr'><strong>tranquille</strong></span> <span class='ocrx_word' id='word_1_575' title='bbox 1321 4469 1640 4529; x_wconf 90' lang='lat' dir='ltr'><strong>admonendi</strong></span> <span class='ocrx_word' id='word_1_576' title='bbox 1668 4475 1853 4546; x_wconf 88' lang='lat' dir='ltr'><strong>eisque</strong></span> <span class='ocrx_word' id='word_1_577' title='bbox 1881 4480 2039 4536; x_wconf 85' lang='lat' dir='ltr'><strong>satis—</strong></span> 
     </span>
    </p>
   </div>
   <div class='ocr_carea' id='block_1_77' title="bbox 455 4545 2038 4635">
    <p class='ocr_par' dir='ltr' id='par_1_77' title="bbox 455 4545 2038 4635">
     <span class='ocr_line' id='line_1_77' title="bbox 455 4545 2038 4635; baseline 0.018 -36"><span class='ocrx_word' id='word_1_578' title='bbox 455 4545 575 4602; x_wconf 81' lang='lat' dir='ltr'><strong>fieri</strong></span> <span class='ocrx_word' id='word_1_579' title='bbox 613 4551 788 4607; x_wconf 90' lang='lat' dir='ltr'><strong>modis</strong></span> <span class='ocrx_word' id='word_1_580' title='bbox 816 4555 1067 4612; x_wconf 91' lang='lat' dir='ltr'><strong>omnibus</strong></span> <span class='ocrx_word' id='word_1_581' title='bbox 1094 4557 1276 4625; x_wconf 88' lang='lat' dir='ltr'><strong>debet,</strong></span> <span class='ocrx_word' id='word_1_582' title='bbox 1309 4562 1542 4618; x_wconf 90' lang='lat' dir='ltr'><strong>scientes</strong></span> <span class='ocrx_word' id='word_1_583' title='bbox 1566 4567 1709 4635; x_wconf 91' lang='lat' dir='ltr'><strong>quod</strong></span> <span class='ocrx_word' id='word_1_584' title='bbox 1735 4545 1802 4623; x_wconf 80' lang='lat' dir='ltr'><strong>de</strong></span> <span class='ocrx_word' id='word_1_585' title='bbox 1840 4567 2038 4628; x_wconf 72' lang='lat' dir='ltr'><strong>Iudaeis</strong></span> 
     </span>
    </p>
   </div>
   <div class='ocr_carea' id='block_1_78' title="bbox 457 4635 2036 4718">
    <p class='ocr_par' dir='ltr' id='par_1_78' title="bbox 457 4635 2036 4718">
     <span class='ocr_line' id='line_1_78' title="bbox 457 4635 2036 4718; baseline 0.018 -28"><span class='ocrx_word' id='word_1_586' title='bbox 457 4635 673 4695; x_wconf 82' lang='lat' dir='ltr'><strong>Veritas</strong></span> <span class='ocrx_word' id='word_1_587' title='bbox 702 4643 778 4696; x_wconf 90' lang='lat' dir='ltr'><strong>ait</strong></span> <span class='ocrx_word' id='word_1_588' title='bbox 807 4663 818 4698; x_wconf 95' lang='lat'>:</span> <span class='ocrx_word' id='word_1_589' title='bbox 851 4644 928 4700; x_wconf 83' lang='lat' dir='ltr'><strong>Ne</strong></span> <span class='ocrx_word' id='word_1_590' title='bbox 970 4645 1111 4702; x_wconf 85' lang='lat' dir='ltr'><strong>forte</strong></span> <span class='ocrx_word' id='word_1_591' title='bbox 1142 4651 1574 4709; x_wconf 86' lang='lat' dir='ltr'><strong>scandalizemus</strong></span> <span class='ocrx_word' id='word_1_592' title='bbox 1619 4672 1732 4711; x_wconf 92' lang='lat' dir='ltr'><strong>eos.</strong></span> <span class='ocrx_word' id='word_1_593' title='bbox 1767 4658 1824 4714; x_wconf 92' lang='lat' dir='ltr'><strong>Si</strong></span> <span class='ocrx_word' id='word_1_594' title='bbox 1856 4671 2036 4718; x_wconf 89' lang='lat' dir='ltr'><strong>autem</strong></span> 
     </span>
    </p>
   </div>
   <div class='ocr_carea' id='block_1_79' title="bbox 455 4731 2035 4809">
    <p class='ocr_par' dir='ltr' id='par_1_79' title="bbox 455 4731 2035 4809">
     <span class='ocr_line' id='line_1_79' title="bbox 455 4731 2035 4809; baseline 0.018 -28"><span class='ocrx_word' id='word_1_595' title='bbox 455 4731 587 4785; x_wconf 87' lang='lat' dir='ltr'><strong>satis</strong></span> <span class='ocrx_word' id='word_1_596' title='bbox 615 4732 728 4789; x_wconf 84' lang='lat' dir='ltr'><strong>fieri</strong></span> <span class='ocrx_word' id='word_1_597' title='bbox 755 4736 855 4790; x_wconf 89' lang='lat' dir='ltr'><strong>sibi</strong></span> <span class='ocrx_word' id='word_1_598' title='bbox 895 4751 960 4792; x_wconf 77' lang='lat' dir='ltr'><strong>ex</strong></span> <span class='ocrx_word' id='word_1_599' title='bbox 1004 4741 1228 4796; x_wconf 89' lang='lat' dir='ltr'><strong>veritate</strong></span> <span class='ocrx_word' id='word_1_600' title='bbox 1272 4742 1560 4809; x_wconf 91' lang='lat' dir='ltr'><strong>noluerint,</strong></span> <span class='ocrx_word' id='word_1_601' title='bbox 1600 4747 1767 4804; x_wconf 86' lang='lat' dir='ltr'><strong>habes</strong></span> <span class='ocrx_word' id='word_1_602' title='bbox 1794 4754 2035 4808; x_wconf 91' lang='lat' dir='ltr'><strong>consola-</strong></span> 
     </span>
    </p>
   </div>
   <div class='ocr_carea' id='block_1_80' title="bbox 459 4820 2040 4907">
    <p class='ocr_par' dir='ltr' id='par_1_80' title="bbox 459 4820 2040 4907">
     <span class='ocr_line' id='line_1_80' title="bbox 459 4820 2040 4907; baseline 0.018 -34"><span class='ocrx_word' id='word_1_603' title='bbox 459 4820 657 4877; x_wconf 91' lang='lat' dir='ltr'><strong>tionem</strong></span> <span class='ocrx_word' id='word_1_604' title='bbox 704 4841 867 4895; x_wconf 92' lang='lat' dir='ltr'><strong>quam</strong></span> <span class='ocrx_word' id='word_1_605' title='bbox 899 4829 952 4884; x_wconf 91' lang='lat' dir='ltr'><strong>in</strong></span> <span class='ocrx_word' id='word_1_606' title='bbox 983 4830 1274 4903; x_wconf 77' lang='lat' dir='ltr'><strong>Evangelia</strong></span> <span class='ocrx_word' id='word_1_607' title='bbox 1311 4835 1565 4904; x_wconf 87' lang='lat' dir='ltr'><strong>aspicias,</strong></span> <span class='ocrx_word' id='word_1_608' title='bbox 1597 4839 1723 4907; x_wconf 91' lang='lat' dir='ltr'><strong>quia</strong></span> <span class='ocrx_word' id='word_1_609' title='bbox 1765 4857 1886 4896; x_wconf 89' lang='lat' dir='ltr'><strong>cum</strong></span> <span class='ocrx_word' id='word_1_610' title='bbox 1933 4844 2040 4901; x_wconf 91' lang='lat' dir='ltr'><strong>Do-</strong></span> 
     </span>
    </p>
   </div>
   <div class='ocr_carea' id='block_1_81' title="bbox 454 4917 2039 5000">
    <p class='ocr_par' dir='ltr' id='par_1_81' title="bbox 454 4917 2039 5000">
     <span class='ocr_line' id='line_1_81' title="bbox 454 4917 2039 5000; baseline 0.013 -30"><span class='ocrx_word' id='word_1_611' title='bbox 454 4917 603 4970; x_wconf 86' lang='lat' dir='ltr'><strong>mino</strong></span> <span class='ocrx_word' id='word_1_612' title='bbox 650 4920 848 4976; x_wconf 92' lang='lat' dir='ltr'><strong>dictum</strong></span> <span class='ocrx_word' id='word_1_613' title='bbox 900 4924 1108 4991; x_wconf 90' lang='lat' dir='ltr'><strong>fuisset,</strong></span> <span class='ocrx_word' id='word_1_614' title='bbox 1165 4929 1272 4984; x_wconf 91' lang='lat' dir='ltr'><strong>scis</strong></span> <span class='ocrx_word' id='word_1_615' title='bbox 1317 4930 1444 5000; x_wconf 84' lang='lat' dir='ltr'><strong>quia</strong></span> <span class='ocrx_word' id='word_1_616' title='bbox 1488 4931 1673 4986; x_wconf 87' lang='lat' dir='ltr'><strong>audito</strong></span> <span class='ocrx_word' id='word_1_617' title='bbox 1721 4933 1824 4988; x_wconf 87' lang='lat' dir='ltr'><strong>hoc</strong></span> <span class='ocrx_word' id='word_1_618' title='bbox 1873 4935 2039 4991; x_wconf 87' lang='lat' dir='ltr'><strong>verbo</strong></span> 
     </span>
    </p>
   </div>
   <div class='ocr_carea' id='block_1_82' title="bbox 455 5007 2041 5087">
    <p class='ocr_par' dir='ltr' id='par_1_82' title="bbox 455 5007 2041 5087">
     <span class='ocr_line' id='line_1_82' title="bbox 455 5007 2041 5087; baseline 0.012 -25"><span class='ocrx_word' id='word_1_619' title='bbox 455 5007 804 5065; x_wconf 84' lang='lat' dir='ltr'><strong>scandalizati</strong></span> <span class='ocrx_word' id='word_1_620' title='bbox 840 5024 985 5081; x_wconf 79' lang='lat' dir='ltr'><strong>sunt,</strong></span> <span class='ocrx_word' id='word_1_621' title='bbox 1005 5018 1328 5085; x_wconf 80' lang='lat' dir='ltr'><strong>respondit.:</strong></span> <span class='ocrx_word' id='word_1_622' title='bbox 1355 5037 1373 5070; x_wconf 70' lang='grc' dir='ltr'><strong><em>ι</em></strong></span> <span class='ocrx_word' id='word_1_623' title='bbox 1407 5018 1578 5075; x_wconf 90' lang='lat' dir='ltr'><strong>Sinite</strong></span> <span class='ocrx_word' id='word_1_624' title='bbox 1608 5021 1743 5087; x_wconf 90' lang='lat' dir='ltr'><strong>illos,</strong></span> <span class='ocrx_word' id='word_1_625' title='bbox 1767 5024 1895 5076; x_wconf 57' lang='lat' dir='ltr'><strong>caci</strong></span> <span class='ocrx_word' id='word_1_626' title='bbox 1917 5035 2041 5081; x_wconf 92' lang='lat' dir='ltr'><strong>sunt</strong></span> 
     </span>
    </p>
   </div>
   <div class='ocr_carea' id='block_1_83' title="bbox 458 5097 2040 5186">
    <p class='ocr_par' dir='ltr' id='par_1_83' title="bbox 458 5097 2040 5186">
     <span class='ocr_line' id='line_1_83' title="bbox 458 5097 2040 5186; baseline 0.013 -34"><span class='ocrx_word' id='word_1_627' title='bbox 458 5097 622 5155; x_wconf 83' lang='lat' dir='ltr'><strong>duces</strong></span> <span class='ocrx_word' id='word_1_628' title='bbox 656 5116 920 5161; x_wconf 66' lang='lat' dir='ltr'><strong>caecorum</strong></span> <span class='ocrx_word' id='word_1_629' title='bbox 954 5109 1168 5178; x_wconf 80' lang='lat' dir='ltr'><strong>(Matth.</strong></span> <span class='ocrx_word' id='word_1_630' title='bbox 1204 5128 1292 5178; x_wconf 78' lang='lat' dir='ltr'><strong>xv,</strong></span> <span class='ocrx_word' id='word_1_631' title='bbox 1328 5113 1438 5184; x_wconf 79' lang='lat' dir='ltr'><strong>M).</strong></span> <span class='ocrx_word' id='word_1_632' title='bbox 1499 5134 1518 5167; x_wconf 71' lang='grc' dir='ltr'><strong><em>ι</em></strong></span> <span class='ocrx_word' id='word_1_633' title='bbox 1579 5114 1778 5171; x_wconf 84' lang='lat' dir='ltr'><strong>Paulus</strong></span> <span class='ocrx_word' id='word_1_634' title='bbox 1827 5132 2040 5186; x_wconf 89' lang='lat' dir='ltr'><strong>quoque</strong></span> 
     </span>
    </p>
   </div>
   <div class='ocr_carea' id='block_1_84' title="bbox 459 5190 2040 5275">
    <p class='ocr_par' dir='ltr' id='par_1_84' title="bbox 459 5190 2040 5275">
     <span class='ocr_line' id='line_1_84' title="bbox 459 5190 2040 5275; baseline 0.015 -35"><span class='ocrx_word' id='word_1_635' title='bbox 459 5190 736 5258; x_wconf 84' lang='lat' dir='ltr'><strong>apostolus</strong></span> <span class='ocrx_word' id='word_1_636' title='bbox 763 5196 1017 5253; x_wconf 90' lang='lat' dir='ltr'><strong>admonet</strong></span> <span class='ocrx_word' id='word_1_637' title='bbox 1040 5200 1225 5257; x_wconf 92' lang='lat' dir='ltr'><strong>dicens</strong></span> <span class='ocrx_word' id='word_1_638' title='bbox 1253 5219 1267 5258; x_wconf 89' lang='lat'><strong>:</strong></span> <span class='ocrx_word' id='word_1_639' title='bbox 1295 5221 1315 5254; x_wconf 73' lang='grc' dir='ltr'><strong><em>ι</em></strong></span> <span class='ocrx_word' id='word_1_640' title='bbox 1350 5202 1404 5258; x_wconf 90' lang='lat' dir='ltr'><strong>Si</strong></span> <span class='ocrx_word' id='word_1_641' title='bbox 1451 5204 1568 5258; x_wconf 82' lang='lat' dir='ltr'><strong>ﬁeri</strong></span> <span class='ocrx_word' id='word_1_642' title='bbox 1599 5214 1775 5272; x_wconf 89' lang='lat' dir='ltr'><strong>potest</strong></span> <span class='ocrx_word' id='word_1_643' title='bbox 1805 5207 1946 5275; x_wconf 90' lang='lat' dir='ltr'><strong>quod</strong></span> <span class='ocrx_word' id='word_1_644' title='bbox 1974 5224 2040 5264; x_wconf 84' lang='lat' dir='ltr'><strong>ex</strong></span> 
     </span>
    </p>
   </div>
   <div class='ocr_carea' id='block_1_85' title="bbox 458 5282 2040 5365">
    <p class='ocr_par' dir='ltr' id='par_1_85' title="bbox 458 5282 2040 5365">
     <span class='ocr_line' id='line_1_85' title="bbox 458 5282 2040 5365; baseline 0.013 -30"><span class='ocrx_word' id='word_1_645' title='bbox 458 5282 613 5337; x_wconf 86' lang='lat' dir='ltr'><strong>vobis</strong></span> <span class='ocrx_word' id='word_1_646' title='bbox 641 5293 744 5350; x_wconf 91' lang='lat' dir='ltr'><strong>est,</strong></span> <span class='ocrx_word' id='word_1_647' title='bbox 785 5301 907 5340; x_wconf 94' lang='lat' dir='ltr'><strong>cum</strong></span> <span class='ocrx_word' id='word_1_648' title='bbox 945 5291 1197 5346; x_wconf 90' lang='lat' dir='ltr'><strong>omnibus</strong></span> <span class='ocrx_word' id='word_1_649' title='bbox 1232 5293 1541 5350; x_wconf 86' lang='lat' dir='ltr'><strong>hominibus</strong></span> <span class='ocrx_word' id='word_1_650' title='bbox 1566 5310 1753 5365; x_wconf 88' lang='lat' dir='ltr'><strong>pacem</strong></span> <span class='ocrx_word' id='word_1_651' title='bbox 1779 5296 2040 5354; x_wconf 88' lang='lat' dir='ltr'><strong>habentes</strong></span> 
     </span>
    </p>
   </div>
   <div class='ocr_carea' id='block_1_86' title="bbox 461 5368 2039 5446">
    <p class='ocr_par' dir='ltr' id='par_1_86' title="bbox 461 5368 2039 5446">
     <span class='ocr_line' id='line_1_86' title="bbox 461 5368 2039 5446; baseline 0.012 -23"><span class='ocrx_word' id='word_1_652' title='bbox 461 5368 641 5440; x_wconf 83' lang='lat' dir='ltr'><strong>(Rom.</strong></span> <span class='ocrx_word' id='word_1_653' title='bbox 674 5389 772 5438; x_wconf 79' lang='lat' dir='ltr'><strong>xu,</strong></span> <span class='ocrx_word' id='word_1_654' title='bbox 805 5376 916 5446; x_wconf 79' lang='lat' dir='ltr'><strong>l8);</strong></span> <span class='ocrx_word' id='word_1_655' title='bbox 957 5397 975 5430; x_wconf 72' lang='grc' dir='ltr'><strong><em>ι</em></strong></span> <span class='ocrx_word' id='word_1_656' title='bbox 1019 5379 1264 5437; x_wconf 90' lang='lat' dir='ltr'><strong>dicturus</strong></span> <span class='ocrx_word' id='word_1_657' title='bbox 1303 5398 1424 5438; x_wconf 86' lang='lat' dir='ltr'><strong>cum</strong></span> <span class='ocrx_word' id='word_1_658' title='bbox 1452 5385 1703 5440; x_wconf 90' lang='lat' dir='ltr'><strong>omnibus</strong></span> <span class='ocrx_word' id='word_1_659' title='bbox 1732 5387 2039 5443; x_wconf 90' lang='lat' dir='ltr'><strong>hominibus</strong></span> 
     </span>
    </p>
   </div>
   <div class='ocr_carea' id='block_1_87' title="bbox 461 5465 2038 5550">
    <p class='ocr_par' dir='ltr' id='par_1_87' title="bbox 461 5465 2038 5550">
     <span class='ocr_line' id='line_1_87' title="bbox 461 5465 2038 5550; baseline 0.012 -35"><span class='ocrx_word' id='word_1_660' title='bbox 461 5476 650 5530; x_wconf 88' lang='lat' dir='ltr'><strong>pacem</strong></span> <span class='ocrx_word' id='word_1_661' title='bbox 686 5465 948 5524; x_wconf 88' lang='lat' dir='ltr'><strong>habentes</strong></span> <span class='ocrx_word' id='word_1_662' title='bbox 977 5471 1102 5540; x_wconf 89' lang='lat' dir='ltr'><strong>quia</strong></span> <span class='ocrx_word' id='word_1_663' title='bbox 1164 5473 1264 5528; x_wconf 91' lang='lat' dir='ltr'><strong>hoc</strong></span> <span class='ocrx_word' id='word_1_664' title='bbox 1304 5473 1517 5530; x_wconf 73' lang='lat' dir='ltr'><strong>difﬁcile</strong></span> <span class='ocrx_word' id='word_1_665' title='bbox 1569 5492 1690 5532; x_wconf 91' lang='lat' dir='ltr'><strong>esse</strong></span> <span class='ocrx_word' id='word_1_666' title='bbox 1742 5481 2038 5550; x_wconf 85' lang='lat' dir='ltr'><strong>perspexit,</strong></span> 
     </span>
    </p>
   </div>
   <div class='ocr_carea' id='block_1_88' title="bbox 462 5555 2044 5640">
    <p class='ocr_par' dir='ltr' id='par_1_88' title="bbox 462 5555 2044 5640">
     <span class='ocr_line' id='line_1_88' title="bbox 462 5555 2044 5640; baseline 0.013 -34"><span class='ocrx_word' id='word_1_667' title='bbox 462 5555 744 5621; x_wconf 61' lang='lat' dir='ltr'><strong>praemisit,</strong></span> <span class='ocrx_word' id='word_1_668' title='bbox 777 5559 822 5612; x_wconf 89' lang='lat' dir='ltr'><strong>si</strong></span> <span class='ocrx_word' id='word_1_669' title='bbox 870 5558 986 5614; x_wconf 79' lang='lat' dir='ltr'><strong>fieri</strong></span> <span class='ocrx_word' id='word_1_670' title='bbox 1018 5571 1212 5632; x_wconf 89' lang='lat' dir='ltr'><strong>potest,</strong></span> <span class='ocrx_word' id='word_1_671' title='bbox 1245 5573 1299 5619; x_wconf 92' lang='lat' dir='ltr'><strong>et</strong></span> <span class='ocrx_word' id='word_1_672' title='bbox 1346 5565 1645 5634; x_wconf 76' lang='lat' dir='ltr'><strong>subjunxit,</strong></span> <span class='ocrx_word' id='word_1_673' title='bbox 1685 5571 1826 5638; x_wconf 86' lang='lat' dir='ltr'><strong>quod</strong></span> <span class='ocrx_word' id='word_1_674' title='bbox 1867 5581 2044 5640; x_wconf 86' lang='lat' dir='ltr'><strong>potest</strong></span> 
     </span>
    </p>
   </div>
   <div class='ocr_carea' id='block_1_89' title="bbox 463 5643 2043 5726">
    <p class='ocr_par' dir='ltr' id='par_1_89' title="bbox 463 5643 2043 5726">
     <span class='ocr_line' id='line_1_89' title="bbox 463 5643 2043 5726; baseline 0.013 -29"><span class='ocrx_word' id='word_1_675' title='bbox 463 5643 602 5711; x_wconf 78' lang='lat' dir='ltr'><strong>fieri,</strong></span> <span class='ocrx_word' id='word_1_676' title='bbox 628 5649 1050 5722; x_wconf 90' lang='lat' dir='ltr'><strong>cumdicitquod</strong></span> <span class='ocrx_word' id='word_1_677' title='bbox 1067 5667 1132 5707; x_wconf 83' lang='lat' dir='ltr'><strong>ex</strong></span> <span class='ocrx_word' id='word_1_678' title='bbox 1158 5654 1309 5710; x_wconf 89' lang='lat' dir='ltr'><strong>vobis</strong></span> <span class='ocrx_word' id='word_1_679' title='bbox 1333 5667 1434 5722; x_wconf 91' lang='lat' dir='ltr'><strong>est;</strong></span> <span class='ocrx_word' id='word_1_680' title='bbox 1464 5658 1586 5726; x_wconf 87' lang='lat' dir='ltr'><strong>quia</strong></span> <span class='ocrx_word' id='word_1_681' title='bbox 1609 5658 1652 5712; x_wconf 89' lang='lat' dir='ltr'><strong>si</strong></span> <span class='ocrx_word' id='word_1_682' title='bbox 1677 5675 1776 5715; x_wconf 90' lang='lat' dir='ltr'><strong>nos</strong></span> <span class='ocrx_word' id='word_1_683' title='bbox 1795 5661 1846 5714; x_wconf 92' lang='lat' dir='ltr'><strong>in</strong></span> <span class='ocrx_word' id='word_1_684' title='bbox 1865 5670 2043 5717; x_wconf 90' lang='lat' dir='ltr'><strong>mente</strong></span> 
     </span>
    </p>
   </div>
   <div class='ocr_carea' id='block_1_90' title="bbox 466 5737 2040 5819">
    <p class='ocr_par' dir='ltr' id='par_1_90' title="bbox 466 5737 2040 5819">
     <span class='ocr_line' id='line_1_90' title="bbox 466 5737 2040 5819; baseline 0.011 -30"><span class='ocrx_word' id='word_1_685' title='bbox 466 5737 788 5794; x_wconf 85' lang='lat' dir='ltr'><strong>charitatem</strong></span> <span class='ocrx_word' id='word_1_686' title='bbox 821 5757 946 5811; x_wconf 83' lang='lat' dir='ltr'><strong>erga</strong></span> <span class='ocrx_word' id='word_1_687' title='bbox 991 5744 1233 5801; x_wconf 86' lang='lat' dir='ltr'><strong>odieutes</strong></span> <span class='ocrx_word' id='word_1_688' title='bbox 1267 5760 1486 5803; x_wconf 85' lang='lat' dir='ltr'><strong>servare</strong></span> <span class='ocrx_word' id='word_1_689' title='bbox 1519 5749 1786 5819; x_wconf 88' lang='lat' dir='ltr'><strong>cupimus,</strong></span> <span class='ocrx_word' id='word_1_690' title='bbox 1817 5751 1939 5808; x_wconf 87' lang='lat' dir='ltr'><strong>etsi</strong></span> <span class='ocrx_word' id='word_1_691' title='bbox 1969 5752 2040 5809; x_wconf 92' lang='lat' dir='ltr'><strong>illi</strong></span> 
     </span>
    </p>
   </div>
   <div class='ocr_carea' id='block_1_91' title="bbox 2135 3290 3696 3363">
    <p class='ocr_par' dir='ltr' id='par_1_91' title="bbox 2135 3290 3696 3363">
     <span class='ocr_line' id='line_1_91' title="bbox 2135 3290 3696 3363; baseline 0.003 -18"><span class='ocrx_word' id='word_1_692' title='bbox 2135 3290 2279 3346; x_wconf 90' lang='lat' dir='ltr'><strong>dicta</strong></span> <span class='ocrx_word' id='word_1_693' title='bbox 2315 3291 2549 3363; x_wconf 85' lang='lat' dir='ltr'><strong>synodo,</strong></span> <span class='ocrx_word' id='word_1_694' title='bbox 2583 3293 2657 3347; x_wconf 90' lang='lat' dir='ltr'><strong>ita</strong></span> <span class='ocrx_word' id='word_1_695' title='bbox 2689 3302 2869 3348; x_wconf 89' lang='lat' dir='ltr'><strong>tamen</strong></span> <span class='ocrx_word' id='word_1_696' title='bbox 2910 3304 2968 3349; x_wconf 91' lang='lat' dir='ltr'><strong>ut</strong></span> <span class='ocrx_word' id='word_1_697' title='bbox 3019 3295 3073 3350; x_wconf 93' lang='lat' dir='ltr'><strong>in</strong></span> <span class='ocrx_word' id='word_1_698' title='bbox 3102 3296 3292 3352; x_wconf 92' lang='lat' dir='ltr'><strong>ultima</strong></span> <span class='ocrx_word' id='word_1_699' title='bbox 3339 3298 3432 3354; x_wconf 92' lang='lat' dir='ltr'><strong>die</strong></span> <span class='ocrx_word' id='word_1_700' title='bbox 3471 3297 3696 3353; x_wconf 88' lang='lat' dir='ltr'><strong>viaticum</strong></span> 
     </span>
    </p>
   </div>
   <div class='ocr_carea' id='block_1_92' title="bbox 2136 3381 3695 3456">
    <p class='ocr_par' dir='ltr' id='par_1_92' title="bbox 2136 3381 3695 3456">
     <span class='ocr_line' id='line_1_92' title="bbox 2136 3381 3695 3456; baseline 0.004 -21"><span class='ocrx_word' id='word_1_701' title='bbox 2136 3381 2182 3435; x_wconf 92' lang='lat' dir='ltr'><strong>ei</strong></span> <span class='ocrx_word' id='word_1_702' title='bbox 2212 3395 2318 3437; x_wconf 92' lang='lat' dir='ltr'><strong>non</strong></span> <span class='ocrx_word' id='word_1_703' title='bbox 2341 3382 2634 3454; x_wconf 86' lang='lat' dir='ltr'><strong>denegetur</strong></span> <span class='ocrx_word' id='word_1_704' title='bbox 2656 3391 2877 3456; x_wconf 87' lang='lat' dir='ltr'><strong>propter</strong></span> <span class='ocrx_word' id='word_1_705' title='bbox 2899 3385 3259 3444; x_wconf 88' lang='lat' dir='ltr'><strong>humilitatem</strong></span> <span class='ocrx_word' id='word_1_706' title='bbox 3287 3389 3510 3445; x_wconf 87' lang='lat' dir='ltr'><strong>oietatis</strong></span> <span class='ocrx_word' id='word_1_707' title='bbox 3535 3386 3695 3444; x_wconf 83' lang='lat' dir='ltr'><strong>Eccle-</strong></span> 
     </span>
    </p>
   </div>
   <div class='ocr_carea' id='block_1_93' title="bbox 2138 3485 2253 3526">
    <p class='ocr_par' dir='ltr' id='par_1_93' title="bbox 2138 3485 2253 3526">
     <span class='ocr_line' id='line_1_93' title="bbox 2138 3485 2253 3526; baseline -0.009 -1"><span class='ocrx_word' id='word_1_708' title='bbox 2138 3485 2253 3526; x_wconf 68' lang='lat' dir='ltr'><strong>SHB.</strong></span> 
     </span>
    </p>
   </div>
   <div class='ocr_carea' id='block_1_94' title="bbox 2209 3559 3697 3638">
    <p class='ocr_par' dir='ltr' id='par_1_94' title="bbox 2209 3559 3697 3638">
     <span class='ocr_line' id='line_1_94' title="bbox 2209 3559 3697 3638; baseline 0.002 -23"><span class='ocrx_word' id='word_1_709' title='bbox 2209 3559 2614 3617; x_wconf 84' lang='lat' dir='ltr'><strong>Valentinianus</strong></span> <span class='ocrx_word' id='word_1_710' title='bbox 2639 3576 2853 3633; x_wconf 91' lang='lat' dir='ltr'><strong>quoque</strong></span> <span class='ocrx_word' id='word_1_711' title='bbox 2879 3572 3005 3618; x_wconf 88' lang='lat' dir='ltr'><strong>ante</strong></span> <span class='ocrx_word' id='word_1_712' title='bbox 3017 3564 3193 3621; x_wconf 90' lang='lat' dir='ltr'><strong>dictus</strong></span> <span class='ocrx_word' id='word_1_713' title='bbox 3214 3566 3510 3638; x_wconf 72' lang='lat' dir='ltr'><strong>inperator</strong></span> <span class='ocrx_word' id='word_1_714' title='bbox 3522 3565 3697 3635; x_wconf 90' lang='lat' dir='ltr'><strong>scripto</strong></span> 
     </span>
    </p>
   </div>
   <div class='ocr_carea' id='block_1_95' title="bbox 2137 3652 3697 3726">
    <p class='ocr_par' dir='ltr' id='par_1_95' title="bbox 2137 3652 3697 3726">
     <span class='ocr_line' id='line_1_95' title="bbox 2137 3652 3697 3726; baseline 0.003 -21"><span class='ocrx_word' id='word_1_715' title='bbox 2137 3665 2257 3705; x_wconf 90' lang='lat' dir='ltr'><strong>eum</strong></span> <span class='ocrx_word' id='word_1_716' title='bbox 2285 3652 2682 3719; x_wconf 89' lang='lat' dir='ltr'><strong>condemnavit,</strong></span> <span class='ocrx_word' id='word_1_717' title='bbox 2699 3669 2821 3709; x_wconf 92' lang='lat' dir='ltr'><strong>cum</strong></span> <span class='ocrx_word' id='word_1_718' title='bbox 2845 3655 3084 3726; x_wconf 84' lang='lat' dir='ltr'><strong>Augusta</strong></span> <span class='ocrx_word' id='word_1_719' title='bbox 3113 3666 3286 3714; x_wconf 89' lang='lat' dir='ltr'><strong>matre</strong></span> <span class='ocrx_word' id='word_1_720' title='bbox 3303 3657 3514 3714; x_wconf 86' lang='lat' dir='ltr'><strong>Placida</strong></span> <span class='ocrx_word' id='word_1_721' title='bbox 3530 3666 3580 3713; x_wconf 88' lang='lat' dir='ltr'><strong>et</strong></span> <span class='ocrx_word' id='word_1_722' title='bbox 3599 3671 3697 3712; x_wconf 83' lang='lat' dir='ltr'><strong>om-</strong></span> 
     </span>
    </p>
   </div>
   <div class='ocr_carea' id='block_1_96' title="bbox 2139 3742 3698 3816">
    <p class='ocr_par' dir='ltr' id='par_1_96' title="bbox 2139 3742 3698 3816">
     <span class='ocr_line' id='line_1_96' title="bbox 2139 3742 3698 3816; baseline 0.003 -21"><span class='ocrx_word' id='word_1_723' title='bbox 2139 3742 2224 3796; x_wconf 89' lang='lat' dir='ltr'><strong>nia</strong></span> <span class='ocrx_word' id='word_1_724' title='bbox 2276 3742 2476 3812; x_wconf 87' lang='lat' dir='ltr'><strong>praedia</strong></span> <span class='ocrx_word' id='word_1_725' title='bbox 2525 3743 2841 3799; x_wconf 91' lang='lat' dir='ltr'><strong>facultatum</strong></span> <span class='ocrx_word' id='word_1_726' title='bbox 2872 3745 2990 3816; x_wconf 90' lang='lat' dir='ltr'><strong>ejus</strong></span> <span class='ocrx_word' id='word_1_727' title='bbox 3017 3745 3216 3803; x_wconf 83' lang='lat' dir='ltr'><strong>futuris</strong></span> <span class='ocrx_word' id='word_1_728' title='bbox 3263 3749 3330 3804; x_wconf 93' lang='lat' dir='ltr'><strong>de</strong></span> <span class='ocrx_word' id='word_1_729' title='bbox 3369 3749 3563 3804; x_wconf 89' lang='lat' dir='ltr'><strong>talibus</strong></span> <span class='ocrx_word' id='word_1_730' title='bbox 3585 3747 3698 3801; x_wconf 78' lang='lat' dir='ltr'><strong>dans</strong></span> 
     </span>
    </p>
   </div>
   <div class='ocr_carea' id='block_1_97' title="bbox 2137 3831 3694 3904">
    <p class='ocr_par' dir='ltr' id='par_1_97' title="bbox 2137 3831 3694 3904">
     <span class='ocr_line' id='line_1_97' title="bbox 2137 3831 3694 3904; baseline 0.003 -19"><span class='ocrx_word' id='word_1_731' title='bbox 2137 3831 2445 3887; x_wconf 91' lang='lat' dir='ltr'><strong>hominibus</strong></span> <span class='ocrx_word' id='word_1_732' title='bbox 2472 3831 2702 3888; x_wconf 86' lang='lat' dir='ltr'><strong>formam</strong></span> <span class='ocrx_word' id='word_1_733' title='bbox 2754 3834 2826 3888; x_wconf 90' lang='lat' dir='ltr'><strong>ita</strong></span> <span class='ocrx_word' id='word_1_734' title='bbox 2860 3835 3124 3904; x_wconf 89' lang='lat' dir='ltr'><strong>faciendi,</strong></span> <span class='ocrx_word' id='word_1_735' title='bbox 3157 3836 3418 3894; x_wconf 65' lang='lat' dir='ltr'><strong>Ecclesiae</strong></span> <span class='ocrx_word' id='word_1_736' title='bbox 3443 3836 3694 3894; x_wconf 67' lang='lat' dir='ltr'><strong>catholicae</strong></span> 
     </span>
    </p>
   </div>
   <div class='ocr_carea' id='block_1_98' title="bbox 2138 3923 2385 3979">
    <p class='ocr_par' dir='ltr' id='par_1_98' title="bbox 2138 3923 2385 3979">
     <span class='ocr_line' id='line_1_98' title="bbox 2138 3923 2385 3979; baseline 0.008 -2"><span class='ocrx_word' id='word_1_737' title='bbox 2138 3923 2385 3979; x_wconf 88' lang='lat' dir='ltr'><strong>sociavit.</strong></span> 
     </span>
    </p>
   </div>
   <div class='ocr_carea' id='block_1_99' title="bbox 2210 4015 3695 4092">
    <p class='ocr_par' dir='ltr' id='par_1_99' title="bbox 2210 4015 3695 4092">
     <span class='ocr_line' id='line_1_99' title="bbox 2210 4015 3695 4092; baseline 0.004 -21"><span class='ocrx_word' id='word_1_738' title='bbox 2210 4015 2362 4088; x_wconf 68' lang='lat' dir='ltr'><strong>Saepe</strong></span> <span class='ocrx_word' id='word_1_739' title='bbox 2383 4016 2556 4074; x_wconf 91' lang='lat' dir='ltr'><strong>dictus</strong></span> <span class='ocrx_word' id='word_1_740' title='bbox 2569 4034 2699 4092; x_wconf 91' lang='lat' dir='ltr'><strong>ergo</strong></span> <span class='ocrx_word' id='word_1_741' title='bbox 2710 4019 2910 4077; x_wconf 92' lang='lat' dir='ltr'><strong>Bassus</strong></span> <span class='ocrx_word' id='word_1_742' title='bbox 2933 4031 3064 4078; x_wconf 90' lang='lat' dir='ltr'><strong>nutu</strong></span> <span class='ocrx_word' id='word_1_743' title='bbox 3089 4025 3271 4081; x_wconf 91' lang='lat' dir='ltr'><strong>divino</strong></span> <span class='ocrx_word' id='word_1_744' title='bbox 3291 4041 3402 4081; x_wconf 89' lang='lat' dir='ltr'><strong>non</strong></span> <span class='ocrx_word' id='word_1_745' title='bbox 3427 4025 3582 4082; x_wconf 92' lang='lat' dir='ltr'><strong>multo</strong></span> <span class='ocrx_word' id='word_1_746' title='bbox 3594 4029 3695 4092; x_wconf 78' lang='lat' dir='ltr'><strong>pOSt</strong></span> 
     </span>
    </p>
   </div>
   <div class='ocr_carea' id='block_1_100' title="bbox 2142 4104 3696 4183">
    <p class='ocr_par' dir='ltr' id='par_1_100' title="bbox 2142 4104 3696 4183">
     <span class='ocr_line' id='line_1_100' title="bbox 2142 4104 3696 4183; baseline 0.007 -25"><span class='ocrx_word' id='word_1_747' title='bbox 2142 4104 2384 4160; x_wconf 88' lang='lat' dir='ltr'><strong>moritur.</strong></span> <span class='ocrx_word' id='word_1_748' title='bbox 2409 4105 2574 4176; x_wconf 89' lang='lat' dir='ltr'><strong>Cujus</strong></span> <span class='ocrx_word' id='word_1_749' title='bbox 2591 4124 2809 4179; x_wconf 90' lang='lat' dir='ltr'><strong>corpus,</strong></span> <span class='ocrx_word' id='word_1_750' title='bbox 2836 4110 2963 4166; x_wconf 93' lang='lat' dir='ltr'><strong>licet</strong></span> <span class='ocrx_word' id='word_1_751' title='bbox 2991 4113 3210 4183; x_wconf 90' lang='lat' dir='ltr'><strong>dignum</strong></span> <span class='ocrx_word' id='word_1_752' title='bbox 3246 4131 3355 4170; x_wconf 92' lang='lat' dir='ltr'><strong>non</strong></span> <span class='ocrx_word' id='word_1_753' title='bbox 3387 4124 3526 4172; x_wconf 86' lang='lat' dir='ltr'><strong>esset</strong></span> <span class='ocrx_word' id='word_1_754' title='bbox 3551 4110 3696 4183; x_wconf 61' lang='lat' dir='ltr'><strong>sepul&#39;</strong></span> 
     </span>
    </p>
   </div>
   <div class='ocr_carea' id='block_1_101' title="bbox 2141 4203 3692 4279">
    <p class='ocr_par' dir='ltr' id='par_1_101' title="bbox 2141 4203 3692 4279">
     <span class='ocr_line' id='line_1_101' title="bbox 2141 4203 3692 4279; baseline 0.001 -24"><span class='ocrx_word' id='word_1_755' title='bbox 2141 4210 2291 4264; x_wconf 73' lang='lat' dir='ltr'><strong>turze,</strong></span> <span class='ocrx_word' id='word_1_756' title='bbox 2325 4211 2546 4272; x_wconf 89' lang='lat' dir='ltr'><strong>propter</strong></span> <span class='ocrx_word' id='word_1_757' title='bbox 2570 4203 2996 4261; x_wconf 89' lang='lat' dir='ltr'><strong>misericordiam</strong></span> <span class='ocrx_word' id='word_1_758' title='bbox 3027 4215 3206 4262; x_wconf 91' lang='lat' dir='ltr'><strong>tamen</strong></span> <span class='ocrx_word' id='word_1_759' title='bbox 3242 4210 3464 4279; x_wconf 90' lang='lat' dir='ltr'><strong>sepelivi</strong></span> <span class='ocrx_word' id='word_1_760' title='bbox 3501 4222 3611 4262; x_wconf 91' lang='lat' dir='ltr'><strong>eum</strong></span> <span class='ocrx_word' id='word_1_761' title='bbox 3634 4205 3692 4276; x_wconf 73' lang='lat' dir='ltr'><strong>{iu</strong></span> 
     </span>
    </p>
   </div>
   <div class='ocr_carea' id='block_1_102' title="bbox 2140 4288 3692 4368">
    <p class='ocr_par' dir='ltr' id='par_1_102' title="bbox 2140 4288 3692 4368">
     <span class='ocr_line' id='line_1_102' title="bbox 2140 4288 3692 4368; baseline 0.001 -24"><span class='ocrx_word' id='word_1_762' title='bbox 2140 4288 2389 4345; x_wconf 88' lang='lat' dir='ltr'><strong>cubiculo</strong></span> <span class='ocrx_word' id='word_1_763' title='bbox 2419 4299 2704 4359; x_wconf 90' lang='lat' dir='ltr'><strong>parentum</strong></span> <span class='ocrx_word' id='word_1_764' title='bbox 2735 4291 2868 4362; x_wconf 91' lang='lat' dir='ltr'><strong>ejus.</strong></span> <span class='ocrx_word' id='word_1_765' title='bbox 2896 4293 2962 4348; x_wconf 89' lang='lat' dir='ltr'><strong>Et</strong></span> <span class='ocrx_word' id='word_1_766' title='bbox 2989 4309 3298 4366; x_wconf 89' lang='lat' dir='ltr'><strong>quanquam</strong></span> <span class='ocrx_word' id='word_1_767' title='bbox 3330 4299 3444 4368; x_wconf 90' lang='lat' dir='ltr'><strong>ipse</strong></span> <span class='ocrx_word' id='word_1_768' title='bbox 3469 4312 3588 4367; x_wconf 88' lang='lat' dir='ltr'><strong>erga</strong></span> <span class='ocrx_word' id='word_1_769' title='bbox 3622 4305 3692 4348; x_wconf 89' lang='lat' dir='ltr'><strong>me</strong></span> 
     </span>
    </p>
   </div>
   <div class='ocr_carea' id='block_1_103' title="bbox 2141 4379 3691 4456">
    <p class='ocr_par' dir='ltr' id='par_1_103' title="bbox 2141 4379 3691 4456">
     <span class='ocr_line' id='line_1_103' title="bbox 2141 4379 3691 4456; baseline -0.001 -21"><span class='ocrx_word' id='word_1_770' title='bbox 2141 4379 2302 4435; x_wconf 92' lang='lat' dir='ltr'><strong>stulte</strong></span> <span class='ocrx_word' id='word_1_771' title='bbox 2331 4387 2384 4435; x_wconf 91' lang='lat' dir='ltr'><strong>et</strong></span> <span class='ocrx_word' id='word_1_772' title='bbox 2415 4380 2787 4450; x_wconf 90' lang='lat' dir='ltr'><strong>imprudenter</strong></span> <span class='ocrx_word' id='word_1_773' title='bbox 2810 4383 3040 4454; x_wconf 88' lang='lat' dir='ltr'><strong>egisset,</strong></span> <span class='ocrx_word' id='word_1_774' title='bbox 3063 4399 3163 4456; x_wconf 89' lang='lat' dir='ltr'><strong>ego</strong></span> <span class='ocrx_word' id='word_1_775' title='bbox 3190 4383 3321 4441; x_wconf 84' lang='lat' dir='ltr'><strong>vero</strong></span> <span class='ocrx_word' id='word_1_776' title='bbox 3362 4381 3691 4441; x_wconf 87' lang='lat' dir='ltr'><strong>misericordi-</strong></span> 
     </span>
    </p>
   </div>
   <div class='ocr_carea' id='block_1_104' title="bbox 2143 4471 3690 4546">
    <p class='ocr_par' dir='ltr' id='par_1_104' title="bbox 2143 4471 3690 4546">
     <span class='ocr_line' id='line_1_104' title="bbox 2143 4471 3690 4546; baseline -0.001 -22"><span class='ocrx_word' id='word_1_777' title='bbox 2143 4479 2226 4526; x_wconf 92' lang='lat' dir='ltr'><strong>ter</strong></span> <span class='ocrx_word' id='word_1_778' title='bbox 2258 4472 2403 4527; x_wconf 92' lang='lat' dir='ltr'><strong>circa</strong></span> <span class='ocrx_word' id='word_1_779' title='bbox 2425 4486 2548 4527; x_wconf 92' lang='lat' dir='ltr'><strong>eum</strong></span> <span class='ocrx_word' id='word_1_780' title='bbox 2572 4472 2656 4542; x_wconf 90' lang='lat' dir='ltr'><strong>egi</strong></span> <span class='ocrx_word' id='word_1_781' title='bbox 2696 4474 2941 4544; x_wconf 86' lang='lat' dir='ltr'><strong>cogitans</strong></span> <span class='ocrx_word' id='word_1_782' title='bbox 2996 4475 3127 4532; x_wconf 90' lang='lat' dir='ltr'><strong>illud</strong></span> <span class='ocrx_word' id='word_1_783' title='bbox 3173 4477 3317 4546; x_wconf 91' lang='lat' dir='ltr'><strong>quod</strong></span> <span class='ocrx_word' id='word_1_784' title='bbox 3363 4477 3604 4532; x_wconf 90' lang='lat' dir='ltr'><strong>Dominus</strong></span> <span class='ocrx_word' id='word_1_785' title='bbox 3646 4471 3690 4524; x_wconf 92' lang='lat' dir='ltr'><strong>in</strong></span> 
     </span>
    </p>
   </div>
   <div class='ocr_carea' id='block_1_105' title="bbox 2069 4536 3690 4634">
    <p class='ocr_par' dir='ltr' id='par_1_105' title="bbox 2069 4536 3690 4634">
     <span class='ocr_line' id='line_1_105' title="bbox 2069 4536 3690 4634; baseline -0.002 -16"><span class='ocrx_word' id='word_1_786' title='bbox 2069 4536 2116 4596; x_wconf 74' lang='grc' dir='ltr'><strong>θ</strong></span> <span class='ocrx_word' id='word_1_787' title='bbox 2147 4562 2435 4634; x_wconf 88' lang='lat' dir='ltr'><strong>Evangelio</strong></span> <span class='ocrx_word' id='word_1_788' title='bbox 2466 4536 2704 4632; x_wconf 68' lang='lat' dir='ltr'><strong>loquitur</strong></span> <span class='ocrx_word' id='word_1_789' title='bbox 2722 4536 2910 4620; x_wconf 61' lang='lat' dir='ltr'><strong>dicens</strong></span> <span class='ocrx_word' id='word_1_790' title='bbox 2940 4581 2953 4618; x_wconf 90' lang='lat'><strong>:</strong></span> <span class='ocrx_word' id='word_1_791' title='bbox 2990 4585 3008 4617; x_wconf 87' lang='grc'><strong><em>‹</em></strong></span> <span class='ocrx_word' id='word_1_792' title='bbox 3043 4566 3101 4622; x_wconf 91' lang='lat' dir='ltr'><strong>Si</strong></span> <span class='ocrx_word' id='word_1_793' title='bbox 3129 4536 3235 4622; x_wconf 49' lang='lat' dir='ltr'><strong>no-n</strong></span> <span class='ocrx_word' id='word_1_794' title='bbox 3260 4567 3527 4623; x_wconf 93' lang='lat' dir='ltr'><strong>dimiseris</strong></span> <span class='ocrx_word' id='word_1_795' title='bbox 3549 4560 3690 4619; x_wconf 87' lang='lat' dir='ltr'><strong>homi-</strong></span> 
     </span>
    </p>
   </div>
   <div class='ocr_carea' id='block_1_106' title="bbox 2145 4652 3687 4724">
    <p class='ocr_par' dir='ltr' id='par_1_106' title="bbox 2145 4652 3687 4724">
     <span class='ocr_line' id='line_1_106' title="bbox 2145 4652 3687 4724; baseline -0.003 -15"><span class='ocrx_word' id='word_1_796' title='bbox 2145 4655 2303 4710; x_wconf 90' lang='lat' dir='ltr'><strong>nibus</strong></span> <span class='ocrx_word' id='word_1_797' title='bbox 2330 4664 2549 4724; x_wconf 88' lang='lat' dir='ltr'><strong>peccata</strong></span> <span class='ocrx_word' id='word_1_798' title='bbox 2605 4669 2816 4722; x_wconf 91' lang='lat' dir='ltr'><strong>eorum,</strong></span> <span class='ocrx_word' id='word_1_799' title='bbox 2846 4670 2946 4712; x_wconf 91' lang='lat' dir='ltr'><strong>nec</strong></span> <span class='ocrx_word' id='word_1_800' title='bbox 2979 4657 3141 4714; x_wconf 89' lang='lat' dir='ltr'><strong>Pater</strong></span> <span class='ocrx_word' id='word_1_801' title='bbox 3170 4669 3355 4714; x_wconf 89' lang='lat' dir='ltr'><strong>vester</strong></span> <span class='ocrx_word' id='word_1_802' title='bbox 3382 4656 3603 4714; x_wconf 81' lang='lat' dir='ltr'><strong>ccelestis</strong></span> <span class='ocrx_word' id='word_1_803' title='bbox 3621 4652 3687 4706; x_wconf 86' lang='lat' dir='ltr'><strong>di-</strong></span> 
     </span>
    </p>
   </div>
   <div class='ocr_carea' id='block_1_107' title="bbox 2147 4741 3685 4820">
    <p class='ocr_par' dir='ltr' id='par_1_107' title="bbox 2147 4741 3685 4820">
     <span class='ocr_line' id='line_1_107' title="bbox 2147 4741 3685 4820; baseline -0.005 -20"><span class='ocrx_word' id='word_1_804' title='bbox 2147 4747 2322 4801; x_wconf 87' lang='lat' dir='ltr'><strong>mittet</strong></span> <span class='ocrx_word' id='word_1_805' title='bbox 2347 4745 2498 4801; x_wconf 89' lang='lat' dir='ltr'><strong>vobis</strong></span> <span class='ocrx_word' id='word_1_806' title='bbox 2533 4755 2755 4816; x_wconf 89' lang='lat' dir='ltr'><strong>peccata</strong></span> <span class='ocrx_word' id='word_1_807' title='bbox 2783 4756 2963 4802; x_wconf 88' lang='lat' dir='ltr'><strong>vestra</strong></span> <span class='ocrx_word' id='word_1_808' title='bbox 3002 4747 3221 4820; x_wconf 78' lang='lat' dir='ltr'><strong>(Manli.</strong></span> <span class='ocrx_word' id='word_1_809' title='bbox 3249 4765 3324 4814; x_wconf 82' lang='lat' dir='ltr'><strong>vr,</strong></span> <span class='ocrx_word' id='word_1_810' title='bbox 3355 4748 3463 4818; x_wconf 85' lang='grc'><strong>15).</strong></span> <span class='ocrx_word' id='word_1_811' title='bbox 3499 4765 3517 4799; x_wconf 73' lang='grc' dir='ltr'><strong><em>ι</em></strong></span> <span class='ocrx_word' id='word_1_812' title='bbox 3556 4744 3613 4798; x_wconf 87' lang='lat' dir='ltr'><strong>Et</strong></span> <span class='ocrx_word' id='word_1_813' title='bbox 3642 4741 3685 4794; x_wconf 90' lang='lat' dir='ltr'><strong>in</strong></span> 
     </span>
    </p>
   </div>
   <div class='ocr_carea' id='block_1_108' title="bbox 2146 4833 3686 4910">
    <p class='ocr_par' dir='ltr' id='par_1_108' title="bbox 2146 4833 3686 4910">
     <span class='ocr_line' id='line_1_108' title="bbox 2146 4833 3686 4910; baseline -0.004 -19"><span class='ocrx_word' id='word_1_814' title='bbox 2146 4838 2262 4907; x_wconf 92' lang='lat' dir='ltr'><strong>ipsa</strong></span> <span class='ocrx_word' id='word_1_815' title='bbox 2295 4838 2575 4894; x_wconf 89' lang='lat' dir='ltr'><strong>Dominica</strong></span> <span class='ocrx_word' id='word_1_816' title='bbox 2613 4840 2860 4895; x_wconf 90' lang='lat' dir='ltr'><strong>oratione</strong></span> <span class='ocrx_word' id='word_1_817' title='bbox 2885 4855 3045 4910; x_wconf 91' lang='lat' dir='ltr'><strong>quam</strong></span> <span class='ocrx_word' id='word_1_818' title='bbox 3075 4839 3325 4896; x_wconf 90' lang='lat' dir='ltr'><strong>Salvator</strong></span> <span class='ocrx_word' id='word_1_819' title='bbox 3350 4848 3527 4896; x_wconf 90' lang='lat' dir='ltr'><strong>noster</strong></span> <span class='ocrx_word' id='word_1_820' title='bbox 3551 4833 3686 4890; x_wconf 90' lang='lat' dir='ltr'><strong>disci-</strong></span> 
     </span>
    </p>
   </div>
   <div class='ocr_carea' id='block_1_109' title="bbox 2145 4924 3684 5002">
    <p class='ocr_par' dir='ltr' id='par_1_109' title="bbox 2145 4924 3684 5002">
     <span class='ocr_line' id='line_1_109' title="bbox 2145 4924 3684 5002; baseline -0.002 -20"><span class='ocrx_word' id='word_1_821' title='bbox 2145 4927 2350 4996; x_wconf 92' lang='lat' dir='ltr'><strong>cipulos</strong></span> <span class='ocrx_word' id='word_1_822' title='bbox 2375 4943 2534 4983; x_wconf 89' lang='lat' dir='ltr'><strong>orare</strong></span> <span class='ocrx_word' id='word_1_823' title='bbox 2561 4929 2778 4995; x_wconf 91' lang='lat' dir='ltr'><strong>docuit,</strong></span> <span class='ocrx_word' id='word_1_824' title='bbox 2811 4931 3054 4998; x_wconf 90' lang='lat' dir='ltr'><strong>quotidie</strong></span> <span class='ocrx_word' id='word_1_825' title='bbox 3095 4932 3444 5002; x_wconf 88' lang='lat' dir='ltr'><strong>supplicando</strong></span> <span class='ocrx_word' id='word_1_826' title='bbox 3494 4924 3684 4983; x_wconf 86' lang='lat' dir='ltr'><strong>Domino</strong></span> 
     </span>
    </p>
   </div>
   <div class='ocr_carea' id='block_1_110' title="bbox 2149 5022 3683 5088">
    <p class='ocr_par' dir='ltr' id='par_1_110' title="bbox 2149 5022 3683 5088">
     <span class='ocr_line' id='line_1_110' title="bbox 2149 5022 3683 5088; baseline -0.007 -11"><span class='ocrx_word' id='word_1_827' title='bbox 2149 5023 2377 5078; x_wconf 90' lang='lat' dir='ltr'><strong>dicimus</strong></span> <span class='ocrx_word' id='word_1_828' title='bbox 2406 5040 2419 5076; x_wconf 95' lang='lat'><strong>:</strong></span> <span class='ocrx_word' id='word_1_829' title='bbox 2455 5042 2474 5074; x_wconf 72' lang='grc' dir='ltr'><strong><em>ι</em></strong></span> <span class='ocrx_word' id='word_1_830' title='bbox 2513 5022 2733 5079; x_wconf 89' lang='lat' dir='ltr'><strong>Dimitte</strong></span> <span class='ocrx_word' id='word_1_831' title='bbox 2765 5025 2920 5079; x_wconf 90' lang='lat' dir='ltr'><strong>nobis</strong></span> <span class='ocrx_word' id='word_1_832' title='bbox 2947 5023 3125 5079; x_wconf 87' lang='lat' dir='ltr'><strong>debita</strong></span> <span class='ocrx_word' id='word_1_833' title='bbox 3153 5035 3359 5088; x_wconf 85' lang='lat' dir='ltr'><strong>nostra,</strong></span> <span class='ocrx_word' id='word_1_834' title='bbox 3383 5025 3514 5077; x_wconf 92' lang='lat' dir='ltr'><strong>sicut</strong></span> <span class='ocrx_word' id='word_1_835' title='bbox 3533 5028 3580 5074; x_wconf 88' lang='lat' dir='ltr'><strong>et</strong></span> <span class='ocrx_word' id='word_1_836' title='bbox 3605 5027 3683 5070; x_wconf 87' lang='lat' dir='ltr'><strong>nos</strong></span> 
     </span>
    </p>
   </div>
   <div class='ocr_carea' id='block_1_111' title="bbox 2117 5111 3682 5183">
    <p class='ocr_par' dir='ltr' id='par_1_111' title="bbox 2117 5111 3682 5183">
     <span class='ocr_line' id='line_1_111' title="bbox 2117 5111 3682 5183; baseline -0.003 -14"><span class='ocrx_word' id='word_1_837' title='bbox 2117 5153 2120 5155; x_wconf 48' lang='grc' dir='ltr'>λ</span> <span class='ocrx_word' id='word_1_838' title='bbox 2148 5114 2471 5170; x_wconf 89' lang='lat' dir='ltr'><strong>dimittimus</strong></span> <span class='ocrx_word' id='word_1_839' title='bbox 2499 5115 2836 5170; x_wconf 82' lang='lat' dir='ltr'><strong>debitoribus</strong></span> <span class='ocrx_word' id='word_1_840' title='bbox 2873 5114 3071 5169; x_wconf 89' lang='lat' dir='ltr'><strong>nostris</strong></span> <span class='ocrx_word' id='word_1_841' title='bbox 3101 5113 3314 5183; x_wconf 81' lang='lat' dir='ltr'><strong>(Matth.</strong></span> <span class='ocrx_word' id='word_1_842' title='bbox 3344 5129 3435 5179; x_wconf 85' lang='lat' dir='ltr'><strong>vn,</strong></span> <span class='ocrx_word' id='word_1_843' title='bbox 3464 5111 3562 5178; x_wconf 70' lang='lat'><strong>£2),</strong></span> <span class='ocrx_word' id='word_1_844' title='bbox 3597 5126 3612 5156; x_wconf 70' lang='grc' dir='ltr'><strong><em>ι</em></strong></span> <span class='ocrx_word' id='word_1_845' title='bbox 3639 5112 3682 5156; x_wconf 76' lang='grc' dir='ltr'><strong>οι</strong></span> 
     </span>
    </p>
   </div>
   <div class='ocr_carea' id='block_1_112' title="bbox 2149 5192 3681 5272">
    <p class='ocr_par' dir='ltr' id='par_1_112' title="bbox 2149 5192 3681 5272">
     <span class='ocr_line' id='line_1_112' title="bbox 2149 5192 3681 5272; baseline -0.007 -15"><span class='ocrx_word' id='word_1_846' title='bbox 2149 5203 2313 5258; x_wconf 91' lang='lat' dir='ltr'><strong>multa</strong></span> <span class='ocrx_word' id='word_1_847' title='bbox 2356 5211 2480 5257; x_wconf 91' lang='lat' dir='ltr'><strong>sunt</strong></span> <span class='ocrx_word' id='word_1_848' title='bbox 2529 5203 2658 5268; x_wconf 88' lang='lat' dir='ltr'><strong>alia,</strong></span> <span class='ocrx_word' id='word_1_849' title='bbox 2688 5213 2743 5259; x_wconf 91' lang='lat' dir='ltr'><strong>et</strong></span> <span class='ocrx_word' id='word_1_850' title='bbox 2785 5204 2869 5258; x_wconf 92' lang='lat' dir='ltr'><strong>his</strong></span> <span class='ocrx_word' id='word_1_851' title='bbox 2905 5203 3120 5258; x_wconf 89' lang='lat' dir='ltr'><strong>similia.</strong></span> <span class='ocrx_word' id='word_1_852' title='bbox 3153 5201 3250 5258; x_wconf 86' lang='lat' dir='ltr'><strong>His</strong></span> <span class='ocrx_word' id='word_1_853' title='bbox 3279 5203 3456 5272; x_wconf 88' lang='lat' dir='ltr'><strong>itaque</strong></span> <span class='ocrx_word' id='word_1_854' title='bbox 3479 5192 3681 5253; x_wconf 89' lang='lat' dir='ltr'><strong>dimissis</strong></span> 
     </span>
    </p>
   </div>
   <div class='ocr_carea' id='block_1_113' title="bbox 2147 5291 3677 5374">
    <p class='ocr_par' dir='ltr' id='par_1_113' title="bbox 2147 5291 3677 5374">
     <span class='ocr_line' id='line_1_113' title="bbox 2147 5291 3677 5374; baseline -0.01 -26"><span class='ocrx_word' id='word_1_855' title='bbox 2147 5294 2214 5349; x_wconf 90' lang='lat' dir='ltr'><strong>de</strong></span> <span class='ocrx_word' id='word_1_856' title='bbox 2241 5309 2327 5348; x_wconf 91' lang='lat' dir='ltr'><strong>me</strong></span> <span class='ocrx_word' id='word_1_857' title='bbox 2351 5293 2603 5362; x_wconf 91' lang='lat' dir='ltr'><strong>peractis,</strong></span> <span class='ocrx_word' id='word_1_858' title='bbox 2640 5293 2765 5362; x_wconf 88' lang='lat' dir='ltr'><strong>quia</strong></span> <span class='ocrx_word' id='word_1_859' title='bbox 2785 5301 2973 5349; x_wconf 88' lang='lat' dir='ltr'><strong>contra</strong></span> <span class='ocrx_word' id='word_1_860' title='bbox 2997 5292 3324 5348; x_wconf 82' lang='lat' dir='ltr'><strong>voluntatem</strong></span> <span class='ocrx_word' id='word_1_861' title='bbox 3347 5291 3677 5374; x_wconf 73' lang='lat' dir='ltr'><strong>episcoporum</strong></span> 
     </span>
    </p>
   </div>
   <div class='ocr_carea' id='block_1_114' title="bbox 2145 5381 3676 5454">
    <p class='ocr_par' dir='ltr' id='par_1_114' title="bbox 2145 5381 3676 5454">
     <span class='ocr_line' id='line_1_114' title="bbox 2145 5381 3676 5454; baseline -0.007 -17"><span class='ocrx_word' id='word_1_862' title='bbox 2145 5383 2236 5454; x_wconf 91' lang='lat' dir='ltr'><strong>qui</strong></span> <span class='ocrx_word' id='word_1_863' title='bbox 2265 5383 2542 5438; x_wconf 91' lang='lat' dir='ltr'><strong>nobiscum</strong></span> <span class='ocrx_word' id='word_1_864' title='bbox 2568 5392 2744 5446; x_wconf 88' lang='lat' dir='ltr'><strong>erant,</strong></span> <span class='ocrx_word' id='word_1_865' title='bbox 2777 5391 3006 5452; x_wconf 87' lang='lat' dir='ltr'><strong>propter</strong></span> <span class='ocrx_word' id='word_1_866' title='bbox 3028 5382 3382 5436; x_wconf 90' lang='lat' dir='ltr'><strong>humilitatem</strong></span> <span class='ocrx_word' id='word_1_867' title='bbox 3399 5389 3570 5434; x_wconf 90' lang='lat' dir='ltr'><strong>sensus</strong></span> <span class='ocrx_word' id='word_1_868' title='bbox 3593 5381 3676 5423; x_wconf 73' lang='lat' dir='ltr'><strong>me!</strong></span> 
     </span>
    </p>
   </div>
   <div class='ocr_carea' id='block_1_115' title="bbox 2146 5466 3676 5561">
    <p class='ocr_par' dir='ltr' id='par_1_115' title="bbox 2146 5466 3676 5561">
     <span class='ocr_line' id='line_1_115' title="bbox 2146 5466 3676 5561; baseline -0.007 -35"><span class='ocrx_word' id='word_1_869' title='bbox 2146 5472 2291 5527; x_wconf 93' lang='lat' dir='ltr'><strong>nullo</strong></span> <span class='ocrx_word' id='word_1_870' title='bbox 2322 5471 2632 5543; x_wconf 88' lang='lat' dir='ltr'><strong>compulsus</strong></span> <span class='ocrx_word' id='word_1_871' title='bbox 2654 5471 2861 5543; x_wconf 92' lang='lat' dir='ltr'><strong>judicio</strong></span> <span class='ocrx_word' id='word_1_872' title='bbox 2888 5486 2952 5526; x_wconf 92' lang='lat' dir='ltr'><strong>ac</strong></span> <span class='ocrx_word' id='word_1_873' title='bbox 2991 5472 3099 5525; x_wconf 83' lang='lat' dir='ltr'><strong>vim</strong></span> <span class='ocrx_word' id='word_1_874' title='bbox 3147 5487 3358 5541; x_wconf 89' lang='lat' dir='ltr'><strong>passus,</strong></span> <span class='ocrx_word' id='word_1_875' title='bbox 3393 5468 3478 5524; x_wconf 89' lang='lat' dir='ltr'><strong>sed</strong></span> <span class='ocrx_word' id='word_1_876' title='bbox 3518 5466 3676 5561; x_wconf 59' lang='lat' dir='ltr'><strong>sponte</strong></span> 
     </span>
    </p>
   </div>
   <div class='ocr_carea' id='block_1_116' title="bbox 2143 5552 3672 5652">
    <p class='ocr_par' dir='ltr' id='par_1_116' title="bbox 2143 5552 3672 5652">
     <span class='ocr_line' id='line_1_116' title="bbox 2143 5552 3672 5652; baseline -0.01 -31"><span class='ocrx_word' id='word_1_877' title='bbox 2143 5568 2348 5638; x_wconf 86' lang='lat' dir='ltr'><strong>eligens</strong></span> <span class='ocrx_word' id='word_1_878' title='bbox 2394 5567 2510 5622; x_wconf 71' lang='lat' dir='ltr'><strong>htec</strong></span> <span class='ocrx_word' id='word_1_879' title='bbox 2555 5583 2653 5622; x_wconf 91' lang='lat' dir='ltr'><strong>nec</strong></span> <span class='ocrx_word' id='word_1_880' title='bbox 2702 5565 2955 5630; x_wconf 85' lang='lat' dir='ltr'><strong>formam,</strong></span> <span class='ocrx_word' id='word_1_881' title='bbox 2997 5575 3055 5621; x_wconf 93' lang='lat' dir='ltr'><strong>ut</strong></span> <span class='ocrx_word' id='word_1_882' title='bbox 3081 5567 3193 5637; x_wconf 89' lang='lat' dir='ltr'><strong>jam</strong></span> <span class='ocrx_word' id='word_1_883' title='bbox 3225 5567 3424 5621; x_wconf 91' lang='lat' dir='ltr'><strong>dictum</strong></span> <span class='ocrx_word' id='word_1_884' title='bbox 3458 5567 3551 5620; x_wconf 89' lang='lat' dir='ltr'><strong>est,</strong></span> <span class='ocrx_word' id='word_1_885' title='bbox 3578 5552 3672 5652; x_wconf 80' lang='lat' dir='ltr'><strong>aliis</strong></span> 
     </span>
    </p>
   </div>
   <div class='ocr_carea' id='block_1_117' title="bbox 2146 5659 3668 5749">
    <p class='ocr_par' dir='ltr' id='par_1_117' title="bbox 2146 5659 3668 5749">
     <span class='ocr_line' id='line_1_117' title="bbox 2146 5659 3668 5749; baseline -0.009 -32"><span class='ocrx_word' id='word_1_886' title='bbox 2146 5661 2346 5726; x_wconf 88' lang='lat' dir='ltr'><strong>dando,</strong></span> <span class='ocrx_word' id='word_1_887' title='bbox 2376 5662 2470 5717; x_wconf 88' lang='lat' dir='ltr'><strong>sed</strong></span> <span class='ocrx_word' id='word_1_888' title='bbox 2502 5676 2588 5716; x_wconf 92' lang='lat' dir='ltr'><strong>me</strong></span> <span class='ocrx_word' id='word_1_889' title='bbox 2633 5660 2970 5732; x_wconf 86' lang='lat' dir='ltr'><strong>puriﬁcando</strong></span> <span class='ocrx_word' id='word_1_890' title='bbox 3012 5659 3135 5723; x_wconf 86' lang='lat' dir='ltr'><strong>feci,</strong></span> <span class='ocrx_word' id='word_1_891' title='bbox 3167 5661 3221 5714; x_wconf 93' lang='lat' dir='ltr'><strong>in</strong></span> <span class='ocrx_word' id='word_1_892' title='bbox 3251 5660 3368 5714; x_wconf 89' lang='lat' dir='ltr'><strong>aliis</strong></span> <span class='ocrx_word' id='word_1_893' title='bbox 3394 5660 3668 5749; x_wconf 55' lang='lat' dir='ltr'><strong>tamenepl:</strong></span> 
     </span>
    </p>
   </div>
   <div class='ocr_carea' id='block_1_118' title="bbox 2149 5739 3665 5831">
    <p class='ocr_par' dir='ltr' id='par_1_118' title="bbox 2149 5739 3665 5831">
     <span class='ocr_line' id='line_1_118' title="bbox 2149 5739 3665 5831; baseline -0.003 -21"><span class='ocrx_word' id='word_1_894' title='bbox 2149 5751 2324 5823; x_wconf 85' lang='lat' dir='ltr'><strong>scepis</strong></span> <span class='ocrx_word' id='word_1_895' title='bbox 2342 5761 2652 5824; x_wconf 86' lang='lat' dir='ltr'><strong>competens</strong></span> <span class='ocrx_word' id='word_1_896' title='bbox 2680 5751 2986 5810; x_wconf 84' lang='lat' dir='ltr'><strong>adhibenda</strong></span> <span class='ocrx_word' id='word_1_897' title='bbox 3011 5759 3091 5808; x_wconf 88' lang='lat' dir='ltr'><strong>cst</strong></span> <span class='ocrx_word' id='word_1_898' title='bbox 3121 5751 3185 5831; x_wconf 83' lang='lat' dir='ltr'><strong>de</strong></span> <span class='ocrx_word' id='word_1_899' title='bbox 3215 5750 3418 5829; x_wconf 72' lang='lat' dir='ltr'><strong>talibus</strong></span> <span class='ocrx_word' id='word_1_900' title='bbox 3445 5739 3665 5824; x_wconf 50' lang='lat' dir='ltr'><strong>rutilis“!</strong></span> 
     </span>
    </p>
   </div>
  </div>
