3968 6502
374 364 476 469 m

1515 415 2002 479 DECRETALIUM
2040 416 2440 480 COLLECTIO.

2689 395 2784 414 ,φ’

3531 423 3637 482 762

372 525 712 594 vulneribus,
744 540 811 584 ne
842 528 1126 587 immatura
1155 533 1379 590 curandi
1413 535 1646 593 facilitas
1672 537 1955 594 mortifera
1985 540 2034 599 Α
2065 545 2244 593 tamen
2281 539 2430 595 locus
2474 541 2614 610 apud
2662 555 2784 596 cum
2827 540 3082 599 videlicet
3129 551 3330 599 sancta:
3381 542 3635 600 Ecclesiae

373 621 571 690 capitis
599 631 749 692 peste
771 621 907 677 nihil
936 625 1126 692 possit,
1175 628 1269 681 sed
1309 628 1528 699 segnius
1574 638 1746 684 tracta
1777 629 1956 698 perni-

373 711 490 766 cies
517 719 666 766 reatu
698 728 804 768 non
837 713 1089 785 legitimae
1135 719 1436 775 curationis
1480 722 1716 776 involvat
1754 723 1958 793 pariter

377 797 652 857 sauciatos
676 811 731 858 et
764 805 1060 861 medentes.
1092 806 1172 864 Ob
1205 810 1255 864 id
1283 825 1413 881 ergo
1445 820 1745 867 statuentes
1769 814 1958 867 decer-

379 891 582 956 nimus,
614 897 672 946 ut
709 893 761 946 hi
794 895 883 963 qui
931 909 1036 950 non
1083 907 1207 952 sunt
1252 899 1406 955 bonae
1449 903 1878 957 conversationis
1905 913 1958 957 et

373 997 606 1051 quorum
636 983 744 1038 vita
773 995 857 1041 est
883 989 1224 1054 accusabilis,
1254 991 1337 1045 vel
1364 1005 1594 1062 quarum
1642 994 1802 1060 fides,
1849 997 1956 1050 vita

373 1082 431 1128 et
469 1073 692 1128 libertas
720 1075 981 1142 nescitur,
1012 1093 1121 1133 non
1150 1082 1362 1150 possint
1404 1081 1616 1136 Domini
1647 1084 1959 1139 sacerdotes

371 1178 657 1228 accusare,
687 1179 788 1220 nec
817 1165 951 1230 viles
971 1181 1216 1224 personae
1244 1173 1310 1226 ad
1341 1173 1742 1228 accusationem
1771 1187 1956 1230 eorum

371 1253 752 1308 admittantur.

447 1340 708 1398 Similiter
756 1344 811 1398 hi
854 1347 944 1414 qui
999 1347 1053 1401 in
1117 1348 1386 1419 aliquibus
1411 1353 1732 1409 criminibus
1765 1355 1955 1409 irretiti

370 1433 628 1498 sunt,vel
657 1434 749 1503 qui
769 1446 896 1490 sunt
918 1438 1201 1508 suspiciosi
1231 1456 1416 1497 vocem
1445 1443 1707 1500 adversus
1724 1445 1959 1515 majores

369 1537 507 1583 natu
538 1545 644 1584 non
667 1530 906 1587 habeant
948 1534 1260 1600 accusandi,
1283 1535 1406 1605 quia
1444 1537 1741 1606 suspiciosa
1777 1551 1876 1591 vox
1906 1545 1963 1591 et

368 1619 594 1673 inimica
626 1621 907 1676 veritatem
939 1623 1076 1678 solet
1123 1628 1463 1694 opprimere;
1510 1627 1794 1698 peregrina
1829 1642 1958 1682 vero

360 1707 593 1777 iudicia,
609 1711 756 1768 salva
780 1713 834 1768 in
854 1716 1104 1771 omnibus
1120 1719 1417 1786 apostolica
1436 1721 1783 1786 auctoritate,
1801 1735 1960 1791 gene-

369 1802 478 1856 rali
508 1805 791 1861 sanctione
831 1808 1204 1875 prohibemus,
1229 1809 1354 1878 quia
1383 1810 1656 1880 indignum
1681 1820 1784 1876 cst,
1813 1821 1871 1865 ut
1891 1813 1958 1866 ab

369 1896 613 1950 externis
646 1897 935 1967 iudicetur,
965 1901 1057 1968 qui
1103 1901 1484 1970 provinciales,
1516 1911 1570 1958 et
1601 1918 1630 1957 a
1666 1918 1724 1957 se
1748 1903 1953 1958 electos
1988 1889 2033 1948 Β

369 1987 532 2042 debet
589 1988 789 2044 habere
816 1989 1048 2057 iudices,
1084 1993 1183 2046 nisi
1213 1991 1375 2047 fuerit
1422 1993 1746 2064 appellatum
1778 1995 1959 2060 ;unde

369 2089 616 2151 oportet,
647 2091 706 2136 ut
729 2083 772 2136 si
799 2083 994 2154 aliquis
1017 2085 1390 2155 episcoporum
1422 2101 1583 2155 super
1608 2087 1774 2143 certis
1802 2103 1962 2142 accu-

369 2186 522 2231 setur
559 2178 898 2244 criminibus,
932 2188 991 2234 ut
1034 2182 1100 2235 ab
1127 2182 1379 2236 omnibus
1405 2181 1675 2247 audiatur,
1708 2182 1800 2250 qui
1836 2192 1962 2238 sunt

374 2270 424 2321 in
465 2269 740 2338 provincia
768 2271 1065 2340 episcopis,
1090 2272 1213 2340 quia
1254 2287 1359 2324 non
1389 2281 1603 2339 oportet
1646 2280 1958 2326 accusatum

371 2360 566 2416 alicubi
599 2377 760 2431 quam
796 2363 848 2416 in
887 2363 1006 2417 foro
1036 2378 1134 2417 suo
1163 2363 1358 2417 audiri.
1392 2362 1448 2417 Si
1489 2363 1614 2432 quis
1650 2377 1781 2417 vero
1817 2362 1962 2432 iudi-

373 2465 488 2505 cem
506 2451 794 2505 adversum
813 2453 914 2507 sibi
937 2454 1186 2516 senserit,
1204 2469 1391 2508 vocem
1414 2454 1787 2524 appellationis
1809 2455 1959 2508 exbi.

375 2543 517 2605 beat,
544 2543 906 2612 appellantem
932 2553 1110 2598 autem
1135 2559 1241 2598 non
1273 2544 1434 2599 debet
1465 2543 1682 2599 alllictio
1706 2544 1836 2609 ulla,
1868 2552 1962 2598 aut

381 2631 714 2686 detentionis
745 2632 1005 2703 injuriare
1029 2633 1291 2698 custodia,
1321 2633 1416 2688 sed
1451 2633 1612 2690 liceat
1642 2634 1959 2704 appellatori

372 2721 616 2775 vitiatam
672 2737 889 2776 causam
941 2723 1318 2793 appellationis
1365 2724 1604 2779 remedio
1655 2724 1958 2790 sublevare,

375 2811 536 2866 liceat
583 2813 750 2867 etiam
792 2814 844 2866 in
882 2815 1061 2868 causis
1110 2814 1481 2869 criminalibus
1526 2814 1816 2885 appellare,
1859 2829 1958 2869 nec

341 2899 346 2902 ’
372 2904 675 2976 appellandi
709 2922 811 2960 vox
851 2907 1147 2976 denegctur
1174 2907 1221 2962 ei
1254 2923 1415 2977 quem
1443 2907 1713 2978 supplicio
1740 2916 1962 2961 sentcn-

374 2998 448 3052 tia
477 2999 786 3063 destinarit,
815 2998 1060 3068 pulsatus
1088 3007 1213 3053 ante
1252 3015 1406 3054 suum
1451 2999 1688 3070 iudicem
1737 3014 1958 3053 causam

375 3089 544 3152 dicat,
567 3099 620 3143 et
639 3104 741 3143 non
767 3098 893 3142 ante
914 3104 1067 3143 suum
1090 3089 1325 3159 iudicem
1357 3089 1622 3158 pulsatus,
1654 3089 1698 3143 si
1729 3088 1960 3143 voluerit

374 3180 562 3246 liceat,
598 3188 653 3234 et
704 3192 764 3233 ut
792 3179 1020 3248 pulsatis
1062 3179 1274 3248 quoties
1322 3178 1709 3248 appellaverint
1729 3177 1957 3232 induciae

370 3274 583 3330 dentur.
615 3273 673 3328 Si
697 3273 819 3343 quis
848 3287 977 3344 ergo
1013 3273 1184 3327 iratus
1221 3272 1426 3327 crimen
1466 3271 1684 3340 aliquod
1733 3269 1959 3324 cuilibet

373 3374 577 3420 temere
627 3363 906 3433 obiecerit,
932 3363 1234 3419 convicium
1295 3377 1402 3416 non
1468 3370 1551 3416 est
1629 3376 1728 3431 pro
1796 3375 1959 3414 accu-

371 3457 588 3511 satione
640 3457 967 3520 babendum,
1020 3453 1115 3510 sed
1170 3454 1438 3524 permisso
1496 3451 1766 3506 tractandi
1832 3465 1958 3518 spa-

374 3549 467 3611 tio,
496 3547 547 3601 id
569 3545 712 3616 quod
736 3546 904 3600 iratus
932 3543 1091 3609 dixit,
1119 3559 1218 3614 per
1244 3542 1572 3612 scripturam
1604 3555 1662 3596 se
1689 3539 1952 3610 probatu-

375 3653 494 3692 rum
517 3651 640 3692 esse
663 3637 928 3703 fateatur;
959 3645 1020 3691 ut
1045 3636 1090 3691 si
1115 3634 1348 3690 fortasse
1373 3633 1697 3703 resipiscens
1716 3647 1835 3701 qua:
1858 3645 1957 3701 per

374 3729 710 3784 iracundiam
746 3729 911 3794 dixit,
937 3728 1137 3782 iterare
1159 3735 1255 3781 aut
1279 3725 1521 3781 scribere
1545 3722 1804 3787 noluerit,
1849 3735 1958 3775 non

373 3834 432 3878 ut
452 3840 576 3880 reus
599 3824 842 3880 criminis
868 3833 1136 3879 teneatur.
1161 3822 1352 3879 Omnis
1371 3836 1501 3893 ergo
1523 3820 1613 3891 qui
1635 3819 1840 3874 crimen
1865 3817 1960 3874 ob-

368 3917 510 3986 iicit,
533 3917 739 3972 scribat
760 3931 818 3972 se
846 3915 1220 3985 probaturum.
1250 3913 1460 3969 Revera
1489 3912 1562 3968 ibi
1586 3925 1803 3982 semper
1827 3925 1958 3965 cau-

374 4024 433 4064 sa
464 4017 673 4080 agatur,
704 4007 794 4062 ubi
823 4007 1030 4062 crimen
1061 4007 1388 4061 admittitur.
1440 4003 1508 4058 Et
1527 4003 1619 4074 qui
1668 4017 1776 4056 non
1832 4016 1958 4072 pro-

375 4101 585 4156 baverit
611 4099 752 4170 quod
770 4099 1238 4170 obiecit,.0(enam
1263 4111 1425 4167 quam
1458 4095 1701 4151 intulerit
1725 4095 1839 4164 ipse
1868 4109 1955 4165 pa-

376 4193 558 4248 tiatur.

443 4283 653 4339 Placuit
678 4284 863 4350 etiam,
881 4293 942 4338 ut
966 4284 1012 4339 si
1039 4283 1326 4353 episcopus
1353 4289 1638 4337 accusatus
1656 4277 1956 4350 appellave-

385 4377 454 4431 rit
481 4376 830 4447 apostolicam
851 4377 1056 4442 sedem,
1083 4377 1134 4432 id
1164 4374 1532 4439 slatuendum,
1558 4373 1702 4442 quod
1716 4372 1955 4441 ejusdem

376 4469 520 4525 sedis
549 4470 789 4540 pontifex
821 4467 1114 4524 censuerit.
1143 4467 1269 4522 HtBC
1301 4475 1482 4521 tamen
1510 4463 1658 4520 omni
1688 4463 1743 4518 in
1780 4477 1956 4518 sacer-

375 4564 560 4618 dotum
587 4579 752 4619 causa
791 4561 966 4618 forma
995 4569 1261 4626 servetur,
1290 4574 1360 4615 ne
1385 4573 1713 4630 quemquam
1739 4566 1957 4613 senten-

374 4655 448 4708 tia
496 4669 601 4709 non
643 4670 673 4708 a
719 4669 818 4708 suo
857 4651 1041 4720 iudice
1072 4653 1213 4709 dicta
1245 4650 1607 4721 constringat.
1649 4649 1956 4705 Occurrere

374 4763 587 4818 quoque
623 4748 851 4816 quisque
879 4746 1114 4802 ﬁdelium
1144 4745 1318 4800 ruinis
1345 4744 1505 4799 debet
1532 4756 1918 4814 oppressorum
1937 4782 1951 4806 ,

373 4850 431 4895 et
478 4841 802 4895 miserorum
832 4837 1080 4902 consilio,
1113 4852 1220 4907 quo
1259 4835 1474 4891 valeant
1507 4849 1574 4888 ex
1624 4833 1956 4890 revelatione

376 4933 563 4988 alienae
593 4932 846 4986 vindictae
875 4947 906 4985 a
931 4945 990 4985 se
1019 4929 1113 4984 Dei
1139 4943 1424 4985 removere
1450 4926 1768 4983 vindictam.
1796 4925 1958 4981 Libat

375 5040 505 5097 ergo
558 5038 817 5094 prospera
869 5023 962 5091 qui
1009 5022 1076 5077 ab
1105 5019 1321 5076 afﬂictis
1345 5018 1494 5090 pellit
1532 5017 1780 5082 adversa,
1811 5018 1954 5073 unde

374 5119 636 5188 scriptum
666 5126 790 5172 est:
828 5135 846 5167 ι
883 5114 1330 5171 Ειθιθτιΐτιιιτθιη
1377 5113 1640 5183 adiuvans
1685 5110 1952 5167 exaltabi-

377 5220 465 5264 tur
485 5230 505 5263 ι
540 5227 555 5265 :
594 5228 612 5260 ε
636 5209 873 5264 Ecclesia
895 5209 1038 5265 enim
1051 5207 1149 5262 Dei
1177 5208 1296 5262 sine
1320 5205 1532 5260 macula
1554 5213 1609 5259 et
1633 5218 1765 5273 ruga
1795 5203 1956 5258 debet

375 5302 608 5357 existere
637 5298 851 5370 (Ep/tes.
881 5317 936 5364 v,
973 5299 1090 5369 27);
1122 5317 1140 5350 ι
1181 5307 1237 5352 et
1263 5298 1383 5352 ideo
1411 5312 1516 5351 non
1538 5304 1755 5366 oportet
1777 5310 1898 5350 eam
1923 5310 1952 5349 a

375 5393 696 5463 quibusdam
716 5392 1060 5456 conculcari,
1090 5399 1185 5444 aut
1208 5389 1469 5444 maculari
1492 5429 1506 5454 ,
1532 5389 1660 5459 quia
1688 5389 1952 5457 scriptum

375 5496 489 5551 est:
514 5506 533 5538 ‹
565 5485 682 5542 Una
712 5494 796 5542 est
827 5485 1074 5540 columba
1099 5499 1220 5539 mea
1243 5483 1485 5553 perfecta
1533 5497 1650 5538 mea
1681 5482 1860 5553 (Cant.
1897 5497 1956 5547 ιι,

377 5578 490 5649 10);
532 5597 550 5628 ι
585 5578 710 5634 hinc
747 5577 938 5633 iterum
976 5576 1235 5631 Dominus
1277 5575 1346 5629 ad
1386 5573 1605 5644 Moysen
1649 5573 1763 5626 ait:
1815 5590 1833 5623 ι
1862 5571 1960 5627 Est

376 5669 528 5724 locus
550 5683 715 5738 penes
728 5683 834 5733 me,
852 5675 906 5722 et
926 5666 1099 5722 stabis
1124 5681 1286 5736 supra
1314 5674 1523 5735 petram
1542 5662 1740 5735 (Exod.
1758 5677 1956 5727 χχχιιι,

371 5759 490 5830 21).
525 5779 544 5810 ι
570 5758 702 5826 Quis
727 5765 811 5812 est
837 5756 1018 5822 locus,
1043 5757 1134 5827 qui
1165 5771 1272 5812 non
1305 5756 1378 5812 sit
1406 5754 1641 5819 Domini,
1666 5754 1794 5809 dum
1826 5768 1961 5808 cun-

375 5867 463 5910 cta
503 5855 556 5910 in
590 5854 705 5923 ipso
732 5867 828 5923 per
852 5865 1013 5921 quem
1031 5857 1212 5907 creata
1243 5849 1392 5916 sunt,
1430 5845 1816 5904 continentur?
1847 5844 1953 5900 Sed

2061 629 2239 685 unitas
2263 639 2368 695 est,
2392 632 2444 685 in
2475 648 2578 701 qua
2613 648 2770 703 supra
2813 644 3020 705 petram
3047 646 3240 701 statur,
3268 639 3392 691 dum
3419 637 3631 692 confes-

2060 721 2230 776 sionis
2281 723 2522 778 soliditas
2567 724 2839 780 humiliter
2881 735 3109 782 tenetur.
3160 726 3268 781 Vos
3316 743 3530 797 quoque
3576 736 3631 782 et

2060 825 2250 866 omnes
2299 812 2494 868 fratres
2538 825 2754 871 nostros
2799 817 3089 873 Ecclesiam
3133 818 3330 874 Christi
3377 819 3638 889 sanguine

2061 901 2394 970 redemptam
2437 914 2684 974 regentes
2731 923 3031 974 monemus,
3069 919 3127 963 ut
3155 924 3342 965 omnes
3381 924 3410 963 a
3441 911 3634 978 ρι’ωοί-

2063 990 2200 1060 pitio
2223 991 2276 1044 in
2301 1007 2407 1062 quo
2435 994 2630 1050 fratres
2650 1007 2705 1051 et
2735 997 2944 1053 Domini
2972 1009 3216 1068 pastores
3237 1000 3566 1055 detrahendo
3585 1009 3637 1054 et

2061 1085 2434 1152 persequendo
2457 1088 2639 1143 verbis
2668 1088 2935 1156 labuntur,
2967 1091 3172 1161 laqueis
3194 1093 3389 1162 quibus
3410 1093 3638 1162 potestis

2063 1175 2306 1239 retentis,
2337 1183 2392 1230 et
2437 1176 2543 1231 labi
2594 1193 2687 1234 eos
2734 1181 2784 1234 in
2830 1181 2935 1235 ima
2974 1197 3078 1236 non
3116 1183 3478 1251 permittatis,
3509 1182 3635 1252 quia

2061 1264 2320 1334 scriptum
2351 1275 2434 1322 est
2464 1280 2480 1324 :
2517 1287 2534 1320 ι
2564 1267 2646 1323 lra
2685 1271 2785 1325 viri
2810 1271 3078 1341 justitiam
3105 1273 3200 1328 Dei
3244 1289 3350 1328 non
3381 1281 3638 1343 operatur

2064 1353 2204 1425 (Iac.
2236 1371 2276 1421 ι,
2298 1355 2422 1422 20);
2464 1376 2482 1409 ι
2522 1359 2648 1414 hinc
2677 1374 2867 1416 rursus
2896 1362 3130 1416 dicitur:
3169 1382 3186 1413 ι
3221 1361 3304 1417 Sit
3331 1363 3508 1416 omnis
3536 1361 3636 1416 ho-

2068 1464 2160 1503 mo
2189 1450 2343 1504 velox
2380 1451 2446 1504 ad
2490 1453 2832 1518 audiendum,
2859 1454 3045 1509 tardus
3087 1455 3153 1508 ad
3194 1453 3556 1523 loquendum,
3586 1461 3640 1508 et

2063 1542 2249 1595 tardus
2273 1543 2340 1595 ad
2365 1542 2496 1596 iram
2527 1541 2667 1614 (Jac.
2691 1559 2732 1609 ι,
2757 1544 2866 1615 19),
2901 1564 2920 1597 ι
2958 1546 3072 1600 litec
3101 1553 3278 1600 autem
3305 1559 3402 1599 vos
3417 1552 3639 1598 auctore

2065 1629 2175 1684 Deo
2204 1631 2382 1685 omnia
2412 1647 2628 1688 servare
2643 1649 2748 1688 non
2775 1635 3010 1706 ambigo,
3038 1636 3133 1689 sed
3152 1637 3437 1690 occasione
3457 1635 3639 1690 admo-

2064 1723 2282 1777 nitionis
2328 1731 2513 1778 exorta
2553 1725 2707 1780 bonis
2760 1726 2957 1781 vestris
2985 1725 3239 1796 operibus
3278 1735 3333 1782 et
3359 1725 3642 1782 desideriis

2068 1828 2154 1868 me
2188 1813 2385 1869 furtive
2416 1814 2701 1887 subiungo,
2732 1825 2792 1870 ut
2822 1817 2966 1886 quod
3004 1833 3109 1872 non
3143 1818 3402 1873 admoniti
3432 1817 3634 1883 facitis,

2063 1902 2281 1973 quando
2323 1904 2476 1959 vobis
2535 1917 2588 1959 et
2655 1907 2949 1962 admonens
2993 1906 3230 1972 additur,
3260 1904 3376 1975 iam
3406 1921 3512 1961 non
3539 1905 3641 1961 soli

2065 1994 2295 2050 faciatis.

2135 2087 2498 2157 Quapropter,
2538 2086 2749 2152 fratres,
2779 2096 2997 2159 oportet
3025 2102 3122 2143 vos
3151 2095 3206 2143 et
3245 2102 3434 2143 omnes
3457 2084 3646 2142 fideles

2065 2178 2293 2248 diligere
2338 2179 2589 2243 invicem,
2613 2190 2666 2234 et
2702 2195 2806 2234 non
2829 2178 3134 2245 detrahere,
3165 2187 3258 2231 aut
3284 2189 3538 2232 accusare
3566 2173 3646 2228 al-

2067 2279 2350 2336 terutrum,
2380 2272 2640 2342 scriptum
2696 2280 2780 2326 est
2831 2271 2976 2326 enim
3025 2288 3037 2323 :
3077 2289 3094 2321 ‹
3135 2268 3306 2339 Dilige
3338 2267 3644 2338 proximum

2065 2372 2216 2417 tuum
2247 2363 2463 2433 (Matth.
2501 2379 2563 2426 v,
2593 2363 2704 2434 45),
2741 2383 2759 2415 ι
2807 2371 2860 2417 et
2887 2361 3150 2432 coniunge
3181 2360 3338 2414 ﬁdem
3381 2374 3501 2413 cum
3533 2356 3644 2424 illo,

2063 2454 2207 2523 quod
2235 2453 2278 2507 si
2312 2454 2672 2508 denudaveris
2704 2453 2965 2508 absconsa
3002 2452 3144 2507 illius
3170 2466 3274 2505 non
3304 2449 3643 2520 perscoueris

2065 2552 2183 2612 post
2204 2557 2348 2598 eum.
2376 2541 2529 2598 Sicut
2550 2543 2692 2597 enim
2719 2544 2880 2598 homo
2900 2544 2988 2612 qui
3004 2543 3182 2612 perdit
3205 2543 3437 2596 amicum
3461 2555 3642 2604 suum,

2064 2634 2143 2687 sic
2166 2634 2256 2702 qui
2282 2633 2458 2702 perdit
2487 2633 2780 2688 amicitiam
2807 2633 3036 2702 proximi
3065 2633 3163 2687 sui.
3188 2631 3257 2685 Et
3282 2631 3424 2685 sicut
3449 2629 3542 2700 qui
3564 2629 3647 2682 di-

2065 2725 2229 2779 mittit
2255 2740 2409 2779 avem
2435 2726 2499 2778 de
2525 2741 2687 2779 manu
2713 2740 2832 2789 sua,
2863 2725 2941 2780 sic
2963 2725 3053 2794 qui
3078 2722 3407 2792 dereliquisti
3457 2719 3642 2791 proxi-

2064 2831 2210 2870 mum
2235 2824 2406 2881 tuum,
2439 2824 2621 2870 etnon
2649 2831 2771 2870 eum
2795 2805 3008 2886 capies,
3039 2829 3145 2869 non
3180 2814 3328 2868 illum
3355 2811 3636 2882 sequaris,

2064 2908 2318 2977 quoniam
2353 2907 2509 2978 longe
2547 2907 2722 2962 abest.
2753 2907 2947 2978 Effugit
2981 2907 3123 2962 enim
3164 2905 3318 2974 quasi
3352 2917 3546 2974 caprea
3570 2901 3638 2958 de

2064 3000 2277 3070 laqueo,
2296 3000 2549 3069 quoniam
2575 2999 2851 3054 vulnerata
2875 3009 2958 3054 est
2987 2999 3166 3053 anima
3197 2998 3334 3069 eius,
3359 2996 3497 3051 ultra
3519 3009 3645 3050 eum

2065 3108 2170 3149 non
2209 3094 2412 3162 poteris
2441 3092 2719 3164 colligare,
2745 3101 2801 3147 et
2835 3092 3125 3148 maledicta
3145 3099 3228 3146 est
3258 3087 3642 3155 concordatio,

2065 3182 2336 3236 denudare
2361 3191 2539 3236 autem
2565 3183 2723 3238 amici
2746 3184 3001 3254 mysteria
3020 3181 3324 3252 desperatio
3344 3188 3426 3235 est
3446 3179 3643 3234 animas

2062 3273 2312 3340 infidelis,
2346 3289 2588 3328 annuens
2620 3275 2775 3330 oculo
2809 3275 3040 3330 fabricat
3080 3275 3284 3344 iniqua,
3339 3287 3497 3328 nemo
3517 3285 3643 3327 eum

2061 3365 2278 3434 abjiciet
2308 3381 2322 3420 :
2350 3366 2408 3421 In
2459 3375 2750 3436 conspectu
2793 3367 3069 3422 oculorum
3099 3375 3314 3419 tuorum
3349 3362 3640 3419 conculcao

2062 3458 2140 3512 bit
2180 3473 2242 3512 os
2281 3474 2461 3522 suum,
2495 3467 2550 3512 ct
2593 3473 2754 3527 super
2799 3473 3050 3512 sermone
3089 3466 3208 3512 tuos
3259 3455 3637 3510 admirabitur.
3736 3531 3738 3533 b

2060 3549 2360 3606 Novissime
2375 3559 2554 3604 autem
2579 3559 2851 3620 pervertet
2875 3565 2937 3605 os
2967 3565 3143 3612 suum,
3167 3555 3222 3602 et
3245 3548 3297 3600 in
3323 3547 3501 3601 verbis
3526 3546 3633 3600 tuis

2060 3642 2210 3696 dabit
2241 3640 2575 3696 scandalum.
2609 3639 2771 3694 Multa
2795 3639 3004 3702 audivi,
3034 3646 3088 3693 et
3118 3651 3224 3690 non
3251 3635 3524 3704 corequavi
3557 3635 3632 3700 ei,

2058 3743 2113 3788 et
2143 3734 2403 3789 Dominus
2424 3733 2570 3788 odiet
2591 3732 2760 3786 illum.
2786 3732 2886 3799 Qui
2921 3732 2973 3784 in
2998 3729 3163 3784 altum
3189 3728 3355 3783 mittit
3382 3726 3638 3796 lapidem,

2058 3839 2222 3896 super
2245 3835 2407 3896 caput
2436 3824 2553 3895 eius
2579 3824 2734 3878 cadet
2771 3831 2828 3877 et
2873 3821 3048 3891 plaga,
3081 3818 3264 3874 dolose
3294 3817 3496 3871 dividet
3521 3816 3638 3870 vul-

2059 3931 2211 3973 nera.
2244 3917 2346 3984 Qui
2388 3916 2521 3972 fodit
2547 3915 2759 3971 foveam
2786 3914 2974 3969 incidit
3002 3913 3055 3966 in
3081 3927 3224 3975 eam,
3254 3919 3308 3966 et
3333 3910 3422 3979 qni
3447 3909 3638 3964 statuit

2058 4009 2288 4079 lapidem
2316 4007 2564 4078 proximo
2582 4006 2819 4062 offendet
2838 4005 2890 4060 in
2920 4018 3019 4069 eo;
3053 4011 3107 4058 et
3128 4002 3218 4072 qui
3244 4001 3494 4071 laqueum
3530 3999 3640 4054 alio

2057 4103 2229 4173 ponit,
2254 4101 2452 4172 peribit
2473 4102 2526 4155 in
2550 4100 2678 4163 illo;
2708 4097 2925 4154 facienti
2947 4094 3334 4166 nequissimum
3359 4090 3643 4147 consilium

2058 4211 2221 4266 super
2252 4195 2423 4265 ipsum
2455 4193 2791 4257 devolvetur,
2819 4198 3001 4246 etnon
3032 4193 3289 4258 agnoscet
3316 4185 3456 4240 unde
3482 4182 3646 4237 adve-

2059 4289 2174 4343 niet
2209 4287 2306 4342 illi.
2339 4285 2522 4342 lllusio
2547 4295 2603 4342 et
2629 4282 3015 4354 improperium
3046 4279 3421 4350 superborum,
3447 4283 3502 4330 et
3519 4273 3644 4328 vin-

2059 4382 2205 4436 dicta
2240 4379 2380 4435 sicut
2422 4379 2506 4434 leo
2539 4377 2886 4433 insidiabitur
2913 4374 3240 4444 illi;laqueo
3269 4370 3522 4441 peribunt
3544 4365 3640 4437 qui

2060 4474 2401 4531 oblectantur
2427 4486 2555 4527 casu
2595 4471 2884 4541 iustorum.
2931 4467 3094 4523 Dolor
3136 4473 3316 4520 autem
3360 4467 3644 4518 consumet

2059 4566 2181 4622 illos
2205 4558 2494 4634 antequam
2521 4560 2839 4616 moriantur.
2874 4557 2952 4612 Ita
2974 4541 3030 4612 et
3065 4556 3215 4609 furor
3239 4561 3470 4622 utraque
3489 4563 3643 4604 exse—

2060 4655 2305 4721 crabilia,
2337 4662 2390 4709 et
2414 4654 2499 4706 vir
2524 4659 2870 4721 peccatorum
2917 4647 3202 4702 continens
3248 4642 3354 4698 erit
3401 4641 3637 4696 illorum.

2059 4749 2160 4817 Qui
2193 4746 2451 4802 vindicari
2481 4743 2615 4809 vult,
2642 4758 2672 4796 a
2694 4740 2806 4798 Deo
2829 4739 3065 4794 inveniet
3097 4736 3412 4798 vindictam,
3435 4740 3490 4787 et
3516 4747 3644 4802 pec-

2059 4849 2180 4895 cata
2226 4836 2368 4891 illius
2416 4847 2640 4890 servans
2682 4829 2939 4885 servabit.
2974 4827 3238 4894 Relinque
3265 4822 3512 4894 proximo
3549 4830 3642 4876 tuo

2059 4929 2273 4986 nocenti
2296 4937 2372 4993 te,
2393 4935 2448 4982 et
2471 4937 2598 4980 tunc
2624 4922 2935 4993 deprecanti
2960 4919 3054 4973 tibi
3080 4927 3299 4989 peccata
3324 4915 3635 4978 solventur;

2063 5026 2226 5080 homo
2250 5019 2454 5076 homini
2476 5024 2656 5073 servat
2681 5016 2840 5077 iram,
2869 5023 2972 5067 eta
2999 5011 3109 5066 Deo
3139 5008 3331 5078 quarril
3352 5005 3639 5061 medelam.

2062 5115 2119 5170 ln
2151 5113 2425 5169 hominem
2461 5107 2695 5164 similem
2731 5105 2834 5161 sibi
2860 5119 2966 5158 non
3000 5103 3161 5156 habet
3189 5096 3640 5160 misericordiam,

2062 5214 2118 5262 et
2140 5205 2208 5261 de
2239 5201 2478 5274 peccatis
2507 5199 2619 5256 suis
2642 5199 2965 5266 deprecatur
2995 5189 3354 5246 altissimum?
3381 5188 3494 5258 ipse
3510 5186 3640 5241 dum

2063 5315 2193 5356 caro
2215 5297 2306 5362 sit,
2347 5300 2527 5350 servat
2552 5291 2712 5353 iram,
2737 5296 2793 5342 et
2814 5284 3251 5358 propitiationem
3274 5280 3407 5350 petit
3438 5293 3469 5333 a
3498 5275 3642 5331 Deo?

2063 5392 2198 5461 Quis
2233 5386 2481 5445 exorabit
2518 5398 2618 5454 pro
2647 5379 2858 5436 delictis
2883 5376 3062 5432 illius?
3096 5374 3366 5429 Memento
3405 5367 3640 5425 novissi-

2064 5460 2303 5544 morum,
2333 5485 2388 5532 et
2409 5475 2595 5530 desine
2619 5469 2886 5526 inimicari
2908 5469 2930 5521 ?
2952 5465 3217 5521 Tabitudo
3241 5460 3382 5516 cnim
3409 5468 3466 5514 et
3493 5470 3642 5512 mors

2066 5571 2349 5628 imminent
2381 5563 2670 5620 mandatis.
2702 5560 3004 5616 Memorare
3031 5557 3280 5610 timorem
3307 5547 3424 5615 Dei,
3452 5555 3509 5603 et
3530 5561 3636 5601 non

2062 5658 2316 5717 irasceris
2333 5654 2600 5727 proximo.
2626 5651 2928 5705 Memorare
2953 5641 3260 5700 testamenti
3284 5637 3642 5727 Altissimi,et

2063 5749 2278 5820 despice
2327 5725 2688 5816 ignorantiam
2739 5735 2993 5810 proximi.
3024 5731 3251 5788 Abstine
3282 5738 3335 5782 te
3379 5742 3410 5778 a
3444 5725 3562 5791 lite,
3582 5732 3637 5777 et

2061 5817 2271 5900 minues
2292 5845 2538 5912 peccata,
2565 5837 2726 5892 homo
2749 5832 2893 5890 enim
2917 5826 3208 5886 iracundus
3231 5820 3470 5880 incendit
3495 5817 3634 5883 lites,
