3968 6446
449 339 552 395 765

1260 337 1685 412 APPEND.;AD
1715 337 1890 395 δΑςε.
1940 339 2032 395 ΙΧ.
2065 370 2135 381 —-
2174 341 2422 401 lSlDORl
2465 345 2907 406 MERCATORIS

3592 363 3711 420 ‘70!

445 461 502 508 et
529 453 614 508 vir
637 461 893 527 peccator
935 452 1173 511 turbabit
1201 454 1430 520 amicos,
1453 463 1511 510 et
1538 454 1594 509 in
1626 455 1801 511 medio
1829 469 2013 525 pacem
2045 463 2096 520 Α
2121 455 2239 514 dire
2269 457 2505 531 linguam
2535 477 2791 531 nequam,
2818 474 2874 521 ct
2901 467 2982 521 ori
3009 475 3100 527 tuo
3132 466 3297 526 facito
3324 470 3489 539 ostia,
3523 482 3579 529 et
3632 491 3717 531 se-

444 544 760 600 habentium
810 547 1063 601 immittet
1110 545 1472 600 inimicitiam.
1520 546 1827 602 Secundum
1876 548 2019 603 enim

434 635 588 703 iligna
620 636 789 701 silvai,
819 637 906 692 sic'
923 638 1059 708 ignis
1081 636 1416 705 exardescet,
1445 646 1502 693 et
1523 638 1819 694 secundum
1851 639 2023 693 virtu-

422 731 552 781 ,tem
587 725 820 780 hominis
851 726 1128 781 iracundia
1154 726 1297 782 illius
1328 727 1449 791 erit,
1486 735 1541 782 et
1564 729 1856 783 secundum
1892 730 2024 783 sub-

443 815 699 871 stantiam
730 830 882 870 suam
906 816 1164 872 exaltabit
1191 817 1328 872 iram
1360 832 1534 872 suam.
1560 816 1846 874 Certamen
1876 817 2027 874 festi-

441 916 632 961 natum
670 907 918 962 incendet
947 908 1145 979 ignem,
1179 918 1233 964 et
1254 909 1319 964 lis
1350 907 1616 964 festinans
1640 908 1876 965 effundet
1903 925 2024 965 san-

416 997 684 1068 guinem,
715 1010 771 1053 et
808 998 990 1071 lingua
1029 1001 1328 1056 lestificans
1378 1002 1607 1057 adducet
1657 1011 1908 1058 mortem.
1966 1000 2022 1058 Si

437 1083 762 1153 sufﬂaveris,
789 1088 943 1157 quasi
977 1087 1119 1160 ignis
1148 1090 1457 1156 exardebit,
1478 1100 1535 1145 et
1559 1091 1603 1146 si
1632 1092 1910 1161 eXSpueris
1935 1107 2024 1146 su-

435 1192 536 1248 per
568 1178 713 1233 illam
764 1182 1163 1251 exstinguetur,
1211 1192 1265 1237 et
1304 1193 1533 1254 utraque
1569 1199 1637 1239 ex
1670 1200 1765 1239 ore
1807 1185 2023 1256 prolici-

432 1276 682 1323 scuntur.
716 1270 953 1326 Susurro
973 1280 1028 1327 et
1047 1273 1302 1345 bilinguis
1327 1274 1665 1341 maledictus,
1691 1276 1887 1331 mullos
1910 1285 2023 1330 tur-

433 1354 591 1410 bavit
615 1374 804 1429 pacem
834 1360 1114 1430 habentes,
1142 1363 1323 1435 lingua
1364 1366 1522 1421 tertia
1552 1366 1748 1422 multos
1777 1382 2021 1422 commo-

434 1447 535 1513 vit,
572 1457 628 1504 et
657 1450 908 1520 dispersit
962 1453 1083 1510 illos
1134 1470 1165 1509 a
1207 1465 1366 1527 gente
1408 1457 1729 1529 ingentem.
1762 1456 2023 1515 Civitates

433 1551 683 1599 muratas
720 1546 949 1600 divitum
980 1547 1287 1615 destruxit,
1326 1558 1383 1605 et
1416 1550 1608 1606 domos
1643 1560 2021 1621 magnatorum

432 1633 642 1703 effodit,
665 1636 896 1694 virtutes
917 1641 1238 1711 populorum
1269 1643 1525 1708 concidit,
1556 1653 1611 1699 et
1634 1651 1823 1715 gentes
1853 1644 2022 1702 fortes

438 1725 710 1781 dissolvit.
741 1727 946 1801 Lingua
970 1733 1126 1787 tertia
1156 1733 1409 1790 mulieres
1435 1735 1625 1791 viritas
1648 1733 1823 1805 ejecit,
1847 1745 1903 1792 et
1919 1737 2023 1808 pri-

2125 563 2216 605 ras
2267 546 2490 609 auﬁbus
2533 556 2662 621 tuis,
2707 571 2898 612 aurum
2939 566 3121 626 tuum,
3154 570 3210 617 et
3244 572 3532 633 argentum
3564 576 3715 624 tuum

2124 639 2295 695 confla
2317 681 2333 707 ,
2358 650 2411 696 et
2440 644 2620 699 verbis
2663 646 2768 701 tuis
2803 645 2970 705 facito
3005 657 3297 716 stateram,
3338 661 3393 708 et
3417 653 3602 711 frenos
3634 660 3719 714 ori

2125 738 2220 787 tuo
2249 742 2449 801 rectos,
2478 743 2530 790 et
2553 737 2772 795 attende
2794 755 2862 795 ne
2895 739 3036 797 forte
3065 741 3271 799 labaris
3317 745 3369 798 in
3396 745 3577 818 lingua
3600 757 3720 819 tua,

2124 829 2179 876 et
2210 822 2376 878 cadas
2406 825 2459 878 in
2487 835 2783 897 conspectu
2812 828 3155 886 inimicorum
3188 832 3562 891 insidiantium
3597 840 3715 899 tibi.

2124 924 2176 969 et
2208 914 2280 968 sit
2305 929 2465 971 casus
2497 924 2619 973 tuus
2642 918 2958 976 insanabilis
2986 921 3039 975 in
3068 932 3323 989 mortem,
3344 925 3452 979 ista
3486 938 3715 982 cavean‘

2125 1017 2315 1058 omnes
2337 1012 2392 1059 et
2413 1005 2702 1064 cohibeant
2739 1009 2979 1081 linguam
3021 1025 3176 1068 suam
3216 1028 3249 1067 a
3283 1014 3464 1079 malo,
3494 1026 3552 1070 et
3577 1016 3700 1073 labi.

2124 1107 2317 1150 eorum
2341 1110 2409 1151 ne
2438 1096 2727 1167 loquantur
2757 1099 2963 1156 dolum.

2204 1202 2223 1236 ‹
2256 1184 2330 1241 De
2357 1197 2587 1253 caetero,
2621 1190 2958 1257 charissimi,
2991 1191 3380 1250 confortamini
3406 1196 3463 1250 in
3490 1196 3721 1253 Domino

2124 1283 2181 1329 et
2229 1276 2282 1330 in
2320 1279 2561 1347 potentia
2598 1281 2815 1336 virtutis
2860 1281 2998 1352 ejus.
3045 1283 3257 1342 lnduite
3294 1303 3391 1343 vos
3428 1300 3710 1345 armatura

2123 1363 2238 1428 Dei,
2273 1374 2332 1419 ut
2351 1368 2574 1437 possitis
2604 1379 2751 1426 stare
2776 1372 3036 1429 adversus
3063 1374 3290 1433 insidias
3318 1378 3549 1446 diaboli;
3577 1398 3717 1452 quo-

2124 1456 2270 1511 niam
2303 1474 2410 1515 non
2441 1470 2527 1516 est
2556 1462 2711 1519 nobis
2744 1463 3354 1525 colluctatioiadversus
3391 1485 3621 1527 carnem
3661 1483 3718 1528 et

2127 1549 2470 1618 sanguinem,
2516 1552 2612 1606 sed
2657 1553 2921 1611 adversus
2960 1556 3237 1627 principes
3289 1568 3346 1615 et
3386 1571 3712 1631 potestates,

2123 1636 2382 1693 adversus
2413 1639 2599 1696 mundi
2641 1652 2880 1701 rectores
2910 1647 3261 1703 tenebrarum
3292 1650 3489 1705 harum
3518 1662 3712 1708 contra

2124 1726 2421 1796 spiritualia
2454 1733 2709 1802 nequitiae
2751 1734 2804 1788 in
2863 1735 3206 1805 cmicstibus,
3236 1750 3530 1812 propterea
3566 1744 3711 1798 acci-

433 1816 585 1870 vavit
604 1831 698 1872 eas
714 1818 778 1873 de
802 1818 1081 1877 laboribus
1103 1823 1234 1879 suis.
1258 1825 1360 1892 Qui
1386 1824 1607 1895 respicit
1626 1825 1770 1880 illam
1793 1839 1898 1880 non
1922 1827 2019 1881 ba-
2049 1815 2094 1875 Β
2120 1820 2233 1889 pite
2258 1831 2589 1877 armaturam
2614 1825 2728 1891 Dei.
2762 1834 2824 1880 ut
2847 1828 3068 1898 possitis
3089 1829 3345 1886 resistere
3369 1832 3427 1887 in
3449 1833 3542 1889 die
3571 1833 3710 1888 malo

429 1903 583 1959 bebit
624 1907 898 1977 requiem,
932 1925 1033 1965 nec
1073 1911 1343 1968 habitabit
1385 1929 1511 1969 cum
1553 1914 1760 1984 requie.
1793 1914 2016 1987 Flagelii

430 1993 589 2066 plaga
621 1996 850 2055 livorem
880 2000 1048 2068 facit,
1075 2003 1232 2076 plaga
1260 2013 1440 2061 autem
1473 2005 1668 2077 linguae
1704 2008 2020 2065 comminuit

426 2102 577 2144 ossa.
611 2089 767 2146 Multi
818 2095 1130 2151 ceciderunt
1178 2098 1230 2152 in
1266 2114 1363 2154 ore
1390 2099 1583 2170 gladii,
1620 2100 1715 2156 sed
1756 2117 1862 2157 non
1901 2102 2017 2168 sic,

428 2182 703 2247 quomodo
737 2184 832 2254 qui
873 2185 1197 2245 interierunt
1221 2205 1320 2260 per
1346 2190 1587 2263 linguam
1616 2208 1791 2248 suam.
1820 2192 2020 2249 Beatus

428 2267 522 2338 qui
552 2276 727 2327 tectus
751 2281 836 2328 est
861 2290 892 2329 a
915 2275 1098 2349 lingua
1121 2295 1373 2351 nequam,
1397 2289 1454 2336 et
1476 2282 1569 2353 qui
1595 2283 1647 2338 in
1674 2284 2013 2340 iracundiam

427 2356 575 2415 illius
610 2377 717 2416 non
743 2366 1018 2435 transivit,
1049 2378 1105 2424 et
1134 2372 1225 2440 qui
1255 2388 1362 2428 non
1398 2375 1624 2435 attraxit
1645 2373 1834 2447 jugum
1854 2376 2017 2443 illius,

427 2457 485 2502 et
510 2450 743 2507 vinculis
768 2454 915 2511 illius
954 2473 1061 2513 non
1103 2469 1186 2516 est
1217 2460 1435 2531 ligatus.
1473 2462 1670 2536 Jugum
1703 2467 1848 2521 enim
1873 2466 2018 2522 illius

419 2536 609 2609 jugum
660 2540 901 2600 ferreum
956 2559 1083 2614 est,
1136 2559 1194 2606 et
1231 2551 1504 2608 vinculum
1555 2553 1698 2610 illius
1742 2555 2016 2611 vinculum

422 2642 628 2685 aereum
663 2642 765 2687 est.
807 2634 952 2692 Mors
979 2638 1126 2695 illius
1158 2656 1302 2697 mors
1328 2643 1664 2713 nequissima
1686 2653 1791 2709 est,
1824 2656 1880 2701 et
1908 2648 2015 2701 uti-

427 2715 497 2772 lis
523 2720 706 2788 potius
754 2724 944 2782 inferis
976 2744 1138 2799 quam
1185 2732 1278 2786 illa
1307 2736 1712 2805 perseverantia
1740 2736 1881 2792 illius
1911 2753 2016 2792 non

421 2814 787 2881 permanebit,
814 2819 908 2872 sed
930 2821 1195 2878 obtinebit
1224 2825 1338 2879 vias
1358 2825 1702 2895 injustorum,
1729 2837 1785 2883 et
1802 2827 2016 2884 ﬂamma

423 2912 522 2954 sua
553 2917 659 2957 non
692 2908 973 2965 comburct
1013 2912 1211 2982 justos.
1265 2915 1365 2983 Qui
1408 2918 1796 2989 derelinquunt
1824 2922 2012 2987 Deum,

386 3068 391 3075 ἢ
420 2991 735 3050 inciduntin
760 2996 930 3065 illam,
962 3011 1017 3058 et
1040 3007 1362 3063 exardescet
1384 3010 1436 3064 in
1458 3010 1658 3077 illis,et
1686 3026 1793 3067 non
1810 3014 2017 3069 exstin-

423 3092 636 3154 guetur,
678 3095 735 3140 et
791 3087 1116 3147 inmittetur
1163 3096 1217 3149 in
1267 3096 1386 3154 illos
1426 3102 1583 3169 quasi
1615 3100 1732 3169 leo,
1765 3109 1820 3157 et
1842 3102 1998 3173 quasi

2122 1917 2177 1964 et
2206 1909 2260 1964 in
2304 1913 2557 1969 omnibus
2594 1916 2820 1984 perfecti
2860 1926 3027 1975 stare.
3076 1918 3229 1977 State
3266 1937 3397 1995 ergo
3447 1924 3711 1980 succincti

2122 1998 2333 2057 lumbos
2366 2011 2573 2059 vestros
2601 2005 2652 2059 in
2686 2006 2940 2075 veritate,
2973 2017 3028 2064 et
3057 2010 3265 2066 induite
3289 2011 3516 2069 loricam
3539 2014 3711 2083 justi-

2122 2090 2229 2156 tiaa,
2264 2102 2320 2148 et
2349 2094 2570 2150 calceati
2600 2099 2766 2168 pedes
2793 2100 2845 2153 in
2881 2104 3274 2172 prmparatione
3311 2105 3591 2177 Evangelii
3616 2122 3712 2177 pa-

2121 2181 2200 2236 cis
2238 2181 2291 2236 in
2330 2185 2617 2250 omnibus;
2652 2198 2926 2244 sumentes
2957 2199 3170 2246 scutum
3197 2191 3345 2259 ﬁdei,
3377 2194 3569 2265 inquo
3592 2210 3714 2265 pos-

2121 2272 2240 2327 sitis
2265 2275 2447 2329 omnia
2474 2276 2576 2330 tela
2602 2278 2915 2348 nequissimi
2948 2281 3101 2352 ignea
3120 2283 3488 2354 exstinguere.
3529 2287 3594 2341 Et
3622 2303 3712 2359 ga-

2121 2364 2261 2421 leam
2308 2367 2496 2424 salutis
2543 2371 2827 2439 assumite,
2858 2383 2912 2428 et
2931 2374 3165 2445 gladium
3196 2377 3423 2447 spiritus
3456 2382 3604 2450 quod
3631 2390 3712 2435 est

2126 2459 2353 2514 verbum
2384 2460 2475 2515 Dei
2502 2460 2714 2533 (Ep/tes.
2748 2481 2821 2531 γι,
2856 2466 3061 2540 10-17).
3094 2488 3113 2522 ι
3136 2455 3283 2536 Ηωε,
3315 2470 3535 2540 fratres,
3559 2475 3711 2529 vobis

2125 2549 2464 2618 scripsimus,
2497 2561 2554 2606 et
2587 2554 2915 2623 generaliter
2951 2558 3201 2613 omnibus
3248 2568 3436 2615 notum
3468 2562 3591 2617 fieri
3619 2578 3707 2619 vo-

2120 2638 2321 2707 lumus,
2357 2651 2418 2695 ut
2445 2659 2566 2713 qua:
2594 2653 2821 2702 caeteros
2850 2656 3077 2719 tangunt
3105 2651 3358 2706 omnibus
3395 2662 3526 2707 nota
3553 2653 3700 2709 fiant.

2121 2728 2476 2801 Omnipotens
2497 2733 2638 2789 Deus
2668 2750 2765 2790 vos
2798 2746 2853 2790 et
2878 2737 3115 2809 reliquos
3144 2739 3340 2796 fratres
3360 2743 3563 2812 ubique
3582 2760 3703 2799 cou-

2124 2821 2382 2877 sistcnles
2404 2834 2653 2897 protegat
2675 2842 2844 2896 usque
2871 2828 2924 2881 in
2948 2827 3132 2897 finem,
3157 2833 3246 2901 qui
3264 2842 3522 2889 cunctum
3554 2852 3702 2890 mun-

2120 2912 2247 2969 dum
2279 2925 2362 2971 est
2399 2917 2653 2989 dignatus
2683 2921 2950 2977 redimere
2973 2921 3132 2978 Jesus
3160 2923 3413 2981 Christus
3447 2925 3702 2982 Dominus

2121 3015 2324 3070 noster,
2354 3008 2443 3075 qui
2490 3016 2575 3063 est
2614 3009 2934 3067 benedictus
2984 3013 3038 3068 in
3085 3015 3304 3071 saecula.
3350 3017 3548 3073 Amen.
3576 3019 3700 3074 Data

2120 3095 2344 3152 Kalend.
2373 3098 2599 3169 Aprilis,
2630 3098 3013 3160 Valentiniano
3047 3114 3102 3161 et
3120 3106 3394 3165 Florentio
3423 3109 3493 3165 IV
3515 3127 3703 3168 consu-

420 3177 625 3247 pardus
651 3180 807 3238 lmdet
830 3184 969 3241 illos.
996 3186 1121 3259 Sepi
1153 3206 1316 3249 aures
1346 3202 1468 3251 tuas
1496 3196 1689 3267 spinis.
1719 3197 1898 3253 etnoli
1924 3212 2016 3252 au-
2045 3173 2090 3236 (ἶ
2121 3184 2288 3241 libus-

918 3372 1556 3505 INCIPIUNT
1624 3413 2248 3506 EPISTOLAE
2321 3416 2762 3533 LEONIS
2806 3372 3205 3515 pm:

417 3603 457 3661 I.
514 3640 583 3649 —
634 3610 717 3664 Ad
774 3609 1009 3682 Eulycen
1056 3608 1693 3680 Constantinopolitanum
1754 3607 1996 3662 abbatem

734 3681 983 3737 adversus
1017 3683 1391 3737 Nestorianam
1412 3681 1678 3734 Itwresim.

489 3790 855 3851 Dilectissimo
881 3795 990 3850 filio
1016 3795 1278 3851 EUTICETI
1308 3795 1631 3865 presbytero
1652 3791 1765 3849 Leo
1793 3791 1998 3862 episco-

425 3896 548 3953 pus,

488 3971 652 4043 188
665 3972 745 4027 Ad
760 3975 1004 4029 notitiam
1019 3982 1257 4031 nostram
1276 3984 1380 4031 tum
1399 3974 1702 4030 dilectionis
1715 3972 2001 4044 epistolam

415 4060 672 4125 rctulisti,
691 4063 832 4131 quod
846 4063 1163 4119 Nestoriana
1180 4064 1404 4121 haeresis
1429 4065 1786 4135 quorumdam
1814 4077 2003 4119 rursus

411 4150 606 4205 studiis
635 4151 939 4219 pullularet.
972 4152 1404 4209 Sollicitudinem
1434 4162 1580 4209 tuam
1602 4168 1670 4210 ex
1707 4154 1820 4210 hac
1847 4162 2003 4225 parte

412 4243 571 4298 nobis
596 4243 865 4314 placuisse
902 4246 1313 4317 rescripsimus,
1344 4247 1598 4318 quoniam
1629 4248 1790 4303 index
1836 4246 2001 4303 animi

412 4331 490 4385 tui
520 4341 602 4387 est
633 4348 813 4390 sermo
848 4350 1014 4405 quem
1049 4338 1399 4408 sumpsimus.
1439 4338 1593 4393 Unde
1622 4353 1729 4393 non
1777 4336 2005 4415 ambigi-

409 4436 533 4477 mus
563 4433 840 4480 auctorem
872 4426 1155 4483 catholicae
1190 4428 1313 4484 fidei
1355 4428 1644 4484 Dominum
1674 4426 1771 4483 tibi
1806 4429 1860 4484 in
1887 4442 2004 4484 om-

408 4514 568 4570 nibus
594 4506 927 4571 aﬂ‘uturuin.’
964 4516 1076 4573 Nos
1131 4526 1314 4573 autem
1361 4534 1485 4575 cum
1528 4519 1743 4589 plenius
1769 4533 2004 4589 quorum

406 4604 511 4660 hoc
542 4606 890 4676 improbitate
910 4609 1004 4664 fiat
1027 4650 1040 4675 ,
1061 4611 1405 4680 potuerimus
1427 4624 1722 4682 agnoscere
1739 4650 1755 4677 ,
1782 4624 2005 4666 necesse

404 4702 519 4761 est,
556 4697 853 4755 auxiliante
900 4700 1163 4767 Domino,
1214 4700 1538 4771 providere,
1593 4710 1867 4772 quatenus
1907 4717 2004 4757 ne-

404 4783 624 4842 fandu’m
648 4790 798 4847 virus
818 4791 1130 4862 dudumque
1173 4793 1490 4849 damnatum
1525 4794 1786 4848 radicitus
1830 4793 2004 4864 possit

2106 3609 2360 3665 scandala
2395 3611 2818 3681 convalescant,
2850 3617 2980 3689 quia
3010 3624 3140 3673 tunc
3169 3629 3254 3677 est
3285 3624 3526 3694 optimus
3554 3634 3695 3701 regni

2105 3701 2270 3756 vestri
2298 3710 2504 3769 status,
2537 3705 2754 3774 quando
2790 3708 3137 3779 sempiternae
3179 3720 3236 3767 et
3276 3713 3697 3789 incommutabili

2105 3793 2363 3849 Trinitati
2411 3797 2572 3852 unius
2617 3798 2834 3855 deitatis
2860 3800 3201 3858 confessione
3257 3806 3512 3863 servitur.
3566 3809 3697 3878 Quid

2108 3890 2298 3938 autem
2317 3883 2373 3938 in
2393 3883 2997 3959 Constantinopolitana
3018 3891 3251 3948 ecclesia
3278 3897 3697 3965 perturbationis

2104 3975 2404 4043 acciderit,
2432 3977 2562 4048 quid
2592 3978 2666 4034 ita
2697 3978 2923 4038 fratrem
2949 3993 3006 4039 et
3030 3985 3418 4057 coepiscopum
3454 3999 3696 4045 nostrum

2103 4065 2423 4123 Flavianum
2451 4071 2692 4139 potuerit
2719 4076 3104 4131 commovere?
3132 4084 3196 4134 ut
3218 4076 3448 4135 Eutieen
3473 4081 3696 4153 presby—

2108 4167 2282 4214 terum
2306 4162 2688 4219 communione
2703 4164 2969 4234 privaret,
2987 4169 3227 4224 nondum
3249 4171 3402 4241 potui
3422 4173 3698 4230 evidenter

2104 4261 2458 4327 cognoscere.
2489 4250 2751 4319 Quamvis
2799 4255 2959 4311 enim.
2989 4258 3285 4327 praedictus
3312 4262 3606 4335 presbyter
3634 4264 3697 4318 ad

2107 4338 2302 4395 Sedem
2331 4342 2689 4412 apostolicam
2716 4359 2816 4416 per
2858 4345 3099 4404 libellum
3141 4349 3349 4407 doloris
3383 4353 3470 4408 sui
3516 4355 3695 4424 queri-

2105 4430 2343 4485 moniam
2391 4432 2636 4500 miserit,
2667 4435 2924 4491 breviter
2951 4446 3130 4493 tamen
3188 4440 3370 4512 aliqua
3400 4443 3697 4513 praelibavit

2105 4534 2359 4579 asserens
2406 4538 2467 4580 se
2513 4524 2747 4582 Nicaeum
2798 4529 2993 4600 synodi
3037 4530 3335 4587 constituta
3386 4544 3696 4592 servantem

2108 4611 2315 4668 frustra
2346 4615 2400 4669 in
2430 4613 2556 4671 fidei
2578 4616 2899 4674 diversitate
2925 4620 3233 4691 culpatum;
3265 4622 3492 4679 Eusebii
3520 4638 3693 4683 autem

2105 4705 2345 4776 episcopi
2377 4708 2714 4764 accusatoris
2737 4708 2855 4780 ejus
2881 4708 3096 4767 libellus
3114 4753 3131 4779 ,
3177 4712 3335 4783 cujus
3363 4716 3694 4786 exemplaria

2106 4797 2175 4852 ad
2222 4813 2322 4855 nos
2365 4799 2660 4870 praedictus
2699 4803 2987 4875 presbyter
3030 4804 3211 4872 misit,
3259 4806 3329 4861 de
3373 4809 3695 4879 objectionis

403 4878 694 4950 exstingui.
738 4881 880 4938 Deus
905 4891 954 4939 te
978 4884 1249 4941 custodiat
1274 4885 1625 4953 incolumem,
1650 4887 2000 4944 dilectissime
2024 4908 2077 4968 ι)
2105 4891 2373 4947 evidentia
2403 4893 2539 4948 nihil
2568 4895 2824 4950 habebat.
2859 4896 2967 4952 Sed
2995 4914 3119 4953 cum
3155 4899 3493 4985 presbytero.
3522 4902 3691 4957 haere-

362 4978 369 4983 '
402 4965 501 5023 fili.

706 5063 766 5119 11.
794 5095 863 5105 —
882 5066 965 5118 Ad
994 5065 1342 5124 Theodosium
1366 5069 1683 5141 Augustum.

471 5150 586 5209 Leo
622 5152 930 5211 Tnaonosro
967 5156 1234 5229 Augusto.
1759 5210 1763 5214 .

471 5242 742 5310 Quantum
759 5249 994 5318 praesidii
1012 5250 1270 5307 Dominus
1287 5252 1542 5309 Ecclesiae
1555 5270 1666 5310 sua:
1680 5254 1732 5309 in
1751 5254 1855 5310 ﬁde
1867 5269 1989 5311 ves-

400 5341 497 5389 tra:
520 5334 821 5394 clementiae
850 5343 1168 5410 praepararit
1186 5385 1201 5411 ,
1228 5344 1313 5400 his
1343 5346 1507 5401 etiam
1536 5347 1736 5404 litteris
1761 5363 1898 5419 quas
1918 5349 1987 5404 ad

397 5442 485 5482 me
508 5429 699 5487 misisti
721 5433 1047 5502 ostenditur,
1069 5445 1129 5491 ut
1149 5436 1304 5495 vobis
1328 5454 1436 5495 non
1453 5440 1626 5496 solum
1640 5443 1872 5513 regium,
1896 5443 1990 5500 sed

396 5519 560 5573 etiam
577 5524 967 5579 sacerdotalem
993 5527 1231 5583 animum
1248 5529 1426 5586 inesse
1441 5534 1788 5603 gaudeamus.
1810 5534 1992 5606 Siqui-

395 5608 516 5663 dem
539 5624 759 5683 propter
786 5616 1096 5686 imperiales
1120 5629 1175 5673 et
1202 5621 1446 5690 publicas
1477 5641 1638 5682 curas
1653 5666 1670 5695 ,
1692 5627 1993 5698 piissimam

394 5699 808 5788 sollicitudinem
823 5706 1143 5765 Christiana:
1157 5710 1430 5784 religionis
1445 5716 1671 5782 habetis,
1686 5735 1755 5775 ne
1767 5719 1994 5788 scilicet,

394 5787 450 5843 in
477 5793 673 5863 populo
702 5795 793 5851 Dei
815 5838 830 5863 ,
860 5807 952 5857 aut
975 5800 1271 5860 schismata
1291 5844 1306 5872 ,
1339 5814 1432 5862 aut
1455 5808 1691 5865 haereses
1712 5850 1728 5878 ,
1754 5819 1849 5866 aut
1888 5787 1995 5868 ulla

2102 4998 2227 5040 seos
2252 4986 2463 5053 crimen
2490 4986 2833 5054 intenderet,
2867 5004 3030 5059 quem
3064 4999 3244 5046 tamen
3278 5002 3532 5049 nostrum
3571 5010 3692 5050 sen-

2100 5088 2222 5130 sum
2252 5076 2529 5147 arguerit,
2575 5094 2683 5132 non
2716 5078 2999 5136 evidenter
3028 5082 3332 5150 expressit,
3360 5086 3617 5153 quamvis
3637 5094 3688 5140 et

2098 5165 2213 5238 ipse
2227 5169 2578 5241 etepiscopus
2595 5169 2824 5228 Nicaeum
2846 5173 3039 5246 synodi
3069 5174 3390 5245 profiteatur
3419 5178 3477 5233 in
3506 5180 3613 5236 hac
3636 5196 3692 5236 re

2097 5274 2157 5315 se
2179 5275 2301 5316 esse
2326 5262 2343 5283 ‘
2375 5262 2634 5329 decretis,
2658 5274 2881 5334 propter
2907 5266 3052 5336 quod
3073 5280 3178 5321 non
3208 5267 3518 5336 habuimus,
3555 5271 3691 5326 unde

2099 5350 2303 5422 aliquid
2352 5352 2677 5410 diceremus.
2725 5355 2793 5411 Et
2843 5357 2971 5427 quia
3017 5372 3195 5413 causa:
3242 5359 3499 5416 meritum
3566 5362 3686 5417 fidei

2095 5444 2236 5499 ratio
2259 5452 2315 5500 et
2340 5444 2625 5501 laudabilis
2653 5447 2961 5505 sollicitudo
2993 5457 3184 5505 vestra:
3223 5450 3446 5520 pietatis
3471 5453 3683 5526 exegit,

2095 5551 2318 5593 necesse
2329 5546 2434 5603 est,
2447 5536 2562 5606 jam
2576 5538 2751 5594 locum
2766 5540 3319 5611 subreptionibusnon
3333 5552 3549 5614 patere,
3585 5544 3684 5601 sci-

2106 5628 2244 5684 licet
2271 5629 2427 5699 prius
2440 5629 2508 5685 de
2523 5630 2722 5700 quibus
2739 5644 2861 5686 eum
2878 5632 3113 5687 :estimat
3138 5634 3477 5704 arguentium
3491 5634 3682 5692 instrui

2104 5738 2204 5781 nos
2230 5737 2477 5796 oportetv,
2510 5736 2571 5783 ut
2597 5730 2770 5799 possit
2794 5730 2862 5786 de
2889 5731 3026 5787 bene
3069 5731 3303 5803 cognitis
3322 5774 3327 5777 ι
3346 5749 3586 5807 congrue
3604 5750 3685 5803 ju-

2105 5817 2297 5874 dicari.
2326 5821 2406 5877 Ad
2436 5821 2750 5891 praedictum
2786 5832 2964 5881 autem
2986 5824 3302 5895 episcopum
3328 5826 3453 5883 dedi
3476 5827 3677 5886 litteras
