3832 5364
67 143 156 198 765

1152 136 1641 196 DECRETALIUM
1682 140 2080 199 COLLECTIO.

67 254 233 325 quibus
263 249 384 306 mihi
427 248 709 319 displicere
738 256 1125 318 cognosceret,
1176 248 1318 318 quod
1361 263 1422 305 ea
1479 266 1600 320 qum
1629 254 1675 315 Α
1706 251 1774 305 ad
1824 252 2153 307 soliditatem
2194 252 2318 309 ﬁdei
2364 252 2727 325 pertinentes,
2770 272 2939 329 prava
2968 259 3287 336 cujusquam

66 347 111 401 in
149 351 279 398 tanta
322 354 475 397 causa
524 348 672 411 gesta
716 337 930 394 fuerant
963 337 1127 392 etiam
1176 339 1345 393 nimio
1389 339 1605 394 silentio

65 436 429 499 reticeret,cum
455 431 669 486 studere
694 428 1208 498 dehueritprimitus
1228 430 1381 485 nobis
1409 440 1603 484 cuncta

65 540 295 581 reserare.
345 523 509 590 Quem
558 521 862 585 credimus,
891 519 982 599 _vcl
1011 527 1132 589 post
1180 520 1603 574 admonitionem

62 614 212 671 omnia
237 613 300 666 ad
324 624 559 666 nostram
600 611 853 665 notitiam
882 610 1177 664 relaturum
1198 650 1212 674 ,
1244 619 1303 663 ut
1331 610 1383 663 in
1428 610 1600 665 lucem

63 705 207 760 ductis
218 703 295 758 his
307 717 422 772 qua:
433 701 607 755 adhuc
622 702 873 755 videntur
896 698 1127 765 occulta,
1147 698 1201 753 id
1215 700 1357 768 quod
1372 714 1603 770 evange-

60 798 155 851 lica:
176 805 224 850 et
247 794 543 865 apostolica:
563 792 821 848 doctrina:
850 792 1125 857 convenit,
1140 789 1431 859 iudicetur.
1464 791 1598 846 Data

60 891 112 945 ad
125 887 364 943 Kalendas
379 886 621 952 Martias,
638 885 853 940 Asterie
877 893 929 939 et
943 883 1247 957 Protogene
1259 882 1591 939 consulibus.

57 997 281 1053 IlI.-—Ad
302 993 616 1049 Flavianum
639 991 1277 1063 Constantinopolitanum
1300 994 1596 1063 episcopum

86 1069 157 1122 ubi
173 1068 361 1137 quierit,
382 1082 474 1119 cur
497 1066 705 1119 [inlices
731 1066 796 1118 ab
820 1064 1056 1117 Ecclesia
1078 1063 1237 1133 fuerit
1259 1076 1554 1133 separatus.

109 1159 438 1214 Dilectissimo
467 1156 623 1213 fratri
657 1157 932 1211 FLAVIANO
968 1154 1116 1221 Leo,
1147 1165 1203 1209 et
1229 1163 1448 1210 caetera.

110 1250 223 1306 Cum
249 1249 739 1305 Christianissimus
755 1256 809 1303 et
822 1247 1279 1303 clementissimus
1296 1246 1593 1316 imperator

56 1350 219 1395 sanctze
242 1351 293 1394 et
316 1338 595 1394 laudabilis
612 1339 733 1394 ﬁdei
750 1354 850 1409 pro
866 1337 1126 1393 Ecclesia:
1160 1337 1444 1392 catholica:
1458 1351 1591 1408 pace

56 1432 271 1487 sollicitus
295 1432 360 1485 ad
384 1445 482 1485 nos
506 1430 709 1501 scripta
726 1428 1112 1494 transmiserit,
1137 1427 1300 1482 dehis
1324 1428 1414 1498 qui
1447 1429 1587 1497 apud

53 1521 532 1591 vosperturbationis
554 1521 841 1590 strepitum
872 1526 1171 1573 moverant.
1201 1516 1464 1571 Miramur
1477 1517 1586 1571 fra-

1706 340 2155 412 interpretatione
2181 344 2470 400 violentur.
2503 345 2647 404 Deus
2676 354 2729 403 te
2770 350 3043 408 custodiat
3082 354 3290 412 incolu—

1707 443 1872 493 mem,
1900 430 2070 484 frater
2099 432 2439 489 charissime.

1704 522 2190 595 lV.—Rescriptum
2217 525 2464 582 Flaviani
2489 529 2560 583 ad
2589 530 2798 586 beatum
2825 531 3052 590 Leonem
3070 529 3279 609 papam.

1775 614 1825 667 i.
1869 613 1945 668 De
1971 616 2181 670 subdoli
2214 616 2384 672 hostis
2416 618 2646 674 insidiis.

1771 701 1826 754 2.
1870 702 1946 757 De
1971 703 2309 760 fraudulenta
2341 709 2642 765 subtilitate
2668 710 3072 771 haereticorum.

1769 792 1824 847 5.
1866 795 1943 848 De
1973 794 2322 866 blaspliemiis
2363 799 2646 857 Euticetis.

1765 885 1821 939 4.
1862 886 1939 940 De
1965 890 2529 947 excommunicatione
2554 892 2673 962 ejus
2690 894 3018 963 justissima.

1766 978 1994 1035 Domino
2023 980 2345 1037 beatissimo
2372 992 2427 1038 et
2455 984 2567 1041 Deo
2604 987 2826 1043 amabili
2855 989 3026 1045 Leoni
3074 991 3283 1046 Flavia-

1694 1084 1796 1124 nus
1824 1070 1878 1124 in
1908 1070 2136 1127 Domino
2161 1082 2419 1128 aeternam
2453 1075 2707 1134 salutem.

1762 1160 1891 1215 Cap.
1925 1162 1966 1216 Ι.
2008 1161 2165 1217 Nulla
2210 1178 2298 1219 res
2343 1165 2552 1220 diaboli
2578 1181 2779 1222 venena
2808 1171 3132 1239 compescit,
3169 1187 3272 1228 nec

1690 1253 1938 1307 continet
1956 1253 2272 1310 mortiferas
2292 1256 2411 1326 ejus
2434 1258 2679 1327 sagittas.
2705 1255 2932 1314 Sursum
2952 1262 3098 1317 enim
3121 1272 3282 1332 atque

1689 1343 1941 1400 deorsum
2010 1346 2298 1415 pervolans
2329 1349 2522 1417 quaerit
2567 1364 2703 1419 quos
2748 1352 2923 1420 possit
2992 1354 3277 1420 occidere,

1687 1452 1825 1507 quos
1852 1439 2027 1508 possit
2055 1455 2344 1508 superare,
2376 1456 2511 1510 quos
2536 1444 2709 1512 possit
2738 1445 3022 1501 devorare.
3050 1446 3281 1517 Propter

1686 1542 1847 1597 quam
1882 1545 1993 1584 rem
2028 1531 2353 1600 vigilandum
2383 1541 2468 1587 est
2510 1534 2564 1587 in
2608 1535 2980 1604 orationibus,
3015 1547 3179 1609 atque
3224 1541 3279 1595 id

57 1615 313 1668 ternitatem
333 1611 773 1683 tuam,quidquid
798 1611 926 1666 illud
941 1610 1179 1666 scandali
1206 1610 1407 1677 fuerit,
1427 1610 1585 1666 nobis
1618 1625 1659 1682 Β
1686 1618 2018 1686 operandum
2051 1629 2167 1686 est,
2194 1630 2253 1675 ut
2283 1621 2461 1677 fatuas
2491 1623 2873 1694 inquisitiones
2904 1629 3115 1684 evitare
3148 1646 3279 1701 pos-

54 1706 177 1761 silere
195 1706 435 1777 potuisse,
455 1715 510 1760 et
528 1720 633 1759 non
666 1704 845 1774 potius
871 1718 1214 1773 procurasse,
1245 1711 1306 1756 ut
1329 1701 1581 1772 primitus

54 1815 126 1853 nos
150 1799 418 1853 insinuatio
446 1808 551 1853 tua:
571 1796 851 1853 relationis
875 1797 1185 1862 instrueret,
1211 1809 1277 1850 ne
1312 1796 1379 1850 de
1401 1810 1581 1850 rerum

52 1900 273 1959 gestarum
300 1904 584 1961 possemus
612 1889 718 1944 fide
746 1889 1044 1958 ambigere.
1085 1886 1410 1957 Accepimus
1437 1887 1582 1942 enim

50 1985 243 2039 libellum
268 1985 521 2041 Euticetis
549 1984 876 2056 presbyteri,
907 1983 1087 2053 quLse
1133 1982 1381 2051 queritur
1423 1997 1584 2037 accu-

50 2087 171 2132 sante
200 2077 412 2134 Eusebio
441 2079 700 2148 episcopo
745 2077 1020 2130 immerito
1046 2074 1426 2130 communione
1473 2075 1585 2145 pri-

55 2182 230 2236 vatum,
255 2170 480 2225 maxime
508 2186 634 2224 cum
683 2176 966 2223 evocatum
1002 2180 1061 2221 se
1089 2164 1306 2219 affuisse
1335 2172 1582 2231 tcstetur,

56 2276 137 2314 nec
162 2262 227 2315 sui
247 2263 575 2332 priesentiam
602 2259 921 2330 denegasse,
937 2260 1072 2312 adeo
1090 2266 1144 2310 ut
1170 2256 1222 2310 in
1242 2257 1359 2327 ipso
1382 2257 1584 2327 judicio

52 2351 241 2406 libellum
298 2351 676 2424 appellationis
722 2366 836 2406 sua:
885 2358 1092 2405 asserat
1143 2349 1434 2415 obtulisse,
1484 2364 1584 2405 nec

49 2451 191 2497 tamen
220 2443 370 2500 fuisse
404 2452 721 2513 susceptum
739 2484 757 2509 ,
782 2456 888 2512 qua
919 2441 1130 2495 ratione
1152 2441 1464 2511 compulsus
1487 2443 1580 2506 sit,

46 2541 90 2586 ut
108 2535 487 2589 contestatorios
512 2533 724 2588 libellos
747 2532 799 2585 in
821 2530 1422 2599 Constantinopolitana
1449 2532 1582 2585 urbe

44 2635 334 2693 preponeret.
364 2627 577 2693 Quibus
620 2625 785 2679 rebus
826 2624 1320 2688 intercedentibus,
1349 2623 1579 2705 necdum

42 2716 333 2783 agnoscimus
350 2733 450 2787 qua
461 2715 677 2794 justitia
697 2730 725 2768 a
745 2715 1125 2769 communione
1145 2712 1399 2768 Ecclesia:
1422 2712 1583 2767 fuerit

41 2818 295 2875 separatus.
322 2807 425 2864 Sed
448 2808 805 2878 respicientes
828 2808 892 2861 ad
917 2821 1139 2863 causam
1165 2804 1291 2860 facti
1322 2807 1396 2860 tui
1422 2822 1582 2862 nosse

41 2897 242 2955 volumus
282 2901 581 2964 rationem,
614 2907 668 2954 et
709 2914 883 2969 usque
923 2898 990 2953 ad
1036 2905 1279 2952 nostram
1326 2898 1578 2951 notitiam

1684 1709 1872 1765 simus.
1891 1711 2052 1765 Decet
2078 1720 2258 1766 autem
2275 1714 2426 1783 sequi
2442 1713 2634 1769 Patres
2661 1726 2894 1782 nostros,
2911 1733 3013 1773 nec
3036 1734 3279 1774 commu-

1687 1806 1805 1854 tare
1826 1799 2197 1856 deﬁnitionem
2223 1816 2413 1857 eorum
2437 1814 2757 1874 perpetuam
2776 1845 2790 1870 ,
2822 1822 3053 1876 quorum
3081 1823 3278 1864 secun-

1685 1892 1810 1947 dum
1840 1909 2029 1949 sacras
2056 1893 2370 1966 Scripturas
2397 1897 2685 1952 didicimus
2704 1897 2968 1968 regulam.
3007 1899 3280 1969 Depositis

1684 1998 1816 2055 ergo
1843 1984 2056 2040 fletibus
2083 1995 2138 2039 et
2166 1987 2454 2059 lacrymis,
2501 1988 2630 2059 quia
2675 2004 2886 2044 summo
2916 1989 3150 2045 clericus
3176 1990 3275 2046 dc-

1685 2091 1821 2147 gens
1853 2076 2024 2146 gradu
2050 2077 2272 2133 invasus
2300 2087 2386 2132 est
2406 2095 2437 2133 a
2463 2078 2579 2134 fero
2606 2080 2880 2145 daemone,
2907 2089 2962 2135 et
2990 2096 3097 2137 non
3121 2083 3274 2152 potui

1684 2181 1809 2221 eum
1842 2167 2076 2223 liberare
2096 2209 2111 2234 ,
2144 2184 2244 2225 nec
2265 2169 2483 2226 auferre
2518 2171 2584 2226 de
2607 2171 2700 2225 tali
2726 2172 2852 2243 lupo
2874 2213 2890 2239 ,
2913 2172 3006 2246 qui
3034 2173 3274 2230 animam

1685 2272 1860 2312 meam
1884 2273 1982 2328 pro
2004 2258 2098 2314 illo
2120 2270 2343 2331 paratus
2365 2276 2517 2315 eram
2536 2277 2764 2332 ponere.
2781 2263 3062 2330 Quomodo
3084 2277 3272 2336 raptus

1683 2350 1785 2413 sit,
1835 2352 2106 2419 quomodo
2152 2352 2384 2407 resilivit
2430 2368 2462 2407 a
2513 2355 2791 2424 proposito
2835 2355 3051 2422 divino,
3101 2365 3157 2411 et
3203 2358 3273 2412 ad

1685 2438 1834 2493 illum
1865 2441 2126 2507 cucurrit,
2155 2442 2246 2511 qui
2275 2443 2504 2512 perdere
2532 2445 2838 2512 consuevit,
2867 2457 3139 2519 praecepta
3168 2447 3272 2503 Pa-

1685 2538 1829 2584 trum
1855 2531 2133 2587 declinans
2177 2542 2237 2611 et_
2274 2536 2567 2590 constituta
2594 2551 2781 2592 eorum
2808 2539 3134 2609 despiciens,
3154 2537 3270 2611 ja

1682 2619 1885 2690 incipio
1908 2637 2188 2679 enarrare.

1751 2709 1814 2764 ll.
1839 2710 1978 2764 Sunt
2002 2712 2147 2766 enim
2173 2713 2394 2783 quidam
2416 2724 2567 2770 veste
2592 2731 2689 2772 sua
2720 2732 2852 2774 oves
2875 2719 3266 2788 signiﬁcantes,

1680 2799 1910 2856 interius
1936 2801 2048 2870 lupi
2086 2812 2363 2873 raptores,
2394 2821 2533 2875 quos
2558 2821 2625 2862 ex
2657 2807 2924 2865 fructibus
2954 2824 3143 2866 eorum
3174 2813 3270 2869 de-

1679 2887 1869 2944 bemus
1895 2906 2210 2962 agnoscere.
2238 2894 2328 2949 Isti
2351 2897 2526 2965 prima
2547 2895 2728 2953 fronte
2757 2899 3015 2956 videntur
3052 2916 3174 2957 esse
3200 2903 3268 2958 de

40 3001 189 3045 cuncta
216 2992 424 3047 deferri.
451 2992 723 3060 Quoniam
746 3006 846 3046 nos
866 2992 958 3062 qui
989 2990 1331 3045 sacerdotum
1363 2987 1573 3043 Domini

1690 2996 1904 3037 numero
1954 2993 2162 3053 nostro,
2215 2987 2312 3042 sed
2355 3004 2463 3045 non
2516 2998 2648 3046 sunt
2679 2991 2746 3047 de
2798 3007 3025 3049 numero
3055 3003 3264 3051 nostro.

36 3090 207 3138 matura
231 3084 469 3140 volumus
498 3099 621 3139 esse
642 3083 877 3154 judicia,
911 3081 1044 3136 nihil
1091 3096 1377 3152 possumus
1420 3080 1574 3136 inco-

34 3173 158 3239 gnitis
187 3174 335 3232 rebus
384 3177 440 3232 in
489 3175 811 3247 cujusquam
842 3174 1014 3246 partis
1043 3172 1413 3244 prazjudicium
1441 3172 1577 3227 defi-

34 3265 149 3331 nire,
173 3268 478 3341 priusquam
527 3269 782 3324 universa
821 3283 941 3337 qua:
965 3275 1115 3340 gesta
1148 3276 1274 3321 sunt
1304 3266 1576 3321 veraciter

30 3354 292 3414 audiamus.
343 3360 450 3415 Sed
498 3359 622 3415 ideo
688 3359 1005 3414 fraternitas
1056 3367 1145 3411 tua
1189 3372 1286 3427 per
1326 3357 1575 3412 idoneam

29 3447 223 3503 maxime
252 3460 541 3521 aptamque
593 3464 922 3521 personam,
955 3449 1265 3518 plenissima
1306 3448 1461 3504 nobis
1490 3462 1579 3504 re-

30 3532 195 3593 latione
218 3540 514 3611 significet,
544 3541 673 3611 quid
702 3550 893 3596 contra
925 3539 1201 3610 antiquam
1237 3538 1394 3593 ﬁdem
1428 3540 1575 3595 novi-

30 3626 131 3682 tatis
172 3631 477 3698 emerserit,
529 3631 659 3701 quid
707 3630 968 3685 scvcriori
1018 3629 1287 3686 sententia
1355 3630 1572 3701 dignum

26 3715 159 3773 luerit
181 3722 460 3779 vindicari.
494 3721 631 3777 Nam
655 3732 711 3778 et
740 3722 1001 3778 Ecclesiae
1030 3723 1332 3778 moderatio
1359 3734 1413 3778 et
1442 3723 1573 3780 reli-

26 3808 272 3878 giosissimi
294 3815 557 3886 principis
579 3814 712 3871 ﬁdes
734 3814 957 3869 multam
980 3815 1137 3870 nobis
1157 3813 1573 3872 sollicitudinem

25 3899 305 3962 Christianae
332 3908 487 3981 pacis
538 3907 816 3974 indicunt,
847 3914 906 3962 ut
944 3909 1237 3978 amputatis
1275 3908 1570 3966 dissensio-

25 3992 151 4050 nibus
215 3998 344 4055 ﬁdes
411 3998 680 4055 catholica
726 3997 981 4053 inviolata
1027 4009 1294 4067 servetur,
1364 4009 1418 4056 et
1487 4003 1572 4058 bis

25 4086 94 4151 qui
113 4102 265 4156 prava
315 4091 618 4148 defendunt
664 4091 734 4146 ab
797 4106 984 4146 errore
1030 4091 1330 4159 revocatis,
1382 4101 1568 4149 nostra

25 4181 337 4250 auctoritate,
366 4199 600 4255 quorum
630 4182 794 4251 ﬁdes,
820 4184 1045 4255 probata
1088 4183 1286 4252 fuerit,
1321 4186 1572 4242 munian-

25 4273 108 4321 tur.
128 4269 230 4328 Ncc
248 4274 429 4344 aliqua
448 4275 652 4345 poterit
672 4290 735 4330 ex
760 4276 863 4331 hac
878 4285 1031 4347 parte
1053 4276 1344 4333 difﬁcultas
1362 4278 1564 4347 afferri,

1679 3073 1738 3128 Si
1807 3075 1952 3131 enim
2015 3078 2082 3132 de
2163 3093 2395 3136 numero
2461 3087 2651 3139 nostro
2706 3092 2925 3151 essent,
2984 3085 3266 3142 nobiscum

1677 3164 2023 3220 mansissent.
2078 3165 2351 3234 Quantum
2409 3179 2590 3226 autem
2652 3180 2936 3243 coeperunt
2986 3188 3267 3230 assumere

1677 3255 2030 3326 impietatem,
2078 3258 2210 3314 illud
2260 3261 2406 3331 quod
2451 3261 2828 3318 occultabatur
2870 3264 2928 3318 in
2977 3263 3084 3320 illis
3138 3280 3266 3335 ape-

1679 3346 1859 3414 ritur,
1917 3358 1974 3405 et
2028 3349 2182 3407 dolus
2239 3353 2418 3408 omnis
2484 3354 2544 3408 fit
2603 3355 2857 3412 omnibus
2921 3357 3263 3416 manifestus.

1675 3426 2031 3494 Inveniuntur
2060 3448 2240 3497 autem
2289 3442 2521 3499 inﬁrmae
2567 3444 2695 3501 ﬁdei
2745 3446 3025 3512 homines,
3073 3456 3128 3502 et
3170 3450 3263 3519 qui

1676 3529 1888 3586 divinas
1936 3531 2200 3589 lectiones
2229 3535 2506 3600 nesciant,
2541 3546 2598 3592 et
2624 3550 2810 3592 secum
2835 3552 2930 3594 eos
2979 3538 3034 3592 in
3079 3538 3271 3608 perdi-

1679 3620 1876 3679 tionem
1907 3626 2270 3696 priecipitant,
2303 3627 2633 3699 dissipantes
2662 3633 2717 3684 et
2746 3629 3119 3699 vituperantes
3156 3631 3262 3686 Pa-

1676 3721 1818 3769 trum
1847 3715 2164 3787 disciplinas
2182 3758 2198 3785 ,
2243 3728 2299 3775 et
2341 3720 2582 3790 reliquas
2607 3730 2827 3777 sanctas
2855 3721 3166 3792 Scripturas
3192 3725 3264 3781 ad

1674 3822 1827 3863 suam
1850 3811 2214 3879 perditionem
2237 3852 2252 3877 ,
2283 3826 2421 3882 quos
2449 3812 2709 3869 debemus
2749 3814 3080 3884 praevidere,
3129 3825 3187 3870 et
3229 3832 3262 3872 a

1673 3902 1872 3972 quibus
1913 3903 2143 3958 multum
2190 3920 2420 3972 cavere,
2471 3919 2539 3960 ne
2585 3905 2641 3961 in
2697 3906 2904 3961 malitia
2949 3921 3047 3962 sua
3093 3907 3263 3978 aliqui

1672 3997 1922 4066 occupati
1970 3996 2261 4053 concidant
2289 3998 2356 4054 de
2377 4013 2475 4054 sua
2514 3998 2776 4056 ﬁrmitate
2805 4017 2818 4054 :
2859 4019 2880 4053 ι
2914 4000 3262 4059 Exacuerunt

1670 4086 1817 4141 enim
1845 4086 2083 4159 linguam
2113 4102 2267 4142 suam
2292 4088 2448 4158 quasi
2476 4097 2788 4160 serpentes,
2818 4099 2873 4148 et
2905 4106 3176 4148 venenum
3201 4091 3257 4148 in

1671 4176 1833 4233 labiis
1859 4161 2065 4233 habent
2092 4179 2250 4249 quasi
2282 4179 2497 4250 aspides
2544 4179 2731 4252 (Psal.
2751 4196 2984 4252 cxxxix,
3012 4183 3090 4255 4).
3128 4201 3147 4235 ι
3178 4183 3259 4237 De

1669 4270 1758 4326 liis
1786 4271 1904 4327 haec
1928 4271 2202 4342 Propheta
2232 4272 2508 4329 clamavit.

25 4371 120 4414 cum
144 4378 466 4422 memoratus
495 4367 781 4438 presbyter
806 4366 988 4422 libello
1018 4368 1238 4438 proprio
1265 4369 1338 4423 sit
1358 4369 1565 4439 profes-
1595 4364 1643 4423 D
1740 4361 1827 4416 lll.
1869 4362 2017 4419 Talis
2054 4364 2212 4420 nobis
2252 4365 2471 4422 Eutices
2490 4367 2714 4423 emersit
2734 4367 3006 4437 quondam
3029 4370 3255 4442 presby-

25 4462 120 4519 sus,
141 4467 376 4526 paratum
405 4475 466 4516 se
496 4474 617 4515 esse
643 4461 712 4516 ad
738 4461 1149 4532 corrigendum,
1183 4463 1230 4518 si
1264 4464 1392 4533 quid
1422 4465 1476 4520 in
1505 4480 1563 4521 se

25 4538 259 4603 inventum
305 4549 505 4617 fuerit,
558 4553 701 4622 quod
744 4551 1166 4622 reprehensione
1210 4552 1283 4607 sit
1318 4541 1558 4623 dignum.

25 4628 155 4691 Decet
179 4640 313 4695 enim
343 4642 399 4697 in
429 4642 631 4697 talibus
657 4642 838 4698 causis
873 4644 975 4698 hoc
1003 4644 1238 4698 maxime
1265 4645 1579 4716 provideri,

25 4736 65 4781 ut
87 4731 190 4788 sine
214 4736 439 4805 strepitu
471 4735 942 4791 concertationum
966 4778 980 4805 ,
1008 4746 1063 4792 et
1108 4738 1349 4793 charitas
1380 4747 1564 4795 custo-

25 4818 184 4890 diatur,
216 4835 268 4881 et
310 4826 509 4881 veritas
541 4824 882 4894 defendatur,
912 4825 1081 4883 frater
1127 4827 1465 4886 charissime.
1494 4830 1562 4884 Et

25 4908 116 4966 ideo
136 4916 249 4984 quia
276 4917 494 4973 dilectio
540 4928 633 4973 tua
665 4917 732 4971 de
778 4925 930 4974 tanta
957 4933 1124 4977 causa
1154 4934 1254 4976 nos
1279 4920 1425 4976 videt
1466 4935 1561 4976 ne-

25 5007 220 5062 cessario
260 5023 375 5064 esse
420 5008 690 5065 sollicitos
732 5023 896 5079 quam
937 5008 1255 5082 plenissime
1287 5019 1342 5066 et
1384 5011 1559 5068 lucide

25 5095 230 5157 universa
262 5103 416 5159 nobis
462 5102 614 5174 quod
659 5110 785 5157 ante
829 5102 1006 5162 facere
1054 5103 1270 5173 debuit,
1317 5105 1558 5179 indicare

25 5181 227 5260 festinet,
252 5210 316 5250 ne
343 5195 486 5251 inter
534 5194 872 5251 assertiones
913 5196 1149 5270 partium
1179 5195 1358 5268 aliqua
1386 5196 1557 5253 ambi-

25 5281 186 5354 guitate
204 5285 467 5356 fallamur,
497 5297 555 5343 et
580 5287 849 5344 dissensio
878 5305 997 5360 qua:
1021 5289 1077 5345 in
1100 5286 1214 5344 Suis
1239 5289 1410 5345 initiis
1431 5290 1560 5345 abo-

1675 4462 1755 4509 ter
1783 4463 1839 4509 et
1867 4455 2354 4524 archimandrites,
2397 4458 2490 4529 qui
2534 4459 2691 4528 quasi
2737 4470 2938 4516 nostrae
2979 4459 3257 4532 religionis

1671 4554 1877 4602 sectam
1906 4547 2188 4618 sapiebat,
2215 4558 2271 4604 et
2297 4549 2443 4606 hanc
2480 4548 2841 4621 przeferebat;
2873 4551 3113 4608 Nestorii
3151 4567 3255 4606 au-

1671 4649 1779 4697 tem
1811 4643 2147 4713 impietatem
2179 4643 2576 4710 conﬁrmabat,
2606 4651 2663 4698 et
2698 4646 3116 4717 succingebatur
3156 4659 3256 4715 pro

1668 4734 1922 4791 Nestorio
1950 4735 2182 4791 militare
2213 4735 2267 4789 in
2313 4752 2521 4808 pugna,
2558 4749 2682 4804 quae
2708 4748 2901 4794 contra
2946 4737 3256 4792 Nestorium

1667 4827 1987 4898 parabatur.
2017 4827 2414 4901 Treceptorum
2448 4833 2627 4882 autem
2660 4829 2852 4887 decem
2877 4838 2932 4887 et
2952 4835 3076 4885 octo
3103 4843 3260 4883 sanc-

1669 4927 1847 4974 torum
1860 4919 2084 4973 Patrum
2101 4919 2168 4975 de
2186 4918 2292 4972 ﬁde
2312 4916 2712 4991 expositionem
2740 4921 2962 4986 factam,
2980 4927 3038 4975 et
3061 4927 3264 4973 sanctae

1667 5012 1949 5070 memorias
1976 5010 2167 5084 Cyrilli
2207 5009 2498 5078 epistolam
2526 5008 2799 5079 scriptam
2830 5016 2897 5072 ad
2923 5009 3226 5068 Nestorium
3249 5050 3266 5072 ,

1664 5101 1750 5156 vel
1781 5105 1851 5159 ad
1885 5101 2097 5158 similes
2121 5102 2240 5171 ejus
2276 5102 2478 5170 quibus
2502 5111 2700 5156 omnes
2730 5106 3111 5163 assenserunt,
3145 5107 3268 5151 ten-

1666 5194 1777 5250 tavi
1797 5195 2048 5259 evellere,
2081 5191 2369 5258 antiquam
2395 5188 2545 5262 impii
2572 5186 2855 5254 Valentini
2876 5186 3269 5262 etApollinaris

1660 5281 1925 5355 reparans
1953 5293 2194 5347 sectam,
2225 5289 2283 5333 et
2313 5299 2425 5340 non
2453 5278 2635 5337 timuit
2668 5298 3005 5360 praeceptum
3033 5276 3145 5332 veri
3175 5275 3270 5329 Dei

3186 157 3289 215 766
3366 198 3369 199 ν
