3968 6498
595 377 697 448 767

1428 385 1715 450 APPEND.
1756 387 1847 444 AD
1889 387 2056 444 SASC.
2104 386 2192 440 lx.
2236 413 2304 424 -
2343 385 2597 444 lSlDORl
2634 385 3080 448 MERCATORB

3757 396 3853 452 768

586 521 724 562 xvm
745 545 760 571 ,
791 503 868 574 6).
907 522 926 556 ι
957 501 1368 560 Verecumdiam
1399 509 1580 565 autem
1608 515 1824 557 omnem
1853 500 2082 571 ahjecit,
2109 505 2165 554 et
2189 501 2241 565 Α
2267 511 2447 564 scuro,
2490 478 2597 555 non
2623 501 2693 557 ad
2733 505 3073 574 pr0phetieas
3097 519 3276 574 voces,
3305 519 3409 560 non
3440 504 3506 559 ad
3537 505 3856 574 apostolims
3934 499 3935 506 “

587 611 750 667 quam
780 594 1002 666 gerebat
1028 591 1361 648 inﬁdelitatis
1405 592 1544 662 pelle
1587 591 1866 648 excutiens
1894 591 1946 646 in
1978 599 2168 648 sancta

588 683 794 755 synodo
818 682 1099 738 asserebat
1125 681 1392 736 instanter
1411 679 1598 736 dicens
1623 698 1636 734 :
1668 679 1952 735 Dominum
1981 678 2166 736 Jesum

588 775 864 830 Christum
900 789 1008 828 non
1034 779 1286 843 oportere
1314 770 1562 826 conﬁteri
1599 771 1667 826 de
1704 772 1913 828 duabus
1959 772 2167 826 naturis

588 875 712 935 post
754 867 1042 920 humanam
1086 864 1520 934 susceptionem,
1552 878 1674 918 cum
1729 880 1760 918 a
1811 864 1968 919 nobis
2006 865 2167 920 unius

588 958 935 1026 substantiae,
977 965 1033 1011 et
1079 956 1237 1010 unius
1283 970 1527 1025 personae
1571 955 1936 1024 cognoscitur,
1993 971 2168 1024 neque

497 1043 504 1050 ’
588 1062 808 1103 carnem
838 1045 1051 1101 Domini
1076 1044 1486 1100 coessentialem
1530 1045 1685 1098 nobis
1711 1043 2004 1099 subsistere
2051 1055 2168 1098 tan-

589 1156 752 1211 quam
778 1153 846 1195 ex
871 1137 1030 1193 nobis
1049 1145 1358 1207 susceptam
1380 1177 1394 1202 ,
1416 1145 1470 1190 et
1491 1137 1846 1190 coadunatam
1873 1135 1966 1189 Dei
1989 1134 2168 1190 Verbo

589 1230 886 1285 secundum
899 1227 1280 1283 substantiam.
1298 1226 1403 1281 Sed
1427 1225 1638 1281 dicebat
1663 1225 1932 1295 Virginem
1948 1227 2166 1295 quidem

589 1335 711 1390 quze
732 1336 854 1377 eum
881 1322 1067 1391 genuit
1088 1318 1385 1374 secundum
1408 1332 1626 1372 carnem
1653 1318 2166 1373 consubstantialem

589 1411 745 1467 nobis
772 1425 911 1466 esse.
941 1411 1118 1479 ipsum
1150 1417 1328 1464 autem
1379 1407 1664 1462 Dominum
1714 1423 1821 1462 non
1866 1407 2170 1478 suscepisse

588 1517 658 1558 ex
687 1516 750 1556 ea
783 1515 1001 1556 carnem
1048 1496 1563 1554 consubstantialem
1613 1497 1799 1562 nobis,
1847 1497 2170 1566 sed-corpus

589 1591 801 1647 Domini
833 1605 938 1645 non
962 1604 1082 1645 esse
1108 1589 1326 1658 quidem
1353 1603 1552 1658 corpus
1579 1588 1845 1655 hominis,
1873 1588 2167 1643 humanum

599 1700 732 1740 vero
759 1699 956 1754 corpus
981 1697 1102 1738 esse
1130 1681 1274 1752 quod
1302 1689 1388 1736 est
1414 1695 1479 1735 ex
1505 1678 1744 1752 Virgine.

659 1775 746 1832 l'V.
771 1774 878 1830 Sed
903 1787 970 1829 ne
991 1773 1160 1827 multa
1181 1772 1368 1827 dicens
1394 1772 1606 1842 longam
1632 1769 1828 1825 faciam
1855 1769 2164 1840 epistolam,

2268 588 2499 658 litteras,
2545 607 2646 647 nec
2683 595 2750 648 ad
2776 597 3115 665 evangelicas
3143 597 3516 661 auctoritates,
3548 597 3646 652 sed
3674 596 3748 651 ad
3775 611 3855 653 se-

2267 681 2524 752 metipsos
2553 693 2859 740 recurrunt.
2901 687 3009 742 Sed
3051 689 3172 744 ideo
3207 688 3452 758 magistri
3491 687 3704 743 erroris
3746 690 3857 742 exi-

2267 778 2436 836 stunt,
2461 773 2585 842 quia
2612 775 2857 830 veritatis
2885 777 3130 848 discipuli
3165 793 3270 834 non
3296 777 3469 832 fuere.
3512 777 3695 843 Quam
3722 780 3859 832 enim

2267 862 2622 918 eruditionem
2669 865 2735 919 de
2781 866 2950 922 sacris
2995 867 3131 923 Novi
3177 877 3234 922 et
3273 868 3482 923 Veteris
3524 867 3858 922 Testamenti

2267 951 2477 1020 paginis
2524 955 2841 1024 acquisivit,
2883 958 2974 1026 qui
3020 972 3119 1014 nec
3161 959 3326 1028 ipsius
3368 959 3583 1029 quidem
3630 959 3858 1029 symboli

2267 1038 2420 1092 initia
2451 1044 2893 1111 comprehendit?
2919 1046 2988 1100 Et
3014 1048 3230 1117 quidem
3259 1063 3356 1119 per
3393 1058 3562 1102 totum
3598 1048 3858 1102 mundum

2267 1131 2508 1186 omnium
2561 1139 3050 1205 regenerandorum
3101 1155 3234 1195 voce
3283 1140 3662 1210 depromitur,
3717 1140 3857 1196 istius

2269 1219 2446 1275 adhuc
2473 1223 2617 1278 senis
2646 1227 2809 1282 corde
2851 1243 2956 1283 non
2984 1229 3216 1298 capitur.
3255 1229 3515 1286 Nesciens
3542 1232 3720 1303 igitur
3744 1231 3857 1300 quid

2269 1309 2492 1367 deberet
2519 1313 2586 1369 de
2614 1314 2773 1370 Verbi
2821 1318 2915 1374 Dei
2965 1320 3335 1380 incarnatione
3380 1325 3608 1390 sentire,
3644 1338 3752 1379 nec
3776 1339 3856 1379 vo-

2270 1399 2386 1459 lens
2414 1404 2482 1458 ad
2507 1409 2921 1475 promerendum
2953 1411 3326 1484 intelligentiae
3350 1415 3531 1471 lumen
3560 1416 3620 1470 in
3647 1424 3854 1470 sancta-

2272 1507 2389 1546 rum
2421 1491 2820 1565 Scripturarum
2865 1498 3153 1576 latitudine
3181 1503 3447 1571 laborare,
3490 1504 3647 1559 illam
3680 1503 3854 1560 saltem

2269 1583 2704 1638 communionem
2733 1595 2789 1641 et
2815 1587 3163 1646 indiscretam
3198 1594 3594 1650 confessionem
3635 1594 3854 1650 sollicito

2268 1672 2714 1742 apprehendisset
2741 1678 2926 1733 auditu
2943 1720 2958 1743 ,
2988 1695 3092 1751 qua
3123 1681 3359 1738 ﬁdelium
3385 1684 3724 1752 universitas
3747 1700 3855 1756 pro-

2271 1764 2454 1818 titetur
2481 1767 2704 1824 credere
2730 1784 2790 1824 se
2815 1770 2868 1824 in
2894 1771 3060 1827 Deum
3086 1771 3305 1830 Patrem
3333 1777 3791 1846 omnipotentem,
3809 1785 3853 1830 et

585 1865 715 1921 olim
742 1865 1003 1934 quidquid
1028 1865 1328 1936 egerimus,
1368 1865 1618 1920 misimus
1669 1865 1734 1919 ad
1780 1866 2162 1920 beatitudinem
2197 1861 2239 1919 Β
2268 1853 2322 1906 in
2367 1853 2549 1911 Jesum
2593 1856 2866 1914 ῧιιτίειυω
2911 1861 3107 1917 Filium
3149 1863 3266 1934 eius
3306 1866 3528 1920 “nicum
3575 1865 3850 1920 00min"!

584 1965 858 2021 vestram,
904 1957 1100 2027 quibus
1130 1956 1328 2012 litteris
1377 1957 1688 2023 docuimus,
1735 1967 1791 2013 et
1829 1959 2167 2030 presbyterio

587 2047 735 2104 illum
761 2063 880 2104 esse
899 2050 1160 2103 nudatum
1180 2090 1195 2115 ,
1219 2050 1347 2120 quia
1373 2050 1452 2105 sic
1475 2059 1666 2120 captus
1687 2060 1769 2106 est
1795 2090 1810 2116 ,
1839 2061 1892 2105 et
1908 2052 2168 2121 jussimus

585 2156 711 2197 eum
739 2156 861 2196 cum
893 2143 1237 2198 monasteriis
1281 2142 1480 2196 nullam
1527 2144 1730 2199 habere
1779 2144 2046 2198 rationem
2069 2185 2084 2209 ,
2113 2155 2166 2199 et

588 2233 919 2290 exclusimus
942 2247 1067 2288 eum
1105 2248 1135 2286 a
1159 2235 1538 2289 communione
1564 2243 1746 2290 nostra
1763 2274 1779 2300 ,
1813 2243 1872 2288 ut
1897 2233 2167 2290 Sanctitas

589 2336 774 2380 vestra
804 2324 908 2378 hoc
935 2338 1270 2395 cognoscens
1301 2325 1444 2394 quod
1472 2325 1618 2380 circa
1657 2325 1807 2380 illum
1840 2333 2019 2380 actum
2047 2335 2130 2380 est
2148 2365 2164 2391 ,

587 2415 840 2473 omnibus
863 2416 1132 2486 episcopis
1159 2416 1261 2470 sub
1280 2415 1618 2471 beatitudine
1639 2424 1818 2471 vestra
1849 2416 2166 2486 degentibus

585 2505 938 2561 manifestare
964 2505 1220 2576 dignetur
1251 2504 1395 2560 illius
1425 2505 1760 2576 impietatem
1779 2545 1794 2570 ,
1828 2522 1896 2561 ne
1929 2507 2167 2561 nescien-

584 2607 669 2652 tes
704 2595 870 2666 aliqui
893 2595 1036 2666 quod
1062 2595 1150 2649 ille
1177 2595 1403 2650 sentiret
1429 2596 1583 2665 quasi
1608 2596 1674 2650 ad
1697 2595 2060 2650 orthodoxam
2082 2594 2166 2650 vel

584 2703 683 2760 per
725 2687 969 2754 litteras,
1015 2686 1100 2742 vel
1153 2700 1252 2756 per
1299 2685 1536 2757 aliquam
1584 2685 2025 2755 conjunctionem
2081 2686 2163 2742 lo-

584 2788 840 2852 quantur.

585 2887 652 2944 ν.
677 2874 1098 2960 ζΗεσστὶριιιηι
1137 2888 1327 2944 Leonis
1360 2905 1511 2959 papw
1551 2891 1620 2941 ad
1675 2886 2005 2960 Flauianamg
2029 2885 2166 2960 Con-

655 2957 1180 3041 stantinonotitanum
1223 2957 1519 3029 episcopum
1551 2967 1736 3013 contra
1779 2957 2033 3012 Euticetis
2058 2959 2167 3011 Ita:-

655 3047 834 3086 τεδιιη.

655 3145 708 3200 1.
749 3142 922 3211 Quam
991 3145 1300 3215 ignorantia
1369 3155 1684 3201 sanctarum
1755 3143 2162 3214 Scripturarum

583 3233 811 3291 Euticen
829 3234 1143 3290 haereticum
1170 3235 1381 3292 I'ecerit.

649 3325 706 3380 2.
745 3323 947 3382 Contra
993 3341 1089 3382 eos
1133 3327 1225 3397 qui
1273 3328 1327 3382 in
1375 3330 1510 3383 duos
1557 3327 1698 3384 ﬁlios
1748 3328 2162 3398 dispensationis

585 3414 878 3470 Dominicte
903 3415 1222 3486 mysterium
1252 3415 1502 3472 scindere
1531 3415 1840 3471 moliuntur-

651 3505 706 3559 3.
746 3503 948 3560 Contra
993 3520 1087 3560 eos
1116 3505 1210 3575 qui
1241 3505 1552 3576 passibilem
1585 3506 1926 3563 divinitatem
1976 3509 2161 3579 unige-

580 3597 680 3652 niti
707 3596 828 3653 Filii
861 3599 953 3652 Dei
982 3599 1184 3653 audent
1221 3613 1487 3655 asserere.

647 3688 702 3742 4.
743 3689 945 3744 Contra
969 3704 1063 3744 eos
1084 3691 1175 3760 qui
1202 3691 1255 3744 in
1271 3691 1406 3746 duas
1434 3699 1658 3746 naturas
1676 3691 1879 3746 Christi
1894 3699 2160 3762 tempera-

578 3787 823 3832 mentum
859 3778 944 3834 vel
973 3780 1352 3835 confusionem
1381 3790 1847 3851 argumentantur.

647 3871 702 3924 5.
741 3871 942 3927 Contra
963 3887 1058 3928 eos
1079 3873 1170 3942 qui
1194 3873 1469 3929 ctelestem
1491 3883 1584 3928 aut
1603 3873 1829 3930 alterius
1842 3873 2159 3943 cujusquam

576 3961 896 4016 substantia:
918 3961 1154 4017 existere
1181 3961 1412 4017 formam
1440 3961 1585 4018 servi
1610 3977 1774 4032 quam
1794 3977 1862 4018 ex
1887 3962 2045 4019 nobis
2070 3979 2158 4019 as-

577 4054 809 4123 sumpsit
838 4052 1159 4108 insaniendo
1185 4059 1457 4106 asserunt.

649 4142 704 4197 6.
745 4141 948 4197 Contra
974 4156 1068 4197 eos
1091 4141 1180 4210 qui
1211 4141 1348 4197 duas
1375 4141 1590 4212 quidem
1622 4151 1748 4199 ante
1773 4141 2154 4200 adunationem

576 4244 803 4291 naturas
850 4235 1020 4290 Deum
1067 4234 1332 4302 delirant,
1367 4250 1528 4290 unam
1566 4249 1695 4291 vero
1723 4245 1847 4307 post
1875 4237 2156 4294 adunatio-

576 4343 702 4384 nem
726 4327 1066 4395 conﬁngunt.

649 4418 758 4474 Leo
839 4418 1124 4490 cpiscopus
1208 4418 1479 4476 Fuvuuo
1561 4422 2156 4494 Constantinopolitano

576 4513 855 4584 episcopo.

643 4601 826 4658 Lectis
851 4601 1158 4659 dilectionis
1180 4613 1284 4659 tua:
1313 4604 1508 4660 litteris
1532 4620 1669 4674 quas
1700 4605 1962 4661 miramur
1987 4605 2156 4663 fuisse

575 4703 684 4748 tam
715 4707 895 4758 seras,
926 4701 982 4748 et
1003 4702 1278 4765 gestorum
1326 4694 1714 4765 episcopalium
1749 4696 1940 4752 ordine
1969 4711 2156 4752 recen-

574 4787 710 4852 sito,
744 4787 961 4842 tandem
980 4829 995 4852 ,
1023 4787 1151 4856 quid
1176 4787 1317 4857 apud
1339 4803 1434 4844 vos
1455 4789 1692 4845 scandali
1720 4800 1908 4846 contra
1936 4792 2153 4865 integri-

575 4887 739 4933 tatem
787 4877 911 4932 ﬁdci
957 4886 1208 4932 exortum
1259 4877 1485 4942 fuisset,
1535 4880 1891 4951 agnovimus,
1933 4892 1988 4936 et
2035 4899 2155 4953 qua:

572 4971 724 5040 prius
751 4970 1075 5025 videbantur
1103 4969 1315 5026 occulta
1337 5010 1353 5036 ,
1404 4987 1548 5027 nunc
1599 4973 1752 5028 nobis
1781 4984 2020 5029 reserata
2052 4991 2151 5045 pa-

572 5072 814 5118 tuerunt.
841 5062 1046 5129 Quibus
1068 5063 1286 5119 Eutices
1321 5064 1414 5133 qui
1443 5066 1769 5136 presbyterii
1808 5067 2027 5122 nomine
2055 5069 2153 5122 ho-

573 5155 834 5212 norabilis
883 5156 1189 5224 videbatur,
1240 5157 1470 5212 multum
1522 5159 1836 5229 imprudens
1879 5169 1934 5213 et
1991 5160 2154 5214 nimis

575 5250 860 5320 imperitus
912 5249 1238 5317 ostenditur,
1297 5259 1356 5306 ut
1422 5251 1585 5306 etiam
1651 5251 1717 5305 de
1775 5251 1892 5320 ipso
1951 5251 2153 5306 dictum

576 5342 740 5414 189
781 5344 855 5396 sit
899 5358 932 5397 a
972 5343 1240 5414 Propheta
1273 5361 1287 5398 :
1326 5361 1346 5396 ε
1383 5342 1562 5399 Noluit
1598 5342 1896 5414 intelligere
1924 5352 1984 5397 ut
2020 5343 2159 5399 bene

569 5442 773 5507 ageret,
832 5433 1167 5503 iniquitatem
1222 5434 1510 5489 meditatus
1567 5442 1650 5489 est
1714 5433 1768 5487 in
1832 5432 1995 5488 cubili
2061 5448 2159 5489 suo

571 5523 744 5599 (Paul.
777 5539 940 5591 xxxv,
969 5523 1024 5591 4,
1049 5523 1124 5595 5).
1166 5543 1185 5575 ι
1219 5524 1359 5591 Quid
1387 5531 1566 5578 autem
1593 5522 1830 5592 iniquius
1854 5538 2016 5594 quam
2051 5523 2154 5578 im-

571 5618 658 5688 pia
711 5631 933 5688 sapere,
988 5625 1044 5670 et
1093 5615 1508 5685 sapientioribus
1559 5615 1997 5686 doctioribusque
2049 5631 2155 5671 non

572 5710 832 5766 credere?
860 5709 967 5766 Sed
995 5709 1050 5764 in
1084 5708 1225 5764 hanc
1265 5709 1628 5781 insipientiam
1654 5707 1874 5775 cadunt,
1906 5709 1995 5779 qui
2033 5723 2154 5764 cum

574 5803 654 5876 ad
680 5804 1106 5877 regnoscendam
1137 5802 1420 5860 veritatem
1449 5803 1628 5874 aliquo
1667 5803 2030 5875 impediuntur
2055 5801 2154 5858 ob-

2271 1954 2535 2013 nostrum,
2569 1949 2660 2018 qui
2702 1959 2862 2006 natus
2891 1961 2976 2008 est
3023 1954 3089 2008 de
3136 1953 3338 2024 Spiritu
3375 1967 3568 2012 sancto
3598 1965 3663 2010 et
3705 1954 3850 2009 lari:

2267 2038 2496 2109 virgine.
2529 2041 2734 2109 Quibus
2761 2044 2934 2100 tribus
2957 2047 3243 2102 sententiis
3267 2049 3514 2103 omnium
3547 2045 3673 2102 fere
3700 2047 3848 2101 bere-

2269 2129 2498 2186 ticorum
2534 2134 2799 2189 machina:
2843 2135 3216 2193 destruuntur.
3262 2137 3396 2193 Cum
3441 2137 3596 2192 enim
3645 2137 3853 2193 Deuset

2267 2225 2608 2294 omnipotens
2655 2227 2917 2294 creditur,
2960 2239 3016 2284 et
3063 2229 3227 2285 Pater
3263 2230 3657 2302 sempiternus,
3697 2231 3852 2285 eidem

2271 2314 2436 2370 Filius
2462 2315 2865 2372 demonstratur
2908 2320 2964 2374 in
3005 2321 3152 2376 nullo
3179 2337 3210 2375 a
3241 2321 3402 2377 Patre
3423 2320 3716 2385 diﬁerens,
3742 2321 3852 2390 quia

2269 2411 2334 2464 de
2364 2409 2473 2466 Deo
2499 2410 2662 2477 Deus,
2687 2413 2751 2468 de
2776 2414 3144 2484 omnipotente
3171 2415 3535 2485 omnipotens,
3567 2414 3640 2468 de
3668 2423 3851 2468 eterna

2267 2515 2425 2561 natus
2450 2515 2534 2562 est
2558 2517 2876 2563 coaeternus.
2903 2507 3020 2564 Non
3047 2509 3316 2579 posterior
3347 2517 3619 2578 tempore,
3654 2522 3760 2561 non
3785 2506 3852 2560 in-

2265 2593 2433 2650 ferior
2478 2603 2762 2665 potestate,
2812 2610 2919 2652 non
2953 2596 3236 2672 dissimilis
3261 2597 3453 2668 gloria,
3503 2611 3614 2651 non
3666 2595 3853 2651 divisus

2266 2687 2523 2741 essentia.
2548 2687 2691 2742 Idem
2721 2702 2850 2743 vero
2893 2689 3209 2760 sempiterni
3231 2688 3507 2745 Genitoris
3537 2686 3848 2757 Unigenitus

2265 2778 2626 2847 sempiternus
2665 2789 2821 2836 natus
2863 2791 2947 2836 est
2982 2782 3048 2837 de
3096 2782 3300 2852 Spiritu
3343 2790 3536 2838 sancto
3596 2789 3652 2834 et
3693 2779 3848 2833 Maria

2266 2867 2494 2938 virgine.
2541 2867 2671 2934 Quae
2710 2870 2964 2925 nativitas
3006 2871 3319 2942 temporalis
3359 2871 3434 2926 illi
3481 2869 3757 2924 nativitati
3783 2868 3848 2922 di-

2265 2957 2405 3012 vina:
2431 2966 2486 3013 et
2524 2960 2868 3029 sempiternae
2911 2961 3048 3016 nihil
3076 2961 3289 3028 minuit,
3321 2960 3455 3016 nihil
3486 2959 3736 3023 wntulit,
3765 2957 3846 3012 sed

2267 3059 2434 3106 totam
2481 3067 2540 3108 se
2579 3054 2880 3124 reparando
2911 3054 3114 3110 homini
3141 3055 3233 3124 qui
3280 3064 3400 3109 erat
3433 3056 3719 3124 deceptus,
3760 3051 3846 3104 im-

2266 3145 2473 3214 pendit,
2499 3152 2561 3200 ut
2589 3155 2819 3202 mortem
2845 3147 3105 3214 vinceret,
3153 3155 3208 3202 et
3242 3145 3516 3202 diabolum
3548 3144 3643 3215 qui
3670 3142 3843 3198 mortis

2266 3235 2497 3290 habebat
2522 3235 2832 3306 imperium,
2859 3251 2954 3292 sua
2985 3237 3184 3292 virtute
3207 3236 3533 3292 destrueret.
3569 3232 3686 3288 Non
3713 3232 3842 3287 enim

2263 3337 2520 3392 superare
2551 3338 2832 3394 possemus
2860 3324 3065 3395 peccati
3097 3333 3151 3379 et
3180 3323 3368 3379 mortis
3425 3331 3726 3386 auctorem,
3751 3318 3843 3374 nisi

2263 3421 2511 3468 naturam
2548 3423 2789 3470 nostram
2831 3413 2919 3468 ille
2965 3414 3282 3484 susciperet,
3329 3421 3388 3468 ct
3432 3428 3589 3467 suam
3632 3410 3838 3471 faceret,

2263 3518 2422 3572 quem
2460 3517 2558 3558 nec
2588 3513 2868 3574 peccaturo
2913 3505 3311 3566 contaminare.
3353 3518 3452 3558 nec
3502 3517 3651 3556 mors
3681 3500 3842 3570 potuit

2261 3595 2526 3650 detinere.
2573 3595 2879 3664 Conceptus
2927 3596 3124 3666 quippe
3169 3604 3254 3650 est
3300 3598 3366 3650 de
3418 3593 3625 3664 Spiritu
3667 3599 3841 3646 saneto

2263 3685 2403 3739 intra
2449 3693 2662 3740 uterum
2710 3685 2899 3741 matris
2931 3686 3176 3756 virginis,
3227 3699 3346 3754 quae
3392 3684 3466 3738 ita
3514 3682 3667 3737 illum
3706 3680 3840 3735 salva

2260 3775 2571 3845 virginitate
2611 3775 2803 3840 edidit,
2846 3776 3301 3844 quemadmodum
3346 3773 3497 3828 salva
3544 3772 3837 3843 virginitate

2261 3865 2528 3936 concepit.
2558 3864 2665 3920 Sed
2688 3865 2732 3920 si
2765 3867 2830 3921 de
2860 3865 2960 3920 hoc
2985 3864 3309 3920 Christianae
3332 3863 3455 3918 ﬁdei
3484 3862 3635 3916 fonte
3679 3861 3838 3932 puris-

2261 3960 2399 4015 simo
2423 3959 2694 4014 sincerum
2725 3956 3058 4012 intellectum
3087 3956 3307 4012 haurire
3329 3970 3434 4010 non
3465 3961 3702 4025 poterat,
3727 3951 3833 4021 quia

2260 4047 2598 4118 splendorem
2619 4047 2918 4119 perspicuae
2955 4047 3200 4102 veritatis
3220 4045 3588 4102 obcaecatione
3610 4043 3711 4100 sibi
3731 4055 3830 4114 pro-

2259 4139 2374 4209 pria
2407 4139 2737 4204 tenebrarat,
2769 4139 3030 4194 doctrina:
3052 4153 3110 4194 se
3134 4137 3472 4208 Evangelica:
3502 4135 3824 4193 subdidisset,

2259 4241 2313 4288 et
2334 4231 2547 4287 dicente
2574 4230 2850 4285 Matthaeo:
2875 4249 2892 4281 ι
2915 4230 3077 4286 Liber
3098 4229 3461 4302 generationis
3485 4224 3827 4289 Jesu‘ChriSti.

2261 4323 2353 4378 ﬁlii
2391 4322 2592 4390 David,
2623 4322 2718 4376 lilii
2745 4322 3021 4377 Abraham
3045 4321 3262 4394 (Matth.
3290 4338 3329 4388 ι,
3362 4321 3440 4392 l),
3478 4339 3498 4374 ι
3545 4318 3827 4391 apostolicz

2259 4429 2473 4485 quoque
2512 4415 2909 4486 praedicationis
2946 4415 3243 4485 expetisset
3283 4414 3635 4476 instructum,
3670 4420 3722 4466 et
3758 4407 3824 4460 le-

2259 4523 2391 4578 gens
2423 4508 2474 4562 in
2504 4506 2742 4578 Epistola
2769 4508 2837 4562 ad
2872 4506 3144 4563 Romanos
3170 4522 3185 4560 :
3222 4524 3241 4558 (
3271 4505 3474 4562 Paulus
3508 4519 3697 4561 servus
3719 4501 3824 4558 Iesu

2260 4599 2460 4654 Christi
2490 4606 2711 4654 vocatus
2737 4598 3034 4670 apostolus,
3072 4606 3386 4670 segregatus
3413 4598 3468 4652 in
3497 4593 3822 4666 Evangelium

2259 4691 2375 4759 Dei,
2418 4692 2560 4763 quod
2607 4704 2731 4747 ante
2775 4693 3098 4763 promiserat
3143 4709 3241 4764 per
3279 4691 3575 4764 prephetas
3622 4704 3740 4746 suos
3779 4687 3821 4740 in

2259 4784 2552 4854 Scripturis
2580 4785 2782 4840 sanctis
2826 4785 2892 4840 de
2931 4784 3067 4841 Filio
3111 4800 3210 4841 suo
3249 4785 3343 4854 qui
3386 4784 3568 4840 factus
3591 4794 3675 4840 est
3704 4781 3749 4836 ei
3769 4794 3820 4834 ex

2255 4875 2463 4930 semine
2508 4876 2674 4931 David
2700 4877 2991 4932 secundum
3017 4892 3235 4934 carnem
3265 4876 3444 4950 (Rom.
3481 4895 3520 4945 ι,
3556 4878 3696 4947 1-3),
3724 4894 3742 4927 ›
3769 4870 3818 4926 ad

2255 4965 2596 5036 propheticus
2621 4969 2844 5040 paginas
2875 4970 3017 5039 piam
3055 4970 3474 5026 sollicitudinem
3505 4969 3815 5028 contulisset.

2256 5065 2314 5112 et
2347 5057 2637 5114 invenisset
2672 5061 3080 5130 promissionem
3109 5062 3203 5116 Dei
3227 5061 3294 5116 ad
3329 5062 3630 5128 Abraham,
3657 5061 3814 5116 dicen-

2261 5147 2330 5203 tis
2368 5163 2383 5202 :
2432 5167 2449 5200 ‹
2491 5149 2546 5202 ln
2597 5151 2802 5206 semine
2849 5162 2938 5206 tuo
2985 5152 3374 5208 benedicentur
3414 5168 3610 5208 omnes
3658 5159 3817 5221 gentes

2261 5237 2416 5307 (Gen.
2449 5255 2594 5304 xxvi,
2624 5239 2704 5312 4).
2738 5259 2757 5292 ›
2793 5239 2896 5296 Sed
2939 5258 3006 5297 ne
3033 5243 3098 5297 de
3137 5242 3297 5312 hujus
3339 5243 3566 5298 seminis
3604 5239 3817 5314 proprie-

2264 5336 2374 5383 tate
2405 5328 2698 5393 dubitaret,
2735 5339 2952 5386 secutus
2978 5330 3166 5387 fuisset
3190 5333 3508 5402 Apostolum
3537 5334 3812 5388 dicentem:

2271 5438 2288 5470 ι
2323 5420 2551 5476 Abrahae
2585 5421 2741 5477 dicta:
2777 5431 2904 5478 sunt
2947 5425 3348 5495 promissiones,
3390 5438 3440 5482 et
3491 5426 3680 5482 semini
3719 5423 3815 5494 ejus

2265 5511 2414 5584 (Luc.
2441 5530 2481 5580 ι,
2509 5513 2619 5587 55).
2657 5534 2675 5567 ν
2711 5513 2826 5569 Non
2857 5516 2988 5572 dicit
3020 5518 3073 5571 in
3119 5519 3411 5573 seminibus
3434 5520 3589 5589 quasi
3621 5520 3670 5573 in
3703 5513 3814 5570 mul-

2265 5612 2352 5675 tis,
2396 5610 2489 5665 sed
2521 5609 2674 5679 quasi
2705 5608 2758 5662 in
2789 5625 2917 5676 uno,
2957 5619 3013 5665 et
3051 5611 3241 5666 semini
3285 5623 3376 5665 tuo
3403 5611 3548 5682 quod
3577 5620 3656 5664 est
3682 5603 3814 5663 Chri-

2262 5714 2394 5760 stus.
2442 5703 2591 5760 lsaim
2635 5718 2848 5774 quoque
2888 5703 3322 5772 praedicationem
3365 5707 3618 5761 interiore
3649 5713 3812 5774 appre-

2263 5800 2538 5858 hendisset
2575 5796 2778 5864 auditu,
2823 5797 3046 5852 dicentis
3091 5815 3103 5851 :
3151 5816 3169 5850 ι
3218 5796 3360 5854 Ecce
3406 5798 3556 5870 virgo
3595 5797 3642 5852 iu
3679 5800 3811 5848 utero
