3968 6444
799 303 810 310 ,
865 292 903 306 ἐν

191 354 302 411 769

1322 357 1813 419 DECl'tlsTALIUM
1855 361 2257 421 COLLECTIO.

3365 379 3469 433 770

187 464 483 535 concipiet,
509 471 563 519 et
596 465 767 536 pariet
808 464 996 533 filium,
1027 475 1083 522 et
1117 465 1398 524 vocabitur
1427 482 1623 523 nomen
1658 467 1778 538 ejus
1804 486 1858 543 Α
1884 480 1987 537 rat,
2018 473 2289 543 propriam
2320 480 2558 531 mutasse
2598 478 2920 536 sententiam
2947 495 3083 552 opus
3126 481 3228 540 fuit
3272 489 3472 545 secreti

183 554 544 620 Emmanuel,
588 555 730 626 quod
772 565 856 611 est
896 558 1305 628 interpretatum
1336 557 1601 612 nobiscum
1637 558 1781 614 Deus

186 643 333 716 (Ιδα.
356 659 452 709 vn,
479 643 589 714 li).
619 664 638 696 ι
664 644 1026 717 Ejusdemque
1050 646 1324 718 propheta:
1368 647 1597 703 tideliter
1616 649 1780 704 verba

184 734 415 807 legisset
439 753 452 790 :
487 755 505 787 ι
540 735 682 791 Puer
714 747 873 793 natus
897 746 983 793 est
1008 738 1181 804 nobis,
1212 737 1355 794 ﬁlius
1383 740 1541 796 datus
1568 748 1652 796 est
1679 755 1782 795 no-

182 828 295 893 bis,
322 827 479 898 cujus
502 838 739 900 potestas
763 845 928 903 super
954 832 1236 886 humerum
1258 830 1392 901 ejus,
1417 841 1474 888 et
1498 833 1780 889 vocabitur

183 934 386 974 nomen
418 919 535 989 ejus
560 921 736 993 magni
760 921 969 978 consilii
997 923 1627 995 Angelus,ladmirahilis,
1650 939 1778 980 con-

182 1012 446 1079 siliarius,
487 1012 629 1069 Deus
673 1013 849 1080 fortis,
898 1015 1149 1086 princeps
1175 1015 1361 1085 .pacis,
1410 1015 1572 1071 Pater
1612 1015 1778 1071 futuri

180 1104 371 1160 steculi
411 1103 545 1176 (Ira.
583 1121 662 1171 ιι,
692 1104 770 1177 6).
805 1125 824 1158 ι
868 1105 978 1163 Nec
1004 1106 1371 1179 |frustratorie
1412 1108 1656 1179 loquens,
1702 1109 1777 1165 ita

180 1200 411 1254 verbum
444 1200 649 1256 diceret
676 1214 894 1256 carnem
925 1198 1225 1265 factum,ut
1257 1203 1437 1258 editus
1469 1212 1623 1258 utero
1649 1202 1775 1258 Vir-

178 1291 327 1363 ginis
355 1290 605 1348 Christus
638 1293 865 1349 haberet
893 1291 1123 1349 formam
1152 1295 1408 1362 hominis,
1450 1305 1505 1351 et
1534 1312 1639 1352 non
1670 1297 1771 1352 ha-

177 1386 338 1439 beret
361 1385 593 1441 materni
613 1387 859 1455 corporis
881 1387 1184 1444 veritatem.
1212 1388 1292 1444 An
1318 1388 1456 1444 forte
1479 1391 1599 1446 ideo
1619 1399 1775 1460 puta-

173 1478 255 1533 vit
286 1478 572 1552 nginum
614 1488 860 1535 nostrum
905 1480 1088 1538 Jesum
1134 1499 1237 1537 non
1270 1492 1469 1540 nostra:
1510 1499 1629 1540 esse
1676 1500 1771 1540 na-

176 1577 336 1636 turae,
369 1571 498 1640 quia
542 1571 740 1628 missus
764 1572 831 1628 ad
880 1573 1094 1628 beatam
1137 1573 1358 1630 Mariam
1390 1574 1614 1645 angelus
1649 1575 1724 1629 ait
1755 1591 1769 1630 :

180 1677 201 1712 ι
239 1660 476 1729 Spiritus
505 1670 727 1717 sanctus
770 1664 1112 1731 superveniet
1159 1664 1212 1717 in
1262 1673 1331 1727 te,
1366 1672 1421 1719 et
1464 1665 1635 1721 virtus
1681 1663 1776 1720 Al-

176 1749 374 1805 tissimi
419 1749 764 1807 obumbrabit
803 1751 914 1807 tibi.
966 1751 1197 1823 Ideoque
1243 1762 1299 1808 et
1343 1754 1485 1823 quod
1520 1765 1773 1810 nascetur

1883 562 2279 633 dispensatione
2332 567 2582 635 concilii;
2667 579 2724 626 ut
2800 572 3255 634 incommutabilis
3327 579 3471 638 Deus

1880 651 2057 723 (cujus
2094 654 2338 711 voluntas
2368 672 2473 712 non
2504 668 2682 729 potest
2722 676 2818 717 sua
2863 664 3197 738 benignitate
3238 671 3469 746 privari)

1880 745 2109 813 primam
2137 760 2262 818 erga
2287 762 2383 804 nos
2411 750 2626 819 pietatis
2655 768 2766 808 sua:
2797 755 3249 825 dispensationem
3283 745 3474 820 sacra?-

1880 845 2062 891 mento
2089 838 2383 896 occultiore
2407 842 2717 913 compleret,
2761 854 2816 901 et
2855 847 3017 904 homo
3046 851 3325 909 diabolicae
3358 855 3467 910 ini-

1878 927 2103 997 quitatis
2136 932 2372 986 versutia
2409 943 2579 1004 actus,
2614 936 2667 990 in
2690 937 2901 1009 culpam
2925 951 3111 997 contra
3141 945 3234 1001 Dei
3262 962 3464 1019 propo-

1878 1016 2041 1073 situm
2070 1034 2175 1074 non
2204 1023 2424 1092 periret.

1944 1105 2028 1162 Ill.
2070 1108 2372 1178 Ingreditur
2394 1128 2524 1184 ergo
2549 1115 2664 1172 hare
2704 1119 2889 1174 mundi
2935 1121 3121 1178 inﬁma
3162 1124 3330 1181 Filius
3371 1126 3468 1185 Dei

1877 1197 1963 1270 de,
1989 1199 2192 1256 caelesti
2222 1204 2349 1257 sede
2393 1204 2746 1274 descendens,
2775 1220 2829 1266 et
2857 1227 2886 1266 a
2914 1222 3133 1284 paterna
3162 1216 3329 1288 gloria
3359 1235 3465 1278 non

1877 1292 2160 1359 recedens,
2209 1310 2346 1350 novo
2372 1298 2581 1364 ordine,
2633 1316 2771 1357 nova
2815 1307 3097 1362 nativitate
3149 1322 3462 1380 generatus.

1874 1378 2025 1436 Novo
2059 1384 2268 1449 ordine,
2294 1387 2417 1455 quia
2464 1389 2749 1448 invisibilis
2780 1395 2831 1450 in
2863 1400 2996 1464 suis,
3036 1402 3262 1459 visibilis
3292 1406 3466 1464 factus

1874 1481 1960 1527 est
2012 1473 2066 1529 in
2125 1478 2344 1532 nostris.
2396 1478 2962 1553 lncomprehensibilis
3006 1492 3173 1548 voluit
3221 1512 3471 1567 compre-

1874 1565 2059 1633 hendi;
2084 1578 2211 1624 ante
2232 1578 2471 1640 tempora
2500 1590 2740 1641 manens,
2770 1596 2889 1637 esse
2914 1585 3080 1655 coepit
3101 1603 3163 1640 ex
3199 1596 3460 1660 tempore;

1874 1656 2245 1716 universitatis
2280 1661 2540 1720 Dominus
2587 1669 2837 1724 servilem
2877 1674 3103 1730 formam
3143 1678 3467 1738 obumbrata

1875 1748 2171 1817 tnajestatis
2218 1769 2329 1809 sua:
2385 1756 2745 1815 immensitate
2803 1767 3059 1836 suscepit.
3115 1767 3466 1839 lmpassibilis

174 1856 242 1895 ex
289 1848 363 1907 te,
405 1849 652 1897 sanctum
681 1842 966 1897 vocabitur
998 1841 1164 1897 Filius
1199 1841 1293 1898 Dei
1334 1841 1486 1915 (Luc.
1524 1860 1562 1910 ι,
1593 1843 1708 1915 55),
1743 1864 1764 1899 ι
1800 1852 1846 1912 Β
1875 1842 2017 1898 Deus
2059 1860 2165 1900 non
2207 1846 2526 1918 dedignatus
2555 1860 2641 1907 est
2685 1868 2808 1909 esse
2860 1857 3021 1911 homo
3067 1861 3358 1929 passibilis,
3410 1876 3466 1920 et

176 1942 234 1987 ut
258 1934 387 2004 quia
431 1943 725 2005 conceptus
749 1934 986 2007 Virginis
1020 1935 1184 1989 divini
1214 1936 1315 1990 t'uit
1338 1936 1538 2006 operis,
1566 1937 1771 2005 nonde

172 2031 371 2078 natura
406 2024 760 2096 concipientis
806 2026 961 2080 fieret
1001 2040 1130 2080 caro
1172 2026 1455 2096 concepti?
1505 2024 1612 2082 Sed
1659 2042 1767 2083 non

167 2119 245 2173 ita
283 2118 631 2190 intelligenda
674 2126 757 2173 est
788 2118 877 2173 illa
908 2119 1184 2190 generatio
1216 2120 1566 2192 singulariter
1605 2120 1769 2175 mira-

163 2209 336 2273 bilis,
388 2221 444 2266 et
490 2209 807 2265 mirabiliter
852 2210 1169 2279 singularis,
1221 2219 1281 2264 ut
1328 2225 1425 2278 per
1471 2209 1766 2265 novitatem

162 2301 451 2357 Creatoris
474 2301 777 2372 proprietas
803 2308 1005 2354 remota
1031 2302 1096 2355 sit
1129 2300 1360 2371 generis;
1378 2300 1763 2357 fecunditatem

163 2393 318 2449 enim
362 2392 568 2465 Virgini
616 2392 850 2464 Spiritus
893 2402 1116 2447 sanctus
1138 2392 1306 2458 dedit,
1335 2392 1548 2447 Veritas
1581 2402 1765 2448 autem

165 2488 418 2556 corporis
457 2496 669 2556 sumpta
710 2486 777 2541 de
825 2500 1050 2556 corpore
1089 2492 1190 2551 est,
1234 2494 1289 2539 et
1314 2483 1617 2539 aedificante
1662 2485 1765 2542 sibi

163 2580 449 2651 Sapientia
480 2581 696 2636 domum
731 2600 749 2633 ι
778 2578 1013 2636 Verbum
1042 2592 1172 2633 caro
1197 2575 1397 2631 factum
1438 2585 1539 2640 est,
1573 2585 1623 2632 et
1670 2578 1767 2633 ha-

160 2671 368 2729 bitavit
397 2670 451 2726 in
478 2670 634 2727 nobis
670 2668 852 2741 (Joan.
881 2684 923 2733 ι.
948 2668 1059 2741 14),
1094 2688 1113 2722 ι
1150 2668 1252 2724 hoc
1280 2679 1395 2733 est,
1422 2668 1475 2722 in
1505 2683 1570 2724 ea
1599 2682 1764 2724 carne

160 2761 336 2836 quam
381 2765 612 2838 sumpsit
653 2779 720 2819 ex
764 2765 1015 2831 homine,
1059 2774 1113 2821 et
1156 2779 1320 2836 quam
1367 2763 1591 2835 spiritus
1639 2763 1764 2820 vitae

160 2856 455 2913 rationalis
485 2856 743 2912 animavit

1873 1933 2193 1992 immortalis
2231 1938 2430 2015 ‘mortis
2470 1940 2677 2011 legibus
2740 1946 3040 2015 subjacere.
3084 1951 3230 2007 Nova
3281 1963 3462 2010 autem

1869 2023 2153 2080 nativitate
2209 2038 2521 2098 generatus,
2561 2033 2684 2102 quia
2738 2028 2994 2093 inviolata
3035 2042 3312 2112 virginitas
3337 2061 3465 2101 con-

1869 2115 2258 2184 cupiscentiam
2291 2122 2544 2190 nescivit,
2569 2126 2750 2181 carnis
2793 2132 3072 2186 materiam
3110 2136 3457 2194 ministravit.

1868 2205 2158 2279 Assumpta
2199 2220 2284 2266 est
2323 2213 2487 2284 igitur
2522 2217 2589 2271 de
2639 2228 2812 2275 matre
2860 2220 3069 2279 Domini
3114 2236 3324 2296 natura,
3353 2247 3462 2290 non

1868 2296 2045 2369 culpa;
2078 2315 2178 2357 nec
2211 2304 2264 2357 in
2298 2304 2527 2361 Domino
2553 2306 2679 2364 Jesu
2707 2310 2925 2369 Christo
2952 2330 3017 2369 ex
3044 2327 3197 2374 utero
3224 2319 3462 2394 Virginis

1866 2391 2071 2460 genito,
2098 2393 2223 2463 quia
2267 2397 2517 2453 nativitas
2542 2408 2625 2455 est
2660 2402 2945 2472 mirabilis,
2997 2407 3117 2463 ideo
3148 2391 3346 2467 nostrae
3375 2423 3464 2471 est

1865 2490 2073 2536 natura:
2102 2482 2418 2554 dissimilis;
2447 2490 2539 2560 qui
2588 2491 2733 2546 enim
2789 2509 2950 2551 verus
2996 2508 3079 2552 est
3122 2499 3283 2565 Deus,
3317 2502 3461 2558 idem

1867 2588 2025 2632 verus
2050 2586 2135 2633 est
2176 2579 2357 2647 homo,
2401 2591 2457 2637 et
2498 2583 2703 2640 nullum
2732 2597 2816 2642 est
2844 2588 2899 2643 in
2947 2590 3048 2647 hac
3077 2593 3283 2649 unitate
3312 2612 3463 2651 men-

1864 2669 2099 2738 dacium,
2126 2674 2252 2728 dum
2281 2676 2510 2732 invicem
2534 2690 2682 2746 sunt,
2712 2691 2769 2737 et
2811 2683 3088 2741 humilitas
3114 2687 3371 2754 hominis,
3407 2699 3464 2747 et

1864 2763 2092 2821 altitudo
2125 2766 2364 2826 deitatis.
2410 2769 2563 2828 Sicut
2589 2775 2734 2831 enim
2768 2776 2913 2834 Deus
2940 2795 3049 2836 non
3087 2792 3327 2839 mutatur
3359 2787 3463 2841 mi-

1861 2856 2153 2924 seratione,
2187 2858 2260 2913 ita
2298 2861 2459 2917 homo
2490 2880 2594 2920 non
2638 2870 2977 2925 consumitur
3006 2872 3289 2942 dignitate.
3338 2876 3464 2948 Egit

236 2948 302 3002 ll.
345 2946 504 3003 Salva
539 2947 704 3019 igitur
725 2948 1055 3019 pr0prietate
1083 2950 1367 3019 utriusque
1392 2956 1600 3005 natura:
1625 2957 1679 3006 et
1705 2948 1761 3006 in
1860 2948 2006 3004 enim
2038 2959 2265 3023 utraque
2295 2954 2468 3011 forma
2495 2974 2617 3014 cum
2648 2961 2872 3020 alterius
2903 2969 3286 3025 communione
3313 2946 3460 3041 quod

159 3056 331 3096 unam
378 3048 606 3096 coeunte
652 3054 973 3110 personam,
1006 3049 1253 3111 suscepta
1289 3048 1374 3097 est
1410 3056 1441 3096 a
1478 3042 1762 3113 majestate
1858 3043 2137 3112 proprium
2181 3054 2266 3101 est
2309 3047 2511 3116 Verbo,
2556 3052 2782 3121 scilicet,
2823 3070 3084 3129 operante
3112 3061 3256 3133 quod
3289 3061 3456 3120 Verbi

158 3131 469 3200 humilitas,
497 3148 528 3187 a
558 3131 758 3187 virtute
790 3132 1096 3196 infirmitas,
1126 3134 1195 3188 ab
1212 3132 1515 3188 aeternitate
1555 3140 1759 3188 morta-
1810 3221 1820 3222 ί
1859 3141 1959 3199 est,
1992 3144 2048 3190 et
2076 3139 2217 3206 quod
2246 3142 2427 3196 carnis
2456 3153 2539 3199 est
2567 3160 2732 3201 carne
2756 3163 3107 3222 exsequente.
3144 3155 3321 3212 Unum
3356 3157 3457 3213 ho-

160 3223 316 3291 litas;
346 3233 401 3280 et
428 3223 496 3279 ad
525 3206 898 3280 resolvendum
927 3224 1254 3280 conditionis
1282 3233 1478 3280 nostrae
1519 3224 1761 3280 debitum
1790 3221 1835 3284 C
1868 3242 1986 3282 rum
2032 3240 2284 3286 coruscat
2328 3235 2626 3305 miraculis,
2680 3241 2825 3296 aliud
2873 3249 3181 3304 succumbit
3222 3249 3453 3321 injuriis,

161 3327 364 3373 natura
411 3315 734 3372 inviolabilis
778 3326 987 3371 natura:
1035 3324 1119 3373 est
1164 3316 1311 3371 unita
1365 3315 1648 3385 passibili,
1699 3323 1762 3369 ut

162 3413 313 3486 quod
359 3412 560 3468 nostris
590 3411 845 3468 remediis
883 3413 1215 3483 congruebat
1255 3428 1397 3467 unus
1425 3421 1586 3481 atque
1618 3411 1758 3467 idem

163 3506 436 3563 mediator
480 3505 575 3561 Dei
618 3514 673 3561 et
701 3506 1006 3572 hominum,
1037 3507 1199 3561 homo
1227 3506 1476 3562 Christus
1497 3504 1675 3571 Jesus,
1704 3513 1762 3562 et

162 3598 307 3654 mori
338 3606 519 3669 posset
542 3613 611 3654 ex
654 3612 780 3662 uno,
811 3605 866 3652 et
897 3596 1034 3651 mori
1080 3612 1186 3653 non
1233 3607 1418 3668 posset
1461 3612 1529 3652 ex
1562 3596 1755 3652 altero.

162 3691 225 3747 In
255 3690 464 3761 integra
493 3704 624 3762 ergo
648 3689 762 3745 veri
792 3688 1028 3744 hominis
1056 3686 1406 3759 perfectaque
1440 3700 1631 3743 natura
1666 3703 1762 3744 ve-

166 3797 263 3837 rus
292 3788 453 3836 natus
480 3789 564 3834 est
609 3779 770 3845 Deus,
800 3785 945 3833 totus
991 3779 1047 3833 in
1089 3778 1221 3844 suis,
1267 3786 1413 3834 totus
1453 3779 1506 3832 in
1538 3779 1755 3834 nostris.

166 3873 368 3928 Nostra
399 3878 578 3926 autem
601 3869 830 3925 dicimus
855 3883 974 3939 qua:
998 3867 1052 3923 in
1082 3868 1239 3924 nobis
1263 3871 1331 3925 ab
1357 3870 1510 3924 initio
1534 3868 1760 3925 Creator

167 3965 434 4030 condidit,
480 3974 680 4036 etquae
708 3962 1007 4032 reparanda
1052 3961 1308 4031 suscepit.
1347 3960 1480 4016 Nam
1521 3961 1609 4015 illa
1639 3976 1761 4031 quae

166 4059 425 4129 deceptor
470 4054 670 4120 intulit,
700 4061 756 4109 et
791 4053 952 4109 homo
982 4053 1239 4123 deceptus
1266 4051 1506 4118 admisit,
1542 4051 1757 4107 ‘nullum

167 4153 410 4209 habuere
437 4149 489 4204 in
521 4147 803 4204 Salvatore
843 4146 1152 4215 vestigium.
1201 4142 1313 4201 Nec
1354 4145 1478 4215 quia
1518 4160 1760 4201 commu-

166 4246 385 4300 nionem
410 4242 769 4297 humanarum
793 4239 956 4296 subiit
980 4237 1376 4303 inﬁrmitatum,
1404 4239 1527 4295 ideo
1549 4232 1760 4299 nostro-

166 4354 288 4393 rum
336 4333 439 4389 fnit
486 4332 753 4405 particeps
792 4332 1129 4388 delictorum.
1173 4332 1480 4402 Assumpsit
1528 4331 1758 4391 formam

164 4424 309 4481 servi
359 4423 478 4478 sine
526 4422 685 4477 sorde
717 4421 958 4493 peccati,
1006 4422 1242 4477 humana
1293 4438 1539 4494 augens,
1579 4425 1759 4482 divina

164 4530 275 4571 non
322 4513 593 4568 minuens.
639 4511 775 4580 Quia
806 4512 1101 4567 exiuanitio
1145 4512 1234 4567 illa
1278 4528 1382 4583 qua
1424 4529 1486 4570 se
1516 4516 1759 4572 invisibi-

163 4609 231 4664 lis
272 4605 543 4662 visibilem
585 4605 849 4676 przehuit,
890 4614 945 4661 ct
987 4606 1212 4662 Creator
1255 4580 1321 4664 ac
1353 4608 1614 4665 Dominus
1641 4624 1757 4665 om-
1786 4580 1837 4640 Β

165 4698 319 4753 nium
353 4710 535 4751 rerum
582 4712 721 4752 unus
768 4695 936 4752 voluit
989 4712 1109 4753 esse
1138 4698 1484 4765 mortalium,
1532 4701 1759 4757 inclina-

164 4789 243 4844 tio
284 4786 388 4841 fuit
419 4786 802 4853 miserationis,
855 4801 961 4842 non
995 4786 1230 4845 defectio
1283 4791 1589 4860 potestatis.
1627 4792 1762 4849 Pro-

164 4882 293 4937 inde
335 4880 426 4950 qui
472 4895 699 4936 mauens
750 4880 802 4935 in
831 4880 1007 4936 forma
1054 4881 1149 4936 Dei
1202 4881 1331 4938 fecit
1375 4892 1430 4939 et
1460 4885 1756 4954 hominem,

164 4973 314 5029 idem
347 4971 399 5025 in
449 4969 622 5027 forma
671 4971 814 5026 servi
862 4970 1035 5027 factus
1063 4982 1148 5029 est
1194 4973 1375 5031 homo.
1426 4975 1596 5033 Tenet
1628 4993 1758 5047 ergo

164 5066 286 5122 sine
332 5063 543 5120 defectu
586 5063 975 5136 proprietatem
1003 5080 1158 5122 suam
1190 5076 1418 5138 utraque
1459 5079 1676 5137 natura,
1704 5081 1761 5129 et

165 5158 315 5212 sicut
355 5153 584 5211 formam
625 5155 767 5212 servi
797 5155 892 5211 Dei
926 5156 1102 5213 forma
1145 5173 1251 5215 non
1284 5159 1496 5229 adimit,
1530 5164 1602 5219 ita
1646 5164 1759 5220 for-

168 5264 317 5304 mam
352 5247 448 5303 Dei
476 5246 617 5303 servi
643 5246 813 5302 forma
839 5263 946 5304 non
986 5251 1199 5306 nnnuit.
1246 5251 1379 5308 Nam
1412 5269 1515 5324 qua
1565 5255 1763 5328 gloria-

167 5342 335 5398 batur
362 5337 606 5395 diabolus
634 5340 909 5396 hominem
952 5357 1047 5397 sua
1094 5341 1284 5400 fraude
1309 5347 1594 5415 deceptum
1621 5348 1760 5403 divi-

170 5430 256 5486 nis
284 5430 529 5485 caruisse
551 5429 866 5486 muneribus
900 5439 955 5486 ct
979 5432 1405 5491 immortalitatis
1428 5439 1554 5494 dote
1588 5439 1761 5494 nuda-

174 5532 313 5586 tum,
356 5519 546 5575 duram
590 5522 783 5577 mortis
826 5523 1056 5580 subiisse
1101 5529 1457 5595 sententiam,
1500 5546 1667 5604 seque
1706 5532 1762 5589 in

170 5612 331 5667 malis
372 5612 486 5667 suis
513 5614 782 5683 quoddam
813 5615 881 5671 de
913 5618 1350 5686 praevaricatoris
1385 5627 1657 5683 consortio
1683 5624 1765 5684 in-

169 5705 386 5761 venisse
413 5703 686 5770 solatium,
716 5706 883 5762 Deum
921 5724 1134 5781 quoque
1156 5713 1380 5785 justitize
1404 5722 1652 5791 exigente
1678 5738 1764 5779 ra-

171 5794 323 5853 tione
351 5808 480 5866 erga
519 5794 790 5879 hominem
823 5813 983 5868 quem
1014 5803 1066 5857 in
1097 5813 1248 5862 tanto
1275 5807 1482 5868 honore
1511 5814 1765 5872 condide-

570 5887 845 5953 Ρλτιιοι..
886 5890 1145 5956 CXXX.

1836 3325 1919 3387 et.
1959 3318 2100 3374 sicut
2129 3319 2363 3378 Verbum
2408 3327 2475 3380 ab
2516 3330 2826 3400 aequalitate
2865 3345 3103 3405 paterna:
3131 3318 3317 3410 gloriae
3347 3358 3456 3399 non

1863 3413 2109 3479 recessit,
2158 3414 2230 3469 ita
2277 3432 2408 3472 caro
2455 3430 2704 3478 naturam
2751 3429 2921 3482 nostri
2949 3431 3164 3500 generis
3193 3449 3297 3488 non
3328 3434 3455 3490 reli-

1861 3502 1997 3572 quit.
2030 3502 2177 3560 Unus
2206 3507 2349 3562 enim
2386 3509 2637 3583 idemque
2666 3524 2770 3580 est,
2815 3520 2958 3587 quod
2993 3536 3135 3591 smpe
3165 3523 3452 3582 dicendum

1861 3602 1944 3649 est
1968 3610 2096 3652 vere
2137 3597 2231 3653 Dei
2277 3599 2459 3663 Filius,
2493 3613 2549 3659 et
2587 3620 2715 3662 vere
2740 3607 2976 3666 hominis
3008 3612 3149 3669 ﬁlius
3181 3633 3193 3669 :
3229 3634 3247 3665 ι
3286 3616 3452 3683 Deus,

1859 3700 1958 3757 per
1999 3688 2052 3743 id
2096 3688 2239 3759 quod
2288 3691 2343 3746 in
2383 3695 2650 3766 principio
2681 3711 2800 3755 erat
2829 3701 3084 3771 Verbum,
3132 3713 3187 3760 et
3215 3706 3455 3764 Verbum

1860 3787 1980 3832 erat
2000 3780 2139 3850 apud
2169 3783 2356 3851 Deum,
2380 3795 2433 3841 et
2458 3787 2602 3845 Deus
2629 3800 2750 3846 erat
2770 3792 3006 3850 Verbum
3032 3796 3213 3868 (Joan.
3244 3815 3285 3866 ι,
3311 3801 3394 3873 l);
3428 3821 3448 3856 ι

1867 3888 1885 3920 ι
1922 3871 2106 3939 homo,
2150 3889 2249 3946 per
2294 3877 2345 3932 id
2395 3881 2539 3951 quod
2573 3880 2805 3941 Verbum
2848 3902 2977 3944 caro
3023 3891 3223 3947 factum
3255 3871 3357 3959 est,
3399 3905 3456 3951 et

1860 3963 2123 4021 habitavit
2165 3968 2220 4023 in
2261 3972 2418 4027 nobis
2466 3973 2650 4047 (Joan.
2686 3994 2746 4044 ιι,
2776 3980 2896 4052 M);
2939 4002 2958 4036 ι
2996 4002 3014 4036 ι
3049 3984 3211 4052 Deus,
3259 4002 3356 4058 per
3399 3988 3454 4045 id

1860 4058 2001 4128 quod
2031 4063 2212 4117 omnia
2242 4079 2341 4134 per
2369 4067 2543 4138 ipsum
2575 4069 2717 4128 facta
2767 4085 2914 4146 sunt,
2949 4088 3004 4133 et
3050 4080 3168 4141 sine
3208 4081 3327 4151 ipso
3375 4082 3455 4138 fa-

1859 4157 2007 4206 ctum
2037 4161 2123 4208 est
2145 4155 2279 4210 nihil
2312 4156 2493 4228 (Joan.
2526 4178 2564 4228 ι,
2596 4164 2684 4237 3);
2720 4185 2738 4219 ι
2775 4166 2958 4236 homo,
2991 4186 3090 4241 per
3119 4172 3170 4227 id
3198 4174 3341 4244 quod
3370 4173 3455 4230 fa-

1858 4248 1981 4295 ctus
2006 4249 2186 4299 estex
2228 4247 2471 4315 muliere,
2511 4250 2685 4311 factus
2724 4265 2809 4315 est
2849 4261 2950 4316 sub
2996 4260 3135 4334 lege.
3187 4263 3455 4322 Nativitas

1859 4332 2039 4388 carnis
2061 4336 2428 4396 manifestatio
2461 4351 2545 4398 est
2570 4345 2819 4405 humanae
2850 4332 3077 4410 naturae.
3109 4354 3303 4413 Partus
3329 4358 3455 4415 Vir-

1860 4422 1999 4496 ginis
2026 4426 2223 4483 divina:
2262 4438 2349 4487 est
2389 4432 2606 4492 virtutis
2650 4437 2925 4497 indicium.
2969 4443 3196 4501 Infantia
3243 4448 3453 4518 parvuli

1862 4520 2168 4577 ostenditur
2194 4524 2501 4583 humilitate
2524 4544 2809 4590 cunarum.
2853 4535 3163 4609 Magnitudo
3186 4540 3454 4599 Altissimi

1861 4608 2172 4668 declaratur
2196 4617 2419 4675 vocibus
2453 4622 2790 4693 angelorum.
2822 4608 3025 4686 Similis
3060 4643 3142 4687 est
3170 4635 3451 4692 rudimen-

1863 4703 1933 4758 tis
1971 4703 2272 4774 hominum,
2321 4727 2484 4782 quem
2524 4714 2767 4774 Herodes
2806 4720 3002 4791 impius
3049 4724 3274 4780 molitur
3302 4729 3451 4783 occi-

1860 4791 2009 4849 dere.
2041 4793 2148 4851 Sed
2171 4797 2431 4857 Dominus
2460 4814 2543 4859 est
2563 4808 2825 4876 omnium,
2854 4825 3015 4880 quem
3044 4817 3184 4886 magi
3217 4820 3455 4888 gaudent

1859 4885 2176 4955 suppliciter
2221 4894 2469 4951 adorare.
2520 4894 2640 4952 Jam
2688 4915 2812 4956 cum
2860 4903 2926 4958 ad
2973 4885 3326 4975 praecursoris
3367 4912 3452 4967 sui

1857 4976 2086 5037 Joannis
2114 4981 2444 5054 baptismum
2471 4991 2700 5059 veniret,
2731 5009 2832 5050 nec
2863 4996 3057 5054 lateret
3091 5003 3233 5071 quod
3274 5005 3454 5062 carnis

1865 5070 2134 5129 velamine
2159 5083 2449 5147 tegeretur,
2475 5096 2577 5136 vox
2607 5082 2786 5141 Patris
2809 5087 2874 5141 de
2902 5089 3039 5145 caelo
3072 5070 3342 5162 intonans,
3373 5100 3456 5155 di-

1864 5163 1945 5218 xit
1972 5183 1984 5219 :
2022 5184 2041 5217 ‹
2077 5165 2175 5223 Hic
2196 5177 2281 5224 est
2303 5171 2473 5228 Filius
2496 5177 2648 5231 metis
2673 5177 2916 5242 dilectus,
2945 5182 2998 5237 in
3024 5199 3130 5253 quo
3160 5188 3288 5243 mihi
3319 5189 3454 5247 bene

1865 5257 2163 5325 complacni
2194 5257 2406 5329 (Matth.
2441 5278 2524 5329 ιιι,
2556 5265 2665 5337 l7).
2699 5286 2717 5318 ι
2754 5269 2923 5337 Quem
2954 5273 3136 5344 itaque
3175 5278 3314 5334 sicut
3358 5281 3455 5335 bo-

1867 5346 2065 5404 minem
2113 5351 2373 5409 diabolica
2413 5364 2587 5412 tentat
2633 5363 2871 5430 astutia,
2921 5365 3094 5422 eidem
3142 5370 3283 5426 sicut
3344 5371 3454 5428 Deo

1867 5441 2108 5511 angelica
2152 5442 2483 5500 famulantur
2522 5447 2715 5505 cilicia.
2757 5452 2996 5522 Esurire,
3046 5458 3219 5524 sitire,
3255 5460 3453 5518 lasces-

1864 5547 2008 5599 sere,
2043 5540 2204 5605 atque
2232 5536 2468 5594 dormire
2496 5540 2777 5599 evidenter
2803 5545 3095 5603 humanum
3125 5558 3226 5605 est.
3262 5550 3367 5606 Sed
3396 5561 3453 5608 et

1866 5627 1932 5682 de
1972 5628 2211 5699 quinque
2249 5629 2500 5700 panibus,
2535 5634 2773 5706 quinque
2818 5638 2983 5693 millia
3034 5639 3313 5695 hominum
3358 5657 3452 5697 sa-

1867 5717 2038 5784 tiare,
2087 5726 2143 5773 et
2189 5719 2377 5792 largiri
2429 5723 2787 5784 Samaritana;
2833 5745 3027 5799 aquam
3080 5733 3253 5788 vivam
3300 5733 3454 5803 cujus

1869 5817 2097 5872 haustus
2127 5812 2334 5873 bibenti
2367 5827 2610 5887 praestat,
2654 5836 2722 5879 ne
2751 5821 3026 5892 ultraojam
3059 5824 3236 5893 sitiat,
3267 5836 3323 5882 et
3359 5841 3454 5884 su-

3023 5914 3101 5976 25
