3968 6462
543 314 643 370 ιπι

1362 301 1656 364 APPEND.
1691 300 1787 361 AD
1820 298 1993 361 SEC.
2034 301 2127 361 IX.
2168 333 2240 349 —
2282 299 2564 377 lSlDORl}
2584 301 3029 364 MERCATORIS

3750 304 3859 361 πί

540 444 640 503 pra
677 426 895 483 dorsum
939 422 1109 480 maris
1136 418 1337 494 plantis
1364 435 1470 478 non
1507 417 1911 476 subsidentibus
1941 418 2133 476 ambu-
2166 423 2210 483 Α
2239 418 2385 485 dele,
2411 418 2537 490 quia
2579 419 2805 491 spiritus
2846 435 3064 476 carnem
3102 425 3158 477 et
3185 433 3308 477 ossa
3342 434 3453 477 non
3496 419 3675 477 habet
3713 420 3857 477 sicut

541 521 679 587 lare,
708 529 763 574 et
785 518 1049 575 elationes
1075 513 1332 570 ﬂuctuum
1359 513 1637 585 increpata
1665 521 1982 585 tempestate
2008 528 2137 569 con-

543 620 810 676 sternere,
854 609 970 664 sine
1000 605 1354 678 ambiguitate
1396 604 1635 659 divinum
1666 611 1767 659 est.
1814 601 1968 659 Sicut
2007 617 2137 676 ergo

542 704 627 778 (ut
657 702 822 758 multa
851 697 1199 773 praeteream)
1228 711 1332 753 non
1376 693 1620 767 ejusdem
1662 704 1869 751 naturae
1898 703 1981 751 est
2007 693 2138 751 ﬁere

540 794 909 853 miserationis
953 790 1146 848 aﬁ‘ectu
1190 790 1426 846 amicum
1473 798 1770 857 mortuum,
1802 796 1858 844 et
1885 789 2136 844 eumdem

540 896 752 945 remoto
778 885 1152 958 quatriduanae
1196 898 1393 957 aggere
1422 883 1719 955 sepulturae
1760 882 1827 939 ad
1852 881 2001 939 vocis
2037 882 2138 938 im-

538 994 750 1053 perium
776 980 1019 1035 excitare
1048 976 1376 1041 redivivum,
1412 984 1507 1031 aut
1538 974 1590 1030 in
1623 975 1768 1046 ligno
1798 975 2055 1046 pendere,
2074 964 2139 1029 et

538 1076 597 1131 in
648 1081 862 1129 noctem
912 1071 1031 1129 luce
1079 1085 1341 1127 conversa
1388 1068 1573 1125 omnia
1625 1068 1891 1125 elementa
1941 1078 2139 1124 treme-

538 1164 742 1231 facere,
768 1172 863 1225 aut
894 1163 1065 1220 clavis
1092 1161 1413 1219 transﬁxum
1440 1176 1582 1228 esse,
1607 1170 1663 1217 et
1688 1159 1925 1232 paradisi
1951 1168 2138 1233 portas

537 1256 664 1315 ﬁdei
711 1255 940 1313 latronis
982 1254 1217 1327 aperire,
1265 1253 1341 1309 ita
1382 1269 1488 1309 non
1534 1251 1772 1323 ejusdem
1806 1261 2012 1307 natura:
2055 1261 2139 1308 est

537 1351 719 1408 dicere
749 1368 764 1406 :
798 1370 818 1404 ι
855 1349 966 1421 Ego
991 1356 1045 1404 et
1073 1348 1233 1403 Pater
1257 1362 1424 1402 unum
1453 1361 1640 1404 sumus
1669 1345 1851 1416 (Joan.
1881 1361 1937 1412 χ,
1969 1344 2084 1418 50),
2112 1364 2132 1398 ι

537 1453 594 1500 et
621 1445 833 1501 dicere:
867 1464 885 1497 ι
933 1441 1093 1499 Pater
1131 1439 1303 1512 major
1347 1456 1434 1496 me
1473 1448 1556 1496 est
1598 1438 1780 1510 (Joan.
1822 1436 2076 1511 xw,.28).
2113 1456 2132 1492 ι

537 1537 797 1603 Quamvis
823 1536 965 1593 enim
996 1536 1048 1590 in
1082 1533 1310 1589 Domino
1335 1531 1460 1589 Jesu
1497 1529 1717 1587 Christo
1752 1528 1845 1585 Dei
1874 1537 1928 1585 et
1960 1528 2137 1584 homi-

536 1630 626 1686 nis
666 1645 771 1684 una
809 1642 1038 1699 persona
1075 1627 1178 1693 sit,
1226 1624 1363 1680 alius
1408 1634 1586 1680 tamen
1630 1632 1716 1678 est
1765 1620 1909 1677 unde
1949 1629 2140 1676 contu-

539 1720 723 1786 melia,
761 1718 898 1775 alius
942 1719 1082 1774 unde
1129 1715 1431 1773 communis
1478 1724 1562 1772 est
1610 1712 1799 1784 gloria.
1830 1713 1907 1768 De
1950 1720 2138 1769 nostro

2238 522 2326 565 me
2360 508 2554 564 videtis
2583 508 2782 564 habere
2812 508 2967 580 (Luc.
2997 524 3149 577 nlv,
3184 509 3301 583 39),
3339 530 3358 564 ι
3396 519 3458 566 ιιι
3487 526 3857 582 cegnoscere-

2240 611 2329 660 tur
2357 604 2412 658 in
2435 617 2501 659 eo
2527 603 2833 675 proprietas
2856 602 3051 658 divinae
3088 602 3447 675 huinanzeque
3472 615 3696 661 natura:
3718 606 3860 662 indi-

2238 695 2401 751 vidua
2435 710 2776 768 permanere,
2804 704 2862 752 et
2899 694 2973 750 ita
3009 697 3274 753 sciremus
3304 698 3542 754 Verbum
3594 715 3710 755 non
3761 701 3860 756 hoc.

2238 801 2362 844 esse
2391 788 2534 859 quod
2573 800 2815 853 carnem,
2857 796 2919 843 ut
2961 803 3126 843 unum
3161 788 3257 845 Dei
3297 787 3495 844 Filium
3524 798 3586 846 et
3616 788 3856 847 Verbum

2239 878 2627 936 confiteremur
2647 887 2701 934 et
2730 894 2972 936 carnem.
3002 879 3122 950 Quo
3157 880 3279 938 ﬁdei
3314 892 3672 939 sacramento
3704 882 3857 938 Euti-

2242 970 2372 1026 ches
2402 970 2505 1025 iste
2531 970 2757 1026 nimium
2783 971 3134 1029 aestimandus
3166 981 3251 1031 est
3286 988 3517 1043 vacuus,
3552 976 3649 1047 qui
3702 988 3857 1031 natu-

2242 1078 2359 1119 ram
2396 1071 2633 1119 nostram
2667 1063 2723 1119 in
2754 1064 3029 1137 unigenito
3076 1065 3170 1122 Dei
3217 1082 3318 1124 nec
3358 1082 3457 1141 per
3483 1068 3856 1125 humilitatem

2241 1155 2611 1222 mortalitatis,
2643 1172 2743 1212 nec
2768 1171 2864 1228 per
2896 1156 3123 1230 gloriam
3153 1160 3583 1216 resurrectionis
3612 1162 3854 1230 agnovit.

2241 1244 2350 1303 Nec
2389 1249 2711 1303 sententiam
2750 1247 2897 1305 beati
2949 1247 3103 1307 Pauli
3141 1258 3196 1307 et
3232 1251 3586 1324 evangelista:
3631 1250 3856 1309 Joannis

2240 1342 2458 1413 expavit
2480 1341 2759 1399 dicentes:
2796 1361 2815 1395 ι
2851 1342 3041 1400 Omnis
3073 1345 3295 1417 spiritus
3322 1346 3415 1418 qui
3446 1347 3756 1403 conﬁtequ
3773 1346 3857 1404 Je-

2241 1449 2361 1489 sum
2389 1432 2662 1489 Christum
2692 1434 2747 1490 in
2777 1451 2944 1492 carne
2972 1437 3187 1496 venisse
3213 1454 3281 1495 ex
3311 1437 3426 1495 Deo
3453 1450 3567 1506 est,
3593 1449 3653 1497 et
3682 1441 3854 1498 omnis

2241 1526 2466 1598 spiritus
2488 1527 2576 1598 qui
2604 1527 2766 1585 solvit
2798 1527 2984 1586 Jesum
3005 1575 3018 1598 ,
3057 1547 3125 1588 ex
3155 1532 3265 1589 Deo
3293 1548 3400 1590 non
3429 1542 3535 1601 est,
3569 1543 3629 1589 et
3656 1535 3751 1591 hic
3776 1545 3854 1590 est

2240 1619 2609 1676 Antichristus
2623 1618 2678 1693 (I
2690 1619 2854 1676 Joan.
2871 1637 2948 1690 iv,
2964 1622 3019 1691 Ξ,
3034 1623 3112 1697 3).
3137 1644 3156 1677 ι
3174 1623 3311 1693 Quid
3334 1636 3518 1681 autem
3534 1633 3625 1681 est
3646 1625 3852 1682 solvere

2251 1710 2415 1786 190
2465 1711 2650 1769 Jesum
2705 1716 2807 1772 nisi
2840 1718 3132 1773 humanam
3179 1719 3248 1775 ab
3287 1735 3353 1775 eo
3379 1735 3651 1791 separare
3692 1730 3848 1775 natu-

536 1813 682 1867 enim
731 1811 803 1866 illi
853 1818 938 1866 est
984 1810 1163 1864 minor
1197 1808 1357 1863 Patre
1390 1806 1723 1873 humanitas,
1756 1804 1824 1861 de
1862 1786 2023 1859 Patre
2064 1803 2141 1860 illi
2175 1799 2216 1859 Β
2244 1819 2388 1871 ram,
2422 1812 2479 1860 et
2516 1818 2919 1863 sacramentum
2968 1810 3090 1866 ﬁdei
3124 1828 3220 1884 per
3254 1815 3398 1884 quod
3429 1814 3637 1869 salvati
3669 1830 3850 1870 sumus

536 1914 619 1960 est
649 1902 873 1974 aequalis
900 1917 1022 1958 eum
1052 1901 1216 1957 Patre
1245 1900 1520 1956 divinitas.

603 1997 696 2064 1V,
731 1995 791 2052 V.
815 1996 1043 2067 Propter
1069 1995 1209 2049 hanc
1256 1994 1519 2047 uilitatem
1548 2005 1795 2064 personae
1829 1989 1882 2047 in
1906 1998 2139 2061 utraque

533 2099 726 2145 natura
769 2087 1197 2160 intelligendam,
1241 2095 1293 2141 et
1337 2084 1481 2139 ﬁlius
1552 2083 1789 2139 hominis
1825 2081 2022 2152 legitur
2048 2083 2141 2136 de-

534 2157 815 2238 scendisse
859 2181 928 2235 de
948 2157 1135 2245 Vetelo,
1180 2194 1301 2235 cum
1350 2176 1520 2232 Filius
1562 2176 1655 2230 Dei
1703 2190 1923 2231 carnem
1968 2175 2034 2230 de
2076 2189 2139 2230 ea

531 2273 767 2344 virgine,
811 2276 878 2328 de
916 2285 1021 2343 qua
1051 2278 1135 2325 est
1182 2278 1361 2335 natus,
1408 2267 1784 2339 assumpserit.
1837 2267 1905 2323 Et
1950 2282 2140 2324 rursus

533 2364 704 2422 Filius
748 2362 851 2419 Dei
898 2359 1197 2419 cruciﬁxus
1234 2360 1431 2415 dicitur
1471 2374 1536 2414 ac
1578 2359 1840 2429 sepultus,
1870 2373 1994 2413 eum
2026 2359 2143 2412 haec

534 2474 642 2514 non
692 2458 748 2513 in
792 2456 1073 2513 divinitate
1116 2456 1227 2527 ipsa
1262 2470 1366 2525 qua
1419 2452 1727 2526 nnigcnitus
1753 2452 2141 2523 consempiter-

532 2567 637 2608 nus
664 2560 721 2608 et
753 2548 1238 2607 consubstantialis
1267 2556 1351 2603 est
1385 2544 1555 2612 Patri,
1588 2546 1680 2601 sed
1716 2545 1767 2599 in
1805 2554 2012 2599 natura:
2040 2543 2140 2597 hu-

531 2660 709 2704 mana:
751 2644 822 2699 sit
872 2640 1191 2697 inﬁrmitate
1239 2653 1549 2711 perpessus.
1606 2637 1757 2693 Unde
1803 2635 2139 2708 unigenitum

531 2732 730 2792 Filium
778 2731 870 2786 Dei
902 2728 1222 2785 cruciﬁxum
1267 2735 1322 2782 et
1361 2724 1632 2795 sepultum
1674 2739 1865 2779 omnes
1892 2722 2054 2776 etiam
2084 2720 2137 2775 in

535 2824 793 2904 Symbolo
830 2821 1152 2879 conﬁtemur
1188 2819 1487 2875 secundum
1531 2817 1661 2872 illud
1690 2814 1930 2887 Apostoli
1965 2830 1978 2868 :
2019 2835 2036 2861 σ
2076 2811 2139 2868 Si

531 2918 679 2976 enim
728 2914 1133 2988 cognovissent,
1182 2926 1461 2981 nunquam
1507 2908 1794 2964 Dominum
1845 2907 2142 2977 majestatis

532 3007 935 3067 cruciﬁxisseut
971 3003 1020 3074 (Ι
1051 3002 1173 3059 Cor.
1208 3018 1269 3068 ιι,
1300 3000 1378 3073 8).
1418 3021 1437 3053 ι
1482 3001 1617 3056 Cum
1657 3007 1837 3055 autem
1880 2998 1992 3069 ipse
2028 2996 2138 3051 Do-

534 3104 716 3159 minus
769 3110 955 3159 noster
1006 3107 1168 3170 atque
1225 3096 1476 3153 Salvator
1530 3094 1694 3150 ﬁdem
1750 3093 2137 3165 discipulorum

2217 1892 2760 1966 'imprudeutissimis
2783 1914 3048 1956 cvacuare
3066 1902 3399 1975 jﬁgmentis?
3433 1904 3706 1979 Caligans
3729 1921 3847 1961 vero

2242 1986 2390 2043 circa
2423 1998 2669 2045 naturam
2695 1993 2940 2063 corporis
2970 1992 3197 2062 Christi,
3222 2012 3442 2053 necesse
3463 2008 3552 2054 est
3585 2009 3652 2053 ut
3687 2000 3845 2054 etiam

2244 2076 2296 2132 in
2318 2079 2569 2149 passione
2625 2080 2739 2151 ejus
2802 2084 2993 2139 eadem
3032 2086 3394 2143 obcaecatione
3426 2089 3693 2160 desipiat.
3719 2089 3845 2143 Nam

2243 2169 2285 2223 si
2313 2185 2529 2225 crurem
2557 2170 2769 2227 Domini
2800 2190 2904 2228 nou
2930 2184 3084 2247 putat
3114 2174 3306 2232 falsam
3330 2187 3386 2233 et
3411 2192 3737 2251 susceptum
3758 2196 3849 2251 pro

2243 2262 2428 2316 mundi
2457 2263 2631 2318 salute
2660 2266 2981 2337 supplicium
3016 2284 3198 2324 verum
3248 2268 3414 2327 fuisse
3461 2287 3573 2327 non
3614 2273 3844 2339 dubitat,

2243 2355 2399 2427 cujus
2455 2357 2648 2425 credit,
2700 2370 2961 2430 agnoscat
3006 2371 3061 2418 et
3109 2377 3348 2418 carnem.
3392 2362 3507 2421 Nec
3553 2363 3849 2422 diﬁiteatur

2239 2446 2410 2502 nostri
2442 2448 2688 2520 corporis
2720 2449 2992 2506 hominem
3020 2468 3179 2524 quem
3209 2454 3488 2525 cognoscit
3518 2454 3698 2513 fuisse
3725 2472 3845 2530 pas-

2240 2538 2472 2592 sibilom.
2514 2537 2780 2607 Quoniam
2815 2543 3028 2615 negatio
3058 2558 3201 2598 vera:
3252 2547 3459 2613 carnis,
3488 2548 3717 2619 negatio
3770 2558 3848 2604 est

2240 2629 2404 2683 etiam
2457 2645 2733 2702 corporeae
2802 2633 3090 2705 passionis.
3157 2634 3214 2690 St
3275 2624 3422 2692 enim
3474 2635 3845 2696 Chrisianan

2240 2722 2480 2793 suscepit
2529 2722 2712 2791 ﬁdem,
2744 2734 2855 2779 eta
2902 2726 3290 2798 praedicatione
3338 2727 3626 2805 Evangelii
3684 2748 3844 2788 suum

2242 2829 2349 2869 non
2405 2816 2603 2870 avertit
2655 2816 2926 2885 auditum,
2956 2818 3138 2874 videat
3185 2806 3304 2892 qua:
3341 2831 3536 2876 natura
3578 2825 3845 2880 transﬁxa

2240 2908 2412 2965 clavis
2441 2912 2755 2982 pependerit
2784 2929 2838 2968 in
2870 2914 3048 2969 crucis
3074 2908 3246 2988 ligno,
3286 2926 3361 2984 et,
3391 2924 3585 2989 aperto
3616 2934 3716 2990 per
3745 2920 3842 2975 uii-

2241 2999 2353 3057 litis
2380 3000 2625 3057 lanceam
2657 3001 2827 3060 latere
2854 3004 3124 3073 cruciﬁxi,
3158 3007 3423 3080 intelligat
3450 3011 3594 3065 unde
3620 3011 3843 3084 sanguis

2240 3102 2295 3149 et
2318 3110 2457 3166 aqua
2473 3094 2804 3163 efﬂuxerint,
2819 3105 2879 3151 ut
2902 3096 3143 3154 Ecclesia
3160 3098 3253 3154 Dei
3271 3099 3487 3156 lavacro
3505 3100 3777 3174 rigaretur
3795 3112 3842 3157 et

534 3211 758 3254 suorum
788 3194 900 3250 suis
930 3191 1444 3261 interrogationibus
1469 3189 1745 3256 erudiret,
1780 3207 1798 3240 ι
1832 3203 2017 3260 quem,
2053 3189 2135 3244 iu-
2165 3178 2211 3242 C
2243 3186 2452 3258 poculo.
2484 3188 2681 3244 Audiat
2710 3189 2931 3247 beatum
2954 3189 3174 3248 Petrum
3198 3182 3502 3266 apostolum
3526 3199 3835 3268 pradican-

537 3290 677 3361 quit,
706 3287 893 3343 dicunt
922 3285 1166 3341 homines
1201 3300 1322 3341 esse
1343 3281 1539 3338 Filium
1562 3283 1834 3338 hominis?
1869 3303 1887 3337 ι
1921 3282 2138 3355 (Matth.

534 3398 656 3447 va,
693 3379 804 3452 l5.)
863 3381 1106 3449 Cumque
1144 3377 1222 3433 illi
1271 3377 1513 3434 diversas
1568 3375 1799 3432 aliorum
1860 3378 2143 3446 opiniones

536 3474 917 3540 retexuissent,
941 3490 958 3524 ‹
985 3471 1092 3527 Vos
1116 3479 1314 3529 autem.
1342 3470 1616 3542 ait,’quem
1641 3483 1726 3523 me
1739 3484 1858 3525 esse
1880 3467 2096 3525 dicitis?
2116 3488 2135 3522 ι

535 3567 636 3625 Ubi
682 3569 873 3623 beatus
921 3565 1116 3621 Petrus
1165 3563 1422 3619 divinitus
1470 3563 1796 3634 inspiratus,
1836 3572 1893 3619 et
1930 3563 2139 3620 confes-

537 3663 689 3717 sione
736 3676 833 3717 sua
881 3658 1135 3714 omnibus
1178 3656 1432 3729 gentibus
1479 3655 1793 3731 profuturus
1828 3674 1839 3709 :
1878 3675 1897 3708 ι
1937 3656 2015 3711 Tu
2057 3672 2139 3724 es,

536 3753 749 3825 inquit,
789 3751 1040 3809 Christus
1076 3748 1248 3805 Filius
1290 3748 1388 3804 Dei
1419 3748 1524 3804 vivi
1567 3747 1785 3821 (Matth.
1822 3764 1930 3813 xvr,
1964 3746 2073 3819 l6).
2116 3769 2135 3802 ι

537 3843 647 3900 Nec
678 3843 950 3900 immerito
986 3842 1176 3897 beatus
1206 3850 1293 3896 est
1317 3839 1700 3913 pronuntiatus
1726 3856 1755 3894 a
1797 3839 2045 3905 Domino,
2087 3849 2143 3897 et

537 3956 567 3997 a
612 3936 892 4009 principali
942 3945 1095 4007 petra
1138 3934 1489 4000 soliditatem,
1521 3941 1577 3988 et
1611 3934 1828 3990 virtutis
1876 3935 2042 3990 traxit
2086 3941 2142 3989 et

537 4031 796 4097 nominis,
830 4030 924 4099 qui
969 4042 1067 4098 per
1114 4026 1500 4082 revelatiouem
1542 4024 1742 4092 Patris,
1790 4021 2040 4081 etnudem
2086 4035 2142 4083 et

536 4124 734 4184 Filium
762 4122 860 4179 Dei
883 4131 968 4177 est
989 4118 1270 4177 confessus
1295 4131 1351 4175 et
1371 4118 1667 4186 Christum,
1692 4119 1817 4191 quia
1847 4136 2010 4176 unum
2040 4121 2138 4176 hoc

538 4234 661 4273 rum
689 4216 807 4273 sine
852 4214 959 4270 alio
1001 4221 1280 4285 receptum
1326 4227 1433 4268 non
1477 4212 1731 4282 proderat
1775 4214 1841 4268 ad
1885 4213 2135 4270 salutem.

539 4309 647 4366 Sed
672 4306 896 4380 aequalis
920 4315 1040 4363 erat
1065 4305 1291 4377 periculi
1329 4304 1616 4361 Dominum
1656 4302 1839 4362 Jesum
1863 4306 2138 4367 Christum

538 4411 636 4458 aut
665 4402 832 4455 Deum
866 4398 1241 4455 tantummodo
1290 4397 1406 4454 sine
1452 4397 1691 4465 homine,
1740 4407 1836 4455 aut
1879 4399 1997 4473 sine
2028 4400 2139 4459 Deo

538 4495 712 4554 solum
735 4492 1012 4551 hominem
1035 4490 1349 4547 credidisse.
1381 4490 1509 4546 Post
1526 4491 1984 4548 resurrectionem
2008 4507 2138 4549 vero

539 4587 753 4657 Domini
785 4601 905 4659 quae
931 4586 1116 4656 utique
1145 4584 1256 4638 veri
1283 4583 1517 4639 hominis
1542 4583 1664 4651 fuit,
1693 4587 1820 4656 quia
1856 4584 1993 4641 alter
2028 4602 2133 4642 non

538 4691 623 4739 est
650 4680 1026 4742 resuscitatus,
1052 4692 1214 4748 quam
1244 4676 1334 4749 qui
1363 4676 1539 4731 fuerat
1564 4676 1878 4745 cruciﬁxus,
1912 4688 1968 4733 et
1992 4694 2135 4741 mor-

540 4787 684 4845 tuus,
726 4775 856 4848 quid
900 4773 1044 4829 aliud
1091 4771 1448 4843 quadraginta
1479 4771 1688 4827 dierum
1736 4787 1890 4828 mora
1923 4782 2133 4845 gestum

538 4879 657 4936 cst,
703 4883 866 4938 quam
904 4875 961 4920 ut
1004 4862 1129 4919 lidei
1167 4870 1369 4918 nostra:
1406 4860 1687 4932 integritas
1717 4863 1786 4918 ab
1821 4863 1969 4918 omni
2005 4863 2141 4919 cali-

545 4964 670 5032 gine
703 4956 1091 5015 mundarctur?
1132 4954 1456 5027 Colloquens
1500 4953 1647 5009 enim
1689 4969 1815 5011 cum
1857 4955 2139 5029 discipulis

541 5053 679 5119 suis,
709 5061 763 5106 et
798 5050 1123 5123 cohabitans
1144 5056 1305 5118 atque
1338 5060 1693 5113 convescens,
1720 5055 1775 5103 et
1811 5049 2138 5120 pertractari

542 5161 603 5201 se
636 5144 876 5215 diligenti
907 5143 1232 5213 curiosoque
1262 5149 1514 5197 contactu
1553 5141 1623 5196 ab
1665 5140 1747 5196 eis
1782 5156 1918 5211 quos
1953 5142 2141 5199 dubie-

543 5248 631 5295 tas
654 5235 1052 5309 perstringebat
1079 5234 1393 5290 admittens.
1424 5232 1550 5289 ldeo
1579 5231 1782 5289 clausis
1808 5234 1874 5288 ad
1902 5234 2144 5305 discipu-

543 5328 628 5387 los
652 5327 835 5399 januis
859 5327 1123 5383 introibat
1150 5334 1206 5383 et
1231 5324 1359 5381 ﬁatu
1389 5340 1492 5381 suo
1523 5325 1688 5383 dabat
1729 5324 1990 5397 Spiritum
2015 5340 2141 5384 san-

542 5432 727 5489 ctum,
782 5429 837 5477 et
888 5420 1085 5476 donato
1144 5418 1515 5491 intelligentiae
1567 5417 1772 5476 lumine
1825 5430 2137 5476 sanctarum

545 5514 952 5588 Scripturarum
1000 5511 1211 5569 occulta
1266 5511 1559 5583 pandebat.
1611 5512 1681 5569 Et
1726 5528 1948 5583 rursus,
2001 5513 2142 5570 idem

544 5609 740 5665 vulnus
780 5607 989 5673 lateris,
1022 5606 1225 5663 ﬁxuras
1253 5606 1554 5674 clavorum,
1586 5615 1645 5663 et
1670 5608 1851 5663 omnia
1883 5610 2146 5665 recentis-

546 5700 698 5755 sima:
727 5699 994 5771 passionis
1023 5698 1176 5771 signa
1216 5699 1578 5765 monstrabat,
1619 5699 1805 5756 dicens
1839 5717 1853 5754 :
1901 5717 1921 5750 ι
1957 5698 2146 5755 Videte

547 5805 743 5856 manus
772 5806 920 5850 meas
952 5804 1003 5851 et
1040 5793 1226 5864 pedes,
1258 5792 1383 5865 quia
1419 5806 1519 5865 ego
1545 5807 1664 5849 sum
1683 5834 1698 5860 ,
1730 5791 1944 5875 palpate
1986 5801 2041 5851 et
2066 5794 2145 5849 vi-

2166 4552 2216 4614 D

2248 3285 2352 3332 tem
2383 3279 2527 3350 quod
2557 3281 2914 3338 sanctiﬁcatio
2947 3283 3173 3354 Spiritus
3209 3302 3307 3356 per
3332 3289 3706 3358 aspersionem
3751 3288 3842 3344 ﬁat

2244 3368 2525 3440 sanguinis
2576 3369 2804 3427 Christi.
2867 3372 2977 3429 Nec
3027 3376 3343 3433 transitorie
3394 3378 3538 3452 legat
3596 3382 3838 3453 ejusdem

2244 3463 2473 3533 apostoli
2504 3464 2668 3520 verba
2691 3466 2921 3521 dicentis
2951 3485 2966 3523 :
3002 3486 3020 3519 σ
3051 3467 3300 3528 Scientes
3338 3473 3484 3545 quod
3511 3490 3622 3531 non
3650 3490 3838 3531 corru-

2243 3553 2525 3624 ptibilibus
2573 3566 2800 3628 argento
2849 3566 2905 3614 et
2936 3575 3069 3617 auro
3105 3561 3369 3636 redempti
3424 3566 3559 3623 estis
3583 3567 3653 3623 de
3703 3583 3839 3623 vana

2244 3656 2425 3702 vestra
2456 3651 2869 3707 conversatione
2907 3653 3148 3725 pristinae
3198 3657 3508 3715 traditionis
3530 3700 3544 3726 ,
3575 3661 3677 3718 sed
3717 3677 3838 3735 ple-

2244 3738 2384 3796 tioso
2398 3742 2680 3813 sanguine,
2701 3744 2856 3814 quasi
2874 3746 2999 3817 agni
3023 3746 3457 3818 incontaminati,
3470 3748 3603 3809 Jesu
3617 3752 3835 3810 Christi.

2245 3828 2294 3900 (1
2325 3830 2472 3887 Petr.
2502 3848 2543 3900 ι,
2569 3833 2657 3901 18,
2687 3834 2796 3910 l9).
2830 3856 2849 3890 ι
2884 3835 3037 3894 Beati
3088 3854 3305 3913 quoque
3336 3838 3565 3899 Joannis
3611 3842 3836 3916 apostoli

2246 3925 2560 3982 testimonio
2613 3943 2721 3985 non
2771 3930 2990 3986 resistat
3043 3932 3316 3990 dicentis:
3378 3954 3397 3988 ι
3456 3934 3565 3991 Sed
3620 3938 3835 4010 sanguis

2242 4013 2367 4072 Jesu
2395 4017 2487 4074 ﬁlii
2516 4018 2610 4075 Dei
2641 4023 2900 4078 emendat
2930 4039 3029 4079 nos
3054 4024 3123 4081 ab
3147 4027 3292 4082 omni
3319 4038 3544 4097 peccato
3567 4027 3626 4100 (Ι
3677 4028 3829 4085 Ιοαιι.

2243 4124 2284 4176 ι,
2322 4110 2440 4181 ιηλ
2481 4128 2501 4163 ι
2531 4120 2587 4166 et
2637 4113 2837 4168 iterum
2872 4132 2885 4169 :
2922 4114 3047 4173 Haec
3100 4126 3183 4172 est
3225 4119 3452 4175 victoria
3502 4136 3629 4193 qua:
3680 4121 3832 4177 vincit

2242 4201 2524 4270 mundum,
2544 4202 2677 4261 ﬁdes
2690 4214 2897 4262 nostra.
2920 4207 3124 4279 thuis
3146 4212 3341 4283 estqui
3365 4214 3536 4268 vincit
3554 4216 3826 4281 mundum,

2240 4293 2344 4349 nisi
2370 4295 2462 4367 qui
2485 4297 2657 4352 credit
2682 4300 2937 4370 quoniam
2963 4300 3122 4359 Jesus
3152 4314 3230 4359 est
3257 4305 3427 4362 Filius
3462 4306 3601 4362 Dei?
3630 4308 3730 4365 Hie
3754 4316 3829 4365 est

2241 4388 2334 4461 qui
2359 4389 2509 4446 venit
2546 4405 2644 4462 per
2670 4407 2869 4463 aquam
2911 4404 2967 4450 et
3009 4398 3327 4469 sanguinem
3371 4397 3533 4456 Jesus
3562 4400 3824 4457 Christus.

2243 4481 2358 4539 Non
2385 4481 2438 4537 in
2465 4484 2823 4554 aqua'solum,
2852 4488 2948 4544 sed
2974 4488 3029 4544 in
3058 4504 3195 4561 aqua
3225 4499 3279 4547 et
3303 4492 3589 4565 sanguine.
3623 4494 3691 4551 Et
3718 4494 3829 4566 Spi-

2242 4576 2380 4631 ritus
2408 4586 2492 4633 est
2525 4578 2617 4650 qui
2648 4580 2973 4636 testiﬁcatur
3007 4583 3262 4653 quoniam
3289 4583 3548 4647 Christus
3570 4597 3661 4645 est
3691 4588 3829 4649 Veri:

2240 4678 2340 4725 tas.
2371 4669 2504 4739 Quia
2537 4691 2556 4725 ‹
2582 4680 2692 4731 tres
2716 4682 2844 4729 sunt
2866 4676 2958 4745 qui
2985 4676 3352 4735 testimonium
3377 4679 3511 4751 dant
3534 4699 3551 4735 :
3578 4680 3825 4755 Spiritus,

2240 4777 2401 4833 aqua,
2452 4772 2507 4819 et
2554 4765 2791 4837 sanguis,
2817 4776 2873 4822 et
2916 4767 2969 4823 hi
3000 4777 3109 4826 tres
3133 4785 3298 4826 unum
3324 4781 3452 4827 sunt
3500 4772 3555 4845 (I
3587 4774 3751 4830 Jan.
3774 4788 3823 4841 v,

2240 4853 2295 4916 4.
2328 4854 2401 4927 8).
2446 4874 2466 4907 ι
2519 4853 2755 4929 Spiritus
2797 4857 2987 4929 utique
3012 4860 3482 4931 sanctiﬁcationis,
3514 4872 3571 4919 et
3620 4864 3825 4937 sanguis

2245 4946 2651 5018 redemptionis,
2683 4957 2738 5004 et
2779 4964 2918 5022 aqua
2974 4950 3337 5024 baptismatis,
3368 4968 3492 5025 qua:
3526 4956 3639 5010 tria
3667 4968 3819 5010 unum

2248 5049 2394 5106 sunt,
2421 5052 2477 5097 et
2498 5041 2774 5098 individua
2796 5053 3041 5112 manent,
3065 5045 3306 5119 nihilque
3323 5062 3516 5103 eorum
3545 5063 3575 5103 a
3602 5049 3686 5106 sui
3707 5063 3821 5106 eon-

2250 5135 2477 5191 nexioue
2502 5135 2821 5211 sejungitur.
2846 5139 2982 5208 Quia
3012 5141 3287 5199 catholica
3314 5141 3565 5202 Ecclesia
3601 5146 3707 5202 hac
3729 5143 3823 5200 ﬁde

2248 5228 2381 5285 vivit
2427 5245 2492 5286 ac
2543 5231 2779 5301 proﬁcit,
2810 5241 2868 5288 ut
2897 5233 2952 5288 iu
2982 5231 3199 5292 Christo
3243 5232 3367 5292 Jesu
3399 5251 3504 5293 nec
3539 5237 3662 5294 sine
3708 5251 3821 5293 vera

2249 5323 2531 5380 divinitate
2560 5324 2888 5395 humanitas,
2916 5343 3018 5384 nec
3060 5328 3181 5385 sine
3208 5344 3336 5386 vera
3365 5332 3626 5389 credatur
3651 5332 3821 5390 buma-

2247 5417 2415 5475 nitate
2443 5417 2720 5475 divinitas.

2320 5510 2407 5568 Vl.
2437 5509 2571 5568 Cum
2600 5522 2781 5573 autem
2805 5512 2874 5570 ad
2892 5513 3365 5604 interlocutionem
3378 5517 3651 5574 examinis
3675 5513 3819 5573 vestri

2248 5603 2521 5677 Eutyches
2547 5603 2906 5678 responderit,
2942 5606 3131 5665 dicens
3168 5623 3184 5663 :
3224 5608 3505 5666 Conﬁteor
3534 5625 3603 5667 ex
3629 5608 3812 5670 duabus

2248 5697 2459 5754 naturis
2483 5696 2652 5755 fuisse
2690 5698 2977 5755 Dominum
2998 5708 3242 5757 nostrum
3268 5710 3397 5758 ante
3417 5700 3807 5761 adunatiouem.

2249 5801 2371 5877 post
2416 5790 2800 5863 adunationem
2845 5806 2973 5853 vero
3032 5810 3196 5855 unam
3255 5804 3511 5879 naturam
3540 5796 3806 5865 conﬁteor;
