3968 6444
182 343 294 402 m

1439 337 1933 399 DECRETALIUM
1958 331 2379 400 COLLECTIO.‘

3365 342 3471 411 Ἧι

178 471 364 512 miror
386 464 499 515 tam
530 454 821 513 absurdam
844 463 1064 527 tamque
1088 467 1401 527 perversam
1437 450 1555 522 eius
1576 449 1785 523 profes-
1811 456 1861 514 Α
1889 451 2192 548 membrum
2215 453 2462 525 corporis
2487 452 2712 521 Christi,
2737 469 2837 513 nec
2861 464 3045 528 potest
3065 473 3133 518 eo
3154 462 3332 535 capite
3359 465 3474 548 gin-

178 548 397 605 sionem
430 546 574 602 nulla
590 545 953 617 iudicantium
979 545 1350 615 increpatione
1372 552 1780 614 reprehensam,

179 649 242 696 et
270 653 584 695 sermonem
611 638 777 697 nimis
806 637 1171 709 insipientem,
1218 637 1486 707 nimisque
1528 636 1783 706 blasphe-

176 747 339 787 mum
371 731 754 799 itaomissum,
775 728 930 799 quasi
961 728 1095 784 nihil
1115 728 1263 799 quod
1293 727 1611 793 oﬂ'enderet,
1638 733 1785 782 esset

176 824 456 889 auditum,
483 839 606 880 cum
631 833 741 879 tam
766 825 929 894 impie
957 827 1187 879 duarum
1214 834 1529 879 naturarum
1551 831 1678 878 ante
1707 822 1785 879 in-

174 916 557 973 carnationem
576 917 883 989 unigenitus
910 915 1006 970 Dei
1019 915 1188 971 Filius
1209 914 1377 972 fuisse
1393 916 1606 971 dicatur
1619 929 1783 987 quam

176 1008 419 1074 odaria,
443 1018 727 1079 postquam
749 1008 983 1065 Verbum
1010 1021 1141 1063 caro
1164 1008 1361 1063 factum
1375 1015 1482 1073 est,
1507 1014 1698 1061 natura
1728 1005 1783 1060 in

179 1114 257 1155 eo
272 1098 569 1172 singularis
585 1100 877 1163 asseritur;
902 1099 1045 1171 quod
1071 1114 1138 1154 ne
1161 1098 1430 1171 Eutyches
1450 1098 1571 1153 ideo
1589 1098 1675 1153 vel
1694 1112 1780 1153 re-

179 1200 274 1246 cte
297 1191 385 1246 vel
404 1189 756 1247 tolerabiliter
786 1190 1018 1246 aestimet
1036 1190 1261 1256 dictum,
1285 1189 1411 1261 quia
1438 1189 1582 1245 nulla
1599 1198 1787 1245 nostra

176 1292 269 1338 est
329 1282 601 1343 sententia
633 1280 966 1346 confutatus,
995 1281 1375 1343 sollicitudinis
1423 1292 1529 1337 tuae
1559 1281 1785 1351 diligen-

179 1374 322 1428 tiam
352 1388 782 1438 commonemus,
816 1372 988 1428 frater
1025 1372 1366 1438 cbarissime,
1397 1381 1456 1427 ut
1492 1372 1541 1427 si
1574 1386 1673 1442 per
1704 1372 1779 1426 in-

177 1465 548 1537 spirationem
571 1464 961 1521 misericordia
980 1465 1074 1528 Dei
1091 1464 1160 1519 ad
1180 1462 1606 1525 satisfactionem
1618 1477 1784 1518 causa

178 1555 526 1626 perducitur,
554 1555 919 1626 imprudentia
960 1555 1200 1613 hominis
1247 1555 1487 1625 imperiti
1515 1554 1682 1610 etiam
1715 1550 1785 1609 ab

181 1649 292 1704 hac
310 1663 504 1704 sensus
525 1648 608 1704 sui
636 1647 847 1704 macula
868 1662 966 1719 per
992 1655 1045 1703 te
1068 1658 1347 1719 purgetur.
1370 1647 1509 1717 Quia
1537 1647 1782 1718 quidem,

179 1740 331 1796 sicut
349 1749 624 1813 gestorum
643 1738 1064 1811 ordo'patefecit,
1079 1739 1218 1796 bene
1240 1750 1482 1811 ereperat
1502 1756 1531 1796 a
1553 1754 1648 1795 sua
1664 1752 1784 1811 per-

1888 542 2019 597 riari
2056 542 2109 596 in
2141 557 2251 614 quo
2270 554 2523 600 naturam
2546 561 2703 603 suam
2728 548 2926 605 asserit
2956 564 3063 607 non
3090 552 3299 610 haberi.
3330 542 3473 625 Quid

1887 644 2068 691 autem
2120 629 2342 706 prodest
2395 638 2896 710 imprudentissimo
2945 645 3064 700 seni
3137 644 3473 706 Nestorianze

1887 729 2157 785 haereseos
2188 730 2409 788 nomine
2427 746 2617 788 eorum
2643 733 2885 791 lacerare
2904 738 3212 808 Opinionem
3240 755 3473 811 quorum

1883 821 2181 893 piissimam
2198 824 2502 881 convellere
2518 841 2622 881 non
2649 837 2826 898 potest
2848 830 3027 897 ﬁdem,
3061 848 3185 888 cum
3209 846 3473 906 quantum

1885 916 2169 974 Nestorius
2222 934 2253 973 a
2323 919 2555 975 veritate
2602 919 2857 978 discessit
2907 924 3162 981 deitatem
3189 926 3351 985 Verbi
3406 930 3475 986 ab

1867 1009 2151 1080 *assumpti
2203 1009 2443 1066 hominis
2492 1010 2796 1067 substantia
2838 1013 3141 1085 separando
3175 1024 3382 1072 tantum
3442 1034 3475 1074 a

1886 1111 2038 1159 recto
2069 1103 2284 1160 tramite
2309 1103 2474 1159 etiam
2499 1106 2602 1161 iste
2627 1106 2866 1163 deciscat
2895 1107 2985 1178 qui
3010 1109 3348 1180 unigenitum
3376 1108 3477 1167 Dei

1884 1194 2081 1250 Filium
2110 1195 2190 1251 sic
2219 1195 2288 1251 de
2332 1204 2490 1253 utero
2520 1196 2692 1253 beata:
2716 1196 2955 1271 Virginis
2990 1201 3250 1272 praedicat
3288 1213 3476 1259 natum

1885 1298 1947 1345 ut
1984 1290 2204 1345 humani
2233 1292 2451 1362 quidem
2466 1293 2712 1364 corporis
2733 1293 3070 1365 spiritualem
3094 1297 3338 1368 gesserit,
3379 1297 3476 1353 sed

1886 1383 2138 1439 humanae
2158 1384 2340 1440 carnis
2371 1384 2590 1441 Veritas
2618 1385 2798 1443 Verbo
2828 1387 2981 1444 unita
3005 1403 3113 1443 non
3151 1389 3356 1444 fuerit?
3398 1388 3477 1446 De

1885 1484 1994 1543 quo
2032 1473 2277 1547 prodigio
2320 1471 2599 1541 falsitatis,
2629 1478 2753 1549 quis
2793 1473 2900 1534 non
2928 1478 3109 1535 videat
3128 1495 3249 1551 qua:
3271 1480 3478 1552 opinio.

1872 1580 2014 1620 'num
2040 1575 2281 1622 monstra
2328 1568 2662 1624 nascantur?
2707 1568 2948 1642 Negator
2972 1572 3118 1626 enim
3166 1572 3483 1630 mediatoris

1885 1653 1981 1711 Dei
2012 1662 2067 1710 et
2091 1655 2370 1712 hominum
2394 1658 2632 1715 hominis
2655 1659 2783 1717 Jesu
2807 1661 3033 1728 Christi,
3058 1678 3283 1720 necesse
3311 1673 3396 1720 est
3420 1673 3481 1720 ut

1886 1745 2072 1803 multis
2105 1748 2475 1819 impietatibus
2525 1750 2837 1822 impleatur,
2868 1769 3102 1825 eumque
3148 1755 3476 1826 Apollinaris

181 1833 447 1888 suasione
474 1830 758 1887 discedere
787 1846 909 1886 cum
938 1845 1006 1887 ex
1035 1840 1214 1887 vestra
1244 1831 1514 1886 sententia
1534 1838 1781 1886 coarcta-
1811 1825 1863 1891 Β
1885 1839 1989 1895 sibi
2027 1840 2282 1907 vindicet,
2329 1851 2424 1898 aut
2463 1842 2875 1919 Valentinianus
2897 1855 3142 1918 usurpet,
3173 1825 3266 1903 aut
3308 1847 3476 1903 Mani-

183 1931 273 1978 tus
301 1921 652 1994 proﬁteretur
674 1935 741 1977 se
757 1922 938 1978 dicere
962 1923 1106 1993 quod
1151 1929 1276 1980 ante
1321 1937 1427 1976 non
1462 1921 1699 1986 dixerat,
1722 1927 1779 1976 et

180 2012 308 2068 fidei
342 2013 693 2084 acquiescere
742 2014 897 2086 cujus
949 2014 1102 2085 prius
1156 2013 1349 2071 fuisset.
1398 2011 1628 2071 alienus.
1668 2011 1777 2069 Sed

177 2122 309 2163 omn
336 2108 846 2171 anathematizando
885 2107 1050 2179 impio
1078 2107 1315 2179 dogmati
1348 2106 1611 2164 voluisset
1636 2120 1777 2176 prte-

173 2201 317 2258 bere
342 2217 691 2269 consensum,
726 2201 1081 2257 intellexisset
1104 2216 1230 2257 eum
1251 2201 1567 2256 fraternitas
1594 2209 1778 2256 vestra

177 2297 243 2353 in
265 2313 363 2355 sua
388 2312 607 2354 manere
631 2295 882 2369 perfidia,
907 2297 1236 2367 dignumque
1257 2311 1379 2352 esse
1398 2297 1490 2366 qui
1512 2295 1777 2365 judicium

176 2390 655 2446 condemnationis
682 2390 977 2460 exciperet.
1009 2390 1082 2443 De
1128 2403 1237 2459 quo
1279 2388 1322 2443 si
1358 2388 1589 2443 fideliter
1617 2400 1779 2459 atque

180 2480 399 2537 utiliter
421 2480 586 2548 dolet,
612 2488 668 2536 et
686 2496 852 2551 quam
887 2489 1035 2536 recte
1062 2487 1206 2536 mota
1235 2479 1308 2535 sit
1333 2478 1657 2551 episcOpalis
1682 2493 1784 2534 au-

179 2575 439 2643 ctoritas,
466 2575 553 2631 vel
584 2591 641 2631 se
682 2588 834 2630 reum
865 2582 1192 2647 cognoscat;
1240 2573 1326 2628 vel
1365 2574 1410 2628 si
1462 2573 1527 2629 ad
1553 2573 1783 2643 ;satisia-

179 2668 386 2726 ctionis
424 2668 811 2740 plenitudinem
860 2669 1041 2724 omnia
1073 2684 1195 2740 quae
1244 2668 1312 2723 ab
1347 2682 1412 2722 eo
1464 2666 1603 2722 male
1657 2675 1783 2722 sunt

179 2775 374 2829 sensa,
389 2759 511 2815 viva
532 2775 685 2827 voce,
701 2770 757 2816 et
781 2761 834 2816 in
857 2762 1110 2833 praesenti
1141 2759 1537 2830 subscriptione
1554 2758 1781 2813 damna-

179 2852 347 2917 verit,
377 2866 484 2907 non
506 2851 612 2907 erit
639 2851 1082 2923 reprehensibilis
1108 2866 1235 2924 erga
1266 2859 1579 2922 correptum
1608 2865 1783 2919 quan-

184 2951 466 3015 tacunque
511 2943 810 3001 miseratio.
840 2941 1107 2999 Dominus
1129 2950 1317 2998 noster
1337 2956 1500 2995 verus
1528 2949 1584 2995 et
1609 2940 1784 2995 bonus

182 3043 376 3108 pastor
421 3034 513 3106 qui
570 3036 809 3091 animam
859 3050 1013 3091 suam
1055 3034 1237 3106 posuit
1284 3048 1384 3105 pro
1431 3032 1624 3088 ovibus
1669 3031 1784 3088 suis

183 3126 374 3199 (Idan.
406 3142 460 3193 x,
502 3127 616 3200 l5),
650 3135 706 3182 et
758 3126 851 3198 qui
882 3127 1029 3182 venit
1080 3125 1292 3180 animas
1341 3124 1641 3191 hominumj
1673 3122 1782 3180 sal-

1880 1929 2064 1985 cbazus
2092 1930 2359 1999 obtineat,
2401 1948 2634 2004 quorum
2660 1935 2857 1991 militis"
2884 1936 2937 1991 in
2962 1936 3183 1994 Christo
3228 1938 3480 1995 humana:

1878 2022 2061 2079 carnis
2076 2024 2624 2083 crediditveritatcm.
2646 2027 2761 2096 Qua
2778 2031 2961 2100 utique
2980 2047 3085 2087 non
3105 2040 3341 2104 recepta,
3368 2049 3477 2090 non

1879 2108 2055 2170 solum
2079 2115 2221 2185 quod
2248 2104 2787 2175 secundum'carnem
2810 2130 2971 2194 atque
2986 2124 3225 2180 animam
3244 2126 3483 2183 rationa-

1881 2202 1986 2260 lem
2004 2205 2097 2275 qui
2111 2214 2230 2262 erat
2253 2206 2307 2263 in
2322 2206 2496 2264 forma
2512 2206 2603 2265 Dei
2620 2225 2869 2281 manens,
2891 2213 3032 2270 idem
3061 2216 3117 2271 in
3141 2214 3312 2285 forma
3333 2219 3479 2275 servi

1883 2295 2047 2353 homo
2064 2305 2225 2353 natus
2246 2299 2496 2371 denegat,
2512 2301 2605 2356 sed
2625 2302 2790 2357 etiam
2819 2306 2961 2374 quod
2977 2305 3268 2363 crucilixus
3294 2298 3399 2373 est,
3430 2318 3486 2365 et

1885 2397 2148 2454 mortuus,
2173 2403 2238 2444 ac
2266 2391 2528 2460 Sepultus,
2557 2392 2811 2463 quodque
2833 2393 2918 2450 die
2952 2395 3112 2451 tertia
3141 2386 3399 2464 surrexit,
3426 2408 3481 2455 et

1884 2482 2028 2553 quod
2052 2482 2119 2536 ad
2148 2481 2428 2538 dexteram
2457 2484 2637 2541 Patris
2658 2485 2724 2541 ad
2746 2484 3072 2555 iudicandos
3095 2490 3247 2545 vivos
3269 2493 3480 2546 et'mor-
3566 2539 3571 2543 .

1887 2589 2009 2630 tuos
2038 2576 2091 2629 in
2120 2588 2185 2628 eo
2210 2588 2437 2644 corpore
2461 2575 2533 2631 sit
2557 2585 2845 2643 venturus,
2866 2578 3053 2650 inquo
3073 2590 3158 2636 est
3186 2568 3478 2651 judicatus,

1885 2663 2163 2721 abnuitur.
2184 2663 2324 2732 Quia
2344 2664 2459 2722 haec
2490 2664 2882 2739 redemptionis
2906 2678 3109 2727 nostra:
3130 2660 3475 2729 sacramenta

1884 2764 2209 2824 vacuantur,
2238 2757 2283 2812 si
2308 2756 2558 2815 Christus
2574 2774 2757 2816 veram
2785 2762 2900 2817 veri
2932 2763 3171 2820 hominis
3204 2774 3482 2838 totamque

1885 2855 2139 2903 naturam
2187 2850 2495 2920 suscepisse
2526 2867 2634 2906 non
2683 2853 2947 2910 creditur.
2999 2855 3083 2911 An
3115 2857 3259 2928 ,quia
3306 2857 3485 2913 mani-

1884 2937 2025 2995 lesta
2076 2947 2235 2995 erant
2274 2940 2427 3012 signa
2459 2940 2666 3011 divina,
2690 2941 2822 3001 falsa
2864 2945 3116 3004 dicentur
3157 2948 3481 3007 documenta

1887 3044 2149 3102 corporea
2179 3040 2236 3087 et
2267 3032 2579 3088 testimonia
2624 3036 2911 3108 utriusque
2938 3048 3149 3095 natura:
3207 3038 3483 3109 valebunt,

1889 3132 1950 3175 ut
1976 3129 2233 3178 creatura
2282 3123 2565 3180 salvetur?
2591 3124 2733 3194 Quid
2778 3126 3001 3186 deitatis
3052 3141 3158 3199 est,
3190 3147 3320 3188 caro
3374 3149 3485 3190 non

187 3236 353 3287 vare,
403 3237 511 3278 non
560 3221 790 3292 perdere
837 3219 991 3291 (Luc.
1027 3234 1103 3285 ix,
1147 3217 1272 3288 56),
1316 3217 1624 3273 imitatores
1684 3230 1784 3271 nos
1812 3219 1859 3286 ο
1891 3213 2122 3281 minuit;
2149 3215 2295 3286 quod
2325 3218 2509 3272 carnis
2556 3227 2660 3285 est,
2707 3220 2885 3278 deitas
2919 3238 3025 3279 non
3055 3226 3306 3295 peremit.
3338 3225 3484 3283 idem

187 3313 304 3369 «dt
328 3327 453 3370 esse
504 3328 618 3369 sua:
643 3312 881 3384 pietatis,
916 3318 975 3365 ut
1002 3320 1294 3382 peccantes
1321 3308 1539 3379 quidem
1563 3306 1778 3376 iustitia

184 3415 461 3472 coerceat,
515 3420 806 3462 conversos
852 3413 1034 3460 autem
1084 3402 1457 3460 misericordia
1517 3417 1626 3457 non
1690 3416 1782 3456 re-

186 3500 377 3573 pellat.
405 3498 556 3555 Tune
599 3498 747 3554 enim
771 3497 986 3553 demum
1018 3495 1453 3552 fructuosissime
1494 3493 1627 3549 fides
1652 3507 1779 3549 vera

189 3587 505 3648 defenditm‘
529 3590 745 3661 quando
793 3590 956 3645 etiam
999 3604 1031 3643 a
1063 3587 1426 3644 sectatoribus
1454 3586 1570 3641 suis
1595 3586 1780 3657 opinio

186 3681 329 3742 falsa
351 3674 660 3741 damnatur.
694 3683 776 3738 Ad
806 3697 1024 3738 omnem
1052 3696 1184 3737 vero
1222 3696 1442 3737 causam
1475 3681 1561 3752 pie
1605 3696 1669 3736 ac
1714 3679 1781 3735 li-

190 3778 384 3844 deliter
418 3778 819 3849 exsequendam
851 3775 1051 3831 fratres
1101 3784 1319 3831 nostros
1364 3773 1633 3830 lulianum
1667 3773 1785 3845 epi-

169 3869 415 3943 scopum
446 3877 502 3927 et
548 3870 816 3926 Renatum
862 3870 1243 3941 presbyterum
1277 3867 1417 3922 tituli
1461 3854 1636 3923 saneti
1664 3865 1783 3922 Cle-

189 3964 410 4029 mentis,
448 3962 542 4018 sed
595 3969 651 4016 et
707 3959 876 4016 lilium
932 3974 1112 4015 meum
1176 3958 1441 4015 Hilarium
1489 3958 1780 4014 diaconum

189 4056 307 4112 vice
364 4062 549 4111 nostra
593 4053 909 4109 direximus.
939 4049 1147 4119 Quibus
1186 4050 1472 4107 Dulcitium
1509 4050 1782 4106 notarium

189 4155 461 4211 nostrum,
481 4144 637 4217 cujus
659 4144 793 4200 lides
810 4143 965 4198 nobis
991 4150 1077 4199 est
1106 4158 1247 4213 saepe
1276 4143 1522 4212 probata,
1554 4142 1783 4198 sociavi-

190 4255 331 4307 mus,
363 4237 698 4295 conlidentes
740 4234 1035 4291 affuturum
1061 4235 1365 4292 divinitatis
1393 4235 1681 4301 auxilium,
1722 4243 1783 4291 ut

189 4332 345 4405 isqui
373 4327 945 4396 erraverat,damnata
976 4343 1170 4383 sensus
1187 4327 1268 4381 sui
1301 4327 1787 4398 pravitate,salve-

189 4436 296 4482 tur.
324 4424 457 4480 Data
475 4421 785 4493 lduspunii,
807 4421 1025 4476 Asterio
1047 4428 1101 4474 et
1121 4418 1425 4489 Protogene
1446 4419 1784 4487 consulibus,

185 4536 297 4576 aera
326 4513 784 4574 CCCCLXXX“.

1884 3304 2033 3361 enim
2089 3314 2144 3361 et
2192 3307 2562 3378 sempiternus
2618 3326 2684 3366 ex
2733 3310 2921 3379 Patre,
2949 3324 3006 3369 et
3065 3317 3378 3388 temporalis
3416 3334 3485 3374 ex

1884 3403 2062 3451 matre
2110 3396 2163 3450 in
2196 3411 2294 3453 sua
2319 3397 2522 3456 virtute
2550 3398 2898 3469 inviolabilis,
2934 3405 2989 3459 in
3026 3416 3214 3461 nostra
3244 3407 3479 3463 infirmi-

1884 3495 1997 3543 tate
2039 3487 2334 3560 passibilis.
2368 3488 2427 3545 In
2466 3491 2669 3550 deitate
2707 3492 2990 3551 Trinitatis
3041 3511 3164 3551 cum
3216 3496 3378 3553 Patre
3431 3510 3488 3554 et

1884 3595 2010 3637 cum
2047 3580 2253 3652 Spiritu
2298 3592 2489 3639 saneto
2528 3584 2689 3640 unius
2734 3583 3087 3658 ejusdemque
3136 3597 3365 3645 naturae.
3418 3589 3478 3647 ln

1884 3675 2231 3746 susceptione
2273 3685 2455 3731 autem
2487 3675 2725 3735 hominis
2772 3695 2879 3735 non
2932 3681 3093 3737 unius
3142 3683 3482 3752 substantia},

1884 3766 1979 3823 sed
2005 3767 2164 3824 unius
2185 3767 2539 3841 ejusdemque
2569 3786 2836 3842 personae,
2864 3782 2925 3828 ut
2970 3774 3111 3831 idem
3157 3786 3303 3833 esset
3329 3777 3482 3837 dives

1884 3860 1940 3915 in
1961 3870 2300 3931 paupertate,
2326 3864 2672 3935 omnipotens
2693 3865 2746 3921 in
2769 3865 3095 3938 abjectione,
3128 3870 3482 3942 impassibilis

1884 3954 1940 4008 in
1965 3953 2251 4025 supplicio,
2276 3955 2330 4010 in
2362 3965 2538 4013 morte
2563 3957 2913 4015 immortalis.
2928 3959 3039 4015 Nec
3068 3960 3214 4016 enim
3240 3962 3478 4021 Verbum

1886 4056 1981 4102 aut
2010 4047 2064 4102 in
2089 4063 2333 4116 carnem,
2374 4059 2468 4105 aut
2503 4051 2557 4106 in
2582 4053 2819 4107 animam
2842 4051 3023 4125 aliqua
3053 4052 3137 4110 sui
3167 4064 3323 4127 parte
3350 4071 3478 4113 con-

1887 4152 2105 4194 versum
2133 4146 2239 4205 est,
2271 4155 2396 4196 cum
2422 4141 2652 4213 simplex
2685 4150 2742 4198 et
2770 4142 3232 4202 incommutabilis
3282 4154 3475 4202 natura

1887 4230 2107 4287 deitatis
2130 4240 2241 4287 tota
2266 4234 2338 4288 sit
2364 4249 2579 4306 semper
2601 4235 2654 4290 in
2683 4250 2781 4291 sua
2800 4236 3061 4305 essentia,
3090 4253 3193 4295 nec
3220 4241 3477 4295 damnum

1888 4323 1974 4379 sui
2017 4324 2304 4393 recipiens,
2337 4341 2437 4382 nec
2484 4336 2860 4399 augmentum,
2911 4337 2969 4385 et
3011 4329 3092 4386 sic
3144 4339 3478 4403 assumptam

1889 4422 2140 4470 naturam
2163 4415 2481 4473 beatiﬁcans
2503 4426 2563 4473 ut
2590 4417 2892 4491 gloriﬁcata
2914 4420 2968 4476 in
2993 4420 3333 4494 gleriﬁcante
3356 4439 3486 4494 per-

1890 4514 2128 4560 maneat.
2165 4505 2274 4561 Cur
2325 4516 2505 4563 autem
2564 4507 2950 4567 inconveniens
3004 4521 3097 4568 aut
3145 4512 3482 4585 impossibile

188 4633 347 4690 VL_
376 4630 511 4687 hem
539 4629 774 4702 ejusdem
801 4644 829 4681 ε
866 4624 1033 4681 imm,
1076 4624 1145 4678 ad
1174 4604 1453 4678 lulianum
1480 4623 1780 4694 episcopum
1808 4589 1862 4651 D
1886 4596 2139 4652 videatur
2183 4607 2243 4654 ut
2271 4598 2521 4654 videlicet
2566 4611 2620 4656 et
2651 4617 2781 4659 caro
2814 4611 2870 4659 et
2923 4603 3106 4659 anima
3151 4619 3292 4660 unus
3319 4603 3482 4689 Iesus

802 4645 1075 4753 (genum.
1889 4689 2163 4753 Christus,
2199 4701 2254 4747 et
2279 4708 2419 4749 unus
2459 4692 2551 4749 Dei
2582 4695 2925 4753 hominisuue
2954 4697 3025 4753 sit
3054 4696 3250 4753 Filius.
3277 4698 3324 4753 si
3353 4713 3482 4753 caro

847 4712 1075 4752 oeltsem.

261 4796 627 4857 Dilectissimo
643 4792 799 4849 fratri
823 4789 1050 4848 ιυιιιιιιο
1071 4789 1345 4860 episcopo,
1373 4787 1505 4853 Lso,
1529 4796 1637 4842 etc.

262 4894 421 4950 Licet
461 4905 560 4961 per
588 4897 808 4944 nostros
836 4899 976 4955 quos
1022 4885 1088 4938 ab
1125 4883 1258 4936 urbe
1302 4897 1401 4953 pro
1445 4880 1572 4936 fidei
1616 4895 1781 4936 causa

192 4986 494 5045 direximus
517 4979 859 5052 plenissimas
888 4976 955 5031 ad
980 4974 1204 5030 fratrem
1229 4972 1547 5028 Flavianum
1570 4973 1784 5030 litteras

192 5077 507 5137 miserimus
531 5079 723 5127 contra
756 5067 937 5122 nimiae
982 5064 1279 5135 impietatis
1301 5078 1566 5128 errorem,
1602 5071 1784 5119 tamen

192 5168 323 5242 quia
373 5179 471 5237 per
497 5162 664 5218 ﬁlium
695 5168 944 5215 nostrum
971 5155 1233 5212 Basilium
1266 5154 1548 5210 diaconem
1579 5154 1783 5225 scripta

194 5272 304 5320 tum
331 5256 638 5317 dilectionis
672 5252 981 5324 accepimus
1008 5264 1128 5323 qum
1159 5248 1386 5304 multum
1414 5246 1573 5303 nobis
1595 5246 1785 5303 catho-

169 5350 286 5419 lici
317 5364 512 5406 sensus
554 5345 769 5402 fervore
792 5341 1136 5415 placuerunt,
1161 5340 1323 5395 etiam
1353 5338 1494 5395 hanc
1525 5338 1783 5415 paginam

195 5457 316 5515 qua:
344 5440 451 5496 illis
480 5437 725 5510 epistolis
751 5441 1081 5490 consonaret
1128 5430 1451 5502 adjecimus,
1485 5438 1547 5485 ut
1596 5430 1786 5484 unani-

196 5541 359 5597 miter
389 5547 552 5608 atque
580 5522 897 5590 constanter
938 5531 1026 5587 his
1078 5528 1171 5600 qui
1193 5526 1548 5600 Evangelium
1579 5525 1786 5583 Christi

197 5642 546 5703 corrumpere
578 5626 801 5698 cupiunt
827 5624 1119 5692 resistatis;
1149 5622 1407 5696 quoniam
1443 5621 1615 5676 sancti
1661 5618 1783 5691 Spi-
1830 5638 1833 5651 ι

199 5725 339 5785 ritus
365 5723 421 5778 in
472 5720 631 5776 nobis
658 5726 822 5789 atque
848 5717 1003 5773 vobis
1033 5730 1141 5772 una
1163 5723 1249 5771 est
1285 5711 1522 5768 eruditio
1561 5711 1781 5767 eadem-

198 5832 307 5905 que
334 5814 581 5876 doctrina
606 5826 770 5885 quam
801 5810 1114 5885 quicunque
1150 5822 1258 5866 non
1300 5806 1513 5881 recipit,
1547 5819 1654 5862 non
1699 5812 1783 5861 est

1889 4689 2163 4759 Christus,
2199 4701 2254 4747 et
2279 4708 2419 4749 unus
2459 4692 2551 4749 Dei
2582 4695 2925 4768 hominisque
2954 4697 3025 4753 sit
3054 4696 3250 4765 Filius,
3277 4698 3324 4755 si
3353 4713 3483 4755 caro

1888 4794 1945 4840 et
1992 4785 2172 4840 anima
2212 4801 2333 4857 qua:
2378 4786 2722 4843 dissimilium
2769 4797 3090 4849 naturarum
3114 4799 3265 4859 sunt,
3314 4807 3477 4850 unam

1887 4876 2096 4932 faciunt
2145 4877 2306 4932 etiam
2353 4878 2472 4933 sine
2521 4878 2682 4935 Verbi
2735 4866 3109 4937 incarnatione
3156 4886 3485 4951 personam?

1890 4984 2016 5024 cum
2044 4969 2216 5023 multo
2247 4970 2460 5026 facilius
2504 4971 2595 5037 sit,
2625 4979 2683 5025 ut
2716 4972 2855 5027 hanc
2902 4973 3164 5029 unitatem
3193 4975 3277 5030 sui
3319 4956 3483 5047 atque

1890 5060 2129 5116 hominis
2173 5059 2363 5116 deitati
2408 5070 2627 5131 praestet
2671 5069 2936 5133 potestas,
2967 5077 3128 5134 quam
3156 5075 3214 5119 ut
3251 5052 3372 5121 eam
3418 5048 3481 5121 in

1888 5153 2209 5209 substantiis
2260 5154 2374 5209 suis
2411 5154 2658 5210 obtineat
2703 5154 2873 5211 solius
2922 5157 3276 5217 humanitatis
3326 5158 3479 5214 inﬁr-

1888 5247 2071 5303 mitas.
2100 5246 2214 5304 Nec
2236 5249 2462 5305 verbum
2489 5248 2656 5319 igitur
2678 5249 2732 5305 in
2750 5264 2999 5317 carnem,
3025 5265 3125 5317 nec
3153 5251 3209 5309 in
3244 5234 3479 5311 Verbum

1891 5354 2021 5396 caro
2045 5348 2249 5396 mutata
2282 5349 2386 5405 est,
2414 5340 2507 5396 sed
2538 5349 2769 5409 utraque
2808 5341 2861 5395 in
2894 5356 3003 5417 uno
3026 5327 3229 5408 manet,
3258 5353 3314 5403 et
3340 5324 3480 5400 unus

1893 5432 1949 5489 in
1979 5442 2209 5504 utroque
2246 5443 2351 5500 est,
2378 5448 2488 5489 non
2515 5433 2831 5489 diversitate
2862 5435 3088 5503 divisus,
3120 5452 3225 5493 non
3277 5437 3481 5507 permi-

1896 5526 2070 5581 stione
2098 5524 2374 5588 confusus,
2406 5539 2511 5580 nec
2542 5524 2680 5581 alter
2701 5542 2768 5581 ex
2805 5526 2985 5595 Patre,
3013 5527 3150 5583 alter
3183 5543 3261 5584 ex.
3282 5539 3477 5595 matre,

1894 5618 2006 5674 sedi
2029 5618 2150 5675 dem
2173 5616 2329 5673 aliter
2348 5634 2417 5673 ex
2443 5617 2606 5674 Patre
2624 5628 2747 5672 ante
2768 5619 3292 5689 omnemi-incipiam,
3321 5620 3481 5675 aliter

1892 5712 1960 5768 de
1989 5721 2161 5767 matre
2193 5712 2244 5766 in
2299 5711 2405 5767 line
2429 5691 2772 5777 Stecnlorum,
2802 5721 2861 5766 ut
2886 5723 3030 5768 esset
3071 5712 3335 5769 mediator
3383 5712 3479 5769 Dei

1890 5810 1947 5860 et
1977 5803 2272 5873 hominum,
2305 5802 2468 5861 homo
2495 5800 2652 5859 Jesus
2691 5802 2955 5859 Christus.
2995 5802 3050 5858 in
3078 5818 3184 5881 quo
3212 5802 3483 5861 habitaret
