3968 6448
509 332 623 390 375

1317 323 1614 382 APPEND.
1644 323 1738 380 AD
1776 321 1954 380 ΘΕΩ.
1993 320 2086 378 IX.
2112 349 2186 365 -
2216 319 2466 380 lSlDORl
2501 319 2945 378 MERCATORIS

3666 323 3776 378 Πθ

517 445 795 520 plenitudo
820 441 1115 501 divinitatis
1140 439 1514 512 corporaliter,
1540 439 1668 508 quia
1698 437 1957 506 assmupti
1987 452 2094 491 non
2123 467 2170 525 Α
2198 437 2398 492 curari.
2429 437 2563 492 Data
2589 435 2714 493 ldus
2749 434 2916 503 Junii,
2945 436 3164 492 Asterio
3202 443 3259 493 et
3295 436 3603 511 Protogene
3647 454 3781 497 con-

517 536 1132 608 assumentisprovectio
1156 542 1263 600 est,
1282 532 1454 603 «quod
1480 533 1620 588 Deus
1647 530 1794 586 illum
1815 529 2090 594 exaltavit,

516 639 574 686 et
599 628 818 685 donavit
847 628 920 684 illi
945 641 1138 682 nomen
1163 625 1304 696 quod
1323 633 1407 680 est
1432 638 1592 694 super
1615 637 1775 678 omne
1801 637 2019 686 nomen,
2041 628 2100 676 ut

518 727 574 782 in
605 725 820 781 nomine
847 722 971 779 Jesu
995 737 1154 778 omne
1183 718 1574 793 genuflectatur
1593 758 1610 782 ,
1636 716 1958 780 caelestium,
1989 723 2100 770 ter-

517 816 794 879 restrium,
816 823 871 868 et
910 812 1269 875 infernorum,
1302 809 1553 865 etomnis
1578 808 1756 879 lingua
1777 807 2100 862 confiteatur

515 906 769 976 quoniam
804 903 1061 957 Dominus
1094 900 1251 956 .lesus
1289 899 1535 955 Christus
1585 899 1638 952 in
1681 896 1852 966 gloria
1883 904 1968 950 est
2005 893 2100 950 Dei

515 995 694 1052 Patris
719 993 940 1066 (Philip.
967 1009 1024 1054 ιι,
1049 995 1103 1058 9,
1131 993 1236 1060 ll).
1261 1011 1280 1045 ι
1302 992 1355 1047 In
1378 1006 1443 1046 eo
1463 991 1605 1060 quod
1631 989 1895 1059 Eutyches
1916 988 1967 1042 in
1988 987 2101 1058 epi-

520 1088 726 1159 scopali
749 1085 952 1156 judicio
980 1101 1145 1141 ausus
1170 1095 1253 1141 est
1281 1086 1481 1149 dicere,
1506 1094 1630 1138 ante
1672 1083 2099 1138 incarnationem

526 1179 661 1234 duas
689 1179 740 1232 in
780 1176 998 1232 Christo
1045 1177 1210 1232 fuisse
1242 1184 1479 1235 naturas,
1508 1182 1628 1246 post
1671 1173 2096 1228 incarnationem

516 1282 695 1327 autem
739 1286 902 1324 unam
947 1269 1310 1324 necessarium
1352 1267 1547 1329 fuerat,
1578 1275 1635 1320 ut
1675 1266 1740 1319 ad
1772 1265 2100 1319 reddendum

519 1362 784 1417 rationem
841 1358 1193 1430 professionis
1243 1371 1354 1413 sua:
1398 1356 1604 1411 crebris
1649 1365 1814 1425 atque
1857 1354 2102 1410 sollicitis

510 1450 753 1523 judicum
808 1449 1316 1522 interrogationibus
1372 1454 1673 1519 urgeretur,
1721 1461 1788 1500 ne
1843 1454 2100 1516 tanquam

517 1542 679 1598 inane
698 1542 898 1613 aliquid
932 1540 1340 1612 praeterﬂuerct,
1374 1539 1516 1609 quod
1544 1538 1755 1593 nonnisi
1799 1539 1864 1593 de
1904 1538 2102 1593 haustu

515 1645 898 1690 veneratorum
925 1636 1232 1706 dogmatum
1263 1633 1558 1704 apparebat
1582 1629 1830 1685 effusum.
1851 1628 2103 1685 Arbitror

514 1725 662 1781 enim
707 1725 829 1780 talia
862 1725 1167 1796 loquentem
1226 1724 1326 1778 hoc
1357 1723 1557 1778 habere
1588 1737 1927 1792 persuasum,
1957 1721 2102 1792 quod

2197 528 2425 584 solibus.

2479 621 2590 678 Vll.
2616 653 2687 665 —
2705 623 2787 677 Ad
2811 622 3154 678 Theodosium
3178 623 3494 694 Augustum.

2266 710 2464 768 Caesari
2509 713 2812 771 Τιιεουοδιο
2855 714 3257 783 religiosissime
3279 724 3333 769 et
3373 715 3625 784 piissimo
3667 714 3782 770 Διι-

2198 813 2352 876 gusto
2376 803 2486 860 Leo
2525 823 2658 876 papa
2689 806 2944 862 Ecclesia:
2966 805 3244 860 catholica:
3272 804 3421 860 urbis
3451 805 3663 861 Romae.

2269 895 2536 963 Quantum
2595 896 2753 952 rebus
2814 897 3062 951 humanis
3111 895 3394 950 consulere
3439 895 3783 965 providentia

2199 985 2378 1041 divina
2421 987 2686 1058 dignetur,
2729 985 3032 1041 sollicitudo
3075 984 3373 1040 clementiae
3421 994 3623 1039 vestrae
3675 986 3786 1055 spi-

2201 1076 2309 1132 ritu
2358 1076 2450 1132 Dei
2487 1077 2703 1132 incitata
2729 1077 3080 1142 demonstrat,
3107 1093 3228 1148 quae
3274 1077 3327 1133 in
3375 1076 3648 1133 catholica
3679 1078 3777 1133 Ec-

2199 1171 2364 1226 clesia
2410 1171 2544 1226 nilnl
2592 1175 2938 1243 impacatum,
2983 1173 3114 1228 nihil
3147 1175 3258 1228 vult
3307 1188 3429 1230 esse
3483 1176 3785 1240 diversum,

2200 1265 2454 1336 quoniam
2482 1265 2638 1330 fides,
2665 1283 2785 1337 qua:
2809 1281 2914 1322 non
2949 1267 3050 1322 nisi
3089 1283 3190 1322 una
3218 1276 3319 1332 est,
3354 1268 3406 1322 in
3439 1267 3590 1323 nullo
3614 1277 3788 1338 potest

2202 1369 2324 1411 esse
2351 1356 2432 1410 sui
2454 1355 2754 1414 dissimilis.

2274 1447 2426 1504 Unde
2458 1448 2585 1502 licet
2613 1449 2883 1521 Eutyches
2909 1457 3170 1520 quantum
3204 1458 3480 1520 gestorum
3516 1451 3791 1521 episcopa-

2201 1538 2333 1594 lium
2365 1540 2499 1594 ordo
2522 1538 2795 1609 patefecit,
2829 1541 3076 1611 imperite
3100 1549 3264 1610 atque
3295 1541 3674 1612 imprudenter
3706 1557 3791 1594 er-

2203 1646 2327 1687 rare
2372 1631 2618 1687 detectus
2640 1632 2732 1696 sit,
2763 1630 3116 1701 debueritque
3154 1646 3185 1685 a
3229 1646 3324 1686 sua
3359 1633 3558 1687 merito
3607 1646 3791 1701 repro-

2203 1722 2367 1778 habili
2401 1724 2753 1794 persuasione
2777 1722 3078 1789 discedere,
3109 1733 3366 1795 quantum
3399 1732 3586 1779 tamen
3621 1724 3792 1793 pietas

513 1818 720 1883 anima,
746 1833 908 1888 quam
958 1816 1207 1872 Salvator
1243 1814 1533 1886 assumpsit
1572 1813 1723 1885 prius
1751 1813 1804 1868 in
1832 1812 1988 1868 cmlis
2024 1813 2097 1868 sit
2129 1815 2173 1875 Β
2199 1823 2399 1877 vestra,
2419 1830 2538 1884 qua:
2557 1815 2611 1870 in
2637 1816 2897 1872 honorem
2918 1815 3011 1872 Dei
3037 1815 3437 1886 religiosissime
3459 1815 3790 1871 catholicam

513 1919 850 1968 commorata
901 1926 1062 1980 quam
1109 1909 1177 1964 de
1222 1894 1440 1979 Virgine
1495 1914 1829 1970 nasceretur,
1877 1918 2106 1975 eamque

512 2002 618 2058 sibi
649 2002 881 2057 Verbum
933 2002 985 2056 in
1014 2009 1170 2055 utero
1205 1999 1502 2070 c0pularet.
1556 1997 1661 2054 Sed
1690 1998 1791 2052 hoc
1826 1995 2105 2051 catholica

515 2103 733 2147 mentes
764 2106 1030 2160 auresque
1061 2105 1166 2144 non
1196 2089 1450 2155 tolerant,
1473 2087 1598 2159 quia
1630 2087 1763 2142 nihil
1788 2102 1972 2142 secum
2003 2087 2106 2141 Do-

518 2183 700 2238 minus
726 2183 793 2238 de
821 2182 959 2237 coelo
999 2183 1223 2237 veniens
1252 2190 1454 2237 nostra:
1482 2179 1809 2236 conditionis
1839 2179 2103 2234 exhibuit.

515 2274 628 2332 Nec
667 2276 901 2331 animam
926 2275 1070 2330 enim
1093 2291 1212 2346 quae
1252 2275 1492 2330 anterior
1519 2275 1834 2340 exstitisset,
1859 2289 1960 2330 nec
1986 2289 2106 2328 car-

515 2383 774 2438 nemquze
799 2382 906 2421 non
937 2366 1168 2422 materni
1190 2366 1433 2436 corporis
1461 2374 1624 2429 esset,
1654 2363 1882 2433 accepit.
1902 2361 2105 2418 Natura

515 2458 716 2528 quippe
742 2465 926 2512 nostra
957 2472 1063 2510 non
1091 2456 1171 2512 sic
1197 2465 1472 2526 assumpta
1514 2464 1620 2521 est,
1651 2463 1710 2510 ut
1751 2454 1900 2526 prius
1923 2462 2105 2508 creata

515 2557 642 2620 post
668 2558 1058 2613 assumeretur,
1077 2549 1168 2602 sed
1194 2557 1253 2601 ut
1277 2547 1391 2616 ipsa
1409 2545 1778 2616 assumptione
1803 2552 2102 2599 crearetur.

521 2641 673 2698 Unde
721 2641 862 2712 quod
924 2639 978 2695 in
1029 2641 1260 2712 Origene
1290 2640 1482 2695 merito
1509 2639 1822 2694 danmatum
1852 2646 1958 2703 est,
2013 2638 2106 2706 qui

517 2734 820 2786 animarum
852 2741 1142 2801 antequam
1190 2731 1507 2802 corporibus
1564 2730 1957 2794 insererentur,
1997 2743 2104 2784 non

515 2823 691 2879 solmn
714 2825 874 2888 vitas,
906 2825 1000 2878 sed
1031 2832 1087 2879 et
1136 2824 1378 2878 diversas
1410 2821 1576 2879 fuisse
1601 2823 1798 2878 asserit
1842 2821 2102 2884 actiones,

515 2929 740 2970 necesse
772 2924 877 2979 est,
901 2924 960 2968 ut
980 2914 1140 2968 etiam
1177 2915 1231 2968 in
1258 2915 1359 2968 isto
1381 2914 1482 2968 nisi
1509 2913 1759 2968 maluerit
1781 2913 2105 2968 sententiam

516 3006 790 3071 abdicare,
821 3005 1106 3077 plectatur.
1128 3005 1392 3060 Nativitas
1411 3006 1555 3061 enim
1576 3004 1789 3061 Domini
1812 3004 2105 3059 secundum

517 3114 762 3164 (struem,
814 3099 1061 3168 quamvis
1117 3099 1314 3154 habeat
1347 3099 1593 3169 qua:dam
1647 3097 1864 3168 propria
1909 3095 2106 3152 auibus

2205 1906 2384 1978 diligit
2401 1908 2710 1972 veritatem,
2751 1908 2893 1978 apud
2919 1908 3187 1979 Ephesum
3223 1909 3506 1964 constituit
3527 1909 3794 1980 synodale

2203 1997 2490 2053 concilium
2507 1998 2660 2068 191
2681 2006 2739 2052 ut
2763 1998 3042 2068 imperitus
3071 1998 3124 2054 in
3140 2012 3246 2068 quo
3270 1997 3430 2052 nimis
3455 1997 3682 2068 caligat,
3711 2000 3791 2052 in~

2205 2089 2470 2156 calescat;
2491 2089 2690 2146 fratres
2712 2105 2862 2146 meos
2880 2089 3153 2146 Julianum
3173 2090 3509 2160 episcopum,
3534 2100 3589 2145 et
3616 2089 3794 2144 Rena-

2207 2188 2317 2236 tum
2347 2182 2742 2252 presbyterum,
2787 2191 2844 2237 et
2890 2181 3056 2236 ﬁlium
3087 2197 3266 2238 meum
3309 2181 3583 2237 Hilarium
3615 2184 3794 2238 diaco-

2205 2287 2335 2328 num
2361 2272 2500 2336 misi,
2532 2273 2623 2343 qui
2653 2274 2720 2328 ad
2753 2273 2926 2328 vicem
2955 2273 3258 2343 praesentiae
3295 2288 3432 2329 meas
3458 2289 3562 2344 pro
3591 2275 3791 2342 negotii

2204 2362 2465 2432 qualitate
2491 2361 2818 2428 suilicereut,
2847 2371 2902 2418 et
2951 2363 3044 2434 qui
3095 2377 3219 2418 eum
3271 2377 3456 2419 secum
3511 2363 3794 2419 deferrent

2200 2452 2427 2524 justitize
2458 2465 2512 2510 et
2543 2455 2892 2526 benignitatis
2937 2456 3226 2521 affectum,
3265 2465 3326 2512 ut
3379 2459 3507 2528 quia
3553 2458 3790 2513 dubitari

2206 2560 2312 2600 non
2334 2553 2510 2615 potest
2531 2561 2651 2615 qua:
2674 2545 3082 2602 sitChristiaua:
3106 2547 3462 2604 confessionis
3482 2548 3790 2618 integritas,

2207 2642 2262 2690 et
2292 2635 2456 2689 totius
2476 2635 2680 2690 erroris
2706 2637 2950 2706 pravitas
2985 2637 3352 2703 damnaretur;
3383 2648 3440 2694 et
3466 2639 3793 2709 resipiscens

2207 2725 2300 2796 qui
2321 2727 2653 2791 deviaverat,
2685 2727 2731 2782 si
2757 2743 2856 2797 pro
2880 2728 3036 2784 venia
3059 2729 3408 2800 supplicaret,
3438 2731 3794 2786 sacerdotalis

2207 2826 2263 2874 et
2287 2818 2660 2873 benevolentia
2689 2821 3017 2876 subveniret.
3045 2821 3178 2878 Cum
3202 2838 3259 2892 (tn
3287 2821 3470 2878 libello
3498 2838 3604 2878 suo
3633 2839 3794 2894 quem

2207 2911 2275 2965 ad
2296 2925 2394 2965 nos
2415 2910 2580 2975 misit,
2597 2911 2701 2966 hoc
2720 2911 2909 2967 saltem
2927 2913 3028 2968 sibi
3049 2915 3116 2968 ad
3141 2915 3559 2984 promerendam
3584 2917 3792 2971 veniam

2209 3002 2511 3056 reservavit
2535 3012 2594 3056 ut
2619 3013 2990 3059 correcturum
3016 3020 3076 3060 se
3120 3020 3240 3062 esse
3269 3006 3622 3076 promitteret
3642 3009 3794 3079 quid.

2209 3093 2336 3163 quid
2368 3102 2550 3149 nostra
2575 3096 2846 3151 sententia
2873 3095 2941 3152 de
2980 3097 3066 3152 his
3101 3112 3222 3167 qua:
3252 3097 3395 3153 male
3414 3111 3669 3156 senserat
3699 3101 3790 3155 im-

518 3191 768 3246 humanm
817 3190 1141 3246 conditionis
1183 3190 1334 3245 initia
1387 3189 1758 3254 transcendat,
1801 3189 1920 3244 sive
1961 3188 2104 3258 quod
2131 3173 2179 3240 C
2207 3186 2509 3256 probasset.
2544 3185 2682 3254 Quid
2710 3196 2892 3243 autem
2936 3181 3201 3245 catholica
3237 3189 3480 3246 Ecclesia
3510 3191 3791 3247 universa-

518 3279 665 3334 solus
704 3295 772 3335 ex
811 3289 998 3335 sancto
1051 3280 1254 3352 Spiritu
1303 3279 1370 3334 ab
1427 3279 1682 3336 inviolata
1720 3278 1938 3351 Virgine
1987 3279 2106 3334 sine

519 3374 957 3444 concupiscentia
985 3383 1069 3430 est
1087 3383 1382 3444 conceptus
1405 3383 1461 3429 et
1511 3383 1692 3439 natus,
1721 3374 1836 3428 sive
1869 3373 2010 3443 quod
2031 3372 2106 3426 ita

533 3469 835 3525 visceribus
864 3471 1056 3524 matris
1108 3478 1190 3524 est
1218 3469 1414 3532 editus,
1448 3477 1507 3524 ut
1537 3479 1591 3525 et
1627 3468 1927 3524 fecunditas
1953 3482 2108 3537 pare-

519 3567 621 3622 ret,
653 3568 707 3614 et
740 3559 1024 3630 virginitas
1086 3567 1455 3629 permaneret,
1517 3573 1622 3613 non
1670 3557 1892 3613 alterius
1925 3566 2104 3612 tamen

520 3659 726 3705 natura:
780 3659 900 3706 erat
939 3649 1056 3719 ejus
1110 3667 1270 3720 quam
1312 3659 1520 3716 nostra,
1551 3665 1652 3706 nec
1687 3650 1790 3705 alia
1833 3650 1904 3704 illi
1942 3665 2107 3720 quam

520 3742 730 3798 czeteris
784 3743 1093 3798 hominibus
1141 3743 1323 3797 anima
1369 3751 1452 3798 est
1507 3743 1764 3814 inspirata
1814 3742 2104 3814 principio,

518 3846 640 3900 qum
661 3831 950 3886 excelleret
978 3849 1083 3887 non
1109 3831 1424 3887 diversitate
1456 3833 1690 3903 generis,
1732 3833 1826 3887 sed
1858 3831 2104 3887 sublimi-

519 3931 632 3976 tate
647 3922 786 3974 virtu
797 3921 884 3976 tis.
909 3921 1051 3975 Nihil
1064 3921 1210 3976 enim
1223 3925 1405 3976 carnis
1421 3937 1531 3976 sua:
1552 3923 1784 3976 habebat
1798 3922 2102 3976 adversum.

519 4012 631 4069 Nec
652 4013 921 4068 discordia
941 4013 1332 4067 desideriorum
1359 4012 1612 4083 gignebat
1633 4012 2104 4083 compugnantiam

522 4104 878 4158 voluntatum.
906 4101 1110 4158 Sensus
1137 4105 1383 4172 corporei
1411 4103 1665 4175 vigebant
1698 4103 1813 4158 sine
1842 4103 1955 4173 lege
1978 4118 2105 4173 pec-

521 4194 628 4248 cati
657 4203 713 4246 et
734 4194 932 4248 veritas
970 4192 1310 4248 affectionum
1351 4193 1450 4248 sub
1491 4193 1859 4249 moderamine
1889 4194 2108 4250 deitatis

521 4291 577 4338 et
623 4284 837 4338 mentis.
867 4282 978 4338 Nec
1036 4284 1344 4338 tentabatur
1389 4283 1678 4350 illecebris,
1731 4299 1832 4341 nec
1883 4285 2109 4341 cedebat

523 4373 754 4442 injuriis.
786 4373 958 4430 Verus
981 4376 1142 4430 homo
1165 4391 1293 4430 vero
1321 4376 1504 4431 unitos
1525 4391 1612 4433 est
1633 4377 1759 4441 Deo,
1789 4393 1889 4432 nec
1912 4394 2106 4433 secun-

523 4463 649 4518 dum
691 4464 1010 4518 existentem
1050 4465 1198 4535 prius
1230 4468 1466 4520 animam
1504 4467 1765 4520 deductus
1819 4479 1902 4521 est
1947 4469 2104 4535 cosio,

526 4573 625 4610 nec
659 4559 950 4611 secundum
981 4573 1201 4611 carnem
1244 4569 1455 4612 creatus
1502 4574 1568 4612 ex
1617 4559 1802 4614 nihilo.
1850 4561 2106 4616 liamdem

525 4663 716 4718 gerens
747 4647 796 4700 in
829 4649 935 4701 Deo
968 4647 1126 4701 Verbi
1176 4647 1268 4700 Dei
1323 4663 1631 4716 personam.
1657 4659 1709 4704 et
1741 4658 1926 4703 tenens
1955 4666 2106 4707 com-

529 4754 743 4791 munem
783 4739 1061 4793 uobiscum
1105 4739 1156 4792 in
1209 4753 1435 4808 corpore
1491 4740 1778 4810 animaque
1833 4752 2103 4797 naturam.

527 4828 643 4882 Non
674 4830 819 4884 enim
847 4839 988 4884 esset
1004 4830 1498 4898 Deihomiuumque
1531 4832 1812 4898 mediator,
1839 4833 1939 4888 nisi
1967 4833 2109 4888 Deus

527 4920 776 4992 idemque
801 4923 961 4976 homo
989 4922 1041 4976 in
1071 4933 1299 4992 utroque
1322 4939 1459 4976 unus
1479 4933 1622 4977 esset
1640 4932 1693 4977 et
1715 4939 1894 4978 verus.
1919 4925 2108 4980 Incitat

527 5013 775 5080 equidem
807 5029 906 5068 nos
930 5014 996 5068 ad
1029 5014 1364 5069 latitudinem
1395 5015 1690 5070 disserendi
1728 5019 1968 5073 materia:
1998 5036 2111 5074 ma-

529 5103 772 5172 gnitudo,
801 5103 891 5157 sed
925 5105 1064 5174 apud
1092 5105 1450 5160 eruditionem
1484 5114 1629 5160 tuam
1671 5121 1774 5161 non
1827 5119 1910 5164 est
1956 5113 2108 5180 copia

529 5194 902 5248 laborandmn.
949 5195 1258 5250 Praesertim
1288 5195 1400 5266 jam
1453 5213 1574 5250 cum
1631 5213 1727 5266 per
1775 5209 1985 5256 nostros
2042 5203 2109 5258 ad

528 5282 752 5338 fratrem
781 5280 1092 5338 Flavianum
1119 5283 1444 5340 sufﬁcientes
1473 5285 1679 5341 litteras
1707 5289 2013 5346 miserimus
2042 5293 2108 5348 ad

529 5373 930 5430 confirmandos
980 5373 1188 5430 animos
1239 5390 1345 5429 non
1392 5375 1562 5430 solum
1606 5380 1966 5445 sacerdotum,
2013 5383 2106 5438 sed

530 5465 694 5520 etiam
711 5465 990 5521 laicorum.
1012 5466 1318 5533 Praestabit,
1343 5477 1401 5521 ut
1424 5468 1714 5535 credimus,
1736 5472 2104 5527 misericordia

532 5557 648 5624 Dei,
681 5565 742 5612 ut
775 5557 982 5628 absque
1009 5555 1269 5628 cujusque
1309 5559 1501 5614 animm
1530 5560 1857 5616 detrimento
1900 5563 2108 5634 possint

531 5646 819 5702 adversum
841 5647 1036 5703 diaboli
1067 5647 1216 5702 dolos
1238 5656 1292 5702 et
1320 5663 1450 5703 sana
1497 5650 1707 5705 defendi
1747 5661 1800 5707 et
1827 5653 2104 5710 vulnerata

2205 3277 2331 3335 liter
2358 3281 2424 3334 de
2450 3291 2793 3337 sacramento
2825 3283 3118 3340 Dominica:
3160 3285 3557 3342 incarnationis
3609 3287 3790 3342 credat

2204 3382 2261 3426 et
2311 3373 2544 3441 doceat,
2607 3375 2674 3429 ad
2740 3373 2965 3431 fratrem
3014 3386 3069 3431 et
3114 3379 3493 3448 coepiscopum
3550 3389 3791 3434 nostrum

2203 3460 2518 3517 Flavianum
2559 3463 2770 3534 plenius
2798 3467 3076 3522 continent
3112 3467 3312 3538 scripta
3333 3484 3456 3539 qua:
3486 3469 3635 3525 misi.
3665 3469 3790 3526 Data

2205 3551 2328 3608 ldus
2357 3550 2526 3619 Junii,
2552 3555 2770 3610 Asterie
2803 3563 2858 3611 et
2885 3555 3184 3629 Protogene
3209 3557 3544 3616 consulibus.

2449 3642 2581 3697 Vlll.
2619 3666 2690 3683 -ι-
2735 3645 2816 3699 Ad
2857 3645 3189 3702 Puto/teriam
3228 3647 3543 3720 Augustam.

2277 3734 2389 3793 Leo
2411 3733 2732 3792 PULCIIERUE
2763 3737 3017 3810 Augusta:
3043 3741 3141 3811 (‘2).

2277 3826 2547 3894 Quantum
2587 3829 2824 3898 praesidii
2864 3832 3120 3888 Dominus
3165 3833 3420 3891 Ecclesiae
3454 3851 3568 3892 sua:
3606 3837 3660 3893 in
3713 3854 3796 3896 reo

2207 3925 2320 3974 stra
2365 3920 2647 3975 clementia
2694 3925 3010 3991 praaparat‘it
3050 3926 3231 3981 multis
3263 3943 3405 3998 smpe
3447 3929 3795 4000 probavimus

2208 4009 2546 4065 documentis
2573 4052 2587 4077 ,
2619 4021 2673 4066 ct
2709 4016 2968 4084 quidquid
3006 4018 3208 4073 nostris
3251 4022 3584 4091 temporibus
3612 4037 3791 4080 centra

2210 4099 2616 4172 impugnatores
2647 4103 2927 4160 catholica:
2959 4107 3201 4163 veritatis
3231 4110 3495 4166 industria
3538 4116 3790 4170 sacerdo-

2208 4191 2331 4246 talis
2358 4192 2564 4247 obtinet
2614 4194 2681 4248 ad
2716 4205 2954 4250 vestram
2999 4200 3233 4254 maxime
3272 4201 3496 4271 gloriam
3527 4205 3791 4258 redunda-

2211 4285 2311 4351 bit,
2345 4286 2506 4351 dum,
2534 4288 2673 4343 sicut
2712 4303 2743 4342 a
2795 4290 2997 4358 Spiritu
3029 4301 3220 4347 sancto
3263 4293 3550 4361 didicistis,
3589 4297 3664 4351 illi
3707 4314 3792 4368 per

2208 4381 2387 4434 omnia
2435 4391 2758 4450 potestatem
2803 4394 3042 4440 vestram
3071 4386 3359 4454 subjicitis,
3389 4389 3548 4458 cujus
3579 4407 3789 4446 munere

2209 4481 2265 4526 et
2294 4475 2626 4542 protectione
2665 4479 2921 4542 regnatis.
2957 4478 3106 4535 Unde
3139 4481 3266 4550 quia
3294 4490 3480 4536 contra
3514 4483 3790 4555 integrita-

2214 4572 2322 4619 tem
2380 4566 2499 4621 lidei
2565 4567 2886 4624 Christianae
2956 4573 3346 4628 dissensionem
3399 4577 3694 4646 quamdam
3742 4579 3788 4632 in

2213 4651 2804 4726 Constantinopolitano
2834 4663 3062 4716 ecclesia
3099 4663 3339 4735 Eutyche
3379 4675 3607 4722 auctore
3639 4685 3790 4738 gene-

2216 4757 2386 4801 ratam
2427 4749 2608 4804 fratris
2635 4759 2689 4804 et
2719 4753 3024 4823 coepisc0pi
3061 4757 3228 4809 nostri
3260 4755 3502 4813 Flaviani
3536 4760 3788 4816 relatione

2213 4839 2471 4908 cognovi,
2512 4841 2584 4895 ita
2610 4850 2668 4894 ut
2697 4844 2860 4897 totius
2885 4859 3064 4901 causa:
3098 4848 3306 4916 species
3330 4851 3672 4920 synodalium
3701 4869 3785 4926 ges

2213 4937 2419 4982 stormn
2448 4942 2626 4986 textus
2652 4933 2972 5001 ostenderit,
3005 4937 3222 5008 dignum
3253 4939 3437 5008 gloria:
3467 4953 3667 5000 vestrm
3691 4955 3784 5010 est,

2214 5027 2273 5072 ut
2301 5035 2451 5074 error
2473 5021 2561 5088 qui
2589 5027 2668 5091 (ut
2714 5025 2969 5096 arbitror)
3015 5030 3080 5082 de
3126 5029 3396 5099 imperitia
3427 5034 3605 5102 magis
3639 5051 3785 5105 quam

2214 5110 2280 5165 de
2333 5112 2568 5166 versutia
2618 5123 2775 5169 natus
2820 5127 2903 5172 est
2969 5120 3248 5175 auferatur
3294 5124 3614 5196 priusquam
3665 5129 3787 5182 ullas

2212 5203 2312 5258 sibi
2343 5204 2484 5258 vires
2522 5207 2586 5260 de
2633 5222 2895 5264 consensu
2945 5211 3384 5281 in'tprudentium,
3416 5226 3472 5272 et
3498 5221 3786 5287 pertinacia

2213 5297 2500 5364 pravitatis
2537 5301 2822 5368 acquirat,
2865 5303 2990 5371 quia
3037 5306 3200 5359 etiam
3254 5307 3561 5377 ignorantia
3606 5306 3788 5381 graves

2214 5402 2594 5458 nonnunquam
2639 5391 2823 5446 incidit
2874 5393 3053 5461 lapsus
3078 5436 3093 5458 ,
3133 5407 3186 5450 et
3225 5397 3540 5470 plerumque
3575 5401 3632 5456 in
3682 5403 3785 5456 dia-

2214 5477 2320 5530 holi
2373 5479 2480 5532 ruit
2534 5479 2718 5535 foveas
2767 5483 2978 5537 incauta
3025 5487 3364 5556 simplicitas,
3404 5505 3503 5560 per
3547 5507 3706 5562 quam
3738 5493 3783 5546 in

2215 5571 2528 5638 supradicto
2575 5573 2909 5644 subrepsisse
2938 5576 3176 5652 intelligo
3227 5582 3474 5650 Spiritum
3524 5582 3782 5647 falsitatis.

2214 5668 2276 5712 ut
2310 5660 2434 5716 dum
2464 5663 2771 5722 :rstimat‘se
2806 5666 3107 5742 religiosius
3135 5671 3202 5728 de
3245 5671 3365 5729 Filii
3400 5673 3495 5730 Dci
3520 5675 3782 5745 majestate

606 5760 678 5828 (Ξ)
719 5760 895 5816 Editio
937 5770 1089 5818 Vetus
1114 5801 1128 5829 ,
1181 5758 1554 5817 Pufcherrima:
1605 5765 1886 5835 Augustar,
1925 5768 2010 5823 hic
2046 5778 2099 5825 et
2137 5769 2296 5827 infra.
