3968 6490
117 351 221 410 777

1359 347 1854 410 DECRETALIUM
1879 350 2282 411 COLLECTIO.

3284 368 3388 424 778

117 463 340 531 sentire,
386 462 432 518 si
479 461 529 520 ei
566 469 776 518 natum
802 469 1003 518 nostrae
1047 464 1332 519 veritatem
1381 465 1558 520 inesse
1587 480 1696 519 non
1721 466 1773 526 Α
1798 463 2120 522 humilitatis
2173 467 2454 538 proposito
2522 469 2810 528 laudabilis
2860 474 3160 538 videbatur,
3199 492 3389 534 contra

117 558 259 613 dicat
315 564 485 610 totum
533 553 684 620 illud,
747 557 888 626 quod
917 553 1154 612 Verbum
1211 572 1341 614 caro
1389 555 1590 612 factum
1616 564 1703 612 est

115 648 273 702 unius
319 656 483 718 atque
528 644 765 715 ejusdem
819 655 970 718 putet
1027 663 1149 705 esse
1201 649 1537 706 substantiae.
1595 645 1703 702 Sed

114 746 375 806 quantum
412 735 693 794 Nestorius
745 753 774 792 a
825 739 1051 796 veritate
1100 741 1345 808 excidit,
1391 741 1516 796 dum
1548 739 1706 796 Chri-

115 836 258 879 stum
290 827 383 894 qui
432 826 498 880 de
545 836 720 884 matre
749 828 922 884 solum
961 831 1238 886 hominem
1269 832 1465 888 asserit
1495 839 1702 896 natum,

117 923 326 968 tantum
367 914 528 970 etiam
573 916 662 972 hic
705 932 736 972 a
788 919 1056 976 catholico
1109 921 1326 977 tramite
1367 921 1566 988 deviat,
1611 921 1705 992 qui

115 1005 178 1059 de
206 1006 399 1061 eadem
440 1007 658 1078 Virgine
706 1024 813 1066 non
862 1020 1106 1067 nostrum
1144 1013 1318 1068 credit
1356 1013 1554 1068 editam
1585 1027 1707 1070 esse

116 1097 528 1164 substantiam;
595 1099 782 1156 nolens
839 1101 1026 1173 utique
1098 1118 1217 1158 eam
1271 1103 1438 1160 solius
1491 1105 1708 1161 deitatis

116 1186 368 1258 mtelligi,
395 1196 452 1243 ut
473 1191 614 1260 quod
643 1190 697 1246 in
728 1191 899 1247 forma
929 1193 1071 1249 servi
1095 1197 1282 1266 gessit,
1303 1199 1514 1267 etquod
1537 1197 1708 1254 nostri

116 1281 313 1336 similis
336 1280 439 1337 fuit
466 1293 629 1355 atque
655 1285 973 1352 conformis,
1004 1290 1248 1360 quaedam
1276 1301 1476 1347 nostrae
1501 1301 1711 1348 natura:

115 1371 286 1429 fuerit
337 1375 555 1446 imago,
629 1394 738 1435 non
783 1380 1006 1436 veritas.
1061 1381 1209 1438 Nihil
1260 1395 1440 1439 autem
1490 1384 1712 1454 prodest

116 1465 406 1524 Dominum
441 1480 685 1528 nostrum
714 1473 888 1530 beatae
935 1473 1116 1532 Mariae
1144 1476 1370 1548 virginis
1417 1476 1588 1532 ﬁlium
1617 1492 1711 1533 ve—

115 1576 240 1616 rum
289 1563 697 1636 perfectumque
742 1568 1017 1624 hominem
1064 1569 1263 1634 dicere,
1316 1570 1362 1626 si
1410 1586 1517 1626 non
1569 1570 1712 1627 illius

113 1653 340 1722 generis
382 1654 544 1712 homo
572 1658 816 1713 creditur
845 1701 861 1725 ,
899 1659 1055 1730 cujus
1091 1661 1145 1715 in
1187 1661 1478 1733 Evangelio
1516 1661 1712 1731 praedi-

114 1756 295 1802 catur.
322 1748 466 1804 Dicit
515 1750 662 1805 enim
711 1750 998 1808 Matthtrus
1036 1770 1050 1807 :
1091 1771 1109 1802 σ
1156 1753 1318 1810 Liber
1341 1755 1710 1825 generationis

113 1838 244 1895 Jesu
271 1839 495 1907 Christi,
529 1841 828 1910 ﬁliiDavid,
854 1843 946 1900 ﬁlii
967 1845 1242 1902 Abraham
1266 1847 1483 1920 (Matth.
1515 1848 1655 1919 1,1).
1683 1867 1702 1900 ι
1739 1829 1788 1889 Β

115 1931 224 1989 Sed
256 1936 330 1989 ita
358 1935 607 1992 humana:
648 1937 873 2009 originis
895 1939 1139 1995 ordinem
1170 1941 1432 2010 sequitur,
1461 1949 1522 1996 ut
1549 1955 1708 2011 gene-

115 2027 391 2083 rationum
423 2028 597 2086 lineas
624 2045 795 2101 usque
840 2031 908 2086 ad
931 2030 1154 2103 Joseph,
1180 2033 1266 2090 cui
1301 2042 1476 2090 mater
1496 2034 1710 2092 Domini

113 2127 237 2173 erat
280 2119 605 2192 desponsata
637 2165 652 2187 ,
714 2123 962 2179 deducat.
1019 2124 1194 2182 Lucas
1246 2142 1377 2183 vero
1411 2136 1709 2184 retrorsum

114 2212 529 2268 successionum
580 2214 782 2286 gradus
829 2216 1094 2289 relegens,
1144 2218 1210 2275 ad
1257 2219 1432 2290 ipsum
1487 2221 1711 2276 humani

115 2307 338 2375 generis
392 2309 695 2380 principem
749 2311 932 2378 rediit,
991 2321 1052 2367 ut
1101 2313 1268 2368 Adam
1338 2315 1590 2385 primum,
1658 2325 1715 2371 et

114 2399 293 2454 Adam
339 2401 690 2457 novissimum
736 2400 976 2471 ejusdem
1024 2405 1276 2460 ostendat
1323 2421 1446 2462 esse
1483 2415 1710 2461 naturae.

115 2489 384 2548 Potuerat
450 2495 650 2566 quippe
731 2495 1139 2566 omnipotentiae
1203 2496 1324 2553 Filii
1375 2498 1470 2554 Dei
1515 2499 1597 2555 sic
1645 2499 1712 2554 ad

116 2583 396 2642 docendos
443 2586 690 2644 homines
741 2603 1027 2660 apparere,
1078 2591 1348 2660 quomodo
1387 2602 1442 2648 et
1487 2595 1716 2664 patriar-

117 2677 265 2742 chis,
296 2685 351 2731 et
395 2679 674 2749 prophetis
719 2681 774 2736 in
819 2681 1001 2751 specie
1049 2683 1232 2738 carnis
1281 2685 1536 2755 apparuit
1590 2701 1714 2740 eum

119 2774 219 2821 aut
252 2766 523 2824 luctamen
570 2769 713 2837 iniit,
745 2780 840 2826 aut
885 2786 1194 2829 sermonem
1243 2775 1564 2841 conseruit,
1592 2791 1716 2832 cum

120 2857 213 2915 vel
240 2857 414 2916 ofﬁcia
438 2861 824 2934 hospitalitatis
853 2865 1062 2931 habuit,
1103 2867 1189 2924 vel
1217 2870 1380 2924 etiam
1411 2870 1716 2941 appositum

120 2951 307 3008 cibum
360 2955 608 3025 sumpsit.
676 2955 781 3012 Sed
825 2956 928 3014 llas
973 2959 1236 3029 imagines
1297 2959 1457 3030 hujus
1485 2961 1720 3018 hominis

123 3052 283 3099 erant
314 3043 519 3114 judicia
539 3045 694 3117 cujus
736 3050 1019 3106 veritatem
1055 3068 1124 3109 ex
1162 3055 1586 3123 praecedentium
1618 3054 1721 3110 Pa-

123 3145 270 3190 trum
345 3137 516 3209 stirpe
593 3142 912 3198 sumendam
984 3144 1412 3216 signiﬁcationes
1492 3146 1719 3219 mystice

125 3227 468 3284 nuntiabant.
521 3228 629 3286 Sed
672 3231 796 3289 ideo
822 3244 1222 3291 sacramentum
1269 3235 1720 3294 reconciliationis

131 3331 334 3378 nostra:
385 3332 513 3380 ante
541 3333 786 3396 tempora
832 3337 1035 3383 .eterna
1067 3328 1386 3399 dispositum
1427 3327 1574 3385 mille
1621 3328 1724 3383 im-

127 3414 350 3486 plebant
403 3415 628 3487 ﬁgurae,
682 3419 808 3489 quia
874 3420 1113 3476 nondum
1181 3428 1408 3477 venerat
1486 3418 1724 3490 Spiritus

129 3517 354 3562 sanctus
386 3506 440 3562 in
473 3509 769 3580 Virginem,
802 3526 902 3566 nec
929 3511 1105 3566 virtus
1132 3510 1396 3568 Altissimi
1425 3510 1721 3566 obumbra-

130 3605 289 3652 verat
357 3596 433 3658 ei.
482 3606 542 3652 ut
584 3599 724 3654 intra
787 3599 1109 3657 intemerata
1155 3601 1366 3656 viscera
1411 3600 1713 3656 aediﬁcante

133 3692 236 3746 sibi
269 3689 546 3762 Sapientia
574 3695 817 3763 domum,
843 3693 1082 3750 Verbum
1110 3709 1241 3750 caro
1265 3696 1435 3760 ﬁeret.
1461 3703 1517 3750 et
1543 3692 1718 3748 forma

137 3784 232 3839 Dei
271 3800 335 3840 ac
363 3784 533 3841 forma
566 3801 710 3842 servr
735 3787 790 3842 in
828 3803 989 3842 unam
1028 3788 1384 3843 conveniente
1426 3802 1718 3858 personam

137 3876 366 3934 Creator
413 3887 716 3949 temporum
763 3888 1081 3934 nasceretur
1129 3879 1183 3934 in
1231 3888 1493 3950 tempore,
1529 3887 1584 3935 et
1629 3892 1728 3949 per

143 3987 304 4040 quam
335 3970 477 4027 facta
517 3979 644 4028 sunt
678 3973 896 4037 omnia,
953 3972 1067 4044 ipse
1128 3973 1267 4028 inter
1310 3955 1726 4044 omnia'gigne-

135 4072 307 4118 retur.
358 4061 473 4118 Nisi
513 4063 657 4118 enim
689 4078 859 4118 novus
913 4064 1074 4119 homo
1119 4061 1296 4118 factus
1371 4063 1425 4118 in
1477 4062 1731 4118 similitu-

139 4154 320 4211 dinem
367 4155 547 4212 carnis
572 4155 783 4226 peccati
835 4165 1078 4212 nostram
1127 4157 1431 4227 susciperet
1481 4165 1728 4211 vetusta-

141 4257 291 4314 tem,
356 4257 412 4303 et
485 4249 968 4306 consubstantialis
1014 4249 1199 4314 Patri,
1254 4241 1730 4306 consubstantialis

139 4355 259 4396 esse
310 4340 624 4411 dignaretur
671 4351 728 4398 et
781 4343 976 4409 matri,
1025 4352 1272 4398 naturam
1328 4343 1432 4398 sibi
1488 4352 1728 4398 nostram

141 4431 289 4487 solus
315 4447 346 4486 a
370 4441 594 4504 peccato
611 4434 750 4490 liber
766 4432 965 4499 uniret,
1001 4436 1100 4490 sul)
1123 4435 1254 4508 jugo
1275 4435 1476 4490 diaboli
1506 4449 1733 4507 genera-

141 4525 264 4582 liter
294 4534 575 4584 teneretur
618 4525 854 4582 humana
886 4525 1197 4598 captivitas,
1242 4540 1344 4580 nec
1372 4525 1532 4581 aliter
1561 4525 1734 4595 possi-

143 4620 397 4676 deremus
430 4620 810 4692 triumphantis
850 4621 1133 4676 victoriam
1159 4660 1175 4686 ,
1221 4618 1266 4674 si
1309 4627 1465 4674 extra
1493 4628 1734 4675 nostram

141 4722 288 4771 esset
314 4713 559 4771 confecta
588 4723 857 4770 naturam.
891 4713 967 4769 De
992 4713 1094 4770 hac
1121 4721 1300 4769 autem
1322 4712 1736 4784 participatione

144 4803 397 4860 mirabile
443 4814 841 4861 sacramentum
888 4805 1043 4861 nobis
1074 4803 1504 4874 regenerationis
1561 4801 1737 4856 indul-

143 4901 236 4964 sit,
268 4907 330 4952 ut
359 4913 458 4968 per
500 4900 675 4970 ipsum
704 4897 966 4970 Spiritum
993 4913 1091 4968 per
1119 4912 1280 4969 quem
1323 4894 1571 4952 Christus
1603 4911 1735 4951 con-

145 4999 339 5061 ceptus
380 4999 464 5047 est
506 4999 561 5046 et
587 4999 768 5057 natus,
794 4991 958 5047 etiam
987 5007 1088 5047 nos
1113 4990 1204 5060 qui
1231 5005 1327 5061 per
1351 4989 1739 5060 concupiscen-

144 5082 276 5139 tiam
305 5083 492 5139 carnis
519 5099 705 5139 sumus
743 5085 928 5155 geniti,
982 5083 1249 5154 spirituali
1298 5084 1492 5138 iterum
1535 5083 1746 5154 origine

146 5189 520 5231 nasceremur.
575 5165 800 5246 Propter
845 5174 989 5246 quod
1032 5177 1100 5231 ab
1138 5175 1466 5244 evangelista
1515 5174 1579 5230 de
1629 5189 1746 5230 cre-

146 5266 405 5324 dentibus
449 5269 647 5326 dicitur
678 5283 691 5324 :
725 5288 744 5322 ι
778 5269 882 5338 Qui
928 5283 1036 5325 non
1061 5284 1127 5324 ex
1171 5267 1544 5339 sanguinibus,
1572 5282 1746 5337 neque

145 5374 216 5414 ex
243 5361 523 5432 voluptate
564 5363 762 5426 carnis,
797 5377 972 5434 neque
997 5377 1062 5418 ex
1094 5362 1372 5418 voluntate
1401 5361 1527 5426 viri,
1559 5360 1651 5416 sed
1678 5375 1746 5415 ex

146 5436 263 5511 Deo
316 5455 426 5509 nati
479 5465 608 5512 sunt
657 5454 841 5528 (Joan.
891 5470 930 5522 ι,
991 5455 1104 5526 ιδ).
1165 5477 1182 5509 ι
1245 5453 1409 5524 Cujus
1464 5452 1748 5509 ineﬂ'abilis

146 5543 343 5614 gratiae
371 5546 644 5617 particeps
693 5563 798 5602 non
846 5558 950 5612 est,
1000 5563 1100 5602 nec
1143 5555 1322 5617 potest
1369 5545 1604 5600 ﬁliorum
1655 5544 1748 5600 Dei

149 5635 502 5708 adoptionem
552 5640 833 5709 consequi,
878 5639 1124 5710 quisquis
1150 5655 1180 5694 a
1227 5639 1330 5693 ﬁde
1356 5653 1452 5694 sua
1484 5639 1586 5694 hoc
1607 5635 1751 5707 quod

150 5742 256 5783 nos
323 5729 697 5804 principaliter
755 5729 927 5784 salvat
994 5728 1249 5784 excludit.
1309 5727 1461 5784 Unde
1525 5727 1751 5781 multum

1805 555 2017 611 unicam
2070 571 2221 627 spem
2256 569 2495 615 nostram
2536 571 2857 633 patrumque
2894 575 3200 621 nostrorum
3251 585 3392 623 vana

1807 648 1968 705 nimis
1995 659 2051 704 et
2076 650 2268 706 stolida
2295 652 2454 707 audet
2480 662 2744 709 astruere.
2778 655 2878 723 Qui
2926 657 3052 711 dum
3080 657 3274 711 viderit
3308 659 3394 712 in-

1807 740 2075 810 sipientia:
2102 757 2213 798 suae
2239 758 2470 809 sensum
2500 745 2783 801 catholicis
2806 747 3026 802 auribtts
3085 748 3395 818 displicere,

1808 848 2066 891 revocare
2095 851 2154 892 se
2189 853 2220 892 a
2251 853 2348 893 sua
2376 838 2631 907 opinione
2658 838 2932 905 debuerat,
2964 856 3063 895 nec
3093 842 3163 894 ita
3207 841 3394 896 Ecclc«

1809 925 1903 982 sine
1928 927 2184 998 praesules
2207 945 2571 997 commovere,
2601 941 2661 986 ut
2685 930 3048 987 damnationis
3073 933 3394 988 sententiam

1811 1028 2119 1076 mereretur
2185 1022 2486 1092 accipere,“
2515 1039 2676 1093 quam
2727 1024 2914 1095 utique
2949 1025 2992 1080 si
3025 1025 3076 1078 in
3119 1040 3216 1079 sua
3267 1041 3396 1079 sen-

1810 1111 1978 1167 tentia
2011 1111 2243 1168 voluerit
2286 1127 2606 1182 permanere
2648 1114 2826 1169 nullus
2872 1115 3069 1183 poterit
3124 1115 3395 1170 relaxare.

1811 1204 1968 1262 Sedis
1993 1206 2135 1261 enim
2166 1207 2474 1276 apostolicre
2500 1209 2954 1264 moderatiobanc
2985 1209 3397 1278 temperantiam

1810 1296 2086 1362 observat,
2115 1305 2172 1351 ut
2203 1297 2448 1353 severius
2476 1305 2600 1366 agat
2630 1313 2751 1353 cum
2780 1297 3078 1363 obduratis,
3106 1307 3164 1351 et
3183 1297 3399 1350 veniam

1810 1388 1993 1459 cupiat
2046 1397 2306 1459 praestare
2355 1389 2634 1444 correctis.
2683 1388 2818 1456 Quia
2859 1405 2988 1460 ergo
3049 1388 3214 1444 multa
3266 1388 3400 1442 mihi
3488 1439 3498 1453 ,

1813 1481 2010 1538 ﬁducia
2041 1491 2128 1537 est
2169 1482 2237 1536 de
2271 1482 2490 1550 pietatis
2535 1491 2638 1536 tute
2673 1481 3039 1536 sincerissima
3073 1480 3175 1534 lide
3201 1521 3216 1543 ,
3245 1479 3404 1533 obse-

1811 1591 1907 1632 cro
1947 1575 2174 1646 gloriam
2219 1574 2522 1630 clementiae
2568 1585 2692 1639 tute,
2733 1584 2792 1629 ut
2825 1575 2965 1630 sicut
3011 1582 3200 1628 sancto
3223 1572 3404 1628 studio

1813 1675 1908 1722 tuo
1975 1666 2242 1722 catholica
2288 1667 2601 1738 praedicatio
2652 1682 2865 1736 semper
2923 1664 3103 1734 adjuta
3151 1675 3278 1729 est,
3329 1663 3404 1719 ita

1814 1776 1958 1815 nunc
1990 1775 2204 1831 quoque
2228 1758 2344 1828 ejus
2373 1759 2548 1814 faveat
2575 1760 2834 1822 libertati,
2883 1775 3043 1827 quam
3091 1758 3230 1812 forte
3282 1757 3405 1811 ideo

1813 1851 2064 1922 permisit
2093 1850 2355 1907 Dominus
2386 1852 2488 1905 hac
2523 1851 2821 1905 lentatioue
2873 1848 3097 1918 pulsari,
3132 1855 3185 1900 ut
3218 1844 3407 1916 quales

1814 1944 1958 1999 intra
2009 1943 2306 1999 Ecclesium
2360 1943 2580 2007 lateant,
2651 1943 2819 2014 possit
2877 1939 3115 2012 agnosci.
3165 1938 3404 2006 Quorum

1813 2035 1974 2107 plane
2000 2051 2110 2091 non
2152 2044 2236 2091 est
2282 2034 2601 2106 negligenda
2632 2034 2840 2090 curatio
2862 2075 2876 2097 ,
2904 2042 2962 2086 nt
3001 2048 3100 2089 nec
3125 2031 3411 2102 episcopo-

1815 2143 1934 2183 rum
1977 2143 2076 2184 nos
2105 2129 2394 2184 contristet
2441 2129 2682 2184 amissio.
2727 2128 3152 2199 Augustissimus
3197 2140 3326 2180 vero
3354 2133 3412 2181 et

1816 2219 2314 2276 Christianissimus
2341 2221 2635 2291 imperator
2675 2219 2900 2289 cupiens
2929 2233 3090 2288 quam
3123 2215 3410 2272 celerrime

1819 2317 2034 2371 turbata
2085 2317 2335 2387 componi
2383 2315 2676 2387 episc0pali
2723 2315 2955 2371 concilio
3013 2313 3156 2384 quod
3208 2311 3410 2382 Ephesi

1817 2407 1932 2462 vult
1965 2407 2186 2472 habere,
2232 2407 2456 2461 nimium
2501 2407 2666 2462 breve
2691 2415 2746 2461 et
2772 2413 3058 2477 angustum
3093 2414 3304 2473 tempus
3335 2401 3415 2455 in-

1819 2500 1958 2556 dixit
2011 2501 2154 2555 dtem
2219 2497 2580 2553 Kalendarum
2630 2483 3017 2567 praestituendo
3069 2493 3358 2550 conventui
3392 2533 3408 2557 ,

1819 2608 1942 2647 cum
1975 2607 2005 2646 a
2058 2592 2220 2646 tertio
2254 2591 2340 2646 die
2372 2590 2559 2644 lduum
2603 2589 2886 2655 Maiarum,
2939 2603 3047 2659 quo
3098 2585 3412 2641 serenitatis

1819 2685 1937 2756 ejus
1971 2684 2176 2755 scripta
2235 2683 2576 2753 suscepimus
2612 2722 2626 2746 ,
2685 2679 2858 2749 major
2902 2695 3029 2750 pars
3090 2677 3281 2747 reliqui
3341 2676 3415 2729 sit

1820 2775 2085 2846 temporis
2130 2775 2481 2835 absumenda,
2536 2783 2594 2828 ut
2641 2772 2906 2844 profectio
2930 2770 3293 2832 sacerdotum,
3319 2767 3413 2838 qui

1820 2869 2035 2938 negotio
2081 2864 2368 2930 sufﬁciant,
2409 2865 2582 2920 valeat
2615 2864 2877 2920 ordinari.
2915 2861 3048 2916 Nam
3099 2859 3227 2914 illud
3271 2857 3416 2928 quod

1821 2961 2040 3032 pietatis
2096 2960 2214 3032 ejus
2267 2960 2432 3014 etiam
2483 2975 2570 3014 me
2621 2959 2854 3014 credidit
2903 2957 3102 3012 debere
3155 2954 3418 3008 interesse

1822 3053 2099 3121 concilio,
2179 3052 2393 3109 etiamsi
2470 3052 2767 3108 secundum
2825 3048 3040 3119 aliquod
3107 3043 3419 3116 praecedens

1824 3145 2064 3214 exigitur
2091 3145 2418 3216 exemplum,
2466 3159 2610 3198 nunc
2657 3153 2839 3198 tamen
2871 3153 3212 3209 nequaquam
3251 3135 3422 3206 possit

1826 3234 2060 3306 impleri,
2101 3235 2228 3305 quia
2259 3249 2441 3290 rerum
2466 3234 2816 3304 praesentium
2855 3231 3017 3286 nimis
3046 3231 3253 3284 incerta
3285 3241 3418 3282 con-

1824 3329 1956 3385 ditio
1994 3337 2159 3384 tanta:
2206 3330 2357 3384 urbis
2385 3329 2599 3399 papulis
2622 3343 2710 3384 me
2747 3328 2940 3382 abesse
2979 3339 3083 3379 non
3110 3322 3337 3385 sineret,
3365 3327 3424 3372 et

1825 3423 1880 3478 in
1927 3420 2365 3492 desperationem
2421 3420 2711 3490 quamdam
2765 3419 2930 3474 animi
2977 3412 3421 3472 tumultuantium

1823 3511 2197 3573 mitterentur,
2231 3512 2276 3568 si
2321 3526 2418 3580 per
2443 3510 2782 3567 occasionem
2819 3524 2996 3564 causae
3041 3501 3425 3562 ecclesiasticae

1824 3604 2039 3660 viderer
2076 3604 2308 3673 patriam
2349 3612 2402 3659 et
2437 3603 2791 3672 apostolicam
2840 3600 3035 3655 Sedem
3067 3598 3206 3652 velle
3254 3596 3416 3650 dese-

1826 3712 1966 3754 rere.
2036 3696 2172 3764 Quia
2240 3696 2403 3768 igitur
2474 3695 2539 3750 ad
2611 3695 2881 3764 publicam
2936 3695 3073 3748 hanc
3135 3689 3422 3745 utilitatem

1825 3789 2153 3861 pertinuisse
2210 3787 2559 3859 cognoscitis,
2593 3796 2652 3840 ut
2697 3786 2844 3841 salva
2892 3783 3198 3840 clementiae
3227 3789 3423 3836 vestrae

1829 3881 1987 3936 venia
2013 3880 2266 3935 charitati
2301 3894 2466 3944 mem,
2500 3887 2556 3933 et
2599 3877 2850 3948 precibus
2881 3877 3082 3931 civium
3118 3891 3223 3929 non
3258 3888 3423 3943 nega-

1828 3989 1943 4028 rem
1976 3974 2029 4027 in
2077 3973 2160 4028 his
2190 3971 2451 4026 fratribus
2481 3970 2614 4025 meis
2641 3985 2778 4040 quos
2820 3969 2937 4024 vice
2983 3983 3100 4022 mea
3140 3965 3262 4020 misi
3291 4005 3305 4029 ,
3340 3977 3426 4018 me

1829 4082 2048 4136 quoque
2087 4065 2278 4145 adesse
2309 4080 2431 4119 cum
2458 4063 2674 4119 caeteris
2700 4063 2988 4125 aestimate,
3013 4060 3102 4130 qui
3126 4057 3423 4114 secundum

1828 4149 2049 4213 causam
2080 4157 2216 4212 satis
2251 4157 2383 4211 mihi
2432 4171 2499 4211 ex
2552 4163 2825 4226 gesturum
2857 4153 3031 4216 serie,
3078 4161 3132 4207 et
3160 4149 3330 4220 ipsius
3360 4158 3428 4202 de

1829 4267 1938 4323 quo
1993 4252 2171 4323 agitur
2229 4249 2566 4322 professione
2622 4247 2951 4318 patefactam
2998 4246 3321 4307 evidenter,
3373 4249 3430 4296 et

1829 4344 1989 4416 plene
2023 4342 2151 4414 quid
2184 4341 2510 4397 servandum
2554 4349 2718 4404 esset,
2761 4337 2996 4394 ostendi.
3026 4336 3142 4391 Non
3190 4334 3333 4389 enim
3362 4333 3431 4389 de

1830 4432 2167 4507 portiuncula
2220 4431 2341 4487 ﬁdei
2375 4440 2570 4486 nostra:
2611 4445 2732 4500 quae
2762 4430 2923 4484 nimis
2960 4428 3135 4483 lucide
3163 4427 3432 4482 clarescat

1836 4527 2099 4599 quaeritur
2128 4566 2143 4591 ,
2194 4525 2286 4581 sed
2336 4524 2441 4578 hoc
2488 4522 2810 4578 stultissima
2841 4520 3118 4576 resultatio
3153 4517 3315 4571 audet
3345 4516 3429 4568 iu-

1839 4634 2072 4683 cessere,
2113 4617 2256 4688 quod
2289 4616 2549 4672 Dominus
2587 4623 2771 4669 noster
2804 4613 2855 4666 in
2887 4610 3126 4665 Ecclesia
3158 4607 3429 4661 neminem

1840 4729 2003 4770 sexus
2054 4713 2337 4779 utriusque
2395 4707 2568 4762 voluit
2623 4708 2891 4778 ignorare.
2946 4700 3228 4772 Siquidem
3264 4697 3434 4766 ipsius

1841 4801 2093 4860 catholici
2126 4799 2354 4873 symboli
2387 4799 2566 4854 brevis
2608 4808 2663 4852 et
2702 4794 2942 4866 perfecta
2977 4791 3266 4854 confessio,
3311 4802 3434 4858 quae

1842 4893 2126 4949 duodecim
2173 4891 2537 4960 apostolorum
2587 4889 2806 4943 totidem
2837 4895 2919 4940 est
2964 4884 3174 4955 signata
3213 4888 3433 4936 senten-

1845 4985 1955 5049 tiis,
2001 4992 2109 5038 tam
2149 4982 2412 5039 instructa
2461 4982 2527 5037 sit
2566 4979 2864 5034 munitione
2899 4975 3128 5038 ccelesti,
3161 4983 3217 5027 ut
3243 4986 3436 5027 omnes

1848 5073 2227 5129 haereticorum
2267 5072 2551 5141 opiniones
2607 5069 2722 5124 solo
2775 5066 2944 5136 ipsius
3001 5065 3209 5135 possint
3255 5061 3435 5131 gladio

1847 5165 2180 5221 detruncari.
2211 5164 2378 5232 Cujus
2407 5160 2632 5233 symboli
2657 5158 3066 5230 plenitudinem,
3091 5158 3134 5210 si
3164 5153 3436 5226 Eulyebes

1849 5273 1984 5329 puro
2014 5267 2070 5312 et
2096 5256 2326 5326 simplici
2355 5254 2613 5308 voluisset
2639 5251 2800 5306 corde
2827 5250 3134 5320 concipere,
3187 5248 3240 5302 in
3289 5245 3436 5300 nullo

1851 5367 1881 5405 a
1923 5351 2156 5405 decretis
2192 5348 2390 5403 Nicaeni
2427 5345 2638 5401 concilii
2670 5345 2933 5408 deviaret,
2959 5352 3012 5398 et
3044 5344 3146 5398 hoc
3170 5358 3200 5396 a
3230 5338 3436 5396 sanctis

1850 5441 2102 5497 Patribus
2126 5440 2442 5510 intelligeret
2483 5438 2945 5503 constitutum,'ut
2961 5444 3149 5492 contra
3182 5429 3438 5501 apostoli-

1850 5551 1970 5592 cam
2003 5535 2183 5600 ﬁdem,
2215 5550 2334 5605 quaa
2362 5549 2470 5587 non
2510 5531 2615 5588 nisi
2660 5547 2764 5588 una
2811 5529 2933 5602 est,|
2959 5529 3162 5584 nullum
3198 5540 3261 5580 se
3284 5526 3436 5594 inge-

1853 5629 2048 5692 nium,
2103 5626 2308 5681 nullum
2367 5625 2607 5682 elevaret
2656 5624 2952 5695 eloquium.
3006 5621 3112 5677 Sed
3169 5619 3290 5674 ideo
3337 5630 3439 5687 pro

1853 5733 2046 5778 vestra:
2075 5722 2290 5792 pietatis
2327 5721 2716 5777 consuetudine
2756 5719 3004 5776 laborare
3031 5713 3349 5787 dignemini,
3379 5719 3442 5767 ut

133 5821 321 5901 {doleo
373 5823 710 5897 multumque
756 5823 1078 5894 contristor,
1100 5822 1244 5897 quod
1274 5822 1364 5878 hic
1397 5820 1491 5894 qui
1523 5828 1648 5879 ante
1685 5819 1754 5880 de
1855 5813 2216 5904 quodcontra
2243 5812 2953 5902 singularesacramentum
2978 5807 3168 5868 salutis
3192 5807 3442 5863 humanae
