3968 6444
515 350 620 408 779

1258 350 1547 406 APPEND.
1588 350 1681 405 Al)
1719 332 1891 408 saec.
1927 350 2016 407 ιχ.
2048 382 2116 394 -
2154 350 2404 412 lSlDORl
2439 322 2882 414 MERCATORIS

3704 349 3815 409 τεο

515 460 836 532 blasphema
885 460 1194 532 insipientia
1225 462 1467 532 protulit,
1511 463 1580 518 ab
1622 463 1865 519 omnium
1910 465 2107 521 animis
2137 471 2182 530 Α
2209 454 2625 534 consecratum,
2667 450 2726 522 ut
2758 465 3018 539 quidquid
3066 460 3167 521 est'
3192 479 3223 519 a
3276 463 3507 521 Domino
3544 463 3817 534 insignit!

522 551 832 623 repellatur.
867 554 948 607 Ac
973 553 1018 607 si
1051 553 1164 623 ipse
1186 553 1278 623 qui
1327 554 1383 607 in
1410 554 1549 608 hanc
1586 552 1943 612 tentationem
1972 557 2107 613 inci-
2149 578 2153 581 ·

521 642 623 709 dit,
672 643 997 713 resipiscat,
1038 644 1110 698 ita
1159 653 1218 700 ut
1254 659 1351 715 per
1376 643 1652 700 liberalem
1680 638 2106 705 satisfactionem

522 734 801 804 propr-ium
827 736 1048 791 damnet
1072 749 1335 802 errorem,
1366 738 1681 793 communio
1704 739 1752 794 ei
1785 738 1867 793 sui
1899 738 2109 795 ordinis

522 824 867 881 reformetur.
897 825 1053 894 Quod
1108 827 1274 882 etiam
1321 836 1509 885 sancto
1546 827 1804 886 Flaviano
1853 829 2108 901 episcopo

525 932 614 973 me
664 918 949 975 clementia
981 927 1072 974 tua
1109 919 1394 991 scripsisse
1424 930 1737 992 cognoscat,
1784 932 1844 978 ut
1868 921 2109 981 charitas

522 1025 629 1065 non
663 1019 910 1083 negetur,
943 1012 987 1067 si
1019 1028 1174 1069 error
1199 1012 1464 1070 aboletur.

651 1104 742 1159 IX.
779 1137 850 1147 -—
887 1108 970 1161 Ad
1008 1107 1323 1164 Dioscorum
1362 1110 1780 1167 Alexandrinum
1818 1115 1977 1184 episc.

593 1196 705 1253 Leo
743 1198 1012 1256 Dioscono
1049 1200 1308 1258 Ecclesia;
1347 1202 1724 1260 Alexandrinae
1762 1206 2033 1277 episcopo.

590 1288 864 1357 Quantum
909 1292 1184 1349 dilectioni
1214 1303 1318 1350 tute
1350 1294 1640 1352 Duminicre
1670 1297 1956 1354 charitatis
2008 1299 2109 1353 im-

521 1382 820 1451 pendamus
851 1383 1122 1451 affectum,
1155 1401 1221 1442 ex
1254 1387 1356 1444 hoc
1384 1389 1585 1459 poteris
1614 1390 1935 1461 approbare,
1964 1384 2110 1462 quod

524 1481 617 1527 tua
669 1473 877 1532 firmius
930 1477 1301 1536 desideramus
1357 1482 1581 1539 fundare
1630 1484 1782 1540 initia
1812 1524 1825 1548 ,
1884 1500 1951 1541 ne
1980 1485 2110 1555 quid

521 1564 775 1620 charilati
819 1576 922 1623 tute
963 1571 1030 1624 ad
1059 1570 1446 1639 perfectionem
1471 1574 1659 1631 deesse
1686 1577 1950 1642 videatur,
1984 1592 2107 1633 cum

524 1652 620 1707 tibi
669 1656 918 1725 specialis
941 1663 1131 1730 gratiae
1173 1664 1386 1727 merita,
1420 1672 1477 1718 ut
1512 1665 1877 1735 probavimus,
1908 1666 2109 1725 suifra-

522 1753 738 1815 geutur.
782 1746 1016 1806 Paterna
1056 1753 1240 1824 igitur,
1291 1763 1346 1809 et
1393 1755 1632 1813 fraterna
1682 1759 1899 1816 collatio
1946 1763 2109 1819 debet

2212 546 2567 615 constitutum
2596 556 2651 616 in
2697 556 2860 630 hujus
2907 558 3016 615 diei
3072 558 3334 630 dignitate
3366 558 3437 613 sit
3468 567 3711 629 gestum.
3755 555 3817 613 In

2211 652 2576 719 haemt‘mdns
2618 653 2850 724 sumpsit
2890 638 3195 708 exordium.
3231 650 3290 706 In
3346 652 3449 707 hac
3491 663 3591 721 per
3632 663 3817 703 resur-

2211 742 2507 799 rectionem
2549 743 2776 810 Christi,
2813 753 2870 799 et
2916 759 3065 798 mors
3100 743 3403 809 interitum,
3431 751 3490 797 et
3514 741 3631 795 vita
3664 754 3820 795 acce-

2210 835 2291 906 pit
2329 834 2564 889 initium.
2613 834 2668 890 In
2720 835 2822 890 hac
2852 834 3079 905 apostoli
3122 850 3150 888 a
3198 834 3429 890 Domino
3474 830 3818 903 pmdicandi

2210 926 2266 982 in
2316 912 2567 982 omnibus
2613 928 2864 998 gentibus
2906 926 3187 1000 Evangelii
3234 926 3420 983 tubam
3472 935 3730 988 sumunt,
3765 931 3825 980 et

2212 1016 2492 1072 ferendum
2549 1020 2806 1075 universo
2856 1020 3058 1073 Inuudo
3088 1025 3493 1075 sacramentum
3525 1030 3823 1087 regenera-

2213 1106 2377 1163 tionis
2416 1107 2702 1177 accipiunt.
2730 1107 2791 1163 in
2820 1108 2941 1174 hac,
2976 1108 3117 1164 sicut
3144 1108 3336 1164 beatus
3374 1106 3621 1163 Joannes
3652 1120 3824 1161 eval-

2215 1198 2400 1271 g‘elista
2435 1208 2687 1265 testatur,
2730 1200 3077 1273 congregatis
3107 1201 3160 1255 in
3208 1215 3375 1256 unum
3407 1197 3703 1269 discipulis
3739 1194 3824 1266 ja-

2211 1291 2335 1344 nuis
2378 1290 2619 1358 clausis,
2690 1308 2812 1346 cum
2894 1294 2961 1346 ad
3015 1308 3110 1348 eos
3166 1291 3426 1347 Dominus
3484 1290 3823 1357 introisset,

2219 1400 2241 1434 ι
2285 1381 2576 1439 insufﬂavit
2619 1393 2675 1439 et
2711 1385 2848 1440 dixit
2879 1404 2892 1440 :
2924 1385 3171 1456 Accipite
3217 1382 3482 1455 Spiritum
3538 1390 3837 1461 sanctum,

2213 1490 2441 1544 quorum
2499 1478 2821 1533 remiseritis
2869 1489 3113 1549 peccata,
3181 1478 3531 1533 remittuntur
3580 1476 3667 1530 eis
3697 1516 3716 1540 ,
3772 1483 3828 1529 et

2213 1579 2445 1634 quorum
2501 1568 2843 1624 detinueritis
2866 1610 2880 1633 ,
2919 1570 3138 1625 detenta
3170 1579 3328 1624 erunt
3374 1565 3565 1640 (Joan.
3598 1582 3696 1629 xx,
3731 1565 3822 1630 9.2,

2212 1655 2328 1730 25).
2359 1678 2376 1710 ι
2416 1659 2472 1715 lu
2504 1661 2606 1716 hac
2631 1663 2864 1734 denique
2895 1664 3197 1736 promissus
3225 1679 3255 1719 a
3287 1661 3524 1718 Domino
3552 1660 3824 1733 apostolis

2216 1757 2453 1827 Spiritus
2485 1769 2706 1814 sanctus
2744 1761 2984 1826 advenit,
3019 1771 3080 1817 ut
3113 1761 3318 1817 caelesti
3345 1762 3585 1832 quadam
3630 1756 3820 1829 regula

523 1835 801 1892 sanctitati
843 1847 947 1895 tuae
977 1853 1098 1899 esse
1138 1844 1471 1915 gratissima,
1500 1853 1553 1902 et
1597 1863 1624 1902 a
1656 1859 1709 1903 te
1735 1850 1915 1906 taliter
1941 1853 2113 1909 susci-
2142 1832 2188 1892 Β
2217 1849 2577 1915 insinuatum,
2606 1862 2660 1906 et
2709 1851 2969 1907 traditum
2998 1853 3313 1909 noverimus
3341 1853 3395 1908 in
3440 1851 3533 1908 illa
3565 1852 3656 1908 die
3677 1849 3823 1907 cele-

522 1924 595 1993 pi,
634 1931 1089 1997 quemadmodum
1134 1942 1164 1988 a
1202 1935 1359 1991 nobis
1374 1952 1492 1991 eam
1522 1937 1789 2012 intelligas
1817 1941 2107 2013 proficisci.

523 2013 699 2072 Unum
742 2019 887 2075 enim
935 2038 1036 2077 nos
1080 2026 1284 2080 sentire
1329 2037 1543 2098 oportet
1580 2039 1635 2084 et
1675 2045 1855 2100 agere,
1886 2034 2116 2089 utsicut

520 2106 781 2179 legimus,
820 2111 873 2167 in
909 2114 1066 2170 nobis
1112 2131 1329 2187 quoque
1361 2136 1381 2169 ί
1416 2134 1582 2176 unum
1614 2136 1736 2178 esse
1762 2134 1885 2187 cor,
1917 2134 1972 2179 et
1997 2125 2115 2180 ani-

523 2217 610 2256 ma
638 2219 742 2259 una
768 2204 908 2272 (Act.
929 2207 1105 2280 tv,3%)
1130 2228 1149 2262 ι
1168 2212 1523 2281 comprobatu
1533 2229 1575 2267 r.
1597 2215 1731 2269 Cum
1747 2216 1891 2271 enim
1909 2216 2111 2275 beatis-

521 2292 695 2350 simus
726 2293 917 2353 Petrus
945 2299 1304 2368 apostolicnm
1336 2318 1367 2358 a
1406 2302 1638 2360 Domino
1669 2308 1939 2378 acceperit
1966 2309 2116 2378 priu-

523 2385 782 2454 cipatum,
815 2397 870 2443 et
918 2388 1159 2477 Romana
1211 2393 1453 2451 Ecclesia
1508 2398 1560 2453 in
1615 2399 1732 2470 ejus
1797 2408 2118 2471 permaneat

522 2472 820 2543 institutis,
851 2481 1004 2537 nefas
1040 2472 1386 2541 est‘credere
1434 2490 1577 2557 quod
1627 2499 1846 2547 sanctus
1875 2492 2115 2564 discipu-

524 2566 605 2622 Ιιες
630 2568 746 2637 ejus
785 2570 1033 2640 Marcus,
1076 2576 1170 2646 qui
1207 2576 1625 2637 Alexandrinam
1682 2583 1890 2653 primus
1936 2584 2115 2641 eccle-

523 2659 658 2713 siam
709 2662 1067 2732 gubernavit,
1106 2667 1227 2723 aliis
1262 2671 1466 2740 regulis
1500 2672 1857 2730 traditionum
1891 2692 2113 2734 suarum

523 2755 741 2810 decreta
765 2754 1103 2824 formaverit,
1126 2775 1250 2816 cum
1272 2762 1339 2817 de
1365 2764 1555 2820 eodem
1581 2763 1730 2820 fonte
1755 2769 1944 2837 gratia:
1975 2786 2117 2828 unus

399 2857 423 2869 ~
525 2844 749 2911 spiritus
794 2845 978 2914 fuerit,
1028 2859 1083 2904 et
1128 2850 1404 2923 discipuli,
1447 2863 1501 2908 et
1537 2857 1801 2927 magistri,
1838 2874 1940 2916 nec
1969 2860 2118 2918 aliud

525 2937 809 2995 ordinatus
858 2942 1069 2997 tradere
1115 2947 1379 3013 potuerit,
1424 2963 1587 3017 quam
1626 2952 1769 3021 quod
1802 2954 2116 3010 abordina-

530 3037 648 3084 ture
693 3035 950 3104 suscepit.
987 3034 1101 3091 Non
1144 3053 1276 3110 ergo
1299 3040 1559 3109 patimur,
1589 3051 1649 3096 ut
1673 3060 1795 3099 cum
1827 3047 1987 3103 unius
2017 3063 2118 3102 nos
2144 3058 2149 3065 ‘

526 3123 774 3190 corporis
797 3134 852 3179 et
883 3126 1003 3181 fidei
1044 3128 1315 3185 fateamur
1352 3131 1403 3186 in
1436 3132 1615 3204 aliquo
1645 3136 2035 3208 discrepemus,
2061 3148 2115 3196 et

526 3188 635 3265 alia
707 3212 987 3281 doctoris,
1050 3219 1153 3274 alia
1207 3220 1454 3292 discipuli
1515 3188 1759 3281 instituta
1807 3188 2111 3286 vrideantitr.
2143 3188 2189 3252 Ο

528 3298 680 3367 Quod
709 3317 838 3373 ergo
874 3323 902 3359 a
935 3309 1177 3376 patrihus
1202 3312 1403 3368 nostris
1439 3317 1790 3385 propensiore
1813 3332 1939 3374 cura
1967 3322 2119 3376 novi-

529 3407 651 3449 mus
688 3408 808 3450 esse
844 3405 1143 3464 servatum,
1175 3416 1205 3455 a
1255 3404 1408 3460 vobis
1449 3406 1696 3464 volumus
1734 3413 2018 3479 custodiri,
2060 3420 2120 3469 ut

529 3499 637 3540 non
664 3485 866 3554 passim
899 3487 1091 3544 diebus
1128 3493 1378 3549 oumibus
1401 3498 1753 3555 sacerdotalis
1792 3502 1875 3555 vel
1902 3502 2114 3559 levitica

525 3579 796 3636 ordinatio
840 3582 1148 3639 celebretur
1179 3626 1194 3651 ,
1244 3586 1339 3642 sed
1395 3600 1518 3659 post
1565 3591 1706 3647 diem
1750 3596 1960 3651 sabbati
2002 3596 2118 3665 ejus

527 3672 703 3728 noctis
754 3675 809 3730 in
856 3676 1031 3746 prima
1081 3678 1292 3734 sabbati
1334 3694 1455 3750 qute
1493 3682 1717 3741 lu'cescit
1776 3689 2000 3744 exordia
2030 3691 2118 3746 de-

524 3762 796 3836 legantur,
823 3768 875 3825 in
904 3771 1100 3840 quibus
1124 3772 1209 3829 his
1233 3774 1325 3845 qui
1355 3780 1708 3834 consecrandi
1741 3781 2114 3853 suntjejunis,

524 3867 579 3912 ct
610 3876 639 3914 a
673 3858 1041 3931 jcjunantibus
1076 3880 1231 3921 sacra
1264 3867 1571 3926 benedictio
1600 3870 1929 3929 conferatur.
1962 3877 2116 3945 Quod

526 3951 765 4021 ejusdem
793 3957 1155 4017 observantia:
1182 3963 1322 4027 erit,
1372 3965 1418 4019 si
1469 3981 1628 4021 mane
1676 3967 1791 4037 ipse
1835 3970 2116 4031 Dominico

528 4044 618 4098 die
668 4050 989 4103 continuato
1050 4051 1262 4107 sabbati
1306 4053 1515 4125 jejunio
1562 4057 1880 4119 celebretur.
1935 4067 1980 4121 A
2010 4080 2118 4137 quo

530 4147 774 4207 tempore
837 4142 1194 4210 praecedentis
1247 4149 1424 4204 noctis
1472 4150 1625 4207 initia
1698 4169 1803 4210 non
1858 4158 2118 4218 recedunt

526 4245 688 4299 quam
720 4233 786 4287 ad
820 4232 963 4289 diem
989 4240 1426 4308 resurrectionis,
1462 4242 1602 4300 sicut
1625 4247 1787 4301 etiam
1821 4245 1874 4304 in
1908 4250 2114 4308 Pascha

527 4322 738 4378 Domini
769 4323 1083 4384 declaratur
1123 4332 1396 4401 pertinere
1426 4350 1531 4391 non
1582 4337 1804 4394 dubium
1832 4349 1936 4395 est.
1981 4341 2115 4400 Nam

527 4424 729 4485 prmter
751 4419 1127 4476 auctoritatem
1169 4427 1578 4484 consuetudinis
1618 4446 1777 4499 quam
1806 4447 1872 4486 ex
1904 4445 2109 4504 aposto-

2213 1942 2419 1998 branda
2442 1943 2596 1998 nobis
2620 1959 2738 1999 esse
2763 1934 2921 2017 192
2938 1946 3192 2018 mysteria
3216 1944 3636 2001 sacerdotalium
3659 1944 3828 1998 bene-

2216 2035 2532 2101 dictionum,
2552 2037 2603 2091 in
2625 2052 2732 2107 quo
2755 2037 2948 2094 collata
2973 2048 3100 2094 sunt
3119 2039 3302 2095 omnia
3323 2038 3465 2093 dona
3492 2036 3822 2106 gratiarum.

2216 2123 2288 2180 Ut
2338 2137 2516 2181 autem
2566 2128 2818 2183 omnibus
2866 2127 3210 2184 observantia
3257 2136 3443 2183 nostra
3494 2124 3821 2188 concordet,

2216 2216 2344 2273 illud
2389 2235 2605 2290 quoque
2633 2220 2883 2276 volumus
2928 2220 3192 2277 custodiri
3248 2227 3306 2275 ut
3356 2234 3479 2275 cum
3524 2215 3829 2274 solemnior

2217 2311 2484 2367 festivitas
2517 2325 2843 2369 conventum
2885 2313 3064 2385 populi
3099 2312 3507 2369 numerositatis
3539 2309 3826 2374 indixerit,

2218 2412 2275 2460 et
2328 2403 2395 2459 ad
2445 2420 2565 2460 eam
2614 2414 2764 2462 tanta
2811 2407 3095 2463 multitudo
3146 2406 3398 2462 cOnvenit
3441 2420 3609 2477 quam
3656 2398 3825 2472 recipi

2216 2496 2441 2553 basilica
2472 2497 2633 2554 simul
2661 2514 2765 2553 una
2791 2514 2894 2553 non
2927 2499 3117 2568 possit,
3141 2498 3398 2556 sacriﬁcii
3426 2497 3636 2554 oblatio
3664 2496 3826 2550 indu-

2217 2588 2458 2646 bitanter
2501 2590 2750 2655 iteretur,
2798 2604 2866 2644 ne
2894 2588 2980 2646 his
3019 2599 3227 2646 tantum
3269 2589 3523 2646 admissis
3563 2586 3637 2643 ad
3688 2586 3827 2642 hanc

2219 2680 2560 2736 devotionem
2592 2679 2682 2749 qui
2724 2680 2883 2750 primi
2935 2679 3254 2736 advenerint
3304 2680 3595 2736 videantur
3648 2678 3689 2734 ii
3733 2673 3825 2748 qui

2218 2779 2341 2841 post
2382 2770 2599 2825 modum
2632 2769 2990 2825 conﬂuxerint
3032 2788 3136 2827 non
3170 2770 3399 2842 recepti,
3443 2785 3570 2825 cum
3601 2768 3822 2840 plenum

2218 2860 2438 2931 pietatis
2467 2868 2639 2930 atque
2674 2860 2904 2916 rationis
2953 2846 3054 2927 sit,
3090 2868 3148 2917 at
3201 2863 3412 2935 quoties
3453 2861 3742 2918 basilicam
3772 2860 3821 2915 in

2220 2966 2323 3021 qua
2369 2951 2548 3022 agitur
2571 2954 2862 3022 praesentia
2890 2956 3042 3007 noifae
3072 2953 3244 3025 plebis
3288 2954 3623 3026 impleverit,
3659 2953 3817 3008 toties

2220 3040 2547 3099 sacrificium
2592 3044 2925 3113 subsequens
2951 3041 3233 3099 offeratur.
3263 3032 3496 3101 Necesse
3522 3054 3610 3100 est
3633 3054 3813 3098 autem

2220 3147 2280 3192 ut
2307 3136 2554 3209 qumdam
2586 3150 2714 3207 pars
2752 3128 2941 3209 populi
2984 3152 3080 3193 sua
3133 3138 3418 3194 devotione
3459 3138 3736 3208 privetur,
3778 3134 3818 3191 si

2223 3230 2381 3285 unius
2405 3238 2609 3285 tantum
2640 3224 2821 3285 missa:
2839 3245 2990 3287 more
3020 3224 3238 3288 servato
3263 3230 3595 3287 sacrificium
3624 3229 3817 3286 offerre

2222 3330 2329 3374 non
2379 3320 2609 3388 possint,
2642 3320 2742 3376 nisi
2770 3320 2861 3391 qui
2901 3321 3077 3392 prima
3108 3320 3217 3377 diei
3250 3329 3403 3393 parte
3427 3318 3809 3377 convenerint.

2227 3417 2482 3473 Studiose
2502 3433 2632 3491 ergo
2658 3416 3004 3475 dilectionem
3025 3428 3170 3474 tuam
3194 3428 3251 3474 et
3270 3416 3622 3474 familiariter
3641 3417 3818 3471 adm

2220 3525 2433 3576 nemus,
2458 3518 2519 3565 ut
2544 3512 2687 3581 quod
2709 3522 2908 3567 nostra:
2930 3510 3307 3568 consuetudini
3332 3526 3399 3567 ex
3427 3510 3606 3566 forma
3630 3519 3808 3580 pater-

2219 3617 2304 3657 nzr.
2337 3603 2642 3658 traditionis
2677 3602 2897 3669 insedit,
2927 3610 3016 3658 tua
3041 3617 3258 3674 quoque
3290 3618 3419 3657 cura
3474 3616 3584 3656 non
3638 3598 3807 3672 negli-

2217 3701 2329 3766 gat,
2389 3700 2447 3747 ut
2495 3693 2676 3748 omnia
2722 3692 2878 3748 nobis
2920 3708 2988 3748 ex
3024 3691 3130 3747 ﬁde
3157 3701 3215 3748 et
3241 3692 3452 3748 actibus
3479 3698 3801 3785 congruant.

2220 3785 2450 3856 I’rOpter
2478 3783 2621 3854 quod
2658 3785 2921 3839 remeanti
2950 3782 3060 3838 lilio
3089 3791 3278 3839 nostro
3337 3780 3668 3837 Possidonio
3695 3795 3811 3851 pre-

2219 3876 2438 3946 sbytero
2467 3875 2605 3931 hanc
2635 3873 2702 3930 ad
2729 3870 3125 3929 fraternitatem
3171 3882 3317 3929 tuam
3349 3870 3641 3942 epistolam
3674 3870 3818 3924 dedi-

2220 3979 2342 4021 mus
2385 3962 2768 4034 perferendam
2817 3962 2909 4035 qni
2944 3962 3148 4019 nostris
3174 3961 3629 4035 processionibus
3663 3968 3819 4030 atque

2219 4055 2662 4113 ordinationibus
2695 4053 3009 4127 frequenter
3038 4052 3319 4120 interfuit,
3346 4062 3397 4109 et
3431 4052 3597 4108 toties
3624 4050 3817 4107 admis-

2218 4164 2313 4205 sus
2340 4149 2470 4220 quid
2512 4147 2567 4203 in
2596 4147 2852 4203 omnibus
2877 4146 3191 4218 apostolicae
3222 4132 3574 4202 auctoritatis
3608 4152 3813 4201 tenere-

2221 4259 2364 4310 mus,
2388 4242 2633 4314 agnovit.
2658 4242 2793 4298 Data
2814 4239 3078 4297 Kalendis
3101 4239 3279 4297 Iuliis.

2219 4355 2448 4413 X.-—Ad
2472 4353 2786 4425 Ephesiuam
2803 4352 3061 4425 synodum
3084 4350 3389 4425 secundum,
3420 4351 3476 4405 in
3497 4366 3609 4425 qua
3634 4364 3811 4420 provo-

2290 4437 2373 4483 cat
2397 4422 2663 4498 episcopos
2678 4422 2982 4496 Eutychetis
3005 4422 3354 4493 blasphemia:
3377 4422 3749 4476 condemnare.

526 4505 630 4562 lica
668 4510 915 4566 novimus
947 4512 1135 4569 venire
1155 4515 1423 4582 doctrina,
1455 4520 1617 4574 etiam
1648 4536 1802 4577 sacra
1834 4523 2112 4595 Scriptura
2144 4560 2196 4620 υ
2270 4523 2402 4580 Leo
2430 4521 2720 4594 episcopus
2746 4530 2950 4577 sanctae
2974 4521 3180 4593 synodo
3210 4534 3330 4589 qua:
3374 4515 3515 4582 apud
3548 4514 3812 4587 Ephesum

527 4601 855 4667 manifestat,
891 4606 1033 4676 quod
1070 4621 1195 4662 cum
1225 4610 1528 4679 apostolum
1556 4611 1782 4668 Paulum
1816 4624 1871 4671 et
1913 4617 2117 4673 Barna-

524 4695 650 4752 bam
693 4713 759 4754 ex
783 4710 1051 4771 praecepto
1087 4700 1319 4773 Spiritus
1353 4707 1525 4761 sancti
1550 4706 1897 4780 Evangelinm
1935 4713 2115 4769 mitte-

525 4802 649 4846 rent
672 4793 737 4847 ad
762 4794 1189 4864 praedicandum,
1221 4815 1241 4849 ο
1272 4795 1580 4867 jejunantes
1601 4809 1655 4858 et
1695 4812 1913 4859 orantes
1940 4805 2113 4877 impo—

525 4894 753 4941 suerunt
791 4887 873 4944 eis
921 4903 1115 4945 manus
1156 4890 1294 4959 (Act.
1344 4907 1397 4946 vt
1422 4933 1437 4956 ,
1492 4893 1571 4966 6),
1605 4915 1624 4948 ι
1661 4905 1722 4951 ut
1752 4896 2115 4970 intelligamus

522 4986 726 5046 quanta
807 4987 864 5033 et
942 4980 1184 5036 dantium
1239 4990 1295 5037 et
1366 4985 1748 5055 accipientium
1825 4988 2112 5050 devotione

521 5070 821 5126 curandum
852 5072 963 5135 sit,
995 5089 1062 5129 ne
1093 5082 1254 5131 tantae
1284 5076 1674 5136 benedictionis
1707 5095 2108 5144 sacramentum

522 5160 858 5232 negligenter
893 5165 1141 5221 videatur
1171 5167 1469 5239 impletum.
1511 5170 1579 5226 Et
1615 5173 1736 5229 ideo
1780 5172 1867 5246 pie
1912 5187 1970 5234 et
1997 5178 2112 5235 lau-

522 5253 778 5310 dabiliter
812 5256 1122 5327 apostolicis
1168 5274 1373 5317 morem
1420 5264 1653 5333 gesseris
1704 5266 1967 5326 institutis
1995 5312 2011 5337 ,
2064 5271 2109 5330 si

521 5348 664 5405 hanc
701 5348 1121 5406 ordinandorum
1155 5351 1497 5408 sacerdotum
1526 5352 1759 5411 formam
1800 5373 1897 5428 per
1938 5362 2110 5419 eccle-

520 5440 632 5498 sias
657 5480 673 5507 ,
708 5440 904 5511 quibus
932 5441 1194 5498 Dominus
1218 5442 1457 5513 praeesse
1500 5454 1552 5503 te
1583 5446 1776 5513 voluit,
1806 5451 1969 5507 etiam
1995 5453 2110 5525 ipse

521 5534 852 5599 servaveris,
900 5540 960 5588 ut
995 5532 1082 5590 bis
1121 5535 1212 5603 qui
1263 5537 1619 5595 consecrandi
1651 5550 1798 5606 sunt,
1831 5556 2109 5616 nunquam

519 5624 927 5683 beneilictiones
950 5667 967 5693 ,
1007 5625 1114 5681 nisi
1145 5625 1201 5681 in
1248 5626 1336 5683 die
1375 5632 1790 5689 resurrectionis
1819 5633 2114 5692 Ι)οωὶιῆοω

523 5712 867 5785 trlimant'ur,
913 5718 999 5774 cui
1037 5726 1067 5773 a
1102 5724 1326 5787 vespera
1378 5714 1589 5778 sabbati
1632 5722 1848 5782 initium
1902 5733 2117 5783 constat

525 5808 748 5875 ascribi,
773 5818 830 5865 et
869 5810 1037 5867 tantis
1064 5809 1371 5867 divinarum
1398 5809 1817 5885 dispositionum
1845 5817 2120 5890 mysteriis

2222 4616 2497 4674 convenit.

2293 4707 2564 4780 Religiosa
2592 4703 3041 4763 excellentissimi
3070 4690 3332 4775 principis
3362 4700 3513 4765 ﬁdes,
3548 4699 3731 4756 sciens
3752 4694 3811 4754 ad

2221 4813 2376 4855 suam
2404 4799 2629 4866 gloriam
2669 4798 2906 4852 maxime
2934 4797 3208 4867 pertinere
3254 4793 3299 4849 si
3328 4790 3472 4848 intra
3515 4790 3812 4848 Ecelesiant

2220 4894 2542 4953 catholicam
2573 4895 2770 4952 nullius
2797 4896 3001 4952 erroris
3034 4911 3253 4967 germen
3298 4903 3652 4965 exsurgeret,
3682 4894 3811 4949 banc

2221 4987 2580 5047 reverentiam
2612 4982 2807 5045 divinis
2845 4988 3037 5045 detulit
3066 4988 3326 5044 institutis
3351 5029 3367 5054 ,
3410 4995 3469 5041 ut
3513 4987 3585 5042 ad
3618 4992 3812 5043 sancta

2219 5078 2590 5154 dispositionis
2614 5078 2864 5138 effectum
2896 5080 3276 5136 auctoritatem
3307 5077 3626 5150 apostolicae
3665 5074 3812 5133 Sedis

2218 5176 2525 5242 adhiberet,
2549 5184 2804 5247 tanquam
2834 5172 2903 5229 ab
2931 5173 3047 5245 ipso
3070 5172 3386 5228 beatissimo
3409 5170 3574 5226 Petro
3598 5176 3812 5244 cuperet

2216 5268 2482 5325 declarari
2532 5267 2660 5339 quid
2707 5267 2758 5322 in
2805 5265 2922 5336 ejus
2981 5265 3323 5322 confessione
3372 5263 3659 5319 laudatum
3712 5250 3807 5328 sii,

2217 5361 2434 5433 quando
2466 5362 2675 5417 dicente
2717 5359 2946 5416 Domino
2986 5379 2999 5414 :
3050 5379 3067 5411 ‹
3118 5373 3277 5428 quem
3322 5371 3407 5410 me
3453 5371 3581 5411 esse
3633 5356 3808 5411 dicunt

2216 5455 2468 5513 homines
2514 5453 2681 5509 illium
2710 5452 2993 5509 hominis?
3024 5472 3044 5505 ι
3091 5450 3304 5525 (Manli.
3345 5463 3469 5513 xvt,
3498 5448 3614 5521 {5.)
3641 5450 3807 5504 varias

2203 5546 2432 5617 'quidcm
2462 5546 2799 5601 diversorum
2822 5544 3107 5617 opiniones
3130 5541 3375 5614 discipuli
3409 5548 3800 5597 memorarunt.

2220 5639 2327 5696 Sed
2356 5654 2478 5695 cum
2508 5640 2575 5694 ab
2598 5638 2677 5695 eis
2705 5638 2832 5709 quid
2854 5638 2955 5709 ipsi
2972 5638 3257 5694 crederent
3286 5647 3648 5708 quaereretur,
3673 5634 3804 5708 prin-

2220 5728 2347 5804 ceps
2372 5729 2737 5805 apostolorum
2781 5730 3170 5804 plenitudinem
3210 5729 3329 5785 fidei
3374 5728 3524 5785 brevi
3559 5742 3802 5785 sermone

2220 5823 2579 5895 complexus:
2608 5841 2629 5876 ι
2663 5820 2744 5879 Tu
2788 5836 2890 5893 es,
2942 5823 3114 5896 inquit
3141 5865 3157 5890 ,
3202 5821 3451 5879 Christus
3495 5818 3670 5878 Filius
3708 5816 3794 5875 Μ
