3968 6448
138 395 255 451 781

1334 397 1827 459 DECRETALIUM
1862 397 2261 459 COLLECTIO.

3332 403 3435 462 ’182

135 511 264 568 vivi
295 510 512 585 (Matth.
543 529 656 582 xvi,
688 510 798 581 16);
840 533 859 568 ι
883 514 989 572 hoc
1009 523 1115 581 est,
1146 515 1226 572 Tu
1251 516 1342 586 qui
1374 531 1434 573 es
1455 529 1582 573 vere
1605 515 1749 572 ﬁlius
1780 519 1821 579 Α
1852 512 1996 568 nulla
2022 513 2268 584 patimini
2294 521 2448 584 parte
2478 513 2774 585 corrumpi.
2805 513 2921 570 Non
2941 514 3103 570 dubie
3126 515 3270 571 enim
3293 516 3433 571 sicut
3480 529 3487 539 '

136 599 409 667 hominis,
452 602 595 660 idem
629 618 757 660 vere
778 621 839 662 es
864 605 1034 663 Filius
1054 606 1150 663 Dei
1176 607 1303 662 vivi.
1328 606 1411 663 Tu
1432 647 1447 673 ,
1475 608 1697 678 inquam
1726 647 1742 672 ,

136 707 316 750 verus
343 694 395 750 in
428 695 850 779 deitate,tverus
900 699 954 753 in
995 713 1179 767 carne,
1230 696 1285 756 et
1331 698 1478 756 salva
1518 701 1745 773 geminae

131 788 484 860 proprietate
507 802 732 857 naturae,
748 804 1040 864 utrumque
1057 809 1218 850 unus.
1235 793 1388 863 Quod
1405 793 1451 850 si
1471 792 1744 866 Eutyches

134 880 514 951 intelligenter
549 899 612 940 ac
657 883 920 941 vivaciter
966 886 1251 951 crederet,
1297 901 1639 957 nequaquam
1671 884 1741 942 ab

131 969 310 1040 hujus
338 972 459 1033 ﬁdei
484 974 701 1033 tramite
728 976 987 1043 deviaret,
1012 985 1234 1049 propter
1256 993 1420 1050 quam
1440 979 1489 1034 ei
1519 992 1743 1049 respon-

132 1063 310 1119 detur
341 1081 372 1120 a
398 1065 625 1123 Domino
655 1087 668 1122 :
707 1086 727 1121 ι
765 1068 962 1127 Beatus
987 1086 1046 1127 es
1075 1068 1261 1127 Simon
1295 1071 1400 1127 Bar
1425 1070 1581 1139 Joua,
1612 1058 1740 1144 quia

132 1170 279 1212 caro
320 1166 376 1213 et
414 1159 636 1230 sanguis
684 1176 789 1217 non
829 1161 1086 1217 revelavit
1112 1163 1238 1230 tibi,
1276 1164 1371 1220 sed
1404 1161 1566 1220 Pater
1591 1179 1742 1220 meus

131 1250 234 1318 qui
269 1259 355 1306 est
393 1251 447 1306 in
494 1251 668 1308 ctelis.
701 1271 719 1304 ι
751 1253 820 1309 Et
867 1269 967 1326 ego
996 1255 1117 1311 dico
1154 1254 1291 1310 tibi:
1343 1274 1362 1307 ι
1400 1253 1536 1322 Quia
1586 1264 1639 1310 tu
1682 1270 1744 1312 es

128 1337 373 1408 Petrus,
411 1351 469 1397 et
503 1357 670 1413 super
693 1342 834 1399 hanc
877 1355 1084 1416 petram
1129 1345 1408 1402 aediﬁcabo
1439 1345 1741 1402 Ecclesiam

129 1448 348 1502 meam,
381 1445 436 1492 et
478 1446 649 1508 portae
696 1437 857 1494 inferi
912 1455 1017 1495 non
1065 1439 1431 1509 praevalebunt
1478 1441 1741 1497 adversus

128 1546 264 1588 eam
288 1531 509 1606 (Matth.
544 1549 656 1599 XVI,
684 1536 776 1601 l7,
802 1534 912 1604 i8).
950 1556 970 1588 ι
1007 1535 1178 1593 Nimis
1206 1548 1388 1592 autem
1418 1553 1449 1591 a
1479 1550 1740 1610 compage

128 1624 306 1695 hujus
327 1626 708 1683 aediﬁcationis
732 1627 940 1685 alienus
969 1637 1071 1692 est,
1114 1630 1206 1701 qui
1256 1630 1394 1686 beati
1437 1628 1585 1686 Petri
1610 1645 1742 1685 con-

130 1716 435 1774 fessionem
462 1734 567 1774 non
611 1719 775 1791 capit,
829 1730 884 1775 et
933 1719 1135 1779 Christi
1189 1721 1480 1792 Evangelia
1519 1730 1739 1777 contra-

131 1808 292 1865 dicit.
323 1808 628 1867 Ostendens
651 1825 711 1866 se
751 1810 954 1867 nullum
987 1827 1222 1883 unquam
1270 1814 1506 1871 studium
1537 1829 1736 1885 cogno-

130 1898 359 1956 scenda:
385 1901 629 1957 veritatis
655 1901 942 1969 habuisse,
965 1914 1017 1959 et
1050 1903 1321 1975 superﬂuo
1360 1904 1732 1960 honorabilem

129 1991 319 2046 vis'um
344 1991 436 2063 qui
475 1991 618 2047 nulla
650 1994 973 2051 auctoritate
1003 1996 1183 2051 cordis
1222 1996 1435 2051 ornavit
1480 1996 1738 2053 canitiem

128 2084 463 2139 senectutis.
516 2084 716 2142 Verum
767 2086 892 2157 quia
932 2087 1097 2143 etiam
1153 2087 1339 2143 talium
1389 2105 1495 2145 non
1529 2100 1615 2146 est
1642 2105 1738 2146 ne-

128 2175 390 2245 gligenda
435 2191 608 2243 cura,
666 2176 755 2248 pie
810 2193 876 2233 ac
935 2177 1186 2250 religiose
1240 2177 1740 2237 Christianissimus

131 2266 441 2336 imperator
495 2269 693 2325 habere
743 2269 913 2325 voluit
954 2270 1260 2340 episcopale
1312 2271 1640 2339 concilium,
1681 2280 1741 2328 ut

126 2362 387 2434 pleniore
422 2360 632 2433 judicio
655 2362 834 2418 omnis
864 2363 1036 2434 possit
1078 2377 1232 2418 error
1279 2362 1510 2428 aboleri,
1541 2362 1740 2418 fratres

127 2463 389 2518 nostros,
433 2451 708 2509 lulianum
749 2452 1099 2524 episcopum,
1148 2450 1418 2507 Renatum
1462 2452 1742 2525 presbyte-

128 2561 264 2601 rum
292 2587 308 2611 ,
353 2553 407 2601 et
440 2545 612 2601 ﬁlium
638 2555 884 2601 nostrum
915 2544 1174 2601 Hilarium
1205 2546 1508 2613 diaconem,
1537 2556 1736 2603 etcum

128 2635 229 2692 his
275 2635 568 2692 Dulcitium
616 2638 888 2692 notarium
922 2637 1164 2707 probatae
1211 2638 1367 2693 nobis
1414 2636 1536 2693 ﬁdei
1583 2639 1733 2707 misi,

130 2728 230 2797 qui
264 2728 382 2783 vice
422 2742 543 2783 mea
587 2738 775 2785 sancto
800 2729 1091 2785 conventui
1136 2738 1332 2785 vestra:
1376 2728 1735 2786 fraternitatis

130 2820 415 2888 intersint,
446 2829 500 2877 et
521 2821 793 2878 communi
823 2822 1103 2879 vobiscum
1149 2822 1443 2889 sententia,
1486 2838 1605 2893 quae
1634 2822 1735 2879 Do-

129 2912 290 2967 mino
315 2912 423 2967 sint
451 2911 742 2983 placitura,
767 2915 1121 2969 constituant.
1152 2912 1266 2969 Hoc
1286 2923 1369 2969 est
1399 2922 1457 2968 ut
1482 2914 1734 2986 primitus

129 3004 406 3077 pestifero
442 3022 630 3063 errore
653 3007 932 3075 damnato,
961 3006 1126 3062 etiam
1166 3006 1233 3063 de
1272 3006 1441 3079 ipsius
1484 3007 1578 3079 qui
1633 3007 1732 3062 im-

126 3097 435 3169 prudenter
467 3099 701 3167 erravit,
732 3099 1074 3155 restitutione
1119 3105 1430 3154 tractetur:
1468 3098 1513 3154 si
1548 3107 1731 3154 tamen

128 3188 441 3244 doctrinam
488 3190 729 3249 veritatis
793 3190 1125 3262 amplectens
1183 3204 1376 3247 sensus
1445 3189 1731 3247 haereticos

1848 603 2001 659 vobis
2038 601 2275 674 Spiritus
2304 613 2522 661 sanctus
2565 606 2830 661 reseravit
2859 604 3278 662 Manichaeorum
3305 620 3433 661 eon-

1844 692 2184 751 ftederantur
2210 694 2525 766 errori,.qui
2548 695 2616 751 ab
2642 696 2921 768 unigenito
2948 695 3041 751 Dei
3064 695 3221 760 Filio,
3246 710 3433 751 vermn

1844 793 1903 842 et
1923 794 2120 843 nostra:
2145 796 2351 842 naturae
2380 787 2656 843 hominem
2691 797 2893 859 negant
2935 801 3055 843 esse
3082 780 3432 859 susceptum,

1844 893 2142 949 omnesque
2170 880 2289 951 ejus
2315 894 2608 950 corporeas
2631 881 3220 955 actionessimulatorii
3249 880 3436 936 volunt

1844 968 2013 1027 fuisse
2042 971 2453 1042 phantasmatis.
2483 971 2583 1027 Cui
2613 971 2876 1043 impietati
2913 987 2982 1028 ne
3007 972 3059 1027 in
3088 972 3271 1043 aliquo
3297 986 3437 1043 prae-

1842 1062 2047 1119 beretis
2068 1077 2374 1129 assensum,
2392 1063 2504 1134 jam
2527 1078 2626 1133 per
2654 1064 2821 1118 ﬁlium
2846 1079 3025 1119 meum
3047 1064 3434 1136 Epiphaniam,

1842 1160 1898 1207 et
1936 1151 2252 1223 Dionysium
2308 1151 2568 1208 Romamn
2595 1153 2851 1209 Ecclesia:
2896 1154 3139 1209 notarios
3183 1153 3436 1210 cohorta-

1844 1243 1981 1298 toria
2005 1244 2071 1299 ad
2093 1243 2434 1299 dilectionem
2460 1254 2695 1300 vestram
2724 1246 2923 1317 scripta
2944 1246 3244 1301 direximus
3263 1287 3277 1311 ,
3310 1246 3436 1317 qui-

1842 1333 1943 1390 bus
1963 1334 2427 1391 conﬁrmationem
2443 1352 2603 1406 quam
2626 1338 2910 1407 expetistis
2926 1339 3067 1394 ultro
3086 1340 3435 1410 prtebuimus,

1843 1431 1905 1478 ut
1927 1440 2027 1480 nos
2053 1433 2335 1496 paternam
2363 1427 2515 1481 vobis
2565 1442 2748 1482 curam
2792 1442 2899 1482 non
2940 1428 3197 1484 dubitetis
3226 1428 3437 1499 impen-

1841 1517 1993 1582 dere,
2043 1532 2107 1573 ae
2152 1518 2326 1573 modis
2372 1518 2625 1575 omnibus
2673 1520 2961 1588 laborare,
3013 1530 3105 1589 ut,
3144 1523 3438 1578 auxiliante

1842 1610 2216 1666 misericordia
2268 1610 2409 1677 Dei,
2469 1594 2648 1668 omnia
2706 1629 2827 1684 quae
2906 1615 2975 1671 ab
3041 1616 3308 1688 imperitis
3383 1622 3439 1671 et

1844 1702 1911 1758 ab
1989 1703 2374 1772 insipientibus
2487 1708 2726 1760 excitata
2807 1718 2932 1763 sunt
3008 1708 3264 1763 scandala
3338 1708 3435 1765 de-

1841 1802 2140 1850 struantur.
2185 1794 2291 1850 Nec
2314 1795 2599 1866 quisquam
2634 1797 2736 1852 sibi
2778 1801 2974 1854 audeat
3007 1799 3073 1855 de
3104 1799 3432 1855 sacerdotali

1841 1886 2049 1942 honore
2094 1885 2323 1942 blandiri
2376 1888 2466 1957 qui
2519 1889 2759 1959 potuerit
2801 1889 2851 1944 in
2899 1892 3218 1947 exsecrandi
3242 1907 3436 1947 sensus

1844 1977 2121 2047 impietate
2150 1978 2419 2033 convinci.
2455 1977 2587 2034 Natu
2635 1981 2678 2035 si
2729 1980 2818 2035 vix
2866 1981 2918 2036 in
2958 1982 3111 2038 laicis
3138 1983 3435 2038 tolerabilis

1841 2068 2056 2124 videtur
2084 2070 2327 2135 inscitia,
2370 2081 2575 2141 quanto
2613 2073 2788 2143 magis
2832 2073 2886 2128 in
2932 2073 3012 2129 eis
3052 2074 3143 2143 qui
3171 2082 3430 2144 prtesunt;

1843 2176 1948 2217 nec
1976 2162 2326 2217 excusatione
2360 2172 2443 2218 est
2473 2162 2655 2234 digna,
2687 2179 2787 2219 nec
2813 2165 3003 2230 venia,
3040 2166 3277 2220 maxime
3309 2179 3433 2220 cum

1843 2240 2008 2310 etiam
2036 2254 2324 2313 defendere
2350 2272 2728 2329 perversarum
2775 2259 3088 2329 opinionum
3125 2268 3432 2316 commenta

1841 2366 2201 2423 praesumunt,
2231 2361 2287 2409 et
2331 2353 2383 2408 in
2429 2369 2755 2410 consensum
2783 2370 2960 2415 suum,
2995 2362 3318 2417 auterrore,
3339 2360 3435 2407 aut

1844 2445 2018 2514 gratia
2064 2444 2395 2501 insanabiles
2440 2460 2686 2516 quosque
2730 2447 3038 2503 traducunt.
3100 2444 3436 2516 Separentur

1843 2535 2148 2606 hujusmodi
2173 2554 2202 2592 a
2223 2540 2427 2595 sanctis
2453 2539 2711 2595 membris
2732 2539 2980 2611 corporis
3004 2538 3229 2604 Christi,
3259 2550 3434 2607 neque

1842 2628 1946 2685 sibi
1995 2629 2264 2683 catholica
2311 2628 2536 2685 libertas
2604 2628 2901 2685 inﬁdelium
2948 2629 3137 2701 jugum
3192 2627 3433 2699 patiatur

1842 2719 2065 2790 imponi.
2090 2720 2259 2776 Extra
2291 2722 2434 2776 enim
2466 2722 2668 2778 donum
2694 2722 2890 2777 divina:
2932 2721 3123 2791 gratia:
3179 2728 3234 2776 et
3275 2727 3432 2775 extra

1842 2821 2245 2869 sacramentum
2291 2814 2524 2870 habendi
2576 2822 2704 2870 sunt
2753 2813 2949 2870 salutis
2994 2814 3268 2877 humante,
3314 2811 3426 2882 qui,

1842 2909 2107 2972 negantes
2129 2912 2381 2959 naturam
2414 2912 2616 2960 nostra:
2636 2904 2819 2959 carnis
2847 2904 2900 2959 in
2917 2902 3153 2968 Christo,
3171 2910 3225 2959 et
3252 2902 3430 2957 Evan-

1838 2994 1982 3064 gelia
2002 2997 2401 3063 contradicunt,
2434 3005 2490 3053 et
2511 2996 2758 3071 symbolo
2786 2996 3148 3063 reluctantur,
3180 3011 3279 3053 nec
3308 3010 3432 3051 sen-

1843 3085 1985 3139 tiunt
2009 3101 2066 3142 se
2091 3086 2143 3142 in
2172 3088 2276 3144 hoc
2299 3098 2631 3160 praeruptum
2663 3105 2759 3145 sua
2787 3088 3153 3146 obcaecatione
3200 3086 3426 3152 deduci,

1840 3185 1901 3231 ut
1928 3192 2028 3234 nec
2060 3179 2112 3233 in
2152 3180 2426 3249 passionis
2457 3180 2775 3245 Dominicae,
2807 3197 2905 3237 nec
2933 3181 2984 3235 in
3007 3178 3429 3236 resurrectionis

127 3278 336 3349 quibus
365 3279 635 3350 imperitia
661 3277 778 3349 ejus
802 3256 980 3335 fuerat
1009 3279 1223 3336 irretita
1248 3278 1405 3351 plene
1432 3289 1728 3351 aperteque
1756 3256 1804 3322 ο
1836 3274 2067 3331 veritate
2089 3277 2410 3344 consistant;
2444 3278 2571 3348 quia
2600 3288 2889 3347 utrumque
2920 3276 2974 3331 in
3014 3274 3296 3331 Salvatore
3337 3288 3429 3327 va-

126 3369 355 3440 propria
416 3384 549 3426 voce
608 3378 663 3426 et
710 3369 1107 3442 subscriptione
1154 3370 1518 3426 damnaverit.
1573 3370 1729 3439 Quod

125 3461 301 3516 etiam
330 3461 383 3516 in
406 3460 589 3518 libello
619 3476 781 3533 quem
815 3460 879 3516 ad
904 3477 1005 3518 nos
1037 3462 1260 3519 miserat
1297 3469 1382 3519 est
1426 3463 1728 3534 professus,

124 3551 409 3623 spondens
445 3569 545 3626 per
594 3553 776 3609 omnia
825 3562 1069 3610 nostram
1125 3564 1438 3611 secuturum
1490 3569 1549 3610 se
1606 3569 1729 3611 esse

124 3643 482 3698 sententiam.
531 3642 784 3716 Acceptis
833 3651 1017 3699 autem
1074 3642 1263 3701 fratris
1312 3652 1366 3700 et
1417 3644 1725 3717 coepiscopi

127 3737 305 3793 nostri
336 3736 579 3793 Flaviani
611 3736 809 3794 litteris
832 3737 1044 3808 plenius
1066 3737 1132 3793 ad
1160 3752 1283 3793 eum
1316 3737 1383 3794 de
1402 3737 1488 3794 his
1514 3753 1633 3809 quae
1659 3737 1729 3793 ad

127 3844 232 3884 nos
256 3828 471 3884 videtur
517 3828 764 3892 retulisse
804 3829 1201 3902 rescripsimus,
1242 3839 1302 3885 ut
1344 3830 1545 3886 abolito
1599 3831 1726 3898 hoc,

127 3921 222 3992 qui
272 3929 429 3978 natus
473 3922 756 3978 videbatur
801 3937 1008 3988 errore,
1057 3922 1110 3977 in
1153 3922 1364 3978 laudem
1395 3932 1450 3978 et
1497 3923 1727 3994 gloriam

126 4012 224 4069 Dei
258 4029 358 4084 per
387 4022 558 4069 totum
587 4014 847 4069 mundum
872 4029 978 4069 una
1004 4013 1068 4068 sit
1095 4010 1251 4079 ﬁdes,
1280 4022 1334 4068 ct
1360 4028 1464 4069 una
1512 4013 1728 4069 eadem-

128 4123 240 4178 que
262 4104 553 4173 confessio,
585 4126 603 4158 ‹
630 4114 687 4161 et
710 4104 764 4161 in
799 4105 1018 4161 nomine
1035 4102 1162 4161 Jesu
1187 4120 1349 4161 omne
1372 4121 1509 4175 genu
1538 4102 1728 4162 ﬂecta-

127 4206 221 4253 tur
247 4197 573 4265 cmlestium,
599 4197 964 4263 terrestrium,
997 4206 1053 4254 et
1079 4197 1412 4254 iufernorum
1449 4207 1503 4254 et
1542 4200 1723 4256 omnis

128 4289 317 4363 lingua
357 4290 680 4347 conﬁteatur
709 4289 835 4361 quia
874 4288 1137 4345 Dominus
1174 4288 1332 4346 Jesus
1373 4290 1621 4347 Christus
1668 4291 1726 4348 in

127 4381 301 4454 gloria
340 4391 425 4438 est
468 4380 565 4437 Dei
607 4380 784 4437 Patris
829 4378 1054 4453 (Philip.
1097 4397 1173 4449 tt,
1218 4381 1309 4449 10,
1355 4382 1467 4454 il).
1516 4402 1536 4436 ι
1586 4382 1722 4458 Data

125 4472 252 4530 ldus
276 4469 457 4540 Junii,
498 4470 714 4530 Asterio
765 4480 822 4527 et
868 4469 1174 4544 Protogene
1222 4472 1353 4528 viris
1404 4472 1724 4530 clarissimis

124 4565 465 4633 consulibus,
496 4580 608 4622 aera
629 4580 735 4637 qua
761 4579 947 4636 supra.

441 4652 533 4710 XI.
569 4683 645 4696 —
668 4654 747 4709 Ad
777 4651 1407 4724 Constantmopolitanos.

194 4747 316 4805 Leo
362 4746 651 4819 episcopus
697 4755 754 4803 et
797 4756 984 4803 sancta
1033 4749 1275 4821 synodus
1320 4764 1440 4820 quae
1479 4748 1535 4806 in
1586 4749 1723 4807 urbe

122 4838 300 4895 Roma
337 4839 609 4907 convenit,
639 4837 786 4894 clero
825 4844 882 4894 et
906 4835 1050 4908 plebi
1098 4840 1417 4897 consisteuti
1448 4839 1720 4898 Constan-

123 4930 377 5002 tinopoli.

193 5025 349 5082 Licet
395 5024 463 5082 de
509 5026 596 5083 his
643 5042 764 5103 qua:
810 5027 864 5084 in
910 5026 1141 5084 concilio
1178 5026 1524 5083 sacerdotum
1573 5026 1718 5097 apud

120 5117 401 5189 Ephesum
448 5127 599 5191 gesta
657 5129 1068 5185 memorantur,
1123 5119 1324 5174 multos
1373 5133 1472 5173 nos
1521 5133 1725 5175 maeror

123 5206 349 5274 alliciat,
377 5222 441 5265 eo
465 5208 609 5280 quod
632 5209 772 5265 sicut
797 5224 1100 5266 consonans
1141 5208 1283 5264 fama
1328 5207 1622 5278 dispersit',
1666 5216 1724 5264 et

123 5298 244 5370 ipso
290 5314 475 5369 rerum
523 5290 857 5357 monstratur
900 5299 1093 5356 eﬂ'ectu
1121 5341 1136 5366 ,
1188 5315 1290 5355 nec
1329 5299 1557 5371 justitiae
1610 5298 1721 5355 illic

123 5394 453 5461 moderatio,
473 5410 576 5451 nec
601 5395 706 5451 ﬁde
724 5404 808 5452 est
830 5403 1045 5451 servata
1072 5392 1280 5464 religio,
1308 5400 1503 5448 vestrae
1536 5400 1715 5448 tamen

125 5485 429 5543 devotionis
461 5487 664 5558 pietate
708 5487 1041 5558 gaudemus,
1097 5494 1152 5540 et
1198 5486 1251 5540 in
1294 5492 1495 5540 sancta:
1546 5482 1716 5554 plebis

124 5576 625 5647 acclamationibus,
643 5595 872 5651 quarum
892 5579 959 5634 ad
972 5592 1072 5634 nos
1096 5577 1340 5648 exempla
1366 5576 1540 5632 delata
1566 5586 1713 5644 sunt,

124 5670 370 5747 omnium
414 5678 721 5728 vestrorum
772 5671 1066 5742 probamus
1125 5668 1418 5738 aﬂ‘ectum;
1479 5670 1604 5740 quia
1662 5677 1719 5726 et

1834 3373 2049 3433 cuatur,
2078 3367 2122 3421 si
2152 3366 2205 3422 in
2235 3381 2301 3422 eo
2327 3368 2498 3423 nostri
2529 3368 2744 3439 generis
2771 3382 2900 3425 caro
2941 3382 3047 3422 non
3084 3366 3342 3422 creditur.
3370 3365 3426 3419 lu

1834 3459 2032 3530 quibus
2080 3459 2166 3515 isti
2216 3461 2538 3534 ignorantia:
2573 3460 2848 3527 tenebris,
2899 3461 2952 3515 in
3003 3475 3111 3531 quo
3160 3460 3426 3515 hactenus

1833 3553 2055 3610 desidiae
2087 3562 2305 3627 torpore
2337 3553 2590 3625 iacuere,
2640 3564 2701 3611 ut
2746 3570 2847 3612 nec
2890 3553 3071 3610 audita
3111 3553 3422 3617 discerent,

1833 3648 1917 3704 vel
1952 3648 2183 3706 lectione
2211 3658 2624 3721 cognoscerent,
2667 3649 2811 3720 quod
2855 3648 2908 3705 in
2955 3646 3196 3703 Ecclesia
3240 3646 3333 3701 Dei
3368 3645 3421 3700 in

1831 3737 2074 3793 omnium
2101 3753 2199 3795 ore
2226 3780 2242 3806 ,
2285 3748 2393 3795 tam
2436 3754 2734 3796 consonum
2779 3746 2863 3796 est
2883 3781 2898 3805 ,
2927 3747 2986 3794 ut
3016 3753 3119 3795 nec
3147 3738 3217 3793 ab
3244 3736 3424 3793 infan-

1831 3830 1967 3886 tium
2009 3830 2206 3905 linguis
2249 3832 2453 3888 veritas
2503 3832 2747 3903 corporis
2794 3841 2847 3888 et
2892 3829 3174 3902 sanguinis
3220 3827 3425 3886 Christi

1830 3924 1974 3980 inter
1999 3924 2399 3981 communionis
2426 3932 2766 3982 sacramenta
2798 3923 2919 3981 ﬁdei
2952 3931 3196 3979 taceatur
3222 3922 3247 3978 ?
3284 3920 3425 3990 Quia

1830 4013 1886 4070 in
1914 4015 2002 4071 illa
2028 4016 2255 4089 mystica
2280 4015 2668 4073 distributione
2694 4014 2957 4088 spiritalis
3002 4013 3273 4071 alimoniae
3316 4012 3423 4068 hoc

1829 4107 2162 4178 impartitur,
2195 4117 2254 4165 ut
2282 4109 2609 4181 accipientes
2636 4111 2893 4166 virtutem
2935 4107 3172 4166 crelestis
3212 4106 3322 4164 cibi
3364 4106 3419 4161 in

1829 4215 2050 4258 carnem
2067 4201 2238 4273 ipsius
2254 4202 2346 4273 qui
2372 4217 2502 4259 caro
2524 4211 2707 4260 nostra
2732 4201 2911 4259 factus
2931 4210 3034 4268 est,
3059 4209 3419 4257 transeamus.

1830 4290 1988 4350 Unde
2040 4302 2097 4349 et
2124 4294 2191 4350 ad
2218 4293 2689 4351 conﬁrmationem
2742 4292 3027 4350 charitatis
3062 4302 3261 4349 vestra:
3300 4306 3421 4364 quae

1828 4381 2084 4439 laudabili
2114 4382 2220 4440 ﬁde
2246 4384 2483 4441 inimicis
2509 4384 2753 4440 veritatis
2779 4383 3060 4449 obnititur,
3109 4390 3232 4453 apte
3258 4390 3422 4453 atque

1825 4478 2130 4547 Opportune
2154 4476 2422 4549 lsermone
2474 4475 2780 4549 aﬁ‘ectuque
2819 4475 3049 4550 apostoli
3087 4484 3214 4530 utar
3239 4483 3298 4530 et
3332 4474 3417 4528 di-

1749 4586 1804 4680 ὑ
1829 4585 1970 4626 eam.
1992 4568 2286 4641 Propterea
2302 4577 2358 4626 et
2373 4584 2474 4640 ego
2497 4567 2723 4625 audiens
2747 4566 2905 4624 ﬁdem
2930 4574 3167 4622 vestram
3189 4579 3312 4635 quae
3332 4571 3420 4620 est

1829 4658 1879 4680 εΔ
1911 4657 2126 4680 mut-.-
2170 4657 2286 4680 ι--,-
2364 4669 2411 4680 -.
2469 4658 2802 4680 “unum
2853 4658 2903 4680 ε-
2943 4669 3129 4680 _-____
3164 4660 3379 4680 mm.--

1829 4658 1883 4714 in
1910 4657 2131 4715 Christo
2164 4657 2310 4725 Jesu,
2358 4669 2414 4716 et
2462 4658 2808 4716 dilectionem
2852 4658 2904 4712 in
2939 4669 3130 4713 omnes
3164 4660 3414 4719 sanctos,

1826 4763 1934 4806 non
1958 4764 2113 4806 cesso
2133 4750 2338 4822 gratias
2365 4764 2532 4822 agens
2555 4764 2657 4821 pro
2683 4748 2835 4804 vobis
2852 4789 2868 4815 ,
2899 4745 3218 4803 memoriam
3247 4743 3415 4799 vestri

1825 4838 2036 4897 faciens
2071 4842 2124 4896 in
2155 4841 2492 4898 orationibus
2528 4840 2687 4907 meis,
2724 4848 2786 4896 ut
2817 4839 2960 4896 Deus
2999 4836 3209 4893 Domini
3243 4834 3414 4890 nostri

1828 4928 1994 4987 Pater
2015 4930 2200 5001 gloriae
2226 4930 2317 4986 det
2344 4931 2499 4988 vobis
2526 4931 2776 5002 spiritum
2810 4928 3088 5000 sapientiae
3126 4934 3180 4982 et
3212 4924 3418 4981 revela-

1828 5004 2110 5087 tionis,'in
2142 5022 2419 5094 agnitione
2463 5022 2581 5093 ejus
2627 5021 2958 5077 illuminatos
3001 5018 3187 5076 oculos
3232 5017 3415 5076 cordis

1824 5114 2015 5179 vestri,
2051 5123 2110 5168 ut
2139 5115 2327 5171 sciatis
2361 5130 2483 5185 quae
2517 5124 2604 5171 est
2648 5129 2770 5184 spes
2796 5112 3094 5169 vocationis
3114 5113 3261 5185 ejus,
3292 5127 3415 5183 qua:

1825 5208 2048 5274 divitiae,
2075 5208 2278 5281 glorim,
2324 5209 2658 5264 haereditatis
2698 5207 2815 5277 ejus
2853 5208 2906 5263 in
2951 5208 3156 5263 sanctis
3193 5207 3332 5279 ejus,
3357 5214 3413 5262 et

1823 5316 1944 5372 quae
1980 5301 2052 5357 sit
2098 5302 2508 5371 supereminens
2554 5301 2870 5373 magnitudo
2917 5300 3137 5357 virtutis
3188 5298 3304 5368 ejus
3357 5299 3411 5354 in

1822 5392 1982 5450 nobis
2009 5394 2101 5464 qui
2124 5393 2452 5449 credidimus
2476 5392 2772 5449 secundum
2811 5393 3184 5463 operationem
3213 5402 3405 5461 poten-

1823 5485 1913 5540 tiae
1942 5485 2159 5540 virtutis
2184 5484 2301 5556 ejus
2326 5499 2486 5555 qnam
2511 5492 2762 5555 operatus
2784 5493 2868 5540 est
2895 5486 2945 5540 in
2973 5484 3211 5550 Christo;
3238 5496 3409 5539 susci-

1820 5582 1945 5631 tans
1976 5575 2123 5630 illum
2150 5590 2180 5629 a
2224 5574 2472 5641 mortuis,
2512 5584 2567 5631 ct
2594 5576 2930 5631 constituens
2976 5574 3124 5631 illum
3169 5573 3236 5628 ad
3277 5573 3406 5627 dex-

1820 5677 1990 5725 teram
2013 5683 2165 5723 snam
2195 5669 2245 5722 in
2268 5667 2578 5724 coelestibus
2598 5684 2761 5739 supra
2784 5683 2999 5726 omnem
3022 5666 3404 5737 principatum,

124 5764 259 5821 vivit
286 5781 351 5822 ac
376 5776 657 5837 permanet
703 5768 845 5839 apud
892 5766 1062 5823 bonos
1112 5766 1253 5821 ﬁlios
1307 5765 1498 5837 Optimi
1540 5767 1716 5836 patris
1817 5769 1875 5816 et
1902 5768 2245 5830 potestatem,
2274 5768 2328 5815 et
2359 5759 2612 5816 virtutem
2639 5802 2654 5829 ,
2682 5769 2736 5817 et
2766 5760 3209 5825 dominationem,
3242 5772 3406 5813 omne

118 5854 265 5929 iusta
298 5858 538 5932 dilectio,
578 5869 635 5919 et
670 5858 955 5919 catholicae
981 5858 1241 5917 doctrina:
1264 5856 1626 5915 eruditionem
1655 5856 1712 5914 in

1818 5865 2013 5907 nomen
2037 5849 2179 5922 quod
2216 5850 2548 5919 nominatur,
2596 5866 2702 5908 non
2745 5851 2916 5910 solum
2960 5851 3013 5908 in
3058 5852 3162 5910 hoc
3183 5849 3403 5917 saeculo,
