3968 6492
557 370 659 427 785

1354 380 1646 440 APPEND.
1688 380 1781 437 AD
1818 372 1997 435 SE6.
2032 365 2125 426 IX.
2164 394 2233 412 -ο
2269 364 2521 425 ISIDORI
2558 362 3002 426 MERCATORIS

3716 367 3813 429 πει

552 487 648 541 sed
669 486 724 542 in
748 487 950 561 futuro,
979 501 1035 550 et
1058 496 1239 551 omnia
1266 495 1494 565 subjecit
1524 496 1624 554 sub
1647 480 1877 568 pedibus
1896 489 2014 559 ejus
2039 528 2054 553 ,
2081 494 2136 542 et
2160 484 2214 546 Α
2238 482 2565 538 resurrectio
2610 492 2948 539 mortuorum
2980 523 2997 551 ,
3032 490 3088 539 et
3127 482 3270 541 sicut
3312 482 3367 539 in
3412 482 3589 541 Adam
3633 498 3817 543 om

551 578 726 646 ipsum
753 582 899 638 dedit
926 594 1086 654 caput
1112 601 1272 657 supra
1311 602 1527 643 omnem
1553 587 1874 653 Ecclesiam,
1900 598 2020 656 qua:
2049 588 2134 637 est

552 686 749 741 corpus
779 675 982 745 ipsius,
1027 677 1300 747 plenitudo
1346 679 1464 747 ejus
1488 681 1580 750 qui
1604 680 1784 737 omnia
1809 680 1862 734 in
1881 678 2133 734 omnibus

552 762 812 833 adimplet
857 764 1091 837 (Epiros.
1131 785 1193 835 ι,
1247 769 1473 841 15-25).
1502 770 1693 825 Dicant
1735 767 2131 824 hi'adversarii

548 852 797 911 veritatis
841 868 1044 926 quanto
1091 861 1432 931 omnipotens
1481 860 1641 917 Pater
1695 861 1780 917 vel
1836 860 2133 917 secundum

548 957 709 1010 quam
742 954 988 1002 naturam
1019 949 1213 1005 Filium
1252 967 1408 1007 suum
1456 966 1620 1022 super
1656 952 1910 1007 universa
1939 964 2132 1021 prove-

546 1036 841 1112 xeri_t?vel
867 1039 953 1093 cui
987 1040 1303 1097 substantiae
1351 1052 1542 1098 cuncta
1583 1042 1919 1112 subjecerit?
1960 1041 2132 1096 deitas

544 1124 688 1179 enim
723 1128 882 1184 Verbi
909 1147 1007 1201 par
1049 1132 1100 1187 in
1131 1134 1408 1195 omnibus,
1452 1143 1507 1189 et
1555 1132 2030 1191 consubstantialis
2048 1139 2133 1188 est

546 1214 737 1285 Patri,
790 1232 847 1276 et
913 1224 1256 1292 sempiterna:
1315 1233 1481 1295 atque
1536 1224 1964 1298 intemporaliter
2022 1241 2131 1281 una

544 1309 843 1382 eademque
872 1314 1114 1382 polentia
1155 1327 1237 1370 est
1277 1317 1541 1388 genitoris
1585 1327 1639 1372 et
1684 1318 1871 1389 geniti.
1903 1318 2132 1373 Creator

544 1402 743 1473 quippe
775 1407 1016 1461 omnium
1063 1417 1420 1475 naturarum,
1470 1411 1724 1479 quoniam
1754 1428 1774 1462 ι
1813 1426 1911 1480 per
1955 1410 2129 1481 ipsum

543 1495 728 1549 omnia
754 1494 896 1552 facta
922 1508 1067 1562 sunt,
1093 1507 1148 1554 et
1172 1500 1288 1555 sine
1313 1501 1429 1571 ipso
1453 1500 1652 1556 factum
1684 1512 1768 1557 est
1789 1501 1921 1557 nihil
1943 1501 2126 1574 (Joan.

544 1599 583 1649 ι,
614 1584 693 1656 5),
735 1604 752 1637 i
783 1596 1032 1658 superest
1060 1589 1309 1645 omnibus
1350 1605 1471 1661 qua:
1509 1591 1739 1656 creavit,
1768 1606 1871 1647 nec
1893 1606 2126 1662 unquam

543 1672 790 1732 Creatori
819 1693 917 1733 suo
938 1695 1045 1735 non
1068 1679 1286 1737 fuerunt
1308 1679 1552 1750 subjecta
1580 1698 1702 1753 qute
1724 1683 1984 1738 condidit.
2026 1680 2126 1738 Cui

544 1771 843 1840 proprium,
875 1783 932 1827 et
951 1775 1341 1844 sempiternum
1371 1786 1473 1842 est,
1502 1791 1609 1845 nec
1625 1777 1841 1833 aliunde
1864 1792 2026 1847 quam
2057 1777 2125 1832 de

2236 573 2582 641 moriuntur,
2639 574 2715 629 ita
2773 574 2827 630 in
2878 574 3097 633 Christo
3155 590 3345 633 omnes
3401 575 3819 635 vivificabuntur

2236 662 2310 737 (I
2331 661 2454 718 Cor.
2482 679 2585 731 xv,
2613 663 2704 730 2t,
2735 663 2860 735 22).
2894 686 2914 718 ›
2944 665 3010 721 Hi
3056 666 3244 737 utique
3270 681 3457 724 omnes
3477 669 3571 739 qui
3601 667 3731 723 licet
3767 669 3817 725 in

2233 754 2407 811 Adam
2433 764 2561 812 sunt
2581 757 2713 823 nati,
2744 758 2797 813 in
2818 757 3036 815 Christo
3055 768 3233 817 tamen
3254 760 3609 817 inveniuntur
3626 762 3813 828 renati,

2235 847 2498 904 habentes
2534 848 2659 905 tidei
2692 850 3096 916 testimonium,
3122 861 3177 908 et
3198 849 3677 921 dejustiticatione
3697 868 3816 925 gra-

2234 939 2325 995 tiae
2341 947 2398 995 et
2420 939 2487 993 de
2507 940 2888 998 communione
2927 951 3136 999 naturae
3155 984 3171 1010 ,
3196 959 3360 1014 quam
3388 944 3481 1014 qui
3511 954 3817 1016 susceptam

2234 1030 2303 1085 ab
2334 1030 2608 1101 unigenito
2648 1029 2744 1087 Dei
2789 1030 2925 1089 Filio
2972 1033 3026 1089 in
3071 1042 3228 1091 utero
3272 1033 3546 1092 Davidicae
3596 1036 3818 1106 virginis

2234 1120 2512 1188 ditlitetur,
2544 1123 2612 1178 ab
2634 1122 2783 1180 omni
2812 1135 3154 1182 sacramento
3173 1125 3499 1184 Christianae
3542 1129 3820 1200 religionis

2234 1210 2444 1267 alienus
2466 1221 2569 1281 est;
2594 1225 2652 1270 et
2674 1229 2775 1270 nec
2808 1230 3059 1285 sponsam
3086 1232 3405 1288 agnoscens,
3434 1233 3539 1274 nec
3568 1233 3818 1290 sponsam

2232 1303 2539 1375 intelligens
2563 1345 2579 1371 ,
2607 1304 2833 1375 nuptiali
2867 1321 2971 1363 non
3004 1315 3181 1378 potest
3228 1309 3496 1366 interesse
3546 1310 3818 1368 convivio.

2231 1394 2374 1452 Caro
2396 1398 2539 1453 enim
2564 1396 2764 1455 Christi
2795 1399 3041 1456 velamen
3073 1410 3158 1456 est
3185 1399 3370 1468 Verbi,
3393 1417 3507 1473 quo
3529 1402 3718 1459 omnis
3734 1403 3824 1474 qui

2230 1484 2508 1543 Christum
2556 1475 2882 1556 confitetur,
2926 1490 3132 1561 integre
3178 1492 3439 1549 induitur.
3480 1494 3825 1551 Erubesceus

2232 1586 2412 1633 autem
2446 1577 2573 1634 illud
2601 1619 2619 1645 ,
2665 1589 2723 1636 et
2767 1582 2922 1652 quasi
2969 1581 3246 1653 indignum
3284 1583 3529 1641 refutans
3555 1626 3574 1650 ,
3618 1584 3824 1640 nullum

2236 1669 2394 1742 193
2411 1685 2478 1725 ex
2497 1685 2563 1727 eo
2591 1671 2813 1728 habebit
2837 1682 3113 1742 ornatum;
3129 1691 3193 1731 ac
3217 1675 3341 1732 licet
3363 1690 3422 1733 se
3442 1676 3602 1749 regio
3628 1675 3826 1733 inserat

2232 1761 2404 1829 festo,
2457 1765 2736 1837 sacrisque
2779 1781 2839 1823 se
2884 1766 3057 1837 epulis
3104 1768 3448 1837 importunus
3493 1769 3822 1836 immisceat,

539 1858 722 1928 Patre,
748 1878 848 1919 nec
868 1862 1013 1920 aliud
1034 1840 1155 1921 esse
1186 1883 1346 1936 quam
1376 1840 1540 1923 Pater
1563 1842 1665 1925 est.
1700 1868 1836 1924 lluic
1872 1840 1917 1925 si
1945 1869 2124 1925 addita

2234 1855 2619 1914 discretionem
2644 1868 2821 1915 tamen
2853 1860 2996 1930 regis
3044 1860 3230 1917 fallere
3272 1859 3556 1932 improbus
3600 1862 3823 1917 conviva

541 1964 627 2009 est
654 1964 909 2026 potestas,
943 1959 988 2013 si
1022 1958 1289 2015 illustrata
1320 1960 1577 2032 dignitas,
1605 1961 1651 2017 si
1691 1961 1930 2019 exaltata
1961 1963 2129 2019 subli-

540 2050 722 2115 mitas,
746 2051 926 2108 minor
954 2064 1073 2108 erat
1101 2057 1436 2126 provehente
1481 2056 1571 2127 qui
1616 2059 1807 2122 crevit,
1837 2074 1937 2114 nec
1964 2059 2130 2115 babe-

541 2137 636 2195 bat
684 2142 901 2199 divitias
957 2145 1073 2215 ejus
1120 2156 1326 2202 natura:
1374 2146 1527 2217 cujus
1581 2149 1811 2222 indiguit
1856 2150 2126 2222 largitate.

543 2227 651 2285 Sed
704 2230 825 2287 talia
878 2235 1204 2291 sentientem
1261 2237 1315 2292 in
1374 2238 1688 2295 societatem
1747 2255 1900 2296 suam
1964 2241 2129 2296 Arius

544 2321 715 2390 rapit,
757 2322 912 2393 cujus
961 2328 1306 2397 perversitati
1358 2330 1585 2387 multum
1643 2333 1758 2387 tunc
1799 2331 2128 2402 suffragatur

541 2411 809 2483 impietas,
832 2433 1032 2489 negans
1063 2420 1241 2476 Verbo
1272 2422 1363 2477 Dei
1407 2424 1699 2480 humanam
1743 2426 1921 2482 inesse
1970 2436 2131 2482 natu-

540 2518 680 2569 ram,
710 2517 787 2573 ut,
810 2510 937 2564 dum
970 2511 1326 2569 humilitatem
1367 2516 1419 2571 in
1442 2517 1536 2572 Dei
1579 2519 1865 2590 majestate
1894 2520 2125 2588 fastidit,

540 2597 901 2658 autfalsatam
948 2604 1002 2658 in
1044 2603 1261 2664 Christo
1302 2619 1513 2665 asserat
1541 2611 1828 2682 imaginem
1857 2615 2125 2684 corporis,

542 2701 634 2745 aut
677 2709 866 2751 omnes
912 2699 1154 2755 actiones
1198 2699 1346 2768 ejus,
1400 2704 1786 2774 passionesque
1829 2721 2126 2777 corporeus

540 2780 760 2839 deitati‘s
781 2787 958 2857 potius
988 2788 1155 2847 fuisse
1193 2807 1357 2862 quam
1387 2795 1589 2851 carnis.
1628 2797 1913 2863 Quodlibet
1945 2808 2124 2855 autern

541 2874 830 2934 defendere
869 2881 1065 2937 audeat
1104 2900 1348 2955 prorsus,
1394 2886 1644 2944 insanum
1688 2900 1770 2945 est
1797 2931 1812 2956 ,
1855 2893 1980 2961 quia
2025 2909 2125 2951 nec

541 2967 717 3036 pietas
747 2969 891 3035 fidei,
917 2989 1018 3028 nec
1039 2976 1181 3033 ratio
1204 2978 1394 3048 recipit
1422 2982 1777 3048 sacramenti,
1821 2991 1879 3036 ut
1923 2983 2125 3053 aliquid

541 3072 700 3125 passa
748 3060 817 3114 sit
859 3062 1068 3130 deitas,
1116 3075 1210 3121 aut
1252 3068 1305 3123 in
1354 3068 1463 3125 ullo
1510 3072 1736 3128 mentita
1782 3074 1853 3129 sit
1894 3076 2120 3132 veritas.

540 3147 892 3220 lmpassihilis
922 3155 1085 3223 igitur
1112 3156 1206 3214 Dei
1234 3158 1422 3225 Filius,
1455 3161 1595 3218 Deus
1637 3164 1725 3219 cui
1771 3181 1892 3220 cum
1936 3166 2120 3234 Patre,

540 3251 598 3296 et
624 3242 825 3311 Spiritu
861 3256 1069 3313 sancto,
1099 3264 1205 3305 una
1235 3250 1693 3311 incommutabilis
1720 3256 2004 3314 Trinitatis
2044 3275 2125 3317 es-

542 3338 738 3404 sentia,
767 3340 868 3395 hoc
893 3344 1036 3411 quod
1063 3352 1282 3400 estesse
1309 3356 1627 3417 perpetuum
1653 3358 1756 3416 est,
1789 3351 1843 3406 in
1872 3367 1934 3408 ea
1952 3352 2126 3423 plcui-

540 3435 729 3491 tudine
776 3438 1033 3509 temporis
1081 3456 1203 3510 qua:
1257 3443 1587 3513 sempiterno
1651 3448 1877 3504 consilio
1945 3447 2125 3505 fuerat

538 3527 877 3597 prmstilttla,
906 3538 959 3585 et
989 3531 1300 3600 prophetica
1346 3533 1611 3589 dictorum
1656 3544 1820 3607 atque
1845 3547 2121 3608 gestorum

539 3615 934 3686 significatione
977 3621 1273 3691 promissa,
1309 3622 1485 3681 fartus
1524 3626 1665 3681 filius
1709 3628 1946 3686 hominis
1969 3671 1985 3697 ,
2016 3646 2120 3687 non

538 3722 651 3763 suae
673 3712 1024 3767 conversione
1048 3712 1386 3781 substantiae,
1409 3716 1503 3772 sed
1532 3726 1730 3774 nostra;
1749 3722 2124 3793 assumptione

538 3807 747 3854 natum
791 3819 810 3852 ε
859 3803 1008 3856 venit
1054 3819 1298 3874 qtuercre
1342 3814 1397 3861 et
1443 3806 1655 3862 salvare
1698 3812 1841 3880 quod
1885 3814 2124 3882 perierat

536 3893 751 3961 (Matth.
782 3911 937 3961 xvm,
962 3898 1071 3968 Η).
1107 3918 1126 3950 ι
1163 3897 1323 3956 Venit
1349 3912 1531 3959 autem
1558 3919 1663 3960 non
1694 3904 1849 3962 locali
1874 3924 2120 3975 accessu,

536 3997 638 4047 nec
698 3986 994 4041 monitione
1038 4002 1296 4058 corporea
1345 3998 1601 4063 tanquam
1651 4011 1892 4066 praesens
1948 3997 2122 4056 factus

538 4073 683 4130 unde
710 4075 994 4141 abfuisset,
1020 4088 1115 4133 aut
1145 4079 1290 4137 illinc
1323 4097 1637 4140 recessurus
1665 4087 1809 4142 unde
1843 4089 2117 4156 venisset,

536 4166 632 4221 sed
660 4169 809 4224 venit
834 4184 933 4240 per
957 4172 1058 4226 hoc
1083 4174 1225 4242 quod
1252 4185 1373 4231 erat
1400 4177 1630 4246 visibile,
1657 4190 1712 4235 et
1738 4185 2120 4240 communione

429 4281 433 4285 ’
533 4261 883 4318 cernentibus
916 4263 1309 4335 declarandus‘,
1336 4269 1627 4327 humanam
1664 4273 1872 4331 scilicet
1896 4290 2118 4332 carnem

536 4361 701 4423 atque
725 4354 960 4410 animam
1008 4357 1061 4412 in
1108 4358 1406 4417 visceribus
1441 4359 1681 4434 Virginis
1731 4367 1924 4422 matris
1968 4366 2116 4422 acci-

529 4446 702 4516 piens,
728 4456 789 4503 ut
814 4464 1041 4507 manens
1070 4450 1124 4506 in
1153 4451 1327 4509 forma
1360 4455 1455 4511 Dei
1475 4497 1489 4521 ,
1521 4456 1748 4513 formam
1799 4459 1943 4514 servi
1987 4460 2119 4516 sibi-

2230 1965 2337 2006 non
2370 1953 2589 2020 poterit,
2618 1953 2710 2007 sed
2742 1953 2883 2008 sicut
2909 1953 3024 2024 ipse
3050 1953 3311 2010 Dominus
3345 1962 3692 2026 protestatus
3724 1965 3821 2020 est,

2235 2061 2254 2093 ι
2301 2042 2517 2098 tolletur
2562 2044 2741 2116 ligatis
2779 2046 3026 2102 manibus
3071 2054 3128 2102 et
3175 2047 3426 2119 pedibus,
3465 2056 3522 2104 et
3579 2050 3825 2104 mittetur

2230 2130 2284 2186 iu
2337 2134 2592 2188 tenebras
2647 2135 2985 2203 exteriores,
3021 2136 3113 2193 ubi
3161 2139 3268 2194 erit
3306 2136 3465 2194 ﬂetus
3512 2146 3575 2194 et
3621 2139 3824 2194 stridor

2231 2226 2471 2281 dentium
2516 2226 2748 2299 (Matth.
2785 2245 2933 2296 ιλιι,
2977 2230 3102 2301 15).
3149 2251 3168 2284 ι
3210 2231 3360 2289 Unde
3400 2233 3728 2305 quicunque
3772 2234 3823 2289 iu

2229 2320 2452 2376 Christo
2480 2336 2586 2376 non
2619 2321 2910 2378 confitetur
2930 2339 3128 2396 corpus
3154 2326 3473 2391 humanum,
3507 2328 3733 2384 noverit
3770 2343 3827 2385 se

2230 2413 2491 2484 mysterio
2539 2414 2933 2472 incarnationis
2982 2416 3260 2489 indignum
3291 2459 3306 2484 ,
3347 2435 3449 2475 nec
3491 2418 3616 2491 ejus
3642 2436 3825 2477 sacra.

2229 2504 2393 2557 menti
2426 2502 2625 2560 habere
2659 2507 2990 2562 consortium
3012 2549 3027 2573 ,
3060 2509 3202 2578 quod
3243 2508 3535 2581 Apostolus
3565 2512 3826 2583 praedicat

2229 2592 2445 2649 dicens:
2475 2615 2490 2646 ι
2522 2595 2647 2665 quia
2677 2599 2919 2652 membra
2948 2614 3134 2656 sumus
3152 2603 3394 2673 corporis
3416 2604 3486 2660 de
3506 2620 3687 2661 carne
3714 2604 3824 2674 ejus

2229 2693 2283 2739 et
2304 2686 2517 2743 ossibus
2538 2685 2673 2756 ejus.
2700 2687 2930 2760 Propter
2967 2691 3070 2747 hoc
3100 2692 3367 2764 relinquet
3405 2694 3575 2751 homo
3613 2705 3821 2767 patrem

2227 2788 2283 2834 et
2314 2789 2541 2835 matrem
2568 2822 2583 2847 ,
2624 2792 2679 2836 et
2715 2782 3010 2839 adhaerebit
3039 2786 3192 2840 uxori
3222 2801 3333 2842 sure
3360 2794 3416 2842 et
3438 2797 3607 2844 erunt
3632 2789 3746 2845 duo
3772 2790 3821 2844 iu

2229 2890 2393 2930 carne
2427 2891 2530 2931 una
2565 2876 2873 2947 (Ephes..v,
2902 2877 2971 2933 50
2994 2917 3008 2943 ,
3051 2877 3163 2951 51).
3192 2899 3219 2932 Δι
3272 2880 3337 2935 Et
3369 2896 3659 2952 exponens
3700 2883 3821 2953 quid

2227 2982 2325 3037 per
2370 2970 2473 3024 hoc
2517 2969 2855 3042 significetur
2878 3011 2894 3037 ,
2924 2972 3118 3043 adjecit
3152 2991 3165 3027 :
3205 2992 3224 3026 ι
3261 2973 3685 3047 Sacramentum
3726 2975 3821 3031 hoc

2227 3077 2482 3134 magnum
2523 3072 2625 3119 est.
2676 3063 2790 3136 Ego
2821 3073 3005 3120 autem
3037 3064 3158 3121 dico
3200 3066 3253 3121 in
3281 3065 3503 3123 Christo
3535 3077 3596 3124 et
3642 3068 3700 3123 in
3728 3068 3819 3124 Ee-

2228 3152 2391 3209 clesia
2417 3152 2629 3225 (Ephes.
2656 3170 2709 3220 v,
2735 3154 2850 3226 32).
2877 3175 2896 3208 ι
2920 3154 3003 3210 Ab
3025 3155 3141 3226 ipso
3162 3171 3291 3229 ergo
3312 3157 3589 3229 principio
3610 3158 3817 3230 generis

2231 3245 2475 3310 humani,
2498 3245 2748 3303 Christus
2772 3256 2855 3304 est
2877 3248 3227 3307 denuntiatus
3254 3252 3306 3307 in
3334 3266 3505 3308 carne
3532 3263 3812 3309 venturus.

2227 3338 2285 3395 In
2316 3356 2443 3410 qua,
2473 3341 2836 3396 sicutdictum
2858 3352 2961 3407 est,
2993 3353 3047 3399 et
3076 3353 3238 3399 erunt
3261 3345 3366 3401 duo
3408 3344 3463 3400 in
3491 3362 3665 3402 carne
3693 3362 3812 3402 una.

2227 3432 2427 3505 Utique
2452 3434 2559 3490 duo
2581 3444 2710 3490 sunt
2734 3436 2877 3492 Deus
2905 3444 2961 3492 et
2979 3436 3162 3505 homo,
3188 3436 3440 3495 Christus
3465 3447 3524 3495 et
3556 3440 3811 3507 Ecclaia,

2227 3540 2349 3596 quae
2369 3524 2435 3579 de
2461 3526 2642 3595 sponsi
2661 3541 2821 3581 carne
2844 3528 3128 3597 prodeunt,
3155 3530 3373 3600 quando
3401 3545 3469 3586 ex
3494 3529 3674 3587 latere
3698 3547 3812 3588 cru-

2227 3616 2371 3696 ciﬁxi
2408 3627 2663 3674 manante
2705 3620 2968 3691 sanguine
3008 3630 3064 3677 et
3106 3637 3249 3693 aqua
3293 3633 3706 3681 sacramentum
3736 3640 3816 3682 re-

2223 3709 2549 3782 demptionis
2587 3721 2640 3767 et
2681 3716 3108 3785 regenerationis
3132 3716 3363 3789 accepit.
3394 3716 3516 3789 ipsa
3556 3727 3647 3775 est
3672 3719 3813 3775 enim

2226 3817 2366 3857 nova
2398 3802 2639 3859 conditio
2668 3814 2931 3861 creatura:
2960 3808 3242 3876 humanm,
3267 3824 3387 3879 qua:
3408 3810 3463 3865 in
3486 3810 3815 3880 baptismate

2224 3908 2331 3948 non
2361 3894 2673 3951 indumento
2692 3910 2834 3951 verae
2862 3898 3043 3953 carnis
3071 3939 3086 3965 ,
3111 3898 3205 3955 sed
3248 3900 3502 3971 contagio
3545 3900 3813 3956 damnata

2223 3983 2511 4039 vetustatis
2580 3985 2841 4053 exuitur,
2906 3997 2968 4043 ut
3030 3988 3296 4047 eﬂiciatur
3368 3990 3535 4047 homo
3614 4006 3813 4063 corpus

2223 4072 2448 4139 Christi,
2472 4075 2598 4146 quia
2625 4084 2681 4132 et
2716 4076 2964 4134 Christus
2990 4095 3186 4152 corpus
3232 4090 3316 4139 est
3356 4082 3620 4140 hominis.
3663 4082 3812 4141 Unde

2224 4181 2329 4220 nou
2360 4165 2531 4222 Deum
2557 4176 2766 4224 tantum
2825 4169 3058 4227 dicimus
3079 4170 3355 4228 Christum
3385 4172 3531 4228 sicut
3566 4172 3806 4229 haeretici

2222 4257 2526 4325 Manichaei,
2560 4274 2662 4315 nec
2690 4260 2962 4318 hominem
2993 4271 3196 4318 tantum
3225 4264 3365 4319 sicut
3399 4264 3651 4321 haeretici
3675 4264 3808 4319 Pho-

2224 4350 2379 4416 tiani,
2407 4365 2508 4407 nec
2554 4351 2629 4407 ita
2661 4353 2935 4408 hominem
2977 4361 3036 4408 ut
3064 4352 3265 4423 aliquid
3305 4354 3354 4410 ei
3400 4354 3548 4410 desit
3571 4355 3718 4425 quod
3742 4353 3805 4408 ad

2222 4443 2517 4499 humanam
2542 4453 2748 4500 certum
2782 4455 2868 4501 est
2902 4446 3174 4517 pertinere
3212 4455 3461 4502 naturam
3489 4487 3506 4513 ,
3551 4448 3673 4503 sive
3698 4447 3806 4502 ani-

532 4546 646 4593 met
670 4547 724 4593 et
746 4539 1154 4597 similitudinem
1179 4546 1385 4613 peccati
1408 4548 1589 4603 carnis
1608 4549 1807 4616 uniret,
1831 4564 1930 4619 per
1952 4565 2114 4621 quant

2227 4554 2367 4593 mam
2398 4538 2515 4592 sive
2553 4546 2788 4593 mentem
2812 4537 3209 4604 rationabilem,
3243 4539 3357 4594 sive
3381 4550 3606 4594 carnem
3648 4552 3805 4609 quam

530 4643 642 4684 non
670 4629 935 4687 minueret
966 4631 1147 4687 divina
1181 4634 1430 4692 humanis
1454 4677 1471 4704 ,
1504 4638 1596 4693 sed
1629 4650 1853 4711 augeret
1884 4640 2118 4697 humana

2227 4643 2328 4684 non
2375 4629 2443 4684 de
2481 4627 2689 4683 femina
2725 4629 2994 4699 sumpsit,
3035 4628 3129 4685 sed
3180 4627 3382 4685 factam
3424 4628 3496 4684 de
3538 4627 3724 4684 Verbo
3752 4628 3803 4681 in

531 4720 750 4777 divinis.
775 4720 920 4780 Talis
945 4725 1091 4781 enim
1116 4735 1238 4782 erat
1265 4728 1507 4784 omnium
1550 4745 1581 4785 a
1619 4730 1813 4800 primis
1837 4732 1999 4789 ducta
2025 4747 2120 4803 ge-

2227 4733 2445 4775 caruem
2477 4734 2742 4777 converso
2787 4730 2952 4792 atque
2996 4728 3241 4787 mutato,
3279 4736 3401 4792 qua:
3444 4721 3548 4777 tria
3591 4719 3728 4776 falsa
3754 4727 3804 4775 et

532 4812 803 4869 nitoribus
858 4830 1022 4871 causa
1078 4818 1432 4886 mortalium,
1478 4829 1539 4874 ut
1589 4821 1837 4891 originali
1893 4833 2117 4894 peccato
2217 4826 2357 4868 V308
2388 4809 2826 4884 Αβοηίιιίειπυῐη
2875 4814 3252 4871 “meum”!!!
3296 4823 3411 4870 "es
3452 4823 3641 4885 Ρτίηθδ
3666 4815 3804 4867 “me

531 4913 848 4962 transeunte
872 4906 973 4978 per
1004 4918 1254 4979 posteros
1274 4910 1451 4967 nullus
1493 4927 1709 4982 pmuam
1754 4915 2117 4972 damnationis

2227 4905 2579 4975 protulerunt.
2628 4903 2739 4961 Nec
2778 4905 3009 4962 dicimus
3068 4904 3213 4978 quod
3240 4906 3399 4962 beata
3445 4906 3603 4977 virgo
3642 4902 3803 4960 Maria

529 4994 823 5063 evaderet,
872 4998 974 5053 nisi
1000 4997 1235 5056 Verbum
1283 5016 1411 5057 caro
1439 5001 1595 5058 fieret
1619 5044 1635 5069 ,
1666 5012 1723 5059 et
1758 5005 2029 5061 habitaret
2057 5005 2113 5061 in

530 5085 708 5152 nobis,
734 5087 789 5142 in
811 5102 878 5144 ea
903 5090 1113 5147 scilicet
1137 5101 1332 5148 natura
1378 5109 1499 5165 quae
1534 5095 1706 5151 nostri
1744 5105 1801 5151 et
1841 5096 2121 5167 sanguinis

531 5184 678 5231 esset
731 5186 786 5232 ct
836 5180 1072 5247 generis.
1132 5181 1364 5252 Propter
1410 5185 1554 5254 quod
1606 5186 1736 5241 dicit
1783 5185 2115 5258 Apostolus:

533 5283 553 5317 ι
591 5265 744 5321 Sicut
792 5282 888 5338 per
942 5270 1102 5326 unius
1129 5272 1384 5327 delictqu
1432 5274 1485 5329 in
1532 5289 1722 5331 omnes
1766 5276 2013 5333 homines
2060 5278 2119 5334 in

527 5357 1056 5426 condemnationem,
1087 5363 1165 5417 sic
1184 5372 1241 5418 et
1266 5380 1365 5435 per
1390 5366 1551 5420 unius
1563 5366 1829 5438 justitiam
1852 5369 1906 5424 in
1929 5384 2120 5427 omnes

527 5446 780 5505 homines
814 5451 880 5505 ad
902 5450 1367 5519 justiticationem.
1415 5455 1570 5512 Sicut
1614 5457 1761 5514 enim
1794 5474 1892 5530 per
1932 5462 2121 5517 inobe-

528 5540 789 5596 dientiam
829 5543 991 5598 unius
1036 5543 1273 5600 hominis
1294 5557 1613 5617 peccatores
1659 5551 1940 5607 constituti
1989 5561 2117 5608 sunt

527 5632 710 5699 multi,
738 5635 814 5689 ita
840 5644 895 5690 et
941 5650 1040 5705 per
1080 5637 1239 5691 unius
1289 5639 1525 5695 hominis
1572 5642 1939 5698 obedientiam
1982 5642 2115 5712 justi

527 5725 927 5781 constituentur
970 5726 1121 5782 multi
1168 5725 1341 5798 (Rom.
1368 5745 1422 5796 v,
1456 5733 1557 5795 18,
1588 5733 1697 5803 t9).
1731 5752 1750 5785 ι
1778 5733 1846 5788 Ει
1871 5734 2067 5789 iterum
2096 5751 2111 5790 :

531 5829 558 5867 ι
600 5812 736 5888 Quia
780 5818 923 5875 enim
954 5833 1050 5889 per
1080 5819 1357 5878 hominem
1401 5836 1547 5878 mors
1572 5860 1588 5890 ,
1628 5830 1682 5877 et
1713 5837 1813 5891 per
1839 5823 2112 5886 hominem

2227 4995 2501 5051 hominem
2534 4995 2652 5051 sine
2679 4994 2883 5052 deitate
2910 4997 3241 5067 conceperit,
3264 4996 3357 5067 qui
3383 5004 3607 5052 creatus
3627 5013 3660 5051 a
3690 4995 3805 5067 Spi-

2224 5086 2331 5140 ritu
2370 5094 2561 5141 sancto
2585 5126 2600 5152 ,
2641 5095 2825 5157 postea
2872 5086 2944 5142 sit
2997 5094 3281 5157 susceptus
3323 5101 3354 5141 a
3393 5083 3577 5143 Verbo
3601 5128 3619 5154 ,
3668 5085 3805 5157 quod

2224 5174 2529 5234 Nestorium
2560 5177 2943 5249 praedicantem
2989 5178 3181 5234 merito
3224 5176 3481 5249 justeque
3531 5177 3807 5235 damnavi-

2224 5284 2365 5325 mus.
2400 5270 2507 5326 Sed
2532 5269 2765 5326 dicimus
2785 5268 3061 5326 Christum
3085 5268 3178 5324 Dei
3198 5267 3397 5324 Filium
3421 5270 3594 5325 Deum
3621 5281 3803 5325 verum

2221 5370 2413 5417 natum
2447 5363 2512 5419 de
2540 5362 2652 5418 Deo
2673 5360 2857 5428 Patre,
2887 5361 3005 5417 sine
3030 5360 3139 5417 ullo
3161 5361 3317 5418 initio
3346 5362 3636 5430 temporis,
3657 5376 3806 5416 eum-

2222 5455 2452 5525 demque
2485 5455 2758 5510 hominem
2786 5469 2973 5510 verum
2995 5462 3180 5509 natum
3203 5454 3270 5510 de
3301 5463 3501 5519 matre,
3531 5453 3800 5508 hominem

2221 5556 2370 5603 certa
2398 5544 2736 5616 plenitudine
2760 5545 3021 5616 temporis
3047 5585 3064 5613 ,
3094 5561 3197 5602 nec
3242 5545 3361 5616 ejus
3407 5546 3799 5600 humanitatem

2220 5654 2326 5709 qua
2358 5638 2533 5709 major
2561 5646 2647 5693 est
2686 5636 2847 5693 Pater
2871 5638 3114 5693 minuere
3144 5634 3349 5708 aliquid
3377 5635 3499 5705 ejus
3539 5644 3747 5689 natura:
3767 5646 3799 5686 ι

2218 5746 2322 5800 qua
2353 5730 2576 5800 aequalis
2603 5739 2686 5786 est
2731 5729 2898 5786 Patri.
2941 5728 3053 5785 Hoc
3088 5738 3268 5783 autem
3311 5735 3608 5797 utrumque
3636 5738 3797 5781 unum

2217 5835 2303 5885 est
2330 5824 2583 5883 Christus
2604 5827 2696 5896 qui
2726 5826 3005 5883 verissime
3024 5823 3181 5893 dixit,
3199 5831 3255 5879 et
3274 5821 3578 5879 secundum
3591 5817 3756 5875 Deum
3771 5829 3800 5919 τ.
