3968 6446
122 376 239 439 785

1323 379 1818 442 DECRETALIUM
1855 375 2260 440 COLLECTIO.

3289 378 3396 442 186

114 498 248 570 Ego
272 506 331 555 et
352 495 512 554 Pater
535 515 701 558 unum
741 515 959 571 sumus;
990 512 1047 561 et
1067 506 1363 562 secundum
1382 504 1669 579 hominem
1696 518 1711 555 :
1743 504 1796 565 Α
1819 511 1906 558 cta
1936 504 2218 574 sacrilegia
2243 503 2477 572 excedit,
2525 503 2828 561 abolentur.
2881 503 3019 573 Quia
3053 506 3184 559 vero
3212 501 3400 559 diabo-

117 588 296 644 Pater
324 588 498 658 major
521 604 609 646 me
644 600 747 647 est.
785 590 937 649 Hanc
970 593 1130 650 ﬁdem
1156 635 1171 660 ,
1214 593 1552 649 dilectissimi
1580 631 1595 656 ,
1623 605 1716 646 ve-

123 697 248 735 ram
280 691 336 737 et
381 681 807 739 indissolubilem
830 724 846 750 ,
884 698 1002 754 quae
1044 683 1159 741 sola
1188 698 1349 740 veros
1372 681 1537 739 efﬁcit
1562 679 1720 736 Chri-

120 775 365 840 stianos,
404 790 692 846 quamque,
726 786 786 831 ut
830 776 1181 849 intelligimus
1209 785 1266 833 et
1296 774 1592 848 probamus
1631 771 1721 842 pio

125 867 343 931 studio,
370 877 426 922 et
452 866 706 924 laudabili
733 883 921 925 amore
962 867 1266 933 defenditis,
1307 872 1724 938 perseveranter

127 965 320 1013 tenete
343 998 360 1023 ,
391 966 447 1013 et
478 967 799 1018 constanter
839 961 1091 1018 asserite.
1122 961 1191 1017 Et
1221 959 1477 1032 quoniam
1507 965 1723 1029 oportet

130 1064 232 1103 vos
260 1058 386 1120 post
418 1050 659 1107 divinum
686 1052 946 1107 auxilium
968 1053 1133 1110 etiam
1160 1051 1550 1108 catholicorum
1571 1050 1723 1120 prin-

125 1141 319 1212 cipum
333 1142 564 1214 gratiam
580 1144 903 1215 promereri,
923 1144 1108 1200 humili
1118 1153 1198 1199 ter
1208 1152 1262 1200 et
1273 1143 1550 1214 sapienter
1561 1157 1727 1213 expo-

128 1233 298 1297 Srite,
329 1243 386 1288 nt
409 1234 653 1303 petitioni
676 1243 878 1290 nostra:
902 1250 1007 1305 qua
1041 1234 1337 1304 plcnariam
1375 1232 1538 1288 indici
1566 1246 1731 1303 syno-

128 1325 266 1379 dum
290 1328 647 1395 postulamus,
680 1326 1138 1383 clementissimus
1163 1327 1458 1397 imperator
1479 1324 1731 1396 dignetur

128 1433 383 1472 annuere
411 1460 424 1481 ,
455 1435 564 1487 quo
592 1419 754 1474 citius
793 1420 1083 1491 adjuvante
1117 1416 1491 1474 misericordia
1520 1414 1647 1478 Dei,
1677 1422 1734 1471 et

127 1509 286 1564 sanis
312 1510 574 1567 fortitudo
600 1521 894 1584 augeatur,
921 1520 977 1568 et
1003 1511 1289 1579 morbidis,
1317 1511 1363 1567 si
1413 1510 1597 1567 curari
1641 1524 1735 1565 ac-

127 1601 450 1670 quiescant,
479 1602 744 1660 medicina
773 1613 1080 1673 praestetur.

401 1692 515 1748 Xll.
544 1724 616 1734 —
646 1694 730 1749 Ad
762 1693 1111 1750 Theodosium
1153 1695 1468 1767 Augustum.

1818 591 1924 647 lica
1965 593 2208 665 nequitia
2242 593 2515 650 subtiliter
2547 593 2684 651 fallit
2741 595 3008 661 incautos,
3059 602 3115 649 et
3162 592 3236 648 ita
3265 605 3404 663 quo-

1821 686 2066 742 rumdam
2117 687 2530 758 imprudentiam
2566 702 2678 758 per
2726 687 3132 744 similitudinem
3183 683 3404 756 pietatis

1822 777 2020 842 illudit,
2061 787 2123 834 ut
2166 794 2264 850 pro
2291 780 2596 836 salubribus
2635 779 2960 850 persuadeat
2997 778 3268 842 nocitura,
3317 790 3410 832 re-

1825 879 2056 933 movete,
2090 883 2418 939 quaesumus,
2443 886 2628 927 aurem
2644 885 2672 924 a
2692 877 2889 927 vestrae
2901 869 3116 941 pietatis
3128 866 3410 924 conscieno

1824 960 1899 1015 tia
1926 960 1981 1016 in
2030 959 2328 1030 periculum
2358 961 2633 1033 religionis
2666 969 2722 1017 et
2750 961 2893 1016 ﬁdei.
2948 959 3103 1027 Quod
3131 956 3408 1014 saeculari-

1828 1053 1932 1108 bus
1969 1053 2200 1123 negotiis
2251 1052 2429 1123 legum
2466 1061 2769 1108 vestrarum
2802 1051 3055 1122 aequitate
3096 1046 3413 1107 conceditur

1827 1144 1882 1199 in
1911 1160 2092 1200 rerum
2123 1145 2428 1200 divinarum
2456 1146 2824 1216 pertractione
2849 1153 3125 1216 praestare,
3163 1151 3225 1198 ut
3248 1140 3412 1197 Chri-

1829 1237 1898 1292 sti
1928 1236 2219 1307 Evangelia
2252 1238 2358 1292 vim
2404 1253 2512 1293 non
2558 1236 2754 1293 inferat
2780 1237 3012 1293 humana
3042 1232 3412 1307 praesumptio.

1830 1326 1991 1393 Ecce,
2024 1329 2487 1385 Christianissime
2516 1338 2573 1384 et
2590 1328 2915 1385 venerabilis
2945 1328 3262 1400 imperator,
3293 1339 3415 1382 cum

1831 1420 2309 1476 consacerdotibus
2345 1420 2480 1475 meis
2509 1419 2740 1489 implens
2767 1434 2895 1490 erga
2927 1418 3288 1475 reverentiam
3309 1416 3420 1472 cle-

1832 1510 2051 1567 mentis:
2078 1521 2276 1566 vestrae
2321 1511 2519 1567 sinceri
2560 1512 2762 1568 amoris
2788 1510 3043 1575 cilicium,
3088 1509 3423 1580 cupiensque

1833 1619 1932 1661 vos
1956 1604 2175 1674 placere
2199 1620 2298 1676 per
2316 1606 2495 1661 omnia
2515 1605 2643 1670 Deo,
2675 1606 2759 1661 cui
2786 1620 2886 1676 pro
2912 1603 3068 1661 vobis
3085 1602 3153 1657 ab
3180 1600 3423 1657 Ecclesia

1836 1698 2196 1768 supplicatur,
2234 1712 2302 1751 ne
2337 1704 2463 1752 ante
2488 1696 2722 1750 tribunal
2763 1695 2966 1751 Christi
2996 1693 3208 1752 Domini
3256 1692 3334 1747 rei
3358 1692 3426 1747 de

206 1781 326 1838 Leo
371 1783 654 1855 episcopus
689 1794 745 1840 et
794 1793 985 1842 sancta
1042 1787 1282 1858 synodus
1321 1801 1445 1857 quae
1491 1783 1547 1841 in
1602 1784 1737 1840 urbe
1762 1854 1798 1859 _
1837 1790 2055 1846 silentio
2076 1788 2405 1859 iudicemur.
2459 1788 2823 1845 Obsecramus
2851 1803 3036 1843 coram
3063 1787 3226 1842 unius
3253 1785 3428 1839 deita-

133 1874 310 1930 Roma
354 1877 626 1944 convenit,
657 1876 965 1934 THEODOBIO
1000 1878 1266 1949 Augusto.

206 1966 442 2022 Litteris
474 1967 778 2025 clementiae
824 1979 1017 2026 vestrae
1045 1987 1195 2041 .quas
1227 1970 1426 2027 dudum
1475 1969 1539 2025 ad
1582 1967 1733 2025 beati

131 2059 289 2115 Petri
329 2062 557 2131 apostoli
593 2062 776 2118 sedem
812 2078 910 2134 pro
933 2063 1212 2120 catholicae
1253 2061 1377 2120 ﬁdei
1427 2078 1613 2119 amore
1637 2062 1736 2117 mi-

131 2153 313 2218 sistis,
360 2163 564 2208 tantam
594 2154 848 2210 llduciam
878 2155 1209 2227 sumpsimus
1239 2155 1608 2219 defendenda,
1638 2169 1738 2225 per

132 2259 239 2300 vos
268 2245 519 2303 veritatis
548 2255 604 2301 et
630 2247 804 2317 pacis,
836 2257 896 2301 ut
918 2234 971 2301 in
999 2264 1163 2303 causa
1192 2257 1298 2302 tam
1327 2246 1583 2317 simplici,
1607 2255 1739 2300 tam-

132 2357 251 2412 que
288 2341 517 2405 minuta,
567 2340 701 2396 nihil
745 2349 1061 2413 putaremus
1106 2356 1267 2412 posse
1316 2341 1549 2395 existere
1595 2338 1739 2410 quod

135 2443 389 2499 noceret,
432 2434 735 2504 praesertim
782 2450 907 2490 cum
970 2434 1039 2489 ad
1087 2433 1395 2505 episcopale
1447 2433 1738 2489 concilium

135 2526 296 2594 quod
340 2523 519 2580 haberi
561 2526 701 2596 apud
726 2525 999 2596 Ephesum
1032 2526 1364 2596 praecepistis
1393 2535 1502 2581 tam
1543 2524 1740 2580 instru-

142 2616 226 2671 cti
250 2616 363 2671 sint
407 2618 581 2683 missi,
615 2618 739 2672 utsi
778 2617 978 2687 scripta
1003 2632 1124 2687 qua:
1152 2615 1236 2671 vel
1278 2616 1346 2672 ad
1372 2623 1616 2672 sanctam
1660 2630 1744 2686 sy-

141 2709 365 2771 nodum,
409 2709 492 2764 vel
544 2712 613 2765 ad
672 2708 990 2765 Flavianum
1044 2708 1357 2779 episcopum
1406 2706 1739 2770 detulerunt,

143 2800 531 2870 episcoporum
561 2800 827 2871 publicari
859 2800 1084 2856 auribus
1108 2798 1508 2856 Alexandrinus
1539 2798 1742 2871 permi-

143 2889 317 2945 sisset
358 2890 607 2946 antistes.
647 2890 725 2945 lta
774 2889 1215 2947 manifestatione
1264 2889 1572 2962 purissima:
1620 2887 1744 2945 ﬁdei

145 2999 318 3056 quam
348 2974 610 3041 divinitus
641 2985 955 3057 inspiratam
989 2993 1044 3041 et
1065 2984 1374 3055 accepimus
1388 2992 1443 3040 et
1473 2992 1743 3048 tenemus,

147 3077 398 3132 omnium
426 3078 872 3149 congressionum
920 3076 1178 3148 strepitus
1215 3077 1533 3147 quievisset,
1564 3086 1748 3133 utnec

152 3168 434 3241 imperitia
462 3169 599 3225 ultra
649 3170 942 3243 desiperet,
995 3186 1095 3226 nec
1134 3171 1479 3227 occasionem
1516 3169 1746 3226 nocendi

154 3259 434 3315 mmulalio
467 3263 749 3331 reperiret.
784 3260 891 3317 Sed
913 3261 1038 3317 dum
1068 3260 1295 3332 privatae
1322 3276 1501 3317 causm
1532 3259 1748 3333 religio-

157 3351 247 3407 nis
292 3361 616 3409 exercentur
669 3354 919 3418 obtentu,
951 3354 1302 3409 commissum
1345 3361 1430 3409 est
1479 3353 1756 3423 impietate

156 3458 462 3513 paucorum
511 3447 653 3517 quod
708 3447 1015 3502 universam
1077 3445 1376 3504 Ecclesiam
1426 3445 1755 3502 vulneraret.

159 3532 541 3607 Comperimus
568 3537 712 3593 enim
770 3552 877 3593 non
927 3537 1135 3593 incerto
1178 3538 1390 3602 nuntio,
1436 3537 1529 3592 sed
1559 3536 1759 3593 lidelis-

161 3629 307 3685 simo
337 3645 517 3686 rerum
545 3646 666 3702 qua:
695 3640 858 3702 gestze
886 3640 1036 3696 sunt,
1079 3639 1365 3687 narratore
1394 3628 1601 3686 Hilario
1645 3629 1760 3686 dia-

165 3736 308 3779 cono
338 3731 524 3778 nostro
553 3723 645 3792 qui
676 3724 768 3779 vix
805 3738 874 3779 ne
906 3722 1248 3779 subscribere
1279 3731 1588 3794 cogeretur,
1626 3718 1761 3776 cffu-

169 3814 287 3885 git,
318 3815 636 3871 convenisse
683 3815 749 3869 ad
802 3815 1067 3887 synodum
1105 3814 1369 3887 plurimos
1413 3813 1759 3879 sacerdotes,

172 3918 407 3975 quorum
437 3907 623 3977 utique
669 3905 972 3977 frequentia
998 3906 1274 3964 collationi
1322 3914 1376 3962 et
1399 3904 1606 3975 judicio
1639 3920 1759 3976 pro-

170 3992 389 4061 fuisset,
419 3997 465 4053 si
497 3997 544 4053 is
579 3997 669 4069 qui
701 3998 803 4054 sibi
839 3998 1015 4053 locum
1045 3997 1397 4069 principalem
1430 3997 1763 4063 vindicabat,

173 4087 569 4143 sacerdotalem
597 4087 1018 4144 moderationem
1060 4088 1336 4144 custodire
1363 4087 1644 4155 voluisset,
1681 4097 1762 4155 ut,

175 4179 319 4234 sicut
346 4181 513 4235 moris
540 4188 643 4246 est,
692 4181 933 4236 omnium
963 4181 1246 4237 sententiis
1273 4196 1337 4236 ex
1367 4179 1614 4236 libertate
1639 4196 1767 4252 pro-

178 4270 326 4334 latis,
370 4271 423 4327 id
462 4271 752 4341 tranquillo
789 4280 845 4328 et
871 4287 1027 4343 aequo
1069 4272 1494 4328 constitueretur
1519 4273 1768 4329 examine

177 4365 325 4434 quod
354 4374 410 4419 et
452 4364 572 4421 ﬁdei
601 4374 948 4436 congrueret,
989 4373 1044 4422 et
1090 4365 1404 4421 errantibus
1431 4366 1762 4420 subveniret.

175 4454 238 4510 ιιι
267 4456 385 4525 ipso
424 4464 602 4511 autem
626 4455 832 4527 judicio
883 4471 990 4512 non
1040 4472 1232 4512 omnes
1278 4456 1369 4527 qui
1401 4465 1767 4513 convenerant

1759 1854 1811 1917 Β
1836 1881 1907 1936 tis
1930 1854 2280 1950 inseparabili
2313 1878 2581 1944 trinitate,
2610 1894 2731 1949 qum
2759 1879 2853 1934 tali
2879 1878 3024 1934 facto
3047 1876 3279 1941 lzeditur,
3302 1888 3425 1930 cum

1837 1972 1954 2043 ipsa
1999 1971 2165 2027 vestri
2211 1970 2286 2026 sit
2313 1980 2498 2027 custos
2537 1982 2593 2025 et
2638 1970 2848 2025 auctrix
2876 1967 3113 2039 imperii,
3152 1974 3208 2022 et
3241 1978 3428 2021 coram

1838 2062 2042 2118 sanctis
2069 2060 2274 2134 angelis
2295 2059 2525 2127 Christi,
2555 2068 2617 2115 ut
2638 2060 2818 2116 omnia
2849 2059 2902 2114 in
2933 2073 3000 2116 eo
3027 2066 3170 2114 statu
3211 2070 3433 2112 manere

1832 2154 2088 2224 iubeatis,
2130 2154 2184 2208 in
2223 2168 2331 2223 quo
2362 2150 2582 2209 fuerunt
2610 2160 2735 2208 ante
2762 2166 2924 2207 omne
2945 2150 3230 2220 judicium,
3262 2148 3435 2204 donec

1841 2249 2016 2320 major
2046 2263 2114 2304 ex
2146 2256 2259 2304 toto
2309 2248 2441 2303 orbe
2472 2247 2815 2303 sacerdotum
2845 2259 3110 2301 numerus
3143 2255 3437 2314 congrege-

1842 2349 1950 2397 tur.
1985 2338 2096 2396 Nec
2125 2340 2301 2395 alieno
2331 2347 2556 2410 peccato
2587 2337 2869 2410 patiamini
2897 2352 3017 2393 vos
3041 2335 3282 2408 gravari,
3310 2333 3439 2404 quia

1841 2435 1986 2506 quod
2046 2447 2271 2489 necesse
2327 2441 2413 2488 est
2454 2446 2553 2487 nos
2595 2431 2807 2495 dicere,
2863 2443 3113 2485 veremur
3158 2442 3227 2482 ne
3284 2423 3439 2493 cujus

1840 2525 2034 2597 religio
2064 2524 2384 2595 dissipatur,
2420 2523 2722 2595 indignatio
2749 2530 3094 2593 provocetur.
3123 2519 3243 2574 Pra:
3269 2516 3442 2574 oculis

1842 2617 2040 2674 habete
2077 2628 2132 2672 et
2163 2625 2276 2671 tota
2313 2616 2513 2672 mentis
2546 2617 2664 2673 acie
2694 2622 3008 2672 reverenter
3032 2613 3266 2684 accipite
3293 2609 3438 2666 beati

1844 2708 1989 2765 Petri
2018 2709 2246 2781 gloriam
2288 2718 2345 2765 et
2373 2724 2690 2766 communes
2729 2722 2853 2765 cum
2883 2706 3002 2770 ipso
3036 2705 3276 2762 omnium
3315 2716 3444 2774 apo-

1845 2799 2111 2857 stolorum
2137 2815 2390 2865 coronas,
2424 2796 2850 2870 cunctorumque
2870 2806 3176 2870 martyrum
3207 2796 3439 2867 palmas,

1846 2891 2044 2960 quibus
2076 2890 2180 2945 alia
2210 2906 2317 2947 non
2350 2889 2453 2945 fuit
2499 2905 2662 2947 causa
2707 2888 2975 2960 patiendi,
3025 2887 3130 2942 nisi
3174 2883 3444 2941 confess‘o

1846 2995 1993 3036 vera:
2037 2979 2338 3037 divinitatis
2359 2988 2416 3036 et
2438 2995 2580 3035 verae
2607 2977 2970 3035 humanitatis
3000 2976 3057 3032 in
3082 2974 3321 3032 Christo.
3344 2971 3443 3028 Cui

1850 3080 2192 3127 sacramento
2231 3072 2359 3142 quia
2388 3071 2552 3141 impie
2574 3086 2718 3127 nunc
2736 3086 2768 3125 a
2796 3069 2986 3141 paucis
3013 3063 3446 3139 imprudentibus

1853 3164 2138 3231 obviatur,
2177 3178 2365 3219 omnes
2404 3163 2642 3234 partium
2681 3162 2929 3219 ecclesiae
2960 3167 3293 3225 nostrarum,
3330 3172 3449 3213 om-

1858 3271 1957 3312 nes
1982 3255 2383 3311 mansuetudini
2416 3262 2611 3311 vestrae
2637 3269 2763 3311 cum
2790 3252 3085 3326 gemitibus
3106 3261 3163 3309 et
3192 3250 3449 3323 lacrymis

1859 3345 2167 3418 supplicant
2194 3344 2526 3410 sacerdotes,
2566 3353 2628 3399 ut
2656 3344 2746 3415 qui
2777 3355 2833 3400 et
2864 3343 3038 3400 nostri
3083 3342 3314 3399 ﬁdeliter
3357 3355 3448 3396 re-

1858 3439 2181 3505 clamarent,
2219 3445 2276 3493 et
2302 3438 2508 3494 eisdem
2543 3436 2784 3494 libellum
2816 3435 3195 3508 appellationis
3232 3432 3451 3490 Flavia-

1861 3549 1964 3589 nus
2002 3532 2291 3603 episcopus
2338 3530 2505 3596 dedit,
2541 3527 2850 3602 generalem
2900 3528 3169 3601 synodum
3211 3524 3450 3596 iubeatis

1861 3626 2004 3682 intra
2028 3623 2238 3680 Italiam
2266 3621 2556 3688 celebrari,
2594 3636 2717 3693 qua:
2759 3634 2951 3677 omnes
2999 3617 3325 3675 oﬁ'ensiones
3372 3616 3450 3671 ita

1863 3729 1958 3774 aut
1986 3717 2210 3789 repellat
2240 3725 2336 3771 aut
2357 3715 2597 3786 mitiget,
2644 3730 2713 3769 ne
2742 3712 2946 3784 aliquid
2971 3710 3112 3768 ultra
3160 3710 3251 3778 sit,
3282 3708 3367 3765 vel
3395 3709 3452 3765 in

1861 3811 1969 3868 ﬁde
2010 3810 2256 3876 dubium,
2290 3808 2374 3864 vel
2399 3808 2454 3864 in
2484 3807 2756 3863 charitate
2783 3806 3038 3861 divisum.
3070 3801 3455 3861 Convenienti-

1861 3902 1965 3959 bus
2028 3902 2216 3972 utique
2278 3898 2621 3957 orientalium
2694 3897 3098 3968 provinciarum
3156 3894 3450 3967 episcopis,

1863 4009 2094 4065 quorum
2128 3994 2173 4049 si
2203 3993 2297 4064 qui
2324 3993 2565 4064 superati
2601 3991 2763 4049 minis
2795 4001 2960 4062 atque
2996 3988 3208 4061 injuriis
3237 4003 3269 4044 a
3307 3988 3458 4046 veri-

1867 4086 1995 4142 tatis
2049 4086 2270 4141 tramite
2323 4085 2629 4151 deviarunt,
2687 4081 3019 4139 salutaribus
3081 4079 3337 4138 remediis
3392 4079 3450 4135 in

1866 4178 2134 4251 integrum
2186 4187 2534 4242 revocentur,
2598 4175 2825 4247 ipsique,
2879 4187 3111 4247 quorum
3164 4180 3249 4229 est
3288 4183 3458 4227 causa

1867 4269 2055 4326 durior
2082 4269 2128 4325 si
2155 4267 2393 4325 consiliis
2420 4266 2737 4324 melioribus
2777 4266 3147 4336 acquiescant,
3174 4264 3244 4320 ab
3272 4262 3460 4320 Eccle-

1866 4361 1961 4418 siae
1985 4361 2191 4417 unitate
2218 4376 2324 4415 non
2363 4358 2660 4415 discedant.
2702 4352 2875 4424 Quam
2922 4363 3103 4411 autem
3131 4361 3254 4425 post
3277 4350 3456 4423 appela

1867 4453 2124 4510 lationem
2195 4452 2566 4523 interpositam
2616 4451 2720 4507 hoc
2769 4446 3080 4505 necessarie
3132 4443 3456 4516 postuletur,

179 4549 496 4606 interfuisse
543 4551 911 4622 cognovimus.
969 4548 1105 4605 Nam
1140 4550 1275 4606 alios
1328 4551 1579 4622 rejectos,
1628 4549 1765 4606 alios
1794 4583 1844 4643 ο
1868 4561 2136 4604 canonum
2185 4544 2379 4602 Nicaae
2407 4543 2718 4600 habitorum
2757 4543 2978 4599 decreta
3009 4547 3295 4602 testantur,
3340 4551 3462 4607 quae

179 4640 473 4696 didicimus
511 4641 872 4707 intromissos,
898 4641 990 4712 qui
1024 4657 1124 4713 pro
1153 4642 1441 4712 supradicti
1469 4641 1767 4699 sacerdotis

180 4734 414 4801 arbitrio
460 4734 643 4806 impiis
663 4734 1165 4804 'subscriptionibus
1183 4735 1425 4805 captivas
1441 4749 1645 4789 .manus
1682 4738 1777 4790 de-

182 4823 403 4890 derant,
433 4837 488 4881 et
518 4826 823 4881 nociturum
869 4828 1033 4882 statui
1084 4828 1307 4892 scirent,
1355 4827 1458 4883 nisi
1510 4828 1774 4899 imperata

186 4916 470 4971 fecissent.
510 4916 806 4988 Talemque
844 4918 910 4973 ab
946 4921 1060 4989 ipso
1099 4919 1362 4989 prolatam
1402 4935 1522 4976 esse
1561 4929 1778 4976 senten-

188 5008 344 5071 tiam,
374 5015 431 5062 ut
466 5008 591 5062 dum
621 5006 783 5063 homo
829 5024 967 5064 unus
1005 5009 1304 5078 impetitur,
1347 5010 1401 5065 in
1442 5025 1658 5066 omnem
1686 5026 1780 5067 ec-

188 5101 413 5157 clesiam
444 5101 746 5157 saeviretur.
804 5101 959 5170 Quod
1004 5104 1174 5158 nostri
1205 5104 1274 5158 ab
1314 5103 1608 5173 apostolica
1640 5103 1781 5161 Sede

190 5191 386 5247 directi
415 5193 551 5247 adeo
599 5191 819 5263 impium
849 5201 905 5246 et
952 5191 1232 5247 catholicae
1278 5191 1397 5248 ﬁdei
1446 5195 1781 5250 contrarium

192 5298 320 5338 esse
356 5284 622 5349 viderunt,
658 5294 717 5339 ut
756 5286 823 5340 ad
851 5286 1295 5340 consentiendum
1324 5285 1469 5340 nulla
1507 5272 1783 5357 potuerint

194 5377 548 5446 oppressione
595 5378 864 5448 compelli,
914 5387 1334 5447 constanterque
1375 5380 1428 5434 in
1476 5381 1664 5435 eadem
1695 5395 1784 5452 sy-

199 5473 365 5537 nodo,
415 5483 474 5528 ut
524 5474 725 5538 decuit,
767 5473 983 5529 fuerunt
1022 5474 1301 5543 protestati
1347 5489 1684 5544 nequaquam
1730 5473 1783 5529 id

199 5563 347 5633 quod
398 5564 827 5620 constituebatur
883 5564 1076 5619 Sedem
1126 5564 1475 5633 apostolicam
1533 5571 1783 5633 receptu-

201 5671 346 5723 ram;
389 5658 642 5727 quoniam
671 5673 857 5713 revera
887 5674 1047 5714 omne
1084 5657 1406 5712 Christianae
1447 5656 1572 5711 ﬁdei
1601 5669 1786 5711 sacra-

206 5758 452 5802 mentum
485 5749 649 5821 (quod
695 5748 857 5821 absit)
908 5765 949 5827 aI
989 5750 1319 5819 temporibus
1345 5758 1538 5804 vesme
1568 5748 1785 5818 pietatis

206 5839 535 5908 excinditur,
557 5841 659 5899 nisi
681 5842 781 5900 hec
798 5842 1237 5903 scelestissimum
1261 5842 1471 5902 facinus
1482 5841 1624 5915 quod
1653 5858 1786 5902 cun-

1876 4655 1908 4695 a
1936 4641 2101 4695 totius
2128 4638 2313 4693 mundi
2343 4645 2470 4695 sunt
2493 4636 2866 4694 sacerdotibus
2888 4633 3205 4699 constituta,
3234 4643 3463 4701 qucque

1875 4734 2064 4790 subter
2092 4732 2301 4789 adnexa
2339 4740 2483 4788 sunt.
2532 4729 2734 4786 Favete
2760 4726 3044 4785 catholicis
3086 4733 3271 4781 vestro
3310 4735 3464 4778 more

1876 4837 2274 4900 parentumque
2343 4818 2646 4881 vestrorum
2670 4861 2686 4887 ,
2753 4822 2877 4877 date
2933 4817 3285 4876 defendenda:
3338 4812 3464 4870 ﬁdei

1876 4919 2212 4985 libertatem,
2234 4932 2398 4988 quam
2424 4916 2572 4973 salva
2595 4912 2894 4971 clementiae
2913 4919 3108 4967 vestrae
3136 4905 3461 4972 reverentia,

1879 5012 2026 5069 nulla
2044 5014 2149 5077 vis,
2166 5010 2343 5067 nullus
2357 5008 2557 5081 poterit
2571 5006 2877 5062 mundanus
2899 5002 3063 5058 timor
3076 4999 3311 5056 auferre.
3325 4996 3463 5054 Cum

1880 5107 2024 5165 enim
2053 5103 2305 5161 Ecclesia:
2331 5117 2494 5159 causa
2523 5109 2725 5157 statum
2757 5098 2912 5171 regni
2945 5094 3113 5153 vestri
3151 5108 3375 5167 agamus
3411 5098 3469 5148 et

1883 5198 2096 5264 salutis,
2113 5206 2173 5252 ut
2193 5195 2596 5268 provinciarum
2617 5200 2921 5248 vestrarum
2945 5189 3127 5260 quieto
3146 5188 3269 5260 jure
3289 5185 3466 5257 potia-

1886 5292 2038 5358 mini,
2056 5289 2328 5347 defendite
2356 5297 2548 5345 contra
2573 5285 2859 5343 haereticos
2878 5284 3259 5340 inconcussum
3282 5278 3470 5335 Eccle-

1884 5383 1980 5440 size
2002 5392 2228 5448 statum,
2256 5390 2387 5437 utet
2405 5389 2647 5435 vestrum
2671 5378 2873 5435 Christi
2893 5377 3113 5434 dextera
3147 5372 3470 5430 defendatur

1886 5475 2193 5548 imperium.
2226 5474 2360 5528 Data
2386 5487 2447 5527 lli
2479 5471 2601 5527 ldus
2625 5469 2908 5535 Octobris,
2950 5468 3166 5524 Asterie
3191 5473 3248 5519 et
3274 5462 3471 5517 Prom-

1887 5582 2024 5637 gene
2064 5567 2197 5622 viris
2238 5564 2561 5621 clarissimis
2611 5564 2941 5627 consulibus,
2968 5577 3074 5616 aera
3099 5573 3206 5630 qua
3234 5570 3420 5627 supra.

2149 5656 2283 5714 Xlll.
2305 5686 2378 5698 ——
2404 5657 2484 5711 Ad
2524 5656 2862 5711 Pulcheriam
2884 5655 3197 5725 Augustam.

1956 5751 2069 5807 Leo
2120 5751 2406 5821 episcopus
2451 5759 2507 5804 et
2556 5758 2743 5805 sancta
2791 5748 3026 5819 synodus
3067 5759 3188 5817 quas
3236 5748 3294 5800 in
3337 5743 3473 5800 urbe

1886 5841 2060 5902 Roma
2087 5840 2361 5908 convenit,
2386 5838 2708 5898 Ρυιςιιεω
2736 5839 3008 5910 Augustae.

2722 6002 2830 6015 ,ραν
