3968 6456
501 358 605 418 787

1247 368 1540 427 ΑΡΡΕΝΙ).
1580 368 1674 426 AD
1704 368 1880 428 SEC.
1905 370 1995 428 IX.
2031 399 2103 414 —
2126 371 2377 434 ISIDORI
2407 376 2852 443 MERCATORIS

3684 392 3797 456 788

571 478 629 536 Si
656 480 899 553 epistolae
918 483 1107 555 qutein
1133 483 1257 541 ﬁdei
1282 501 1446 544 causa
1472 488 1539 544 ad
1566 488 1824 559 pietatem
1853 499 2089 548 vestram
2116 490 2170 553 Δ
2196 501 2256 548 ιιι
2280 495 2594 568 priusquam
2622 502 2781 558 civile
2805 504 2909 561 hoc
2947 504 3166 561 exitiale
3193 504 3393 561 bellum
3428 506 3575 561 intra
3604 505 3799 564 Eccle-

498 571 720 628 directaa
746 583 895 643 sunt,
924 590 1022 647 per
1048 585 1263 634 nostros
1291 578 1517 637 clericos
1546 582 1945 651 pervenissent,
1970 599 2090 640 cer—

498 673 611 720 tmn
660 673 745 721 est
769 667 1067 724 remedium
1112 685 1210 727 vos
1248 670 1334 728 his
1371 673 1536 729 rebus
1560 689 1682 745 qua:
1709 684 1903 731 contra
1927 677 2088 733 ﬁdem

496 753 653 812 facta:
688 767 837 824 sunt,
894 762 1168 832 aspirante
1221 764 1375 820 vobis
1414 765 1664 833 Domino,
1707 779 1968 839 praestare
1995 786 2090 842 po-

495 846 688 902 tuisse.
749 849 975 918 Quando
1024 853 1427 920 sacerdotibus,
1493 857 1710 926 quando
1766 858 2089 917 Christiana:

492 939 740 1012 religioni
766 951 859 999 aut
890 944 1013 1002 ﬁdei
1053 946 1300 1005 defuistis
1325 949 1350 1005 ?
1393 947 1499 1006 Sed
1530 965 1656 1008 cum
1681 952 1750 1007 ad
1777 964 2088 1010 mansuetu-

490 1028 672 1087 dinem
720 1042 956 1091 vestram
1004 1037 1141 1094 adeo
1181 1055 1285 1095 non
1334 1042 1611 1112 potuerint
1661 1046 1946 1114 pervenire
1993 1047 2087 1117 qui

491 1124 646 1181 missi
702 1136 863 1195 sunt,
916 1136 971 1184 ut
1022 1130 1090 1185 ad
1122 1147 1220 1188 nos
1271 1132 1359 1187 vix
1407 1149 1548 1191 unus
1589 1134 1802 1192 illorum
1847 1137 2086 1193 Hilarius

491 1218 753 1276 diaconus
778 1228 961 1278 noster
985 1222 1197 1296 fugiens
1218 1225 1289 1281 sit
1312 1241 1580 1293 reversus,
1607 1227 1850 1284 iteranda
1880 1231 2082 1299 scripta

489 1311 843 1381 credidimus,
890 1323 951 1369 ut
999 1315 1292 1379 validiores
1337 1333 1530 1387 preces
1573 1329 1775 1375 nostra:
1817 1335 1940 1377 esse
1970 1336 2085 1378 me-
2158 1364 2167 1371 .

489 1415 733 1473 reantur,
749 1407 1098 1489 ipsorumque
1122 1410 1214 1481 qui
1236 1411 1305 1467 ad
1329 1411 1676 1468 clementiam
1703 1423 1941 1471 vestram
1974 1431 2081 1472 non

485 1506 854 1567 pervenerunt
901 1499 1145 1570 exempla
1176 1501 1503 1571 subjecimus
1539 1521 1553 1558 :
1587 1504 1942 1575 amplioribus
1985 1521 2081 1562 vos
2118 1546 2123 1557 .

487 1588 948 1648 obtestationibus
999 1591 1369 1660 obsecrantes,
1436 1604 1496 1650 ut
1541 1605 1742 1666 quanto
1794 1598 2079 1654 acerbiora

486 1679 628 1737 facta
657 1689 803 1749 sunt,
845 1682 1044 1753 quibus
1083 1699 1183 1754 pro
1206 1686 1335 1742 sede
1365 1686 1511 1759 regia
1545 1702 1640 1744 vos
1669 1689 1922 1744 convenit
1948 1706 2078 1745 con-

487 1775 736 1841 trahere,
782 1784 933 1832 tanto
981 1776 1187 1848 majore
1242 1777 1412 1849 gloria
1467 1794 1654 1835 curant
1701 1778 1818 1849 ejus
1873 1781 1926 1836 in
1969 1797 2073 1852 qua

485 1866 754 1925 excellitis
811 1868 1090 1940 religionis
1140 1869 1387 1927 habeatis
1417 1912 1431 1936 ,
1499 1887 1567 1927 ne
1615 1872 1897 1929 catholicae
1952 1875 2077 1930 ﬁdei

484 1957 772 2029 integritas
823 1958 931 2014 ulla
981 1961 1341 2016 humanarum
1394 1963 1859 2019 concertationum
1910 1980 2075 2021 occa-

484 2049 640 2105 sione
669 2049 922 2107 violetur.
969 2048 1103 2119 Quae
1138 2052 1282 2107 enim
1314 2061 1638 2126 congregata
1682 2054 1823 2124 apud
1853 2054 2076 2126 Ephesi-

486 2156 611 2196 nam
661 2142 927 2214 synodum
957 2142 1218 2213 sopienda
1268 2153 1324 2199 et
1352 2146 1599 2201 sananda
1642 2147 1792 2217 pacis
1836 2149 2074 2205 remedia

483 2235 866 2304 credebantur,
917 2237 1034 2294 haec
1082 2254 1191 2294 non
1241 2239 1414 2295 solum
1466 2241 1519 2296 in
1550 2240 1757 2312 majora
1784 2244 1932 2314 pacis
1965 2245 2076 2301 dis-

480 2326 698 2400 pendia,
750 2329 844 2387 sed
897 2328 1063 2402 (quod
1112 2331 1275 2388 nimis
1322 2333 1611 2391 dolendum
1662 2339 1766 2408 est)
1808 2338 1972 2393 etiam
2016 2338 2073 2393 in

483 2420 654 2492 ipsius
705 2421 830 2478 ﬁdei
860 2438 965 2495 qua
1002 2422 1301 2483 Christiani
1349 2443 1556 2496 sumus,
1602 2431 1813 2486 excidia
1855 2447 2073 2502 proces-

481 2524 690 2570 serunt.
734 2514 804 2571 Et
853 2515 892 2572 ii
939 2517 1157 2588 quidem
1198 2521 1291 2591 qui
1339 2522 1489 2579 missi
1534 2534 1681 2589 sunt,
1731 2541 2074 2598 quorumque

482 2619 622 2661 unus
659 2605 768 2662 vim
820 2606 1176 2665 Alexandrini
1230 2610 1468 2685 episcopi
1522 2614 1625 2670 sibi
1668 2616 1851 2671 omnia
1896 2618 2072 2673 vindi-

481 2697 659 2751 cantis
712 2695 1015 2770 eﬁ'ugiens,
1069 2713 1252 2755 rerum
1299 2714 1573 2774 gestarum
1623 2705 1782 2762 nobis
1821 2707 2070 2763 ordinem

479 2783 714 2841 ﬁdeliter
746 2787 1048 2855 nuntiavit,
1083 2790 1521 2848 reclamaverunt
1567 2794 1621 2849 in
1674 2796 1882 2867 synodo
1930 2797 2074 2853 sicut

477 2877 721 2947 oportuit
745 2879 907 2937 unius
920 2880 1156 2938 hominis
1170 2897 1278 2939 non
1303 2894 1411 2940 tam
1428 2884 1637 2955 judicio
1667 2904 1829 2960 quam
1873 2889 2069 2957 furori,

476 2977 843 3040 protestantes
868 2988 933 3030 ea
959 2989 1081 3046 quae
1115 2991 1214 3046 per
1254 2977 1363 3033 vim
1392 2988 1707 3051 metumque
1751 2993 2074 3053 gererentur

477 3061 835 3118 sacramentis
881 3062 1140 3121 Ecclesia:
1185 3074 1241 3121 et
1272 3066 1374 3137 ipsi
1424 3068 1668 3140 symbolo
1713 3072 1782 3128 ab
1809 3074 2073 3144 apostolis

476 3150 730 3209 instituto
765 3154 1121 3227 pmjudicam
1155 3173 1264 3215 non
1305 3175 1485 3231 posse,
1531 3178 1632 3218 nec
1671 3179 1733 3221 se
1758 3166 1828 3222 ab
1864 3182 1929 3223 ea
1962 3167 2070 3227 ﬁde

475 3243 585 3299 ulla
626 3244 823 3315 injuria
855 3249 1186 3319 separandos
1218 3226 1383 3321 quam
1414 3252 1728 3323 plenissime
1760 3260 2064 3330 eXpositam
2095 3226 2141 3290 Ο

476 3344 639 3405 atque
663 3335 926 3409 digestam
947 3355 978 3395 a
1005 3342 1133 3397 sede
1146 3341 1289 3399 beati
1316 3344 1707 3414 apostoliPetri
1730 3349 1797 3405 ad
1821 3359 2065 3409 sanctam

475 3428 744 3500 synodum
790 3430 1134 3490 detulissent.
1186 3434 1353 3507 Cujus
1410 3438 1661 3496 recitatio
1714 3444 2066 3511 poscentibus

473 3521 745 3596 episcopis
766 3541 873 3582 non
905 3527 980 3584 sit
1005 3527 1264 3594 admissa,
1293 3531 1370 3585 uti
1397 3533 1608 3589 scilicet
1634 3545 1840 3591 remota
1868 3552 1933 3593 ea
1963 3539 2068 3596 fide

474 3628 598 3685 quae
627 3616 991 3687 patriarchas,
1016 3621 1330 3692 prophetas,
1369 3623 1667 3693 apostolos,
1711 3636 1767 3682 et
1794 3638 2067 3701 martyres

473 3709 793 3777 coronavit,
849 3713 1128 3784 generatio
1183 3713 1311 3771 Jesu
1370 3715 1573 3774 Christi
1624 3718 1837 3776 Domini
1894 3726 2066 3782 nostri

472 3801 771 3858 secundum
798 3817 1044 3871 carnem,
1073 3814 1128 3861 et
1153 3822 1295 3863 verae
1330 3809 1523 3866 mortis
1553 3826 1620 3867 ac
1645 3817 2067 3875 resurrectionis

470 3890 595 3962 ejus
617 3891 890 3951 confessio
937 3895 1105 3966 (quod
1153 3898 1441 3956 horremus
1486 3902 1689 3973 dicere)
1742 3905 2064 3964 solveretur.

473 3981 804 4055 Seripsimus
823 3984 892 4042 de
914 3987 1020 4043 hac
1038 4002 1119 4053 re,
1137 3991 1502 4059 utpotuimus,
1527 3994 1594 4048 ad
1616 3994 2066 4066 gloriosissimum

470 4072 798 4145 principem,
829 4082 916 4141 et,
970 4076 1119 4147 quod
1170 4087 1257 4134 est
1294 4081 1618 4150 maximum,
1672 4084 2066 4144 Christianum.

471 4163 641 4236 Cujus
670 4166 910 4247 epistula
936 4168 1143 4238 pariter
1162 4171 1409 4245 exempla
1436 4175 1787 4247 subiecimus,
1816 4188 1877 4235 ut
1904 4181 2067 4237 ﬁdem

473 4270 583 4328 qua
644 4241 871 4313 renatus
897 4273 998 4329 per
1039 4260 1136 4316 Dei
1160 4241 1395 4333 gratiam
1424 4241 1640 4337 regnat,
1689 4241 1834 4326 nulla
1863 4272 2069 4329 sineret

471 4348 714 4405 novitate
735 4352 1030 4423 corrumpi.
1055 4348 1325 4422 Quoniam
1359 4357 1658 4418 Flavianus
1693 4364 1983 4435 episcopus
2012 4366 2065 4421 in

470 4449 661 4499 nostra
718 4444 961 4500 omnium
1013 4448 1394 4506 communione
1428 4453 1698 4522 persistit,
1752 4464 1917 4526 atque
1966 4457 2068 4515 hoc

471 4534 615 4604 quod
645 4534 849 4591 factum
892 4546 980 4593 est
1007 4537 1125 4594 sine
1145 4540 1586 4599 consideratione
1603 4544 1829 4616 justitiaz
1856 4556 1911 4603 et
1937 4563 2067 4604 con-

470 4634 556 4680 tra
576 4628 816 4683 omnium
840 4643 1111 4685 canonum
1140 4631 1480 4703 disciplinam
1505 4646 1682 4692 ratum
1712 4639 1900 4696 haberi
1928 4643 2068 4698 ratio

468 4718 616 4774 nulla
645 4722 929 4791 permittit.
964 4722 1033 4779 Et
1060 4725 1187 4796 quia
1218 4726 1574 4786 dissensionis
1609 4733 1925 4789 scandalum
1958 4749 2065 4793 non

466 4809 788 4867 abstulisset
807 4812 1079 4884 Ephesina
1110 4816 1371 4887 synodus,
1407 4820 1501 4876 sed
1539 4821 1800 4891 auxisset,
1835 4824 2066 4884 habendi

468 4899 611 4958 intra
658 4901 866 4960 Italiam
912 4906 1204 4963 concilium
1236 4918 1292 4964 et
1337 4910 1490 4968 locus
1536 4916 1980 4985 constitueretur,
2010 4929 2066 4977 et

467 4997 684 5062 tempus
709 4994 963 5053 omnibus
989 4998 1230 5068 querelis
1254 5008 1309 5054 et
1329 5000 1655 5070 przejudiciis
1675 5006 1846 5075 partis
1869 5008 2068 5066 utrius-

467 5096 576 5153 que
617 5086 921 5156 suspensis,
951 5104 1061 5160 quo
1095 5090 1405 5162 diligentius
1455 5095 1708 5153 universa
1749 5112 1869 5168 qua:
1895 5097 2065 5157 ofen-

468 5174 679 5232 sionem
709 5191 1126 5251 generaverant,
1168 5194 1560 5253 retractentur,
1607 5190 1676 5244 et'
1709 5189 1921 5262 absque
1946 5193 2066 5248 vul-

467 5282 603 5324 nere
658 5269 822 5338 ﬁdei,
886 5274 1090 5346 absque
1144 5276 1418 5348 religionis
1470 5278 1708 5348 injuria,
1760 5282 1841 5338 in"
1872 5300 2062 5356 pacem

469 5358 672 5420 Christi
713 5364 956 5432 redeant,
1002 5367 1113 5424 sint
1135 5370 1481 5439 sacerdotes,
1523 5383 1580 5429 et
1615 5373 1713 5429 soli
1745 5374 2064 5434 auferantur

468 5467 707 5513 errores.
760 5455 917 5526 Quod
943 5467 1005 5514 ut
1028 5460 1278 5518 obtinere
1323 5479 1633 5521 mereamur
1660 5468 2060 5538 probatissimae

468 5545 625 5604 nobis
658 5548 782 5606 ﬁdei
809 5552 987 5623 pietas
1018 5560 1126 5618 tua,
1157 5568 1279 5625 quae
1305 5554 1521 5612 labores
1558 5557 1819 5615 Ecclesiae
1844 5575 2060 5633 semper

470 5637 699 5710 adjuvit,
728 5644 1180 5717 supplicationem
1233 5658 1472 5705 nostram
1520 5650 1662 5721 apud
1701 5652 2062 5713 clementissi-

468 5746 619 5791 mum
654 5738 952 5810 principem
983 5742 1097 5798 sive
1141 5743 1447 5813 specialiter
1472 5761 1503 5800 a
1549 5745 1868 5805 beatissimo
1896 5749 2059 5809 Petro

470 5830 713 5899 apostolo
754 5832 1078 5907 legationem
1103 5837 1453 5895 commissam
1494 5839 1747 5911 dignetur
1789 5856 2058 5917 asserere,

2196 586 2333 643 siam
2363 589 2464 646 hoc
2477 593 2838 661 convalescat,
2865 596 3295 669 redintegrandas
3320 597 3549 654 unitatis
3574 599 3796 660 conian

2193 678 2306 736 Deo
2333 683 2633 741 auxiliante
2661 688 2942 754 concedat,
2992 691 3171 746 sciens
3196 690 3411 761 imperii
3447 692 3533 746 sui
3578 692 3799 749 viribus

2191 770 2534 840 profuturum
2588 778 2851 850 quidquid
2899 782 3185 838 catholica:
3246 782 3486 839 libertati
3553 783 3797 856 benigna

2192 859 2360 930 ipsius
2391 862 2554 920 fuerit
2584 867 2744 942 194
2765 870 3120 941 diSpositione
3133 873 3405 929 collatum.
3449 874 3590 928 Data
3617 873 3801 944 pridie

2189 949 2315 1008 ldus
2331 952 2604 1023 Octobris,
2629 959 2846 1017 Asterio
2887 970 2943 1015 et
2983 963 3287 1036 Protogene
3301 964 3436 1019 viris
3458 963 3795 1020 clarissimis

2189 1045 2525 1114 consulibus,
2555 1064 2664 1104 aera
2696 1064 2803 1121 qua
2833 1056 3017 1123 supra.

2656 1161 2798 1219 XIV.
2830 1194 2900 1205 —
2927 1163 3010 1219 Ad
3048 1166 3308 1222 eamdem.

2256 1268 2369 1327 Leo
2397 1272 2680 1344 episcopus
2712 1273 3035 1332 Puccnsnm
3065 1277 3342 1350 Augustas,
3381 1288 3491 1334 etc.

2256 1362 2505 1421 Gaudere
2555 1382 2641 1422 me
2690 1367 2982 1440 plurimum
3034 1381 3092 1427 et
3133 1372 3407 1428 exsultare
3455 1371 3507 1425 in
3561 1369 3795 1427 Domino

2182 1455 2399 1526 pietatis
2433 1467 2533 1512 tum
2566 1459 2767 1529 scripta
2808 1460 2985 1517 fecere
3008 1503 3023 1528 ,
3055 1463 3252 1533 quibus
3284 1463 3568 1518 evidenter
3602 1471 3790 1518 osten-

2183 1547 2329 1603 ditur
2364 1558 2621 1619 quanlum
2662 1552 2985 1609 catholicam
3037 1554 3228 1626 diligas
3275 1555 3459 1620 ﬁdem,
3506 1563 3565 1610 et
3611 1570 3789 1625 quas-

2182 1647 2295 1695 tum
2336 1641 2650 1698 haereticum
2690 1644 2976 1702 delecteris
3015 1662 3279 1702 errorem.
3317 1646 3561 1703 Hmresis
3589 1646 3793 1717 quippe

2181 1739 2264 1809 est
2307 1732 2471 1789 nimis
2501 1734 2687 1806 impia,
2718 1745 2772 1792 et
2803 1737 3096 1810 Evangelia
3128 1738 3376 1795 veritatis
3407 1738 3635 1795 inimica
3668 1753 3790 1811 qua

2107 1857 2156 1919 Β
2181 1838 2288 1877 non
2316 1826 2620 1893 portionem
2664 1827 2901 1898 aliquam
2952 1829 3145 1907 laedere
3166 1870 3183 1895 ,
3232 1830 3325 1886 sed
3358 1830 3473 1901 ipsa
3506 1827 3792 1901 religionis

2181 1914 2503 1974 Christiana:
2548 1929 2778 1974 conatur
2824 1920 3173 1977 fundamenta
3217 1921 3548 1987 convellere,
3585 1936 3790 1991 negans

2177 2008 2495 2078 sempiterni
2517 2009 2696 2068 Patris
2714 2012 2909 2068 Filium
2933 2015 3321 2087 sempiternum
3348 2014 3412 2069 de
3434 2025 3594 2069 utero
3618 2013 3793 2069 beata

2176 2097 2416 2172 Virginis
2444 2103 2635 2159 matris
2669 2120 2851 2159 veram
2878 2122 3099 2162 carnem
3132 2112 3331 2162 nostra?
3360 2107 3669 2176 sumpsisse
3695 2120 3793 2160 na-

2180 2202 2344 2259 tune;
2375 2204 2430 2250 et
2463 2212 2557 2251 eos
2587 2197 2935 2254 damnatione
2966 2194 3267 2271 percellens
3316 2200 3406 2270 qui
3450 2198 3520 2255 ab
3549 2213 3793 2270 evange-

2174 2283 2279 2341 lica
2311 2296 2363 2342 et
2389 2289 2686 2358 apostolica
2716 2289 2820 2347 ﬁde
2850 2292 2996 2347 nullo
3026 2292 3220 2348 deduci
3251 2308 3438 2349 errore
3465 2299 3790 2363 potuerunt,

2174 2376 2413 2448 illudque
2464 2379 2663 2436 frustra
2722 2383 3063 2453 praetendens
3117 2384 3261 2455 quod
3306 2381 3540 2441 Nicaeum
3591 2382 3789 2454 synodi

2174 2464 2334 2522 ﬁdem
2376 2477 2589 2535 teneat,
2629 2471 2784 2543 cujus
2821 2487 2946 2528 eum
2975 2482 3191 2528 constat
3221 2488 3342 2529 esse
3387 2472 3631 2527 alienum
3665 2470 3783 2543 glo-

2174 2558 2475 2615 riosissima
2496 2561 2758 2635 Augusta.
2784 2563 2939 2620 Unde
2963 2564 3091 2635 quia
3113 2581 3220 2621 non
3251 2565 3457 2621 deserit
3476 2562 3785 2620 Ecclesiam

2175 2665 2328 2707 suam
2361 2653 2540 2708 divina
2570 2656 2855 2725 protectio,
2886 2655 3100 2712 dicente
3138 2654 3368 2713 Domino
3400 2675 3413 2710 :
3453 2675 3469 2708 σ
3506 2654 3656 2710 Ecce
3685 2668 3785 2722 ego

2172 2745 2451 2801 vobiscum
2482 2762 2598 2802 sum
2630 2747 2883 2804 onmibus
2911 2748 3102 2805 diebus
3139 2764 3308 2819 usque
3331 2748 3398 2821 ad
3427 2759 3782 2803 consumma-

2174 2838 2376 2894 tionem
2407 2841 2585 2895 sazculi
2613 2840 2827 2914 (Matth.
2862 2859 3055 2919 xxvni,
3081 2842 3198 2915 20),
3227 2861 3247 2897 ι
3285 2841 3589 2913 eodemque
3616 2851 3787 2910 opere

2173 2939 2228 2986 et
2257 2940 2499 3002 tempore
2526 2933 2749 3004 spiritus
2781 2934 2877 2989 Dei
2912 2945 2966 2992 et
3005 2930 3305 2991 clementia:
3340 2944 3537 2989 vestrae
3569 2929 3779 2987 sollici-

2175 3023 2417 3079 tudinem
2452 3033 2505 3081 et
2537 3039 2722 3080 curam
2764 3026 2934 3082 nostri
2966 3027 3145 3083 cordis
3175 3026 3454 3089 accendit,
3488 3033 3551 3079 ut
3581 3024 3651 3079 de
3694 3038 3779 3076 re-

2174 3116 2368 3172 mediis
2397 3119 2775 3188 procurandis,
2806 3121 2996 3176 eadem
3027 3121 3245 3191 utrique
3279 3134 3632 3190 cuperemus,
3664 3132 3780 3187 qua

2168 3210 2323 3280 prius
2352 3211 2593 3282 poposci.
2626 3210 2781 3267 Nunc
2809 3229 3026 3284 quoque
3064 3213 3357 3269 instantius
3392 3220 3542 3284 peto,
3577 3210 3779 3281 majore

2173 3310 2331 3359 utens
2377 3302 2570 3359 ﬁducia
2637 3304 3000 3376 deprecandi,
3054 3314 3406 3376 posteaquam
3461 3301 3776 3373 praesidium

2168 3395 2490 3450 venerandae
2529 3395 2926 3452 exhortationis
2964 3396 3172 3470 accipi,
3219 3412 3445 3468 sperans
3483 3392 3775 3449 affuturam

2170 3485 2605 3541 misericordiam
2642 3485 2772 3551 Dei,
2805 3499 2864 3543 ut
2894 3498 3219 3559 cooperante
3252 3497 3432 3543 vestra
3461 3486 3775 3545 clementia,

2166 3576 2411 3647 pestiferi
2449 3580 2653 3634 erroris
2683 3580 2855 3649 possit
2894 3580 3118 3635 morbus
3146 3578 3348 3634 auferri
3375 3591 3390 3632 :
3423 3586 3485 3633 ut
3513 3575 3778 3649 quidQuid

2168 3669 2285 3738 ipse
2326 3669 2623 3740 inspirante
2670 3679 2833 3741 atque
2871 3671 3169 3751 auxiliante
3202 3666 3442 3742 potuerit
3481 3668 3781 3723 salubriter

2169 3759 2308 3825 ﬁeri,
2342 3765 2462 3815 cum
2490 3770 2682 3817 vestrm
2712 3762 2835 3818 ﬁdei
2867 3761 3024 3818 laude
3053 3770 3366 3834 peragatur,
3394 3762 3661 3832 quoniam
3697 3773 3782 3813 res

2170 3856 2421 3912 humanm
2453 3855 2609 3912 aliter
2639 3867 2766 3913 tutae
2800 3873 2921 3915 esse
2961 3873 3067 3914 non
3099 3864 3356 3928 possunt,
3388 3854 3496 3910 nisi
3548 3870 3675 3925 mue
3716 3852 3780 3908 ad

2171 3950 2410 4005 divinam
2440 3950 2838 4007 confessionem
2876 3950 3188 4022 pertinent,
3220 3958 3276 4005 et
3318 3947 3466 4018 regia
3507 3956 3569 4002 et
3596 3961 3782 4000 sacer-

2172 4040 2367 4098 dotalis
2389 4042 2644 4099 defendat
2671 4042 2988 4100 auctoritas.
3022 4043 3153 4098 Data
3183 4041 3556 4098 decimosexto
3580 4038 3776 4094 Kalen-

2170 4138 2268 4193 das
2290 4136 2507 4209 Aprilis,
2536 4134 2917 4192 Valentiniano
2938 4135 3183 4208 Augnsto
3205 4133 3457 4206 septimo,
3486 4141 3543 4188 et
3566 4131 3778 4188 Anieno

2172 4230 2303 4285 viris
2349 4228 2668 4285 clarissimis
2703 4228 3036 4296 consulibus,
3082 4232 3192 4284 aera
3219 4241 3629 4287 ccccuxxvm.

2264 4342 2379 4399 XV.
2400 4372 2471 4384 —
2492 4342 2575 4398 Ad
2604 4341 2932 4398 Martiarum:
2956 4352 3004 4398 et
3036 4340 3297 4396 Faustum
3326 4341 3684 4412 presbyteros.

2239 4454 2352 4510 Leo
2381 4453 2666 4525 episcopus
2704 4454 2994 4511 Mans-uno
3049 4454 3377 4525 Fans'roque
3412 4454 3766 4528 presbyteris.

2242 4548 2514 4605 Bonorum
2541 4564 2768 4620 operum
2795 4560 2846 4605 et
2874 4548 3233 4620 spiritualium
3267 4549 3573 4606 studiorum
3603 4549 3766 4606 Deum

2170 4650 2450 4696 auctorem
2476 4655 2600 4696 esse
2640 4655 2748 4697 non
2779 4640 3002 4696 dubium
3035 4649 3150 4706 est,
3182 4640 3274 4710 qui
3308 4655 3544 4711 quorum
3584 4641 3766 4697 incitat

2171 4743 2381 4789 mentes
2408 4733 2627 4805 adjuvat
2655 4733 2913 4789 actiones.
2950 4732 3104 4801 Quod
3134 4734 3293 4790 nobis
3317 4735 3579 4804 praesenti
3608 4750 3762 4805 expe-

2167 4824 2402 4882 rimento
2435 4825 2714 4882 evidenter
2741 4823 3013 4896 apparuit.
3045 4823 3101 4880 Si
3134 4824 3352 4895 quidem
3392 4825 3537 4881 inter
3569 4825 3767 4881 discas-

2168 4926 2345 4975 tarum
2376 4921 2550 4990 spatia
2580 4920 2873 4993 longinqua
2915 4921 3194 4994 regionum
3225 4936 3392 4977 unum
3432 4921 3765 4992 sumpserint

2170 5013 2335 5070 corda
2365 5023 2545 5070 nostra
2576 5014 2885 5082 consilium,
2915 5023 2977 5071 ut
3000 5016 3145 5087 quod
3174 5030 3204 5070 a
3235 5014 3393 5071 nobis
3420 5012 3764 5071 desideraba-

2172 5106 2262 5175 tis,
2289 5123 2357 5164 eo
2384 5108 2537 5164 vobis
2565 5116 2806 5181 tempore
2838 5125 2951 5180 quo
2982 5109 3224 5182 epistolae
3248 5119 3447 5166 vestrae
3476 5110 3765 5167 mitteban-

2172 5207 2277 5265 tur,
2335 5199 2657 5256 occurrerit.
2712 5199 2771 5257 Si
2820 5209 2999 5257 tamen
3047 5201 3324 5258 dilectioni
3376 5210 3574 5259 vestra:
3627 5200 3763 5257 tradi

2169 5288 2372 5361 scripta
2405 5299 2590 5347 nostra
2624 5299 2849 5363 potuere
2874 5332 2890 5359 ,
2935 5307 3055 5363 qua:
3096 5308 3205 5349 non
3239 5292 3416 5350 solum
3454 5294 3765 5364 apostolica

2170 5379 2328 5438 Sedis
2355 5384 2702 5450 auctoritate,
2741 5385 2835 5441 sed
2867 5384 3033 5441 etiam
3075 5395 3277 5442 sancta:
3321 5387 3512 5460 synodi
3544 5403 3670 5459 qua:
3697 5387 3761 5444 ad

2168 5487 2268 5530 nos
2296 5474 2549 5546 frequens
2576 5485 2935 5545 convenerat,
2968 5478 3327 5536 unanimitate
3370 5479 3580 5536 directa
3607 5489 3754 5547 sunt,

2163 5576 2224 5623 nt
2251 5566 2303 5623 in
2333 5568 2418 5625 his
2445 5580 2701 5640 quantam
2730 5585 2919 5626 curam
2963 5571 3129 5629 totius
3153 5572 3410 5629 Ecclesia:
3435 5572 3754 5637 habeamus,

2163 5667 2440 5730 appareat,
2476 5660 2741 5717 hortando
2767 5660 2974 5718 scilicet
3010 5663 3250 5718 omnium
3280 5662 3520 5719 ﬁdelium
3550 5672 3756 5719 mentes

2162 5762 2217 5810 et
2243 5754 2791 5811 clementissimorum
2832 5757 3137 5828 principum
3166 5756 3416 5830 praesidia
3456 5760 3524 5815 ad
3570 5759 3751 5815 defen-

2163 5848 2371 5906 sionem
2404 5848 2526 5908 ﬁdei
2562 5848 2916 5921 postulando,
2948 5865 3183 5921 quorum
3218 5851 3339 5924 pios
3364 5860 3421 5909 et
3442 5852 3758 5928 catholicos
