3968 6446
101 289 216 349 ⁸189

1294 287 1794 350 DECRETALIUM
1822 288 2225 350 COLLEC'I‘IO.

3298 289 3404 349 190

103 405 325 462 animos
380 417 487 460 non
543 403 834 461 diffidimus
888 419 1046 477 opem
1106 414 1269 480 atque
1329 409 1713 466 auctoritatem
1740 418 1791 473 Α
1819 424 1934 466 sam
1963 407 2272 480 apostolicae
2297 406 2455 464 Sedis
2481 406 2680 465 scrinia
2702 418 3076 480 susceperant.
3096 409 3408 480 praeceden-

103 510 266 553 suam
315 494 479 566 justis
528 496 878 567 petitionibus
930 499 1305 587 praestituros,
1366 517 1475 572 quo
1527 500 1739 567 citius,

104 586 410 642 auxiliante
456 587 721 655 Domino,
777 589 1081 661 perniciosa
1134 586 1359 648 haeresis
1405 599 1459 648 et
1508 592 1712 647 dudum

106 689 427 734 sanctorum
475 672 701 736 Patrum
741 684 1064 741 auctoritate
1101 685 1353 741 damnata
1384 703 1505 758 qua:
1540 701 1714 757 nuper

103 770 311 840 Ephesi
342 771 483 826 male
518 771 698 844 adjuta
729 781 842 839 est,
867 773 1166 830 auferatur.
1196 774 1421 831 Interim
1458 791 1589 832 vero
1620 777 1713 832 det

99 876 335 930 operam
375 871 634 932 quantum
676 861 791 917 fieri
823 874 1000 935 potest
1034 874 1217 923 vestra
1260 867 1476 924 dilectio
1507 876 1561 923 ut
1595 884 1708 924 om-

100 951 274 1005 nibus
317 951 569 1007 Ecclesiaa
608 951 733 1007 filiis
773 954 1114 1022 innotescat,
1150 958 1295 1028 quod
1323 958 1546 1029 impium
1591 973 1715 1014 seu-

103 1060 227 1099 sum
271 1046 567 1100 secundum
603 1046 906 1102 doctrinam
949 1051 1317 1121 evangelicam
1358 1060 1414 1107 et
1458 1051 1718 1121 apostoli-

103 1152 228 1192 cam
266 1138 646 1209 prredicamns.
674 1140 811 1208 Quia
845 1141 971 1196 licet
996 1142 1158 1213 plene
1185 1159 1304 1215 quae
1333 1159 1550 1215 semper
1578 1142 1713 1201 fuis-

102 1239 233 1297 set,
280 1239 444 1302 atque
482 1236 627 1287 esset
671 1234 1063 1291 catholicorum
1106 1237 1371 1292 sententia
1424 1237 1713 1308 scripseri-

103 1338 253 1390 mus,
286 1332 469 1380 tamen
509 1341 654 1382 nunc
693 1342 908 1398 quoque
940 1330 1005 1383 ad
1038 1330 1441 1385 confirmandas
1470 1331 1712 1386 omnium

103 1424 321 1471 mentes
350 1432 456 1472 non
487 1433 676 1487 parum
717 1421 1118 1477 exhortationis
1154 1423 1477 1478 addidimus.
1512 1423 1716 1480 Memor

106 1505 255 1559 enim
288 1520 409 1561 sum
449 1522 534 1562 me
563 1510 665 1565 sub
696 1510 841 1566 illius
887 1512 1107 1569 nomine
1138 1513 1463 1584 prtesidere,
1498 1516 1650 1585 cujus
1681 1532 1713 1571 a

104 1595 345 1653 Domino
391 1597 519 1654 Jesu
567 1601 786 1657 Christo
826 1613 909 1658 est
951 1604 1247 1675 glorificata
1296 1605 1564 1661 confessio
1593 1648 1606 1671 ,
1659 1616 1715 1662 et

105 1687 265 1757 cujus
315 1689 449 1746 fides
498 1708 691 1750 omnes
736 1694 951 1762 quidem
1008 1697 1244 1753 hwreses
1296 1697 1562 1763 destruit,
1620 1697 1713 1753 sed

1814 500 1946 555 tium
1996 500 2176 556 sensui
2238 500 2576 571 perspexerit
2628 509 3018 563 consonantem
3051 541 3068 568 ,
3124 501 3410 572 Ephesium

1813 597 1974 652 etiam
2005 596 2195 668 synodi
2217 604 2434 669 gestare
2457 604 2703 663 censent,
2733 596 2930 667 quibus
2954 606 3144 653 contra
3172 595 3410 653 Nestorii

1816 688 2149 758 impietatem
2177 696 2232 744 et
2258 704 2287 743 a
2314 695 2517 744 sanctae
2558 689 2837 745 memoriae
2866 688 3068 763 Cyrillo
3091 687 3294 744 inserta
3312 729 3328 754 ,
3356 692 3413 745 e't

1816 782 2048 854 allegata
2085 790 2212 837 sunt
2241 781 2310 838 de
2354 782 2730 838 incarnatione
2757 781 2971 838 Domini
3016 780 3407 838 catholicorum

1816 873 2127 929 testimonia
2147 873 2515 931 sacerdotum.
2547 873 2664 928 Non
2697 883 3014 942 aspernetur
3039 873 3203 929 etiam
3235 876 3413 927 meam

1815 965 2099 1036 epistolam
2124 979 2429 1028 recensere,
2458 980 2620 1036 quam
2648 964 2833 1035 pietati
2858 964 3079 1022 Patrum
3107 979 3202 1035 per
3227 963 3409 1019 omnia

1816 1056 2149 1113 concordare
2184 1057 2436 1126 reperiet.
2480 1054 2727 1126 Cumque
2764 1071 2794 1111 a
2826 1070 2888 1111 se
2926 1055 3031 1111 hoc
3058 1055 3202 1127 quod
3233 1055 3410 1111 eidem

1816 1147 2157 1218 profuturum
2190 1146 2261 1201 sit
2295 1147 2472 1216 expeti
2506 1146 2916 1218 desiderarique
2949 1147 3293 1219 cognoverit,
3322 1160 3413 1203 ca—

1819 1238 2143 1295 tholicorum
2190 1238 2475 1296 sententiis
2511 1247 2621 1295 toto
2661 1240 2824 1297 corde
2859 1241 3182 1297 consentiat.
3228 1240 3309 1296 Ita
3355 1248 3414 1296 nt

1817 1329 2087 1385 sinceram
2136 1329 2537 1386 communionis
2583 1329 2706 1386 fidei
2752 1329 3145 1401 professionem
3198 1329 3417 1386 absolu-

1820 1422 2027 1476 tissima
2062 1421 2461 1491 subscriptione
2492 1437 2677 1478 coram
2712 1422 2860 1478 omni
2891 1422 3036 1478 clero
3076 1430 3132 1477 et
3162 1423 3415 1480 universa

1817 1515 1975 1586 plebe
2000 1514 2269 1581 declaret,
2300 1516 2614 1586 apostolicae
2645 1516 2768 1571 Sedi
2816 1525 2871 1570 et
2901 1515 3168 1571 universis
3204 1512 3416 1572 Domini

1818 1607 2194 1662 sacerdotibus
2250 1614 2412 1675 atque
2452 1606 2695 1663 ecclesiis
2727 1607 3131 1678 publicandam,
3153 1615 3231 1673 ut,
3266 1605 3418 1677 paci-

1821 1697 1980 1753 ficato
2003 1712 2098 1766 per
2124 1713 2283 1751 unam
2302 1697 2460 1752 fidem
2484 1698 2708 1764 mundo,
2724 1698 2997 1769 possimus
3021 1712 3211 1753 omnes
3237 1696 3419 1753 dicere

105 1781 353 1838 maxime
392 1783 725 1854 impietatem
757 1788 1038 1858 przesentis
1073 1790 1279 1845 erroris
1310 1798 1622 1862 expugnat;
1658 1798 1715 1846 et
1743 1778 1791 1839 Β
1819 1790 1961 1860 quod
1987 1789 2159 1861 angeli
2193 1798 2320 1844 nato
2344 1788 2411 1844 de
2439 1788 2607 1844 Maria
2638 1789 2847 1861 virgine
2890 1788 3171 1845 Salvatore
3203 1789 3418 1846 cecine-

109 1868 363 1943 intelligo
404 1873 535 1929 mihi
577 1875 722 1932 aliud
756 1893 862 1933 non
903 1878 1068 1935 licere
1098 1896 1262 1952 quam
1313 1890 1371 1935 ut
1402 1897 1592 1938 onmes
1624 1898 1717 1938 co-

106 1972 272 2021 natus
325 1982 475 2023 nteos
519 1970 567 2025 ei
616 1986 795 2027 causae
845 1972 897 2027 in
945 1989 1048 2045 qua
1099 1973 1418 2030 universalis
1462 1974 1721 2030 Ecclesia:

106 2058 257 2115 salus
288 2059 611 2131 infestatur,
644 2065 973 2136 impendam.
1008 2064 1087 2123 Ne
1120 2078 1302 2123 autem
1335 2067 1514 2139 aliqua
1546 2068 1718 2140 negli-

106 2151 309 2221 gentiae
334 2156 624 2211 occasione
650 2157 852 2228 scripta
882 2166 1068 2213 nostra
1092 2158 1158 2213 ad
1188 2174 1283 2214 vos
1308 2175 1413 2215 non
1444 2160 1724 2230 potuerint

104 2247 441 2315 pervenire,
507 2250 834 2322 exemplaria
890 2252 1205 2306 earumdem
1263 2268 1406 2307 nunc
1461 2253 1722 2309 mittenda

106 2338 446 2396 credidimus
466 2383 479 2405 ,
515 2352 573 2397 ut
602 2344 748 2399 nullo
779 2344 940 2400 modo
988 2344 1111 2400 fidei
1142 2359 1303 2415 quam
1336 2343 1680 2400 defendimus
1704 2387 1719 2411 ,

104 2429 428 2499 praedicatio
474 2443 676 2489 nostrae
720 2435 923 2491 notitiae
973 2434 1348 2492 subtrahatur.
1393 2435 1525 2490 Data
1577 2435 1723 2490 deci-

105 2539 210 2578 mo
225 2533 381 2581 sexto
400 2526 673 2584 Kalendas
704 2529 926 2599 Aprilis,
951 2529 1329 2586 Valentiniano
1352 2527 1592 2602 Augusto
1634 2524 1723 2586 Vll

104 2623 164 2670 et
194 2615 404 2673 Amano
439 2618 486 2674 γ
515 2620 847 2678 consulibus.

374 2702 512 2763 XVI.
542 2740 613 2749 —
640 2709 721 2763 Ad
754 2710 1104 2767 Theodosium
1136 2712 1449 2784 Augustum.

179 2797 299 2855 L30
327 2802 613 2875 episc0pus
654 2803 963 2863 TIIEODOSIO
995 2809 1260 2878 Augusto,
1294 2818 1399 2863 etc.

182 2890 453 2950 Omnibus
478 2896 696 2966 quidem
726 2908 920 2955 vestra:
945 2900 1163 2969 pietatis
1189 2899 1434 2970 epistolis
1461 2899 1605 2955 inter
1630 2914 1724 2956 eas

109 2982 510 3043 sollicitudines
546 3004 685 3059 quas
717 3006 814 3062 pro
859 2992 963 3049 fide
1002 2995 1241 3064 patimur
1269 3010 1418 3067 spem
1454 2995 1610 3051 nobis
1637 3010 1723 3051 se-

110 3077 366 3135 curitatis
410 3083 702 3139 maximam
737 3085 1071 3155 praestitistis
1120 3087 1400 3143 Niczenum
1445 3104 1722 3144 commen-

113 3170 297 3227 dando
343 3172 631 3229 concilium
657 3217 673 3242 ,
713 3175 846 3233 adeo
895 3186 952 3232 ut
997 3178 1065 3234 ab
1098 3177 1210 3245 illo,
1241 3178 1381 3234 sicut
1426 3192 1570 3250 saepe
1602 3177 1718 3249 jam

113 3261 381 3332 scribitis,
424 3280 531 3322 non
565 3268 847 3338 patiamini
885 3269 1197 3326 sacerdOtes
1234 3269 1445 3326 Domini
1477 3270 1718 3327 deviare.

115 3356 223 3415 Sed
260 3374 331 3415 ne
361 3360 563 3433 aliquid
593 3364 644 3418 in
677 3362 1050 3436 pracjudieium
1079 3362 1362 3421 catholicae
1392 3363 1723 3419 defensionis

112 3455 334 3512 viderer
371 3457 548 3528 egisse
590 3457 657 3513 de
687 3459 1029 3515 ordinatione
1058 3457 1180 3529 ejus
1207 3459 1300 3530 qui
1329 3459 1721 3516 Constantino-

114 3547 373 3618 politanae
416 3549 646 3621 cmperit
674 3550 918 3607 ecclesias
954 3551 1245 3624 praesidere
1269 3592 1284 3617 ,
1318 3550 1453 3606 nihil
1500 3549 1720 3605 interim

116 3641 173 3695 in
210 3639 533 3696 alterutram
565 3652 775 3712 partem
819 3651 1022 3699 temere
1049 3641 1457 3698 rescribendum
1497 3642 1721 3712 putavi,

118 3747 227 3788 non
261 3731 605 3789 dilectionem
637 3748 862 3805 negans,
892 3735 987 3790 sed
1017 3733 1509 3789 manifestationem
1537 3715 1723 3790 catho-

119 3823 236 3881 Iicze
272 3825 521 3880 veritatis
553 3836 895 3898 exspectans.
946 3824 1099 3894 Quod
1138 3826 1516 3898 arquanimiter
1542 3825 1722 3896 ferat,

121 3918 371 3981 obsecro,
422 3928 603 3974 vestra
636 3918 947 3987 clementia,
991 3928 1047 3975 ut
1077 3936 1199 3976 cum
1231 3920 1395 3977 talem
1423 3935 1482 3977 se
1509 3936 1636 3993 erga
1660 3919 1728 3976 fi-

120 4009 246 4063 dem
281 4009 607 4065 catholicam
637 4010 852 4082 qualem
878 4011 1143 4083 cupimus,
1164 4013 1501 4084 approbarit,
1518 4014 1585 4069 de
1607 4014 1725 4070 sin—

121 4101 355 4157 ceritate
384 4101 552 4171 ipsius
583 4103 857 4174 copiosius
888 4115 945 4160 et
979 4105 1224 4162 securius
1258 4107 1612 4177 gaudeamus.
1648 4105 1726 4162 Ne

122 4207 249 4247 vero
277 4191 461 4263 aliqua
494 4193 642 4249 illum
671 4195 738 4249 de
784 4201 969 4249 nostro
998 4195 1178 4250 animo
1211 4197 1455 4251 mordeat
1503 4196 1723 4253 sinistra

121 4285 386 4356 suspicio,
411 4288 751 4342 occasionem
783 4287 947 4344 totius
968 4284 1299 4343 difficultatis
1327 4302 1558 4343 amoveo
1577 4327 1592 4351 ,
1626 4301 1726 4344 nec

119 4376 331 4448 aliquid
353 4377 512 4449 exigo
541 4378 670 4449 quid
701 4388 794 4433 aut
819 4379 1048 4434 arduum
1076 4381 1324 4435 videatur
1351 4386 1444 4434 aut
1471 4379 1723 4447 dubium,

120 4473 217 4528 sed
246 4472 318 4528 ad
359 4471 412 4527 id
443 4473 586 4543 quod
631 4472 810 4528 nullus
852 4473 1239 4529 catholicorum
1288 4471 1489 4529 refutet
1532 4473 1719 4528 invito.
1752 4514 1802 4577 ο

119 4567 247 4623 Noti
291 4567 435 4622 enim
468 4577 591 4623 sunt
622 4584 718 4639 per
745 4569 1056 4624 universum
1099 4569 1356 4623 mundum
1402 4579 1566 4638 atque
1602 4583 1720 4623 ma-

119 4659 305 4717 nifesti
334 4659 427 4731 qui
458 4670 584 4715 ante
625 4675 748 4726 nos,
779 4660 894 4715 sive
928 4658 1139 4726 Graeca,
1172 4660 1286 4717 sive
1314 4659 1506 4715 Latina
1537 4659 1723 4732 lingua

122 4755 177 4809 in
230 4753 514 4809 catholica:
563 4755 809 4810 veritatis
856 4755 1243 4827 praedicatione
1293 4754 1604 4819 fulserunt,
1656 4754 1725 4810 ad

121 4862 359 4917 quorum
406 4847 689 4902 scientiam
733 4857 893 4918 atque
940 4847 1241 4903 doctrinam
1286 4848 1506 4918 quidam
1551 4848 1722 4902 etiam

125 4946 331 4991 nostra!
366 4938 545 4992 aetatis
593 4937 830 5003 cedunt,
876 4939 941 4992 de
988 4953 1218 5008 quorum
1263 4939 1481 5009 scriptis
1523 4954 1625 5009 par
1669 4946 1725 4994 et

122 5028 409 5101 multiplex
442 5028 718 5100 profertur
764 5029 1070 5085 instructio.
1102 5027 1233 5096 Quae
1277 5030 1418 5085 sicut
1449 5028 1732 5086 Nestoria-

125 5137 258 5178 nam
300 5120 548 5201 hazresim
586 5120 892 5201 destruxit,
942 5120 1016 5175 ita
1059 5121 1222 5178 etiam
1273 5122 1415 5177 hunc
1452 5123 1543 5193 qui
1585 5139 1731 5180 nunc

125 5196 421 5284 repullulat
449 5196 974 5268 abscidit'errorem.
1027 5212 1252 5281 Relegat
1286 5213 1470 5285 itaque
1501 5215 1733 5273 sollicite

128 5320 254 5375 quae
280 5320 310 5358 a
342 5304 547 5360 sanctis
572 5302 823 5359 Patribus
856 5303 1248 5359 incarnationis
1277 5303 1569 5362 Dominica:
1598 5306 1734 5364 fides

129 5400 297 5460 fuerit
337 5401 606 5459 custodita
654 5417 976 5474 semperque
1014 5401 1268 5458 similiter
1311 5403 1599 5473 praedicata
1626 5445 1643 5470 ,
1673 5414 1730 5463 et

128 5505 336 5556 sancta:
365 5494 639 5552 memoriae
659 5494 843 5567 Cyrilli
874 5493 1229 5550 Alexandrini
1254 5494 1492 5565 episcopi
1521 5494 1726 5566 episto-

128 5588 240 5647 lam
262 5602 369 5659 qua
390 5585 699 5643 Nestorium
724 5586 1000 5657 corrigere
1024 5595 1080 5642 et
1100 5600 1297 5641 sanare
1318 5585 1507 5650 voluit,
1533 5601 1730 5657 pravas

127 5676 545 5756 pmdicationes
576 5678 743 5750 ipsius
766 5693 998 5749 arguens
1026 5688 1081 5732 et
1107 5676 1411 5733 evidentius
1449 5676 1608 5733 fidem
1638 5675 1732 5732 Ni-

130 5795 297 5838 caente
332 5776 670 5836 diﬁinitionis
706 5790 1015 5850 exponens,
1046 5789 1356 5847 quanquam
1386 5762 1454 5833 ab
1500 5788 1567 5831 eo
1601 5774 1728 5832 mis.

1824 1890 1979 1937 runt:
2014 1899 2030 1931 ‹
2055 1880 2240 1938 Gloria
2264 1881 2317 1935 in
2340 1880 2572 1937 excelsis
2585 1880 2714 1947 Deo,
2739 1889 2795 1937 et
2815 1880 3029 1936 in'terra
3052 1897 3157 1952 pax
3181 1880 3415 1936 homini-

1821 1972 1927 2030 bus
1951 1974 2104 2029 bona:
2134 1973 2425 2028 voluntatis
2455 1971 2606 2044 (Luc.
2638 1989 2702 2037 ιι,
2731 1972 2843 2043 Η).
2874 1992 2892 2025 ι
2928 1971 3063 2041 Quia
3089 1987 3221 2028 vero
3241 1983 3297 2028 et
3320 1985 3419 2027 nos

1824 2074 1878 2120 et
1912 2064 2057 2121 beati
2092 2063 2288 2119 Patres
2319 2064 2515 2131 nostri,
2556 2078 2787 2134 quorum
2827 2063 3134 2121 doctrinam
3175 2071 3232 2119 et
3256 2077 3417 2119 vene-

1823 2172 2011 2213 ramur
2040 2167 2092 2212 et
2129 2158 2432 2228 sequimur,
2465 2156 2517 2211 in
2546 2156 2708 2212 unius
2738 2155 2858 2211 fidei
2888 2154 3178 2212 concordia
3209 2170 3414 2222 sumus,

1824 2246 1963 2303 sicut
1995 2247 2395 2318 provinciarum
2432 2247 2676 2303 onminm
2710 2256 3084 2318 protestantur
3117 2248 3417 2311 antistites,

1824 2348 1950 2412 agat
1985 2339 2285 2395 clementiae
2327 2347 2521 2395 vestrae
2561 2339 2909 2395 devotissima
2947 2338 3102 2405 fides,
3127 2348 3185 2395 ut
3226 2353 3420 2408 quam-

1825 2432 2059 2501 primum
2088 2431 2155 2485 ad
2201 2448 2298 2486 nos
2326 2431 2908 2502 Constantinopolitani
2936 2430 3209 2502 episcopi,
3240 2427 3421 2499 qualia

1826 2526 2027 2581 debent
2049 2525 2262 2596 probati
2296 2533 2353 2582 et
2379 2525 2632 2582 catholici
2663 2526 2961 2593 sacerdotis
2997 2524 3197 2596 scripta
3227 2537 3423 2595 perve-

1828 2618 2004 2679 niant,
2040 2626 2227 2687 aperte
2267 2616 2506 2683 scilicet,
2540 2627 2705 2689 atque
2743 2618 2976 2675 dilucide
3018 2615 3375 2689 protestantia
3400 2655 3418 2681 ,

1825 2709 1967 2780 quod
1999 2710 2042 2763 si
2077 2710 2198 2780 quis
2228 2709 2294 2765 de
2325 2709 2698 2766 incarnatione
2729 2708 2890 2766 Verbi
2927 2709 3021 2765 Dei
3046 2708 3189 2765 aliud
3218 2705 3421 2779 aliquid

1827 2803 2010 2856 credat
2055 2810 2148 2855 aut
2185 2808 2393 2857 asserat
2434 2816 2598 2873 quam
2643 2799 3034 2863 catholicorum
3083 2798 3325 2855 omnium
3368 2805 3424 2852 et

1826 2909 1944 2949 mea
1977 2892 2242 2965 professio
2284 2901 2639 2964 protestetur,
2669 2892 2813 2948 hunc
2847 2907 2877 2946 a
2917 2907 3015 2946 sua
3045 2889 3426 2947 communione

1826 2995 2096 3053 secernat,
2128 2994 2190 3041 ut
2214 2986 2263 3041 ei
2290 2984 2589 3042 fraternam
2622 2985 2676 3041 in
2713 2982 2932 3043 Christo
2959 2982 3282 3041 charitatem
3312 2995 3424 3037 me-

1827 3080 1933 3135 rito
1961 3079 2232 3150 possimus
2262 3080 2593 3151 impendere.
2626 3077 2699 3136 Ut
2728 3088 2910 3137 autem
2946 3078 3252 3137 salubribus
3279 3075 3428 3132 curis

1824 3172 2063 3228 velocior
2089 3172 2409 3243 pleniorque
2433 3213 2449 3238 ,
2479 3171 2778 3228 auxiliante
2812 3170 3064 3237 Domino,
3107 3185 3204 3241 per
3232 3177 3428 3225 vestrae

1824 3263 2128 3320 clementiae
2177 3262 2338 3318 fidem
2383 3270 2676 3335 praestetur
2727 3261 2955 3319 affectus
2983 3301 3003 3331 ,
3049 3260 3117 3316 ad
3169 3260 3427 3330 pietatem

1823 3363 2064 3411 vestram
2099 3352 2298 3410 fratres
2325 3363 2380 3410 et
2409 3354 2763 3424 coepiscopos
2794 3364 3010 3409 nostros
3035 3350 3344 3407 Abundinnt
3369 3358 3429 3405 et

1822 3446 2117 3508 Asterium,
2142 3444 2239 3500 sed
2264 3452 2320 3499 et
2340 3442 2602 3499 Basiliam
2624 3450 2679 3497 et
2700 3442 3020 3499 Senatorem
3045 3439 3427 3513 presbyteros,

1824 3553 2057 3610 quorum
2090 3536 2219 3591 mihi
2243 3536 2458 3592 devotio
2500 3543 2586 3592 est
2626 3535 2876 3606 probata,
2912 3532 3107 3597 direxi,
3152 3546 3249 3603 per
3290 3543 3430 3602 quos

1824 3642 1946 3699 quae
1977 3636 2175 3684 nostra:
2207 3625 2381 3682 forma
2414 3625 2486 3682 sit
2512 3626 2636 3683 fidei
2665 3625 3030 3682 manifestatis
3051 3622 3428 3680 instructioni-

1824 3724 1927 3781 bus
1965 3740 2102 3795 quas
2128 3724 2396 3789 misimus,
2432 3723 2656 3792 possitis
2686 3723 2976 3795 dignanter
3002 3735 3322 3794 agnoscere,
3366 3726 3429 3775 ut

1824 3816 1869 3873 si
1904 3815 2535 3887 Constantinopolitanus
2565 3815 2793 3872 antistes
2840 3815 2895 3871 in
2922 3815 3167 3873 eamdem
3213 3811 3432 3869 confes-

1825 3911 2034 3966 sionem
2066 3918 2179 3966 toto
2207 3911 2374 3966 corde
2401 3908 2694 3974 consentit,
2731 3908 2908 3964 securi
2938 3906 3019 3977 (ut
3056 3908 3276 3978 dignum
3318 3901 3428 3976 est)

1827 4004 1894 4061 de
1920 4003 2291 4061 ecclesiastica
2318 4019 2452 4073 pace
2491 4002 2758 4068 laetemur,
2794 4016 2970 4072 neque
3002 4001 3148 4056 aliud
3186 3999 3430 4056 residere

1824 4097 2075 4153 videatur
2112 4097 2450 4169 ambiguum,
2481 4107 2541 4152 ut
2563 4096 2630 4152 de.
2659 4094 2945 4166 superfluis
2973 4093 3200 4150 forsitan
3245 4092 3425 4164 suspi-

1826 4190 2073 4247 cionibus
2096 4188 2427 4246 laboremus.
2453 4189 2549 4246 Sin
2572 4204 2702 4246 vero
2724 4188 2889 4259 aliqui
2913 4202 2944 4242 a
2967 4186 3204 4258 puritate
3230 4192 3431 4241 nostrae

1827 4285 1953 4341 fidei
1976 4295 2140 4355 atque
2168 4274 2391 4341 Patrum
2420 4284 2745 4339 auctoritate
2763 4282 3112 4346 dissentiunt,
3138 4277 3430 4334 concilium

1827 4376 2137 4433 universale
2179 4376 2321 4430 intra
2352 4374 2564 4429 Italiam
2598 4374 2740 4430 sicut
2777 4373 3018 4445 synodus
3046 4386 3167 4442 quae
3191 4371 3261 4426 ob
3288 4368 3431 4425 hanc

1830 4483 2050 4525 causam
2082 4466 2268 4523 Romae
2296 4475 2651 4531 convenerat,
2687 4479 2901 4521 mecum
2940 4465 3113 4536 petit,
3140 4460 3430 4517 clementia

1830 4570 2014 4617 vestra
2042 4559 2326 4622 concedat,
2356 4567 2415 4612 ut
2440 4558 2493 4612 in
2518 4572 2686 4613 unum
2709 4555 3155 4613 convenientibus
3178 4552 3432 4609 omnibus

1831 4652 1918 4709 his
1947 4651 2040 4723 qui
2070 4660 2165 4707 aut
2194 4651 2521 4722 ignorantia,
2552 4659 2647 4705 aut
2673 4650 2866 4705 timore
2894 4645 3133 4719 prolapsi
3161 4649 3287 4700 sunt
3309 4656 3432 4697 cor-

1831 4747 2089 4805 rectionis
2120 4746 2375 4803 remediis
2401 4744 2736 4810 consulatur,
2772 4756 2872 4798 nec
2908 4741 3160 4811 cuiquam
3190 4737 3331 4792 ultra
3360 4734 3435 4792 sit

1832 4840 2067 4897 liberum
2101 4840 2174 4895 ita
2221 4839 2453 4899 Nictente
2487 4838 2680 4911 synodi
2726 4836 2908 4893 facere
2950 4832 3282 4890 mentionem
3307 4870 3325 4898 ,
3370 4837 3433 4883 ut

1834 4935 1952 5005 ejus
1983 4932 2105 4989 fidei
2142 4931 2454 4988 inveniatur
2484 4946 2606 4987 esse
2639 4928 2965 4987 contrarius.
3009 4923 3274 4994 Quoniam
3306 4920 3430 4977 uni-

1835 5042 2006 5082 versae
2031 5036 2085 5083 et
2118 5025 2372 5082 Ecclesiae
2401 5038 2458 5080 et
2480 5034 2666 5081 vestro
2691 5023 2796 5078 hoc
2832 5019 3065 5093 imperio
3090 5015 3431 5090 profuturum

1835 5129 1939 5178 est.
1978 5119 2024 5174 si
2058 5132 2198 5174 unus
2223 5117 2387 5182 Deus,
2418 5125 2476 5172 et
2504 5131 2610 5170 una
2647 5114 2803 5179 fides,
2835 5127 2999 5168 unum
3029 5117 3430 5166 sacramentum

1835 5212 2026 5269 salutis
2060 5212 2331 5276 humanae,
2361 5211 2523 5266 unius
2551 5208 2713 5263 totius
2757 5206 2944 5262 mundi
2984 5204 3325 5262 confessione
3350 5210 3430 5257 te-

1837 5315 2053 5364 neatur.
2087 5304 2223 5360 Data
2251 5304 2464 5361 decimo
2503 5302 2735 5374 septimo
2774 5299 3140 5357 Kalendarum
3180 5294 3430 5368 Augusti.

2088 5397 2251 5454 XVII.
2292 5426 2351 5437 -—
2375 5396 2457 5450 Ad
2489 5393 2829 5450 Pulcheriam
2860 5395 3172 5465 Augustam.

1908 5493 2022 5550 Lso
2051 5492 2333 5563 episcopus
2364 5488 2691 5546 Pacensem
2725 5487 3003 5560 Augustae.

1909 5585 2133 5643 Gaudeo
2181 5582 2304 5638 fidei
2348 5581 2652 5637 clementia:
2698 5590 2896 5638 vestrae
2932 5578 3077 5651 quod
3122 5576 3432 5649 religiosum

1836 5681 2075 5739 studium
2111 5679 2400 5751 dignanter
2442 5675 2778 5749 impenditis,
2820 5683 2879 5731 ut
2920 5688 3023 5745 pax
3066 5669 3434 5730 ecclesiastica

1839 5784 2154 5841 renovetur,
2209 5787 2332 5845 qua:
2382 5771 2697 5829 earumdem
2745 5766 3176 5829 dissensionibus
3220 5763 3437 5821 videtur
