3968 6494
454 340 554 403 ’191

1216 340 1509 403 ΑΡΡΕΝῙ).
1549 343 1643 401 AD
1681 336 1852 403 SEC.
1895 338 1988 401 IX.
2029 340 2377 403 ISIDORI
2413 342 2862 408 MERCATORIS

3630 351 3733 408 793

453 475 576 515 esse
615 457 847 515 turbata.
888 457 1127 515 Debetur
1172 458 1316 514 enim
1354 460 1460 515 hoc
1505 469 1699 514 vestrae
1739 456 2050 529 specialiter
2076 458 2124 518 Α
2147 456 2373 527 iustitiae
2391 467 2446 514 et
2468 460 2855 517 benevolentiae
2877 474 3177 533 congruere
3199 459 3441 518 arbitror
3461 461 3736 517 conﬁden-

454 548 661 620 gloriae,
692 557 750 604 ut
778 548 973 606 ablatis
1000 549 1251 605 omnibus
1280 549 1551 605 scandalis
1578 564 1699 620 qua:
1724 558 1912 605 contra
1948 562 2041 603 ca-

456 642 711 698 tholicam
746 642 904 698 ﬁdem
934 642 1184 698 inimicus
1211 644 1542 699 excitaverat
1567 685 1582 711 ,
1614 659 1719 699 uua
1749 644 2047 713 eademque

454 733 527 788 sit
556 750 654 804 per
684 743 855 790 totum
885 736 1143 790 mundum
1173 736 1442 792 confessio
1469 737 1740 801 veritatis,
1769 752 1887 807 quae
1916 736 2051 791 faci-

458 826 561 879 lius
603 826 914 897 certiusque
966 828 1311 899 reparabitur
1357 829 1401 884 si
1447 844 1742 899 pravorum
1790 843 2047 885 sensuum

455 916 600 971 nulla
636 918 868 983 semina,
910 917 1052 972 nulla
1100 918 1327 989 vestigia
1362 918 1756 989 relinquantur.
1785 917 1940 985 Quod
1967 926 2050 973 ta-

458 1024 578 1063 men
611 1024 854 1064 mearum
884 1010 1120 1082 partium
1148 1020 1233 1066 est
1252 1053 1267 1077 ,
1298 1012 1578 1081 praeterire
1622 1026 1729 1066 non
1758 1011 1949 1075 debeo,
1990 1018 2052 1064 ut

456 1099 662 1154 scilicet
685 1100 813 1169 quid
842 1102 908 1155 de
935 1100 1313 1158 incarnatione
1343 1101 1466 1157 Filii
1495 1102 1587 1156 Dei
1618 1118 1648 1156 a
1670 1100 2051 1157 Constantino-

457 1195 694 1266 politano
742 1196 996 1268 episcopo
1041 1205 1291 1252 teneatur
1345 1211 1634 1268 agnoscam
1665 1236 1681 1260 ,
1748 1196 2049 1265 prteserlim

456 1302 580 1341 cum
617 1288 668 1342 in
708 1288 1049 1344 ordinatione
1090 1288 1258 1358 ipsius
1297 1289 1429 1344 dura
1472 1288 1869 1359 praecesserint,
1904 1286 2054 1341 talia-

454 1392 562 1447 que
608 1379 674 1433 ad
712 1394 811 1434 nos
857 1379 1104 1435 debuerit
1148 1381 1347 1450 scripta
1391 1379 1624 1451 dirigere
1669 1394 1789 1450 qua:
1829 1378 1978 1433 illum
2018 1393 2050 1433 a

455 1476 774 1547 mntagione
805 1475 965 1546 hujus
1003 1477 1093 1547 qui
1122 1492 1294 1547 nuper
1319 1480 1543 1532 emersit
1569 1476 1790 1543 erroris}
1814 1474 2048 1529 alienum

454 1566 735 1621 evidenter
760 1566 1129 1622 ostenderent.
1170 1565 1378 1637 Optans
1411 1566 1593 1637 itaque
1632 1580 1880 1621 securam
1926 1579 2047 1619 cum

454 1672 522 1711 eo
548 1657 746 1713 habere
762 1658 1125 1719 concordiam,
1151 1658 1577 1731 gratiamqueilli
1599 1657 1852 1713 fraternae
1873 1656 2052 1713 chari-

458 1749 584 1803 tatis
621 1748 962 1820 impendere,
1007 1750 1246 1806 scribere
1271 1751 1321 1805 ei
1358 1750 1572 1805 interim
1604 1746 1787 1804 distuli
1828 1762 1933 1802 non
1969 1745 2051 1801 di-

2150 560 2235 607 ter
2250 552 2536 618 insinuem,
2557 570 2665 626 quo
2687 554 2918 612 celerius
2938 571 3058 627 quae
3081 555 3312 626 propitio
3334 555 3560 611 Christo
3579 554 3739 624 picta.

2153 644 2224 700 tis
2255 656 2449 701 vestrae
2487 648 2666 702 studio
2705 647 3238 719 irreprehensibilem
3274 647 3548 702 hactenus
3590 655 3737 716 gesta

2149 745 2275 792 sunt
2302 738 2369 792 ad
2398 738 2778 810 gratulandum
2831 741 3201 810 perducantur
3264 739 3546 795 effectum.
3588 736 3739 804 Quod

2150 841 2279 898 ergo
2340 831 2605 901 synodum
2642 829 3138 887 Chalcedonensem
3202 829 3390 885 haberi
3445 826 3733 883 clementia

2151 929 2332 975 vestra
2386 923 2643 993 praecepit
2677 938 2800 976 cum
2834 938 2864 975 a
2907 938 2993 977 me
3039 933 3100 976 ut
3145 922 3201 977 in
3242 921 3401 993 Italia
3449 919 3745 975 haberetur

2153 1014 2512 1069 mansuetudo
2562 1023 2741 1069 vestra
2783 1015 3017 1070 retineat
3051 1013 3380 1083 postulatum
3402 1053 3419 1076 ,
3451 1020 3516 1067 ut
3550 1025 3740 1066 omnes

2152 1114 2461 1161 nostrarum
2492 1108 2728 1177 partium
2762 1108 3043 1164 convocati
3069 1106 3360 1173 antistites,
3395 1105 3444 1161 si
3473 1104 3745 1159 securitas

2155 1197 2416 1269 temporis
2449 1207 2762 1271 suppeteret
2796 1199 3173 1264 convenirent,
3231 1200 3367 1253 adeo
3418 1206 3610 1252 tamen
3644 1209 3745 1250 non

2153 1300 2514 1359 aspernanter
2532 1292 2740 1363 accepi,
2765 1301 2827 1347 ut
2865 1292 3024 1348 binos
3047 1293 3116 1348 de
3152 1291 3495 1362 coepiscopis
3522 1289 3667 1344 meis
3694 1298 3751 1343 et

2154 1378 2608 1451 compresbyteris
2638 1383 2967 1448 ordinarem,
2992 1383 3084 1453 qui
3113 1382 3288 1438 vicem
3311 1396 3490 1437 meam
3524 1379 3751 1450 implere

2156 1466 2485 1537 sufﬁcerent,
2508 1471 2648 1526 datis
2670 1473 2736 1527 ad
2758 1473 3121 1529 venerabilem
3153 1473 3417 1545 synodum
3444 1484 3753 1540 congruen-

2156 1560 2302 1619 tibus
2329 1563 2547 1636 scriptis
2577 1566 2774 1637 quibus
2800 1566 3114 1622 fraternitas
3139 1567 3401 1623 advocata
3447 1580 3753 1637 mgnosce-

2154 1664 2240 1713 ret
2268 1671 2430 1727 quam
2465 1656 2694 1711 formam
2719 1672 2941 1714 servare
2968 1659 3023 1715 in
3052 1659 3154 1713 hac
3184 1657 3755 1727 dijudicationedebe-

2159 1758 2260 1814 ret,
2290 1764 2360 1803 ne
2390 1748 2496 1804 ulla
2529 1749 2808 1806 temeritas
2826 1758 2920 1805 aut
2946 1750 3069 1805 ﬁdei
3094 1750 3317 1821 regulis,
3348 1759 3447 1805 aut
3473 1764 3749 1805 canonum

455 1814 744 1897 lectionem
790 1814 1032 1915 negans,
1084 1842 1178 1898 sed
1232 1842 1729 1897 manifestationem
1773 1814 2130 1896 catholicaeB
2157 1841 2397 1901 statutis,
2443 1848 2536 1894 aut
2557 1840 2907 1910 benignitatis
2965 1814 3223 1896 remediis
3270 1839 3550 1896 obviaret.
3602 1838 3755 1894 Sicut

453 1932 700 1987 veritatis
734 1943 1074 2004 exspectans.
1112 1932 1351 2005 Simplex
1381 1936 1527 1989 enim
1573 1944 1657 1989 cst
1698 1945 1860 2004 atque
1891 1933 2053 1989 abso-

454 2020 649 2090 lutum,
679 2027 822 2095 quod
850 2039 1038 2096 posco,
1073 2033 1152 2088 ut,
1184 2036 1391 2081 remoto
1416 2024 1699 2097 longarum
1724 2024 2048 2095 disputatio-

460 2131 588 2170 num
636 2116 859 2182 labore,
908 2127 1113 2173 sant-tte
1154 2119 1429 2174 memoriae
1461 2117 1645 2191 Cyrilli
1696 2116 2049 2172 Alexandrini

456 2210 691 2281 episcopi
724 2211 965 2281 epistolte
991 2227 1154 2282 quam
1188 2212 1302 2282 ipse
1332 2212 1398 2266 ad
1438 2210 1745 2267 Nestorium
1784 2211 2009 2266 miserat
2035 2208 2052 2276 ,'

458 2302 788 2371 acquiescat,
811 2303 865 2358 in
887 2314 1070 2374 quaet
1092 2320 1333 2361 errorem
1358 2303 1591 2361 Nestorii
1619 2304 1796 2376 arguit
1814 2313 1869 2359 et
1890 2303 2048 2359 ﬁdem

460 2389 691 2449 Nicaanre
725 2393 1053 2451 deﬁnitionis
1080 2397 1359 2465 exposuit,
1392 2406 1447 2451 et
1491 2397 1733 2466 epistolae
1765 2411 1899 2451 mete
1930 2411 2051 2467 qua:

458 2484 525 2538 ad
573 2493 776 2540 sancta:
817 2487 1209 2543 recordationis
1256 2487 1567 2542 Flavianum
1609 2487 1918 2558 episcopum
1968 2494 2053 2542 est

459 2572 688 2641 directa,
717 2577 1040 2632 consentiat.
1064 2576 1272 2644 Quibus
1297 2577 1585 2648 vigilanter
1607 2576 1885 2648 inspectis,
1909 2575 2050 2631 Con-

461 2670 972 2741 stautinopolitanus
1023 2672 1254 2729 antistes
1309 2670 1701 2743 repudiandum
1754 2671 1856 2725 sibi
1907 2670 2052 2741 quod

459 2776 591 2817 ausa
620 2772 704 2819 est
730 2772 916 2820 contra
948 2780 1141 2834 puram
1169 2774 1224 2821 et
1249 2765 1581 2837 singularem
1608 2764 1769 2820 ﬁdem
1800 2764 2050 2834 imperita

461 2851 768 2923 insipientia
812 2855 1060 2921 deﬁnire,
1090 2856 1466 2912 incunctanter
1508 2864 1793 2925 agnoscat;
1832 2854 1957 2924 quia
1998 2861 2053 2909 et

462 2959 582 3000 mea
628 2952 685 3000 et
715 2955 1023 3003 sanctorum
1063 2946 1288 3002 Patrum
1319 2947 1385 3002 de
1415 2946 1792 3001 incarnatione
1836 2944 2050 3000 Domini

462 3051 688 3095 consors
718 3045 772 3094 et
803 3053 899 3109 per
923 3039 1105 3095 omnia
1135 3050 1192 3094 et
1230 3054 1336 3095 una
1363 3039 1633 3095 confessio
1661 3047 1763 3094 est.
1796 3037 1970 3106 Quam
2005 3037 2050 3093 si

460 3126 584 3199 quis
609 3128 961 3184 aestimaverit
984 3145 1089 3184 non
1114 3130 1466 3200 sequendam,
1500 3129 1616 3201 ipse
1646 3144 1705 3185 se
1730 3144 1760 3184 a
1790 3145 2051 3200 compage

462 3219 743 3275 catholicae
784 3220 1034 3276 veritatis
1064 3220 1375 3281 abscindet.
1410 3236 1535 3276 cum
1573 3229 1754 3276 tamen
1788 3235 1887 3275 nos
1911 3230 1969 3274 ut
1997 3221 2050 3275 in

461 3309 729 3382 integrum
774 3311 954 3366 omnia
993 3320 1321 3367 revocentur
1364 3318 1634 3381 optemus.
1686 3308 1769 3364 Ad
1804 3308 2053 3365 eﬁ‘cctum

462 3416 593 3458 vero
629 3400 926 3457 salubrium
957 3401 1371 3472 dispositionum
1407 3401 1649 3457 velocius
1678 3400 2053 3467 obtinendum,

461 3493 660 3549 fratres
685 3502 740 3549 et
767 3492 1117 3565 coepiscopos
1137 3509 1290 3550 meos
1318 3493 1630 3549 Abundium
1671 3503 1728 3549 et
1753 3493 2052 3560 Asterium,

461 3586 555 3641 sed
582 3594 635 3642 et
659 3585 991 3642 Basilium‘et
1018 3584 1333 3643 Senatorem
1360 3587 1704 3659 presbyteros
1732 3584 2055 3656 probatissi-

464 3693 583 3735 mos
614 3678 759 3734 viros
795 3678 938 3744 misi,
984 3677 1075 3748 qui
1105 3677 1407 3734 clementia}
1434 3686 1629 3733 vestrae
1670 3676 1898 3733 formam
1931 3676 2054 3732 ﬁdei

465 3772 761 3826 secundum
791 3771 1096 3827 doctrinam
1124 3770 1515 3826 venerabilium
1539 3768 1761 3824 Patrum
1790 3769 2057 3841 praedica-

463 3877 609 3928 mus,
634 3860 885 3925 offerent,
906 3871 963 3915 et
993 3862 1216 3917 remotis
1241 3860 1835 3925 circumlocutionibus,
1859 3859 2056 3930 quibus

465 3952 743 4008 obscurari
784 3952 990 4008 veritas
1019 3951 1199 4019 solet,
1242 3952 1370 4023 quid
1406 3953 1474 4007 de
1505 3951 1880 4006 incarnatione
1931 3949 2053 4006 Filii

469 4043 566 4098 Dei
615 4058 647 4097 a
679 4043 844 4099 totius
889 4041 1040 4099 orbis
1083 4042 1325 4113 probatis
1353 4042 1728 4098 sacerdotibus
1774 4040 2054 4097 defensum

466 4134 678 4201 fuisset,
730 4136 1101 4191 ostenderent.
1154 4133 1301 4202 Quos
1358 4144 1482 4206 post
1535 4134 1774 4189 divinam
1822 4134 2054 4206 gratiam

465 4237 657 4284 sancto
686 4238 880 4285 vestrae
905 4230 1122 4300 pietatis
1172 4228 1372 4284 auxilio
1405 4229 1623 4300 dignum
1666 4236 1751 4284 est
1786 4224 2051 4296 adjuvari,

467 4337 535 4378 ne
591 4322 645 4376 in
705 4321 869 4378 totius
924 4321 1183 4378 Ecclesiae
1229 4318 1690 4391 perturbationem
1745 4317 2054 4390 imprudens

464 4414 736 4484 praecedat
761 4414 1056 4481 contentio,
1084 4429 1207 4469 cum
1233 4411 1573 4484 correctione
1599 4410 1839 4467 adhibita
1863 4425 2053 4466 omnes

2154 1929 2301 1985 enim
2325 1946 2353 1982 a
2385 1929 2653 2000 principio
2682 1928 2841 1998 hujus
2860 1946 3040 1985 causae
3055 1930 3503 2002 frequentissime
3533 1931 3752 2001 scripsi,

2154 2023 2296 2078 hanc
2330 2021 2470 2075 inter
2497 2021 2776 2078 discordes
2802 2038 2991 2078 sensus
3017 2032 3073 2079 et
3094 2024 3344 2080 carnales
3371 2024 3755 2079 aemulationes

2154 2113 2581 2167 moderationem
2614 2114 2754 2169 volui
2783 2114 3064 2180 custodiri,
3106 2125 3167 2171 ut
3192 2117 3495 2189 integritati
3530 2114 3755 2186 quidem

2154 2203 2278 2260 ﬁdei
2313 2204 2446 2259 nihil
2486 2204 2661 2269 evelli,
2702 2204 2838 2260 nihil
2893 2205 3082 2262 liceret
3131 2207 3349 2278 apponi,
3379 2207 3447 2262 ad
3484 2206 3757 2261 unitatem

2153 2312 2283 2353 vero
2316 2312 2614 2367 pacemque
2655 2296 3007 2353 redeuntibus
3058 2298 3354 2354 remedium
3392 2298 3569 2353 venite
3622 2311 3759 2368 prat-

2156 2400 2414 2444 staretur.
2476 2388 2612 2457 Quia
2662 2397 2789 2445 tunc
2833 2404 3057 2459 operum
3115 2389 3316 2444 diaboli
3370 2388 3760 2460 potentmde—

2155 2488 2459 2545 struuntur,
2491 2494 2616 2535 cum
2654 2479 2721 2534 ad
2760 2479 2852 2534 Dei
2892 2489 2947 2534 et
2977 2479 3209 2549 proximi
3261 2478 3618 2535 dilectionem
3664 2478 3757 2532 ho-

2155 2572 2359 2628 minum
2400 2569 2561 2627 corda
2588 2579 2931 2626 revocantur.
2982 2568 3089 2625 Sed
3119 2586 3283 2642 quam
3310 2570 3592 2627 contraria
3628 2579 3757 2625 tunc

2155 2666 2242 2721 his
2284 2662 2506 2720 monitis
2550 2672 2716 2733 atque
2762 2661 3233 2719 observationibus
3277 2662 3417 2717 meis
3461 2673 3591 2717 acta
3651 2661 3760 2716 sint

2155 2755 2382 2811 multum
2423 2763 2508 2810 est
2545 2754 2851 2825 explicare;
2914 2769 3014 2810 nec
3053 2770 3193 2826 opus
3229 2764 3315 2811 est
3345 2753 3635 2825 epistolari
3668 2768 3759 2824 pa-

2155 2849 2280 2919 gina
2316 2848 2723 2919 comprehendi,
2755 2849 2900 2919 quod
2935 2849 2988 2903 in
3041 2847 3437 2919 illoEphesino
3464 2863 3576 2903 non
3600 2845 3757 2915 judio

2156 2940 2264 3005 cio,
2301 2939 2395 2996 sed
2445 2938 2729 2993 latrocinio
2781 2939 2955 3009 potuit
2992 2938 3315 3010 perpetrari.
3372 2937 3447 2993 Ibi
3494 2938 3762 3007 primates

2156 3032 2347 3104 synodi
2384 3047 2485 3087 nec
2524 3032 2902 3088 resistentibus
2948 3031 3051 3088 sibi
3100 3030 3361 3088 fratribus
3391 3046 3493 3088 nec
3516 3045 3753 3087 consen-

2163 3122 2421 3178 tientibus
2454 3132 2851 3195 prmceperunt,
2881 3139 3003 3179 cum
3029 3123 3097 3178 ad
3147 3122 3550 3194 infringendam
3577 3123 3762 3179 catho-

2081 3175 2126 3238 C
2160 3214 2321 3271 licam
2372 3214 2557 3280 ﬁdem,
2582 3225 2637 3271 et
2674 3215 2740 3270 ad
2767 3215 3160 3272 exsecrabilem
3212 3215 3463 3271 haeresim
3496 3216 3760 3271 roboran-

2160 3308 2284 3362 dam
2312 3306 2449 3362 alios
2480 3305 2760 3378 privilegio
2784 3308 3010 3361 honoris
3041 3308 3324 3373 exuerint,
3360 3306 3498 3363 alios
3530 3321 3759 3362 conser-

2159 3400 2234 3455 tio
2263 3399 2556 3469 impietatis
2613 3398 2916 3463 infeeerint,
2948 3399 3204 3455 saniores
3245 3398 3491 3469 profecto
3541 3399 3596 3453 in
3642 3415 3759 3464 eos,

2156 3507 2294 3562 quos
2317 3490 2691 3561 persuadendo
2736 3490 2805 3546 ab
2854 3491 3158 3547 innocentia
3202 3490 3553 3562 separabant,
3592 3507 3757 3562 quam

2158 3583 2212 3638 in
2242 3583 2381 3648 illos,
2413 3597 2550 3654 quos
2584 3581 2773 3638 beatos
2798 3581 3145 3639 confessores
3179 3585 3564 3656 persequendo
3587 3583 3760 3639 facie-

2157 3677 2308 3733 bant.
2343 3674 2732 3732 Verumtamen
2773 3676 2900 3748 quia
2933 3676 3068 3732 tales
3117 3676 3221 3733 sibi
3251 3678 3489 3733 maxime
3518 3692 3623 3733 sua
3660 3677 3762 3733 iui-

2157 3768 2365 3838 quitate
2389 3777 2715 3834 nocuerunt,
2747 3778 2803 3824 et
2850 3769 3146 3841 majoribus
3177 3770 3496 3827 vulneribus
3528 3771 3761 3843 diligen-

2158 3861 2266 3916 tior
2294 3869 2378 3917 est
2406 3862 2711 3917 adhibenda
2750 3863 3041 3930 medicina,
3083 3864 3246 3921 nullis
3279 3880 3525 3936 unquam
3554 3868 3763 3937 episto-

2156 3953 2225 4008 lis
2250 3953 2468 4010 deﬁnivi
2496 3957 2659 4011 etiam
2689 3956 2887 4011 talibus
2909 3957 2954 4011 si
2979 3957 3365 4028 resipiscerent
3410 3958 3634 4013 veniam
3668 3960 3760 4014 de-

2156 4046 2476 4117 negandam.
2513 4046 2578 4101 Et
2605 4049 2855 4118 quamvis
2915 4048 3432 4103 incommutabiliter
3480 4048 3757 4104 inimicis-

2156 4136 2350 4192 simam
2370 4136 2694 4193 Christiana:
2722 4138 2965 4209 religioni
3000 4126 3248 4194 Incresim
3285 4140 3648 4201 detestemur,
3684 4140 3758 4210 ip-

2157 4243 2248 4285 sos
2301 4237 2477 4285 tamen
2506 4229 2551 4285 si
2583 4229 2949 4302 corrigantur,
2981 4239 3037 4284 et
3062 4230 3221 4301 digna
3270 4245 3328 4285 se
3373 4228 3755 4285 satisfactione

2157 4322 2465 4393 puriﬁcent,
2495 4323 2563 4379 ab
2601 4322 2859 4379 ineffabili
2907 4323 3280 4379 misericordia
3331 4323 3426 4378 Dei
3481 4321 3754 4393 nonjudi-

2157 4430 2344 4471 camus
2365 4416 2594 4483 alienos,
2621 4417 2715 4473 sed
2747 4416 2925 4487 potius
2949 4432 3072 4472 cum
3100 4416 3440 4486 gementibus
3460 4416 3744 4485 gemimus,

467 4514 719 4577 oporteat
750 4506 803 4560 in
849 4506 1009 4562 unius
1054 4503 1416 4562 confessionis
1462 4481 1640 4558 redire
1664 4503 2046 4559 concordiam:
2078 4542 2132 4602 Ι)
2156 4523 2281 4564 cum
2312 4507 2567 4563 ﬂentibus
2594 4508 2808 4573 flemus,
2841 4516 2895 4562 et
2922 4508 3002 4563 sic
3027 4507 3234 4562 utimur
3257 4506 3471 4576 justitia
3506 4522 3753 4562 commo-

466 4613 495 4651 a
530 4612 634 4669 qua
665 4598 708 4653 si
753 4597 980 4654 forsitan
1028 4597 1097 4652 ab
1124 4595 1398 4666 aliquibus
1422 4594 1768 4666 discrepatur
1794 4633 1810 4661 ,
1835 4594 2054 4649 univer-

464 4692 578 4749 sale
644 4691 932 4748 concilium
1001 4691 1341 4746 sacerdotum
1405 4686 1594 4744 haberi
1652 4686 1795 4742 intra
1846 4684 2052 4740 Italiam

463 4786 748 4842 clementia
793 4794 972 4841 vestra
1036 4793 1308 4839 annuente
1358 4780 1653 4850 iubeatur;
1688 4796 1797 4851 quo
1847 4787 2054 4836 remota

463 4886 581 4931 arte
637 4877 897 4942 fallendi,
949 4876 1164 4931 tandem
1194 4883 1380 4944 pateat
1423 4874 1552 4944 quid
1587 4872 1779 4928 altiore
1819 4880 2053 4928 tractatu

466 4976 552 5023 aut
599 4969 837 5024 coerceri
868 4967 1100 5032 debeat,
1124 4973 1219 5019 aut
1247 4965 1449 5019 sanari.
1481 4964 1613 5018 Data
1648 4964 1811 5019 tertio
1840 4964 2053 5018 decimo

471 5058 736 5116 '(alcndas
790 5060 1056 5130 Augusti,
1121 5056 1503 5112 Valentiniano
1563 5057 1811 5129 Augusto
1862 5056 1948 5112 VII
1996 5065 2053 5112 et

461 5154 672 5211 Ameno
740 5154 873 5210 viris
922 5151 1241 5210 clarissimis
1287 5149 1633 5217 consulibus,
1679 5165 1788 5206 aera
1819 5165 1925 5220 qua
1959 5163 2051 5204 su-

463 5260 583 5316 pra.

468 5356 627 5431 195
660 5356 839 5413 XVIII.
864 5386 937 5400 -
968 5356 1264 5413 Puta/terim
1303 5357 1554 5429 Augustae
1593 5371 1686 5428 per
1718 5354 2048 5410 Thcostt’cum

1041 5431 1462 5500 magistrianum.
1920 5440 1928 5448 ‘

531 5523 858 5595 Religiosam
883 5522 1181 5579 clementiae
1202 5532 1396 5576 vestra:
1418 5519 1862 5585 sollicitudinem,
1885 5534 2048 5590 quam

461 5616 748 5671 catholica:
801 5614 925 5670 ﬁdei
976 5614 1343 5668 indesinenter
1394 5611 1705 5682 impenditis
1736 5628 1830 5680 per
1865 5612 2045 5665 omnia

465 5723 837 5778 recognosco;
875 5715 930 5760 ct
958 5705 1066 5763 Deo
1104 5706 1307 5775 gratias
1345 5720 1466 5773 ago,
1512 5706 1654 5774 quod
1685 5713 1893 5759 tantam
1928 5704 2041 5769 uni-3

469 5801 699 5857 versalis
723 5799 978 5858 Ecclesia:
1015 5815 1203 5857 curam
1235 5797 1432 5855 habere
1460 5814 1555 5856 vos
1588 5798 1770 5869 video,
1812 5808 1871 5857 ut
1904 5799 2046 5871 quod

2159 4597 2342 4663 tionis,
2374 4607 2432 4653 ut
2458 4614 2565 4654 non
2596 4599 2909 4654 amittamus
2964 4598 3204 4655 remedia
3253 4598 3565 4655 charitatis.
3599 4594 3746 4664 Quod

2156 4691 2298 4746 sicut
2334 4690 2505 4761 pietas
2551 4702 2732 4746 vestra
2778 4690 3055 4761 cognoscit
3087 4705 3196 4744 non
3249 4674 3431 4745 verbis
3469 4690 3604 4744 solis
3630 4704 3749 4759 pro.

2157 4784 2411 4849 mittitur,
2450 4782 2544 4838 scd
2570 4784 2735 4839 etiam
2788 4781 2945 4839 factis
2994 4780 3240 4836 docetur.
3282 4782 3568 4852 Siquidem
3615 4795 3747 4853 pene

2156 4889 2349 4929 omnes
2399 4874 2490 4945 qui
2539 4874 2591 4929 in
2633 4889 2955 4930 consensum
3030 4876 3434 4948 praesidentium
3491 4884 3591 4929 aut
3637 4884 3744 4927 tra-

2159 4967 2306 5023 ducti
2341 4965 2576 5031 fuerant,
2606 4976 2699 5023 aut
2723 4970 2898 5024 coacti
2955 4972 3281 5036 resistendo,
3307 4969 3451 5040 quod
3481 4977 3741 5024 statutum

2160 5057 2339 5115 fuerat
2387 5060 2456 5115 ab
2510 5060 2637 5127 illis,
2682 5071 2737 5118 et
2766 5064 3175 5120 condemnando
3222 5064 3367 5135 quod
3412 5063 3747 5134 scripserant

2157 5161 2471 5224 perpetuam
2521 5154 2690 5224 culpae
2730 5155 3079 5212 abolitionem
3127 5165 3183 5212 et
3239 5154 3553 5227 apostolica:
3599 5152 3745 5226 pacis
3816 5216 3822 5227 ,

2157 5246 2387 5317 gratiam
2414 5253 2540 5301 sunt
2566 5246 2769 5317 adepti.
2801 5244 2859 5301 Si
2891 5263 3022 5320 ergo
3072 5248 3363 5304 clementia
3401 5257 3592 5303 vestra
3615 5259 3741 5316 pro-

2155 5340 2392 5412 positum
2420 5348 2664 5395 nostrum
2687 5340 3040 5398 considerare
3089 5343 3366 5414 dignetur,
3400 5339 3660 5413 probabit
3687 5337 3741 5393 in

2154 5447 2219 5487 eo
2244 5431 2478 5488 concilio
2508 5441 2699 5487 cuncta
2730 5433 2985 5504 gessisse,
3018 5443 3079 5490 ut
3122 5435 3241 5490 sine
3277 5432 3602 5503 cujusquam
3632 5430 3741 5487 ani-

2152 5538 2255 5579 mae
2293 5523 2617 5580 detrimento
2659 5525 2945 5582 hazreszeos
2997 5533 3204 5581 tantum
3262 5525 3606 5580 obtineretur
3637 5538 3740 5579 ex-

2151 5615 2391 5679 stinctio,
2444 5626 2500 5671 et
2550 5615 2619 5670 ob
2655 5616 2757 5672 hoc
2806 5617 2952 5672 circa
3000 5627 3251 5672 auctores
3313 5616 3737 5672 sa‘vissimorum

2153 5707 2425 5761 turbinum
2467 5707 2724 5777 quiddam
2776 5709 3186 5764 consuetudinis
3236 5708 3523 5776 minuisse,
3577 5714 3638 5762 ut
3672 5703 3737 5761 ad

2150 5796 2541 5869 indulgentiam
2618 5797 2997 5870 postulandam
3042 5798 3481 5873 .compunctione
3556 5795 3734 5863 aliqua
