3968 6446
704 291 799 302 ο..

83 301 231 372 79τοί

1331 302 1824 366 υΕΟΒΕΤΛυωί
1862 301 2265 364 COLLECTIO.

3290 317 3400 376 794
3424 358 3431 367 ρ

83 451 286 525 possit
313 440 503 509 05mm
544 447 775 505 “,de
827 445 1079 502 εηηπί,
1125 443 1229 514 Qui
1263 445 1368 501 ειδί
1417 453 1542 515 post
1569 442 1700 499 illud
1730 422 1783 485 Α
1808 419 1979 525 etiam.
2001 421 2066 522 de
2091 420 2413 524 longinquis
2438 422 2739 525 provinciis
2787 425 3028 493 evocari,
3060 442 3186 483 mox
3217 437 3395 488 tamen

77 542 376 616 judicium
423 557 585 599 suum
633 549 744 597 tam
805 538 1032 611 impium
1061 554 1227 610 quam
1282 538 1542 609 iniustum
1591 552 1702 593 non

87 644 239 693 sunt
258 632 549 692 catholica:
596 629 929 688 fraternitati
973 630 1052 685 ita
1092 627 1441 686 honorabiles
1468 639 1528 683 ut
1562 626 1704 684 foe--

87 734 266 794 runt,
300 741 434 783 snas
484 733 667 780 tamen
698 722 881 779 adhuc
903 721 1157 777 obtinent
1194 719 1372 785 sedes,
1403 728 1461 776 et
1495 719 1704 791 episco-

87 826 276 890 patos
301 817 386 875 sui
417 816 627 873 honore
645 815 927 886 potiuntur
963 822 1061 868 aut
1086 825 1185 884 per
1211 826 1399 868 veram
1426 819 1485 869 et
1517 826 1708 867 neces-

91 908 317 966 sariam
371 907 803 965 satisfactionem
850 920 1038 977 pacem
1100 904 1358 962 Ecclesia!
1411 904 1701 975 recepturi,

91 1010 201 1059 aut
227 1002 282 1058 si
310 1000 562 1058 haeresim
588 999 756 1071 (quod
804 999 968 1071 absit)
999 998 1317 1064 tuebuntur,
1344 996 1703 1069 professionis

92 1106 222 1149 suae
258 1090 459 1148 merito
477 1090 779 1162 iudicandi.
794 1089 940 1159 Data
984 1088 1152 1146 tertio
1173 1087 1388 1145 decimo
1430 1084 1705 1145 Kalendas

91 1184 344 1257 Augusti
375 1181 634 1255 Helpidio
658 1181 724 1239 ν.
754 1179 818 1239 C.
851 1179 1066 1238 consul.

321 1295 468 1355 XIX.
494 1326 570 1341 —
590 1295 672 1351 Ad
696 1292 980 1363 Faustum,
1024 1293 1343 1364 Martinam,
1380 1303 1490 1352 etc.

168 1409 293 1467 Lm
303 1409 613 1481 episcopus,
627 1407 864 1474 ansro,
877 1406 1154 1475 Msa-nuo,
1168 1407 1376 1473 Perna,
1391 1405 1676 1465 Mannum
1686 1447 1701 1476 ,

95 1504 223 1570 εἶσι,
252 1504 541 1561 Διιτιοοιιο
560 1542 575 1570 ,
602 1501 932 1566 Aansnuo,
962 1501 1253 1557 Tnconono
1272 1541 1287 1567 ,
1319 1498 1570 1567 PIENTIO,
1602 1501 1707 1556 Eu-

96 1611 285 1659 sssto,
302 1594 597 1660 Ηιιιιειιιο,
625 1591 828 1659 ΡΑυιο,
841 1591 1085 1648 Αετειιιο
1117 1601 1173 1646 et
1192 1590 1464 1656 Cnsuaso,
1482 1592 1706 1663 presby-

98 1685 244 1742 teris
270 1693 328 1742 et
362 1681 824 1749 archimandritis,
854 1688 910 1738 et
931 1680 1133 1738 hanno
1162 1681 1392 1737 diacono
1429 1689 1485 1737 et
1519 1682 1703 1737 archi-

100 1777 421 1835 mandrite.

169 1868 357 1928 Causa
423 1865 550 1925 fidei
601 1866 657 1923 in
708 1882 815 1938 qua
870 1865 1018 1923 salus
1071 1865 1384 1923 Christiana
1452 1865 1705 1922 consistit

100 1961 280 2018 multa
311 1974 401 2017 me
439 1959 801 2017 sollicitudine
825 1958 1076 2015 laborare
1122 1957 1418 2029 compellit,
1456 1968 1705 2013 metuen-

101 2064 216 2112 tem
241 2069 314 2111 ne
338 2053 583 2126 pravitas
611 2066 731 2124 quae
762 2051 817 2107 in
842 2052 956 2112 suis
994 2050 1173 2108 fuerat
1206 2051 1533 2124 amputanda
1554 2050 1703 2122 prin-

99 2145 265 2217 cipiis
299 2158 556 2218 processu
580 2143 847 2216 temporis
876 2151 931 2199 et
953 2143 1286 2214 pertinacior
1318 2142 1412 2197 flat
1436 2150 1492 2198 et
1522 2142 1699 2197 latior.

100 2238 266 2306 Nam,
300 2254 426 2295 cum
472 2236 927 2294 clementissimus
971 2236 1267 2308 imperator
1312 2235 1437 2291 talia
1482 2235 1551 2290 ad
1603 2251 1704 2291 nos

100 2332 314 2402 scripta
339 2329 556 2395 direxit,
585 2329 786 2402 quibus
811 2328 1227 2385 sollicitudinem
1254 2345 1409 2385 suam
1440 2344 1539 2399 pro
1563 2343 1698 2399 pace

96 2421 433 2478 universalis
460 2421 717 2478 Ecclesiae
745 2421 1178 2487 demonstraret,
1214 2429 1269 2476 et
1294 2422 1409 2492 ipse
1437 2418 1703 2476 Constan-

101 2517 497 2591 tinopolitanus
522 2517 828 2589 episcopus,
855 2524 912 2573 et
948 2516 984 2571 ii
1019 2517 1110 2587 qui
1142 2517 1392 2573 eumdem
1418 2532 1702 2573 consecra-

100 2617 252 2675 rant,
283 2616 480 2680 praeter
502 2608 556 2665 id
581 2609 725 2679 quod
756 2608 824 2664 ad
844 2607 1087 2664 ordinem
1122 2609 1246 2664 novi
1288 2609 1548 2665 antistitis
1574 2625 1701 2681 per-

101 2698 346 2766 tinebat,
363 2698 497 2754 nihil
526 2698 681 2755 nobis
707 2697 773 2754 de
800 2701 1127 2770 compressis
1151 2699 1237 2755 vel
1265 2698 1531 2757 abdicatis
1552 2715 1704 2756 erro-

104 2794 259 2850 ribus
288 2792 630 2856 indicarunt,
655 2793 811 2864 quasi
846 2794 900 2849 in
930 2792 1018 2849 illa
1046 2793 1276 2850 ecclesia
1308 2794 1514 2849 nullum
1546 2809 1703 2850 scan-

100 2886 314 2953 dalum,
341 2885 487 2942 nulla
531 2887 832 2943 exstitisset
878 2884 1124 2954 olfensio;
1161 2897 1255 2943 aut
1290 2903 1396 2944 non
1432 2888 1703 2959 prazcipue

105 2979 310 3035 fuerint
329 2979 565 3035 ordinati
580 2980 647 3035 ad
661 2980 912 3035 meritum
932 2980 1433 3047 demonstrandum,
1454 2982 1498 3037 si
1525 2981 1701 3038 aliena

103 3089 135 3128 a
174 3086 234 3127 se
268 3087 393 3144 qua:
417 3071 807 3128 catholicorum
854 3072 1104 3128 sensibus
1156 3082 1282 3128 sunt
1327 3073 1557 3131 adversa
1605 3075 1703 3131 doc

1807 519 1865 565 ut
1892 511 2019 566 mihi
2050 510 2267 581 pietatis
2288 523 2482 569 vestra:
2505 515 2706 585 scripta
2735 524 2861 570 sunt
2890 519 3121 574 tradita:
3153 528 3206 575 et
3233 520 3395 578 Boni-

1806 601 2001 658 facium
2032 604 2098 658 de
2125 606 2580 677 compresbyteris
2634 609 2770 664 meis
2801 608 2869 663 ab
2901 612 3034 666 urbe
3079 612 3396 682 direxerim,

1804 702 1860 750 et
1890 696 1955 751 de
1984 696 2252 767 episc0pis
2276 697 2497 754 fratrem
2523 715 2699 755 meum
2728 701 3074 759 Paschasium
3112 705 3181 760 de
3209 706 3397 765 Sicilia

1804 788 2023 846 fecerim
2061 791 2336 863 navigare,
2372 793 2463 862 qui
2492 795 2665 848 vicem
2715 808 2887 849 meam
2931 796 3259 854 sufficienter
3289 800 3395 856 im-

1805 877 2036 949 plerenl,
2079 879 2219 934 datis
2247 896 2343 950 per
2382 882 2602 937 eosdem
2644 884 2887 954 epistolis
2919 886 2986 940 ad
3009 902 3102 942 eos
3131 889 3224 957 qui
3253 888 3400 960 lega-

1806 968 2004 1023 tionem
2040 977 2165 1023 ante
2220 983 2592 1042 susceperant,
2623 984 2680 1029 ut
2721 975 2819 1044 ipsi
2851 992 3069 1049 quoque
3119 980 3397 1049 praedictis

1806 1060 2175 1131 adimplendas
2190 1071 2371 1131 partes
2387 1080 2518 1120 mean
2534 1068 3220 1140 pmsentimjungerentur.
3241 1070 3400 1129 Unde

1806 1157 2055 1226 quamvis
2092 1157 2250 1211 nimis
2275 1168 2457 1213 arctus
2478 1160 2592 1213 dies
2623 1159 2829 1231 synodo
2854 1161 3016 1217 fuerit
3047 1164 3396 1231 constitutus,

1806 1261 1967 1317 spero
1990 1256 2166 1303 tamen
2211 1246 2500 1304 affuturum
2529 1249 2926 1319 Omnipotentis
2970 1254 3250 1320 auxilium,
3291 1270 3401 1327 quo

1806 1353 1995 1395 omnes
2033 1338 2246 1395 valeant
2292 1342 2360 1395 ad
2406 1341 2734 1413 praefinitum
2768 1352 2977 1414 tempus
3004 1360 3315 1413 occurrere,
3345 1354 3401 1403 et

1806 1434 2139 1490 unanimiter
2188 1450 2311 1490 cum
2368 1446 2569 1493 sanctas
2619 1436 2978 1495 fraternitatis
3027 1456 3249 1498 assensu
3277 1458 3398 1514 quae

1808 1526 2098 1584 universali
2136 1526 2388 1583 Ecclesia:
2413 1540 2736 1600 congruant,
2768 1532 3012 1589 delinire.
3073 1533 3399 1606 Compressa
3465 1529 3471 1535 ’

1808 1617 1952 1673 enim
1984 1618 2069 1674 vel
2116 1628 2323 1676 remota
2362 1620 2735 1691 inquietudine
2774 1637 2840 1677 ac
2866 1625 3137 1694 pravitate
3196 1641 3400 1696 pauco-

1809 1724 1930 1764 rum
1961 1707 2118 1764 facile
2145 1709 2449 1766 firmabitur
2479 1713 2755 1782 probanda
2778 1714 3092 1781 concordia,
3115 1715 3164 1770 si
3192 1715 3247 1770 in
3270 1730 3395 1772 eam

1735 1794 1783 1854 B
1814 1796 1996 1863 ﬁdem,
2024 1814 2185 1870 quam
2208 1800 2535 1872 evangelicis
2560 1811 2615 1856 et
2643 1803 2956 1873 apostolicis
2991 1804 3395 1874 praedicationi-

1806 1889 1907 1946 bus
1934 1889 2266 1944 declaratam
2292 1906 2389 1961 per
2417 1893 2669 1962 antiquos
2694 1892 2886 1947 Patres
2916 1901 3131 1949 nostros
3179 1894 3395 1966 accepi-

1806 1997 1927 2036 mus
1950 1990 2007 2036 et
2036 1989 2301 2048 tenemus,
2342 1983 2587 2038 omnium
2633 1986 2798 2039 corda
2852 1993 3209 2052 concurrant,
3246 1984 3398 2043 nulla

1803 2075 2020 2147 penitus
2075 2075 2441 2147 disputatione
2500 2075 2821 2147 cujusquam
2877 2077 3277 2134 retractationis
3307 2078 3403 2133 ad-

1805 2167 1989 2232 missa,
2025 2182 2092 2222 ne
2136 2181 2235 2237 per
2288 2181 2483 2222 vanam
2544 2166 2901 2238 fallacemque
2949 2168 3244 2224 versutiam
3299 2176 3397 2224 aut

1804 2260 2018 2315 infirma
2058 2260 2342 2315 videantur
2373 2269 2466 2315 aut
2494 2261 2654 2316 dubia
2684 2276 2804 2331 quae
2843 2261 2899 2316 in
2928 2262 3045 2333 ipso
3092 2262 3272 2333 lapide
3298 2277 3397 2319 an-

1804 2353 1977 2426 gutari
1999 2351 2217 2408 Christo
2257 2352 2481 2408 fundata
2531 2363 2657 2409 sunt
2685 2362 2738 2408 et
2786 2354 2905 2411 sine
2951 2354 3059 2412 line
3113 2360 3391 2411 mansura.

1808 2444 1919 2501 Hoc
1947 2446 2103 2502 nobis
2130 2446 2504 2503 indesinenter
2550 2449 2858 2514 orantibus,
2901 2457 3018 2503 uta
3051 2459 3399 2506 sacramento

1805 2536 2100 2608 singularis
2131 2536 2257 2593 fidei
2301 2554 2461 2596 nemo
2492 2539 2804 2595 inveniatur
2854 2541 3082 2608 alienus,
3111 2543 3206 2598 sed
3247 2543 3401 2599 dam-

1806 2640 1934 2683 nata
1986 2628 2271 2701 impietate
2323 2631 2595 2686 haereseos
2635 2630 2840 2687 nullum
2868 2633 2936 2688 de
2974 2634 3280 2705 perditione
3306 2651 3402 2691 cu-

1800 2722 2058 2796 jusquam
2108 2723 2375 2779 catholica
2437 2723 2682 2780 Ecclesia
2736 2724 2934 2779 sentiat
2986 2716 3398 2783 detrimentum.

1805 2816 1958 2885 Quod
2015 2827 2196 2873 autem
2248 2817 2510 2889 pietatem
2571 2820 2808 2874 vestram
2872 2820 2941 2875 de
2989 2819 3075 2875 bis
3126 2835 3225 2890 per
3265 2834 3402 2893 quos

1804 2922 1954 2963 meas
2005 2908 2126 2964 misi
2166 2907 2424 2979 epistolas
2465 2910 2775 2977 obsecravi,
2810 2925 2954 2966 nunc
2985 2912 3208 2983 quoque
3235 2908 3401 2969 simili

1806 3001 2008 3057 fiducia
2058 3017 2285 3073 precor,
2340 3015 2400 3058 ut
2449 3004 2565 3059 vice
2613 3019 2732 3060 mea
2790 3016 3009 3061 acturos
3057 3006 3404 3062 commenda-

1806 3102 1891 3150 tos
1919 3110 2016 3165 per
2042 3095 2223 3150 omnia
2282 3094 2483 3151 habere
2514 3095 2831 3167 dignemini,
2861 3112 2968 3167 quo
2992 3096 3205 3153 facilius
3228 3107 3286 3156 et
3317 3097 3401 3154 di-

104 3164 328 3221 cuisset.
376 3163 454 3221 Ne
498 3180 629 3238 ergo
672 3165 816 3236 quod
872 3165 1016 3221 inter
1078 3164 1402 3239 longinquas
1451 3167 1700 3240 regiones

1807 3161 2059 3259 ligentius
2088 3202 2207 3258 qua:
2234 3187 2439 3258 optimo
2471 3161 2599 3243 fidei
2622 3161 2826 3244 vestrae
2857 3161 3107 3245 ordinata
3138 3199 3264 3247 sunt
3293 3198 3405 3246 stu-

104 3256 352 3314 accidcre
381 3255 539 3324 solet,
569 3265 628 3312 ut
656 3256 853 3312 nimias
896 3256 1186 3314 dilationes
1228 3259 1514 3314 tenderent
1552 3259 1699 3314 veri-
1732 3282 1741 3289 η

105 3350 236 3404 tatis
281 3349 559 3414 examina,
590 3345 789 3404 fratres
826 3356 882 3403 et
921 3351 1272 3421 coepiscopos
1326 3360 1543 3408 nostros
1592 3350 1700 3407 Ha-

104 3440 366 3498 bundium
397 3450 451 3497 et
478 3440 772 3508 Asterium,
798 3441 894 3497 sed
917 3449 973 3496 et
995 3440 1251 3497 Basiliam
1276 3449 1330 3498 et
1353 3441 1698 3511 Senatorem,

103 3535 454 3606 presbyteros
478 3574 493 3597 ,
535 3532 947 3603 probatissimos
987 3533 1135 3588 viros
1168 3542 1224 3589 et
1255 3534 1699 3604 probatissimum

103 3627 407 3699 principem
437 3641 561 3681 cum
587 3623 872 3681 sufficienti
919 3634 1271 3696 paternarum
1311 3628 1698 3683 auctoritatum

107 3718 465 3773 instructione
487 3715 871 3771 direxerimus.
903 3714 1049 3783 Quos
1081 3717 1136 3771 in
1167 3716 1451 3781 omnibus,
1500 3717 1699 3775 fratres

106 3808 437 3874 clarissimi,
466 3807 743 3880 diligentia
766 3822 830 3865 ac
860 3807 1223 3864 sollicitudine
1248 3819 1430 3865 vestra
1452 3812 1701 3882 cupimus

108 3899 371 3971 adjuvari,
399 3907 457 3952 ut
488 3899 736 3968 impietas
773 3914 893 3970 qua:
921 3900 1078 3955 caecis
1117 3901 1340 3958 ausibus
1378 3902 1433 3957 in
1459 3903 1700 3961 exitialia

106 3993 334 4063 abrupta
399 3990 711 4061 processit,
762 3991 1035 4061 simplices
1089 4008 1332 4064 quosque
1399 3995 1697 4066 decipiendi

107 4084 335 4140 ulterius
364 4098 469 4138 non
500 4083 695 4138 habeat
724 4092 1046 4153 potestatem
1072 4124 1088 4150 ,
1130 4101 1252 4139 cum
1293 4087 1502 4156 aptiore
1533 4087 1702 4143 medi-

108 4176 228 4231 cina
264 4175 430 4229 etiam
477 4173 581 4229 illis
612 4177 893 4244 cupiamus
938 4192 1034 4246 per
1074 4178 1429 4233 correctionis
1463 4181 1699 4237 remedia

109 4266 383 4323 Subveniri
409 4308 423 4330 ,
471 4266 564 4337 qui
614 4274 707 4321 aut
748 4267 1016 4337 imperitia
1044 4279 1168 4323 sunt
1198 4268 1354 4341 lapsi,
1392 4282 1486 4325 aut
1515 4286 1701 4328 errore

112 4359 362 4415 traducti.
390 4358 457 4413 Et
482 4360 602 4414 ideo
629 4374 724 4413 vos
745 4361 836 4430 qui
855 4359 1228 4429 justiticamini
1256 4377 1352 4432 per
1377 4362 1536 4417 fidem
1560 4405 1575 4429 ,
1605 4365 1699 4436 qui

109 4452 431 4508 catholicam
494 4450 717 4523 diligitis
774 4453 1103 4517 veritatem,
1160 4458 1236 4523 ,ζει
1296 4453 1362 4509 de
1433 4455 1696 4525 singulari

108 4554 446 4602 sacramento
481 4544 669 4600 Salutis
720 4545 965 4600 humanae
1001 4560 1100 4615 per

109 4642 240 4696 estis
280 4639 457 4694 edocti
486 4678 501 4704 ,
538 4638 872 4695 collaborate
920 4641 1201 4694 nobiscum
1229 4681 1243 4703 ,
1276 4649 1328 4694 et
1360 4650 1559 4709 quanta
1605 4657 1698 4710 po-

112 4736 263 4791 testis
290 4733 573 4788 devOtione
614 4734 665 4786 id
712 4734 853 4804 agite
876 4773 891 4795 ,
938 4740 996 4785 ut
1026 4732 1263 4786 falsitate
1298 4733 1570 4787 destructa
1598 4773 1613 4798 ,
1645 4742 1702 4788 et

113 4827 234 4881 lidei
256 4826 528 4882 soliditate
558 4825 803 4885 defensa.
852 4840 1044 4879 secura
1086 4842 1181 4893 per
1227 4834 1397 4879 totum
1441 4826 1698 4880 mundum

115 4916 209 4971 Dei
254 4930 390 4986 pace
436 4916 735 4989 potiantur.
784 4916 916 4970 Data
974 4918 1184 4971 decimo
1229 4928 1381 4971 sexto
1430 4917 1701 4973 Kalendas

113 4992 332 5083 Augusti
363 5053 377 5075 ,
416 5012 786 5066 Valentiniano
811 5050 826 5074 ,
859 5024 913 5065 et
955 5016 1197 5081 Augusto
1230 5011 1293 5066 Vl
1316 5053 1331 5075 ,
1365 5021 1420 5066 et
1467 5012 1700 5076 Aniene,

115 5105 246 5159 viris
275 5102 589 5158 clarissimis
620 5102 933 5157 consulibus
985 5118 1092 5156 {era
1135 5117 1237 5166 qua
1271 5118 1454 5173 supra.

470 5220 589 5277 XX.
622 5252 692 5262 —
714 5220 793 5274 Ad
840 5219 1170 5275 Martialium
1208 5230 1343 5290 Aug.

188 5315 300 5371 Leo
338 5313 624 5370 Maurum
666 5314 744 5367 Au
752 5322 926 5384 gusto.

190 5408 445 5463 Sanctum
500 5406 800 5462 clementia:
848 5416 1043 5461 vestrce
1085 5407 1321 5461 studium
1372 5421 1480 5478 quo
1524 5407 1591 5462 ad
1614 5423 1702 5463 re-

121 5498 450 5573 parationem
477 5499 624 5569 pacis
659 5498 1040 5554 ecclesiasdcae
1074 5497 1338 5570 synodum
1386 5499 1587 5555 habere
1613 5515 1705 5555 vo-

124 5592 296 5649 luistis
338 5591 475 5647 adeo
499 5590 728 5647 libenter
784 5590 985 5661 accepi,
1038 5600 1099 5646 ut
1143 5592 1393 5661 quamvis
1436 5606 1559 5647 eam
1589 5590 1708 5647 fieri

126 5682 267 5739 intra
298 5681 502 5738 Italiam
537 5683 923 5755 peposcissem,
954 5691 1011 5738 et
1036 5682 1213 5753 aptius
1237 5684 1542 5753 exspectari
1572 5692 1707 5739 tem-

127 5789 227 5849 pus
251 5782 543 5847 optassem,
570 5790 679 5849 quo
701 5774 907 5832 scilicet
942 5772 1161 5846 plurimi
1211 5783 1431 5851 possent
1465 5775 1707 5850 episcopi

1804 3280 1894 3335 dio
1923 3278 2131 3335 salubri
2177 3280 2504 3350 impleantur
2532 3279 2749 3337 affectu.
2778 3281 2914 3337 Data
2951 3292 3151 3354 quarto
3184 3284 3398 3339 decimo

1803 3373 2072 3431 Kalendas
2108 3373 2358 3447 Augusti,
2416 3374 2682 3446 Adelphio
2725 3376 2844 3432 viro
2895 3376 3201 3433 clarissimo
3255 3390 3398 3434 com

1802 3464 1940 3521 sule.

2269 3553 2410 3610 XXI.
2437 3585 2508 3595 —
2531 3555 2615 3610 Ad
2639 3557 2900 3614 eumdem.

1874 3644 1986 3702 Leo
2019 3646 2303 3718 episcopus
2349 3646 2637 3704 MAR'I'IANO
2682 3650 2946 3722 Augusto,
2976 3659 3082 3707 etc.

1875 3738 2133 3806 Quamvis
2157 3754 2256 3809 per
2288 3739 2915 3811 Constantinopolitanos
2938 3744 3164 3801 clericos
3188 3745 3256 3802 ad
3279 3746 3398 3817 pie-

1804 3839 1971 3886 tatem
2028 3840 2266 3886 vestram
2321 3841 2450 3888 ante
2486 3833 2883 3904 rescripserim,
2935 3837 3169 3906 sumptis
3216 3846 3399 3895 tamen

1804 3922 2107 3979 clementia:
2136 3932 2329 3977 vestrae
2369 3921 2565 3979 litteris
2592 3939 2690 3994 per
2729 3925 2900 3980 virum
2954 3925 3217 3982 illustrem
3257 3944 3396 3999 prac-

1802 4012 2007 4070 fectum
2037 4014 2206 4079 urbis,
2241 4013 2409 4069 lilium
2442 4030 2622 4070 meum
2662 4014 2969 4084 Tatianum,
2999 4034 3252 4088 magnam
3284 4036 3400 4075 ma-

1807 4108 2001 4163 teriam
2027 4108 2409 4180 gratulationis
2442 4110 2647 4181 accepi,
2686 4111 2812 4181 quia
2842 4112 3273 4168 studiosissimos
3295 4128 3393 4170 vos

1803 4202 2186 4258 ecclesiasticm
2241 4204 2390 4273 pacis
2415 4204 2631 4274 agnovi.
2678 4202 2775 4259 Cui
2806 4219 2993 4262 saneto
3024 4207 3295 4265 desiderio
3322 4209 3399 4265 di-

1805 4310 1909 4365 gne
1933 4295 2189 4365 arquitate
2219 4293 2520 4361 confertur,
2550 4304 2608 4349 nt
2650 4311 2811 4365 quem
2858 4306 3058 4352 statum
3102 4316 3224 4355 esse
3249 4299 3399 4371 cupi-

1808 4387 1876 4441 tis
1909 4384 2201 4455 religionis,
2234 4386 2485 4441 eumdem
2528 4387 2777 4443 habeatis
2806 4397 2861 4443 et
2886 4390 3058 4461 regni.
3089 4389 3223 4445 Nam
3257 4391 3403 4447 inter

1807 4480 2082 4551 principes
2105 4478 2464 4553 {Christianos
2504 4481 2697 4551 spiritu
2736 4481 2827 4536 Dei
2875 4483 3237 4539 contirmante
3273 4499 3405 4540 con-

1144 4545 1406 4615 Spiritum
1452 4555 1698 4602 sanam“
1730 4551 1781 4611 Ῑ)
1810 4574 2049 4627 cordiam
2071 4613 2085 4636 ,
2131 4574 2345 4641 gemina
2377 4587 2476 4643 per
2516 4582 2687 4627 totum
2721 4577 2979 4629 mundum
3020 4573 3215 4630 fiducia
3248 4575 3405 4631 robo-
3452 4628 3469 4651 α

1812 4675 1981 4731 ratur,
2010 4664 2138 4735 quia
2166 4664 2440 4735 profectus
2485 4666 2772 4723 charitatis
2800 4677 2854 4721 et
2882 4667 3004 4721 fidei
3045 4676 3401 4740 utrorumque

1810 4772 2089 4811 armorum
2136 4757 2432 4826 potentiam
2483 4756 2898 4827 insuperabilem
2949 4757 3101 4823 facit,
3139 4759 3397 4829 utpropi-

1813 4851 1943 4904 tiato
1989 4866 2085 4918 per
2124 4865 2283 4904 unam
2340 4846 2733 4904 confessionem
2785 4849 2915 4914 Deo,
2947 4848 3107 4904 simul
3151 4860 3206 4905 et
3233 4851 3406 4905 haere-

1809 4945 1911 4999 tica
1946 4942 2158 4997 falsitas
2198 4950 2252 4995 et
2276 4941 2504 4996 barbara
2535 4942 2846 4995 destruatur
2874 4940 3165 5006 hostilitas,
3201 4940 3395 5011 glorio-

1807 5035 2023 5091 siSsime
2081 5033 2397 5104 imperator.
2445 5030 2619 5085 Aucta
2692 5032 2856 5103 igitur
2909 5047 3007 5101 per
3057 5032 3398 5104 imperialcm

1819 5126 2105 5182 nuicitiam
2132 5142 2225 5196 spe
2264 5123 2505 5179 cmlestis
2532 5121 2718 5177 auxilii
2754 5121 3116 5177 confidentius
3137 5123 3398 5197 pietatem

1816 5232 2051 5277 vestram
2105 5234 2202 5291 pro
2233 5226 2575 5275 sacramento
2605 5216 2797 5272 salutis
2857 5218 3110 5271 humanae
3155 5218 3390 5272 incitare

1811 5329 2107 5385 praesumo,
2135 5326 2202 5366 ne
2225 5311 2541 5382 cujusquam
2571 5311 2788 5380 procaci
2825 5309 3259 5383 impudentisque
3284 5326 3403 5366 ver-

1813 5406 1973 5472 sutia,
2007 5405 2160 5475 quasi
2186 5403 2253 5458 de
2303 5404 2512 5458 incerto
2546 5404 2677 5473 quid
2713 5404 3050 5473 sequendum
3092 5404 3165 5459 sit
3208 5401 3403 5458 sinatis

1788 5576 1793 5579 _
1812 5500 2034 5572 inquiri.
2060 5501 2265 5555 Etcum
2288 5497 2357 5553 ab
2376 5496 2685 5569 evangelica
2707 5497 3108 5567 apostolicaque
3132 5496 3399 5561 doctrina,

1811 5607 1911 5648 nec
1940 5607 2049 5647 uno
2078 5590 2297 5662 quidem
2329 5589 2496 5644 verbo
2524 5589 2685 5646 liceat
2719 5589 3006 5657 dissidere,
3033 5598 3124 5644 aut
3147 5580 3305 5644 aliter
3332 5587 3403 5643 de

1813 5672 2111 5754 Scripturis
2159 5681 2358 5738 divinis
2404 5695 2599 5754 sapere
2644 5696 2805 5753 quam
2853 5681 2999 5736 beati
3048 5677 3289 5752 Apostoli
3344 5684 3403 5732 et

1810 5783 1995 5848 patres
2021 5774 2192 5831 nostri
2219 5772 2641 5861 didicereatque
2669 5773 2992 5857 docuerunt,
3017 5787 3160 5831 nunc
3181 5772 3401 5835 demum
