3968 6452
546 341 656 402 ’195

1696 332 1795 391 ω
1819 329 1996 391 διο.
2026 331 2121 389 ιχ.
2159 361 2231 375 -
2263 329 2558 391 tswoms
2610 328 3058 390 uescaroms

3788 318 3803 325 ι

550 453 970 528 indisciplinata
1032 456 1357 508 moveantur
1412 457 1468 505 et
1544 447 1725 521 impia
1784 448 2140 520 quaestiones,
2171 453 2220 514 Α
2245 445 2551 502 luitvestra
2607 443 2921 513 διακαῆ,
2955 445 3029 503 ah
3054 442 3150 503 illo
3186 442 3431 505 caedetis
3464 443 3670 507 abesse
3718 462 3863 507 oon.

551 564 689 622 quas
738 547 867 603 olim
918 561 1043 601 mox
1070 551 1130 599 ut
1158 557 1252 597 eas
1275 554 1371 611 per
1402 548 1525 611 apta
1572 540 1674 595 sibi
1702 540 1863 595 corda
1896 537 2145 594 diabolus

551 640 830 702 excitavit,
864 653 962 710 per
1002 633 1295 705 discipulos
1330 631 1579 687 veritatis
1627 629 1866 702 Spiritus
1917 638 2144 686 sanctus

552 730 834 788 exstinxit.
893 726 1066 782 Nimis
1099 738 1281 780 alitem
1314 724 1559 795 iniquum
1595 732 1700 787 est,
1727 733 1787 777 ut
1812 736 1912 793 per
1940 735 2144 792 pauco-

554 835 676 877 rum
707 817 1073 888 insipientiam
1107 815 1176 871 ad
1216 814 1560 887 conjecturas
1586 812 1903 885 opinionum
1924 820 1981 867 et
2006 810 2147 868 bella

555 926 892 977 revocemur,
919 918 1179 979 tanquam
1213 916 1462 978 reparata
1491 906 1881 978 disceptatione
1905 912 2149 961 tractan-

557 1002 685 1058 dum
715 1001 817 1066 sit,
871 1011 1051 1055 utrum
1080 999 1351 1071 Eutyches
1378 997 1542 1070 impie
1590 997 1858 1063 senserit,
1884 1003 1941 1051 et
1962 1003 2147 1050 utrum

558 1094 722 1163 impie
763 1093 1053 1149 Dioscorus
1090 1092 1369 1165 judicarit,
1411 1091 1504 1162 qui
1553 1091 1607 1146 in
1636 1098 1839 1147 sancta
1869 1090 2147 1145 memoria

556 1186 803 1243 Flaviani
844 1185 1300 1242 condemnatiune
1333 1200 1393 1240 se
1427 1182 1679 1255 perculit,
1708 1191 1763 1239 et
1788 1181 2150 1253 simpliciores

558 1295 805 1354 quosque
843 1288 903 1334 ut
946 1278 999 1333 in
1028 1277 1274 1333 eamdem
1307 1276 1522 1331 ruinam
1567 1273 2021 1346 provolverentur
2046 1273 2150 1327 im-

558 1373 729 1446 pegit,
757 1385 988 1443 quorum
1040 1369 1226 1425 multis
1244 1367 1376 1439 jam,
1410 1376 1469 1423 ut
1495 1366 1871 1440 cognovimus,
1901 1364 1969 1421 ad
1997 1363 2151 1420 satis-

508 1519 513 1524 .
562 1462 823 1520 factionis
863 1462 1102 1518 remedia
1159 1462 1460 1527 conversis,
1502 1469 1561 1516 et
1606 1459 1824 1537 veniam
1860 1458 1930 1515 de
1956 1457 2151 1513 incon-

561 1554 727 1611 stanti
776 1551 1138 1624 trepidatione
1166 1552 1534 1624 poscentibus,
1576 1564 1683 1606 non
1735 1547 2041 1620 cuiusmodi
2080 1545 2153 1604 sit

562 1647 701 1704 ﬁdes
748 1648 1091 1703 tractandum
1119 1654 1243 1714 est,
1271 1646 1365 1701 sed
1395 1659 1582 1701 eorum
1612 1642 1870 1715 precibus
1914 1640 2153 1714 qualiter

564 1742 936 1797 annitendum.
1011 1738 1164 1796 Unde
1218 1738 1477 1809 piissima
1544 1734 1897 1793 sollicitudini
1953 1741 2152 1790 vestra

2252 536 3860 615 cilio,euminltislratrihqequsdinxi,iden,

2249 628 2617 687 Paschasiano
2675 640 2733 685 et
2777 629 3044 695 Lucentio
3103 632 3396 703 episeqiis,
3451 633 3753 697 Bonifatio
3810 654 3871 703 α

2250 719 2454 779 Basilio
2483 721 2843 794 presbyteris,
2875 721 2975 778 sed
2991 729 3049 777 et
3074 721 3247 780 fratre
3272 738 3396 779 meo
3416 723 3668 794 Iuliano,
3692 745 3873 800 (ιι.

2250 827 2444 869 eorum
2469 812 2621 869 volui
2665 826 2791 869 esse
2814 813 3162 887 participem,
3193 814 3360 873 etiam
3420 831 3545 872 mea
3603 819 3683 874 sit
3712 824 3873 879 alti-

2252 907 2450 963 manda
2495 906 2838 979 pauitentia.
2882 906 3031 975 Quos
3084 906 3385 965 auxiliante
3423 908 3659 968 Christo
3685 914 3869 987 ita):-

2251 1010 2439 1057 cturos
2462 1016 2586 1057 esse
2606 1000 2846 1068 conﬁdo,
2875 1009 2936 1057 ut
2960 1014 3025 1057 ea
3065 1016 3189 1072 qua
3236 1001 3470 1069 Domino
3519 1013 3721 1061 nostro
3745 1005 3860 1080 pln-

2251 1100 2432 1159 ccant,
2471 1092 2859 1159 decernuntur,
2912 1093 3209 1149 accedente
3235 1093 3460 1164 pietatis
3503 1106 3710 1153 vestra
3742 1109 3857 1154 stn-

2252 1181 2367 1248 dio,
2428 1184 2575 1253 quod
2603 1191 2659 1238 et
2685 1182 2812 1254 paci
2859 1182 3038 1254 prosit
3077 1191 3135 1239 et
3169 1183 3424 1253 religioni
3476 1184 3553 1253 sit
3606 1189 3861 1243 custodia

2250 1274 2524 1345 veritatis.
2555 1275 2690 1349 Data
2716 1291 2771 1332 vi
2808 1273 3081 1347 Kmidas
3101 1273 3575 1348 Junii,'Adelpbio
3598 1279 3724 1335 viro
3751 1280 3860 1336 cla-

2252 1364 2474 1422 rissimo
2501 1365 2743 1434 consule,
2774 1381 2883 1422 ara
2912 1382 3019 1438 qua
3051 1382 3172 1439 sup.

2610 1450 2613 1457 ’
2710 1446 2717 1455 ’
2748 1456 2937 1535 XXIII.
3092 1460 3351 1516 eumdem.

2323 1548 2438 1609 Leo
2462 1566 2752 1625 episcopus
2792 1536 3080 1623 Min-rimo
3100 1552 3361 1626 Augusto,

2327 1641 2547 1699 Multam
2571 1644 2705 1699 mihi
2726 1641 2980 1700 ﬁduciam
3007 1644 3280 1725 scribendi
3302 1644 3373 1701 ad
3395 1644 3757 1725 clementiam
3778 1661 3867 1705 ve-

2253 1743 2425 1790 stram
2452 1743 2510 1790 et
2537 1734 2735 1790 littera
2756 1742 2973 1802 vestra,
3021 1718 3161 1807 quas
3206 1718 3527 1794 reuerenter
3575 1732 3793 1813 accepi,
3818 1750 3867 1798 et

565 1820 728 1909 quam
775 1836 841 1891 de
886 1826 1171 1891 indicenda
1225 1834 1430 1908 synodo
1478 1832 1681 1889 habere
1724 1830 2028 1903 dignemini
2055 1845 2153 1902 per
2178 1856 2230 1920 Β
2256 1827 2561 1913 coepiscopi
2589 1828 2697 1884 mei
2718 1837 3057 1885 revertentes
3105 1828 3576 1903 Constantinopoli
3628 1832 3866 1907 praebue-

564 1928 893 2000 legationem
931 1943 1052 1999 qua
1104 1926 1391 1984 confestim
1439 1926 1507 1982 ad
1534 1925 1865 1981 dementiam
1911 1931 2152 1981 vestram

564 2016 680 2076 Dco
715 2030 992 2079 annuente
1020 2020 1321 2093 perveniet,
1351 2018 1613 2091 quidquid
1639 2016 1709 2074 ad
1736 2033 1917 2075 causa
1948 2017 2155 2077 utilita-

565 2122 677 2173 tem
707 2115 945 2170 arbitror
1004 2115 1301 2186 pertinere,
1356 2113 1568 2184 plenius
1603 2122 1768 2184 atque
1795 2109 2158 2184 opportunius

566 2198 915 2279 suggeretur.
975 2203 1108 2257 Data
1150 2219 1295 2259 nono
1342 2201 1610 2258 Kalendas
1662 2196 1813 2269 Maii,
1865 2200 2165 2265 Adhelesio,

566 2302 687 2358 viro
707 2299 1015 2357 clarissimo
1038 2297 1282 2364 consule,
1312 2312 1421 2352 ara
1446 2311 1551 2365 qua
1581 2309 1766 2366 supra.

1069 2390 1237 2447 XXII.
1271 2390 1353 2444 Ad
1375 2390 1637 2445 eumdem.

637 2484 751 2542 Lso
780 2485 1067 2557 episcopus
1095 2483 1385 2539 MABTIANO
1412 2482 1678 2553 Augusto.

640 2575 1005 2649 Poposceram
1037 2575 1258 2648 quidem
1288 2590 1317 2629 a
1350 2574 1585 2647 gloriosa
1639 2572 1931 2629 clementia
1956 2579 2161 2640 vestra,

569 2677 633 2727 ut
661 2668 929 2742 synodum
968 2683 1131 2738 quam
1162 2667 1230 2723 ad
1268 2667 1628 2737 reparandam
1660 2664 1945 2722 orientalis
1973 2664 2164 2721 Eccle-

570 2760 669 2821 sia
706 2777 922 2834 pacem,
953 2777 984 2839 ει
1014 2761 1169 2816 nobis
1196 2760 1361 2816 etiam
1396 2759 1622 2832 petitam
1652 2758 2023 2817 necessariam
2069 2758 2164 2831 ju-

572 2840 801 2933 dicastis
830 2852 1223 2924 aliquantisper
1245 2849 1453 2907 differri
1484 2851 1551 2908 ad
1577 2860 1790 2923 tempus
1810 2851 2169 2922 opportunius

568 2936 853 3020 juberetis,
897 2954 955 3001 ut
976 2944 1320 3001 liberioribus
1340 2946 1410 3001 ab
1436 2946 1585 3001 omni
1616 2945 2030 3016 perturbatione
2052 2944 2171 2999 ani-

574 3028 707 3107 mis,
750 3038 827 3095 illi
877 3054 1094 3111 quoque
1142 3038 1381 3110 episcopi
1435 3051 1573 3109 quos
1624 3035 1943 3093 hostilitatis
1988 3045 2169 3093 metus

578 3120 790 3193 detinet
827 3122 1199 3191 convenirent.
1253 3131 1359 3188 Sed
1404 3132 1530 3204 quia
1568 3130 1660 3204 pio
1684 3131 1895 3202 'studio]
1917 3129 2171 3187 humanis

2260 1931 2407 1991 runt,
2432 1937 2540 1979 non
2572 1921 2689 1978 sola
2712 1921 3013 1979 assertione
3047 1923 3362 1989 verborum,
3408 1925 3509 1981 sed
3555 1923 3698 1996 ipsis
3750 1941 3865 1999 cpe-

2259 2031 2382 2072 rum
2400 2012 2683 2072 effectibus
2712 2016 3175 2084 demonstrantes,
3229 2017 3300 2073 ad
3346 2017 3738 2076 defensionem
3782 2038 3861 2077 cae

2262 2110 2476 2189 tholica:
2496 2110 2621 2167 ﬁdei
2647 2109 2893 2167 divinum
2918 2110 2975 2167 in
2998 2110 3152 2167 vobis
3180 2111 3365 2182 vigere
3385 2112 3735 2183 prasidium.
3763 2114 3867 2183 Quo

2264 2203 2450 2279 utique
2474 2218 2583 2259 non
2618 2201 2792 2258 solum
2823 2201 3082 2263 Ecclesia:
3101 2196 3293 2271 status,
3325 2204 3424 2262 sed
3474 2204 3649 2261 etiam
3709 2207 3869 2262 vestri

2263 2298 2431 2354 robur
2453 2296 2693 2353 munitur
2730 2295 2965 2367 imperii,
3030 2304 3090 2350 ut
3138 2297 3334 2352 merito
3379 2297 3500 2369 ejus
3541 2300 3872 2370 exspectetis

2267 2374 2684 2463 protectionem,
2729 2387 2886 2460 cujus
2923 2386 3099 2444 colitis
3129 2388 3436 2457 veritatem,
3482 2389 3873 2462 gloriosissime

2267 2479 2582 2553 imperator.
2615 2476 2776 2545 Nam,
2806 2486 2864 2533 ut
2898 2476 3085 2539 fratris
3114 2464 3218 2534 mei
3239 2477 3517 2534 Anatholii
3542 2479 3719 2535 citius
3766 2496 3869 2533 ma-

2267 2570 2622 2629 nifestaretur
2651 2570 2954 2641 integritas,
2984 2580 3042 2626 et
3061 2568 3191 2626 olim
3224 2570 3469 2626 damnati
3497 2573 3719 2626 erroris
3746 2570 3870 2625 redi-

2268 2666 2425 2722 vivus
2460 2670 2703 2721 assertor
2722 2662 2901 2720 locum
2925 2663 2981 2718 in
3003 2662 3205 2720 Christi
3236 2661 3479 2721 Ecclesia
3538 2678 3652 2719 non
3710 2663 3867 2718 habe-

2270 2766 2376 2824 ret,
2403 2765 2464 2813 ιιι
2491 2756 2746 2814 catholici
2768 2757 3029 2829 episcOpi,
3087 2770 3226 2828 quos
3258 2772 3430 2829 nuper
3487 2756 3869 2813 haereticorum

2269 2849 2578 2923 persecutio
2605 2850 2900 2920 degravare
2924 2838 3041 2905 non
3053 2850 3231 2921 potuit
3264 2850 3334 2905 ab
3375 2848 3593 2921 injuSti's
3639 2864 3867 2906 revom-

2270 2950 2463 2998 rentur
2480 2930 2707 3009 eisiliis,
2735 2950 2899 3012 atque
2945 2940 3188 3012 reliquiis
3208 2942 3380 2999 beata
3423 2944 3711 2999 memoria
3760 2940 3865 2998 Fla-

2276 3036 2422 3091 viani
2451 3035 2614 3107 digno
2652 3036 2858 3092 honore
2880 3036 3172 3107 susceptis,
3202 3036 3539 3108 impietatem
3573 3053 3736 3095 suam
3756 3056 3864 3096 σαι·

2274 3127 2560 3185 demnator
2606 3125 2723 3199 ejus
2776 3138 3119 3202 agnosceret,
3163 3138 3357 3185 vestra
3405 3131 3627 3187 virtutis
3675 3134 3864 3200 titulus.

578 3226 814 3299 negotiis
863 3222 1044 3280 divina
1095 3221 1431 3295 praeponitis,
1472 3232 1529 3278 et
1571 3220 1968 3277 rationabiliter
1991 3235 2055 3276 ac
2084 3235 2174 3277 re-
2197 3223 2247 3291 c
2274 3229 2470 3278 vestra
2492 3220 2713 3292 pietatis
2737 3230 2821 3277 est
2841 3220 3081 3289 fructus;
3108 3221 3197 3277 cui
3222 3221 3437 3278 conﬁdo
3452 3223 3623 3279 etiam
3651 3223 3866 3281 aliarum

579 3316 774 3392 ligiose
801 3316 955 3391 regni
1001 3315 1169 3371 vestri
1202 3314 1410 3370 viribus
1456 3314 1685 3370 creditis
1730 3310 2097 3385 profuturum,
2127 3310 2175 3369 si

583 3409 730 3466 nulla
759 3408 831 3465 sit
865 3409 918 3464 in
944 3406 1292 3465 sacerdotum
1339 3405 1588 3462 sensibus
1637 3405 1998 3471 dissonantia,
2028 3403 2175 3459 nulla

583 3503 656 3559 sit
688 3503 744 3558 in
785 3501 1062 3575 Evangelii
1115 3500 1505 3573 praedicatione
1535 3498 1831 3567 discordia,
1881 3513 1983 3570 ego
2008 3497 2176 3553 etiam

582 3596 784 3652 vestris
832 3593 1277 3671 dispositionibus
1328 3608 1436 3648 non
1488 3590 1719 3659 renitor,
1762 3598 1956 3662 optans
1977 3597 2038 3644 ut
2060 3604 2179 3646 om-

585 3688 736 3742 nium
767 3684 1023 3743 cordibus
1054 3684 1321 3741 catholica
1359 3682 1513 3749 ﬁdes,
1543 3698 1666 3754 qua
1708 3697 1817 3738 non
1849 3688 2029 3754 potest
2071 3679 2179 3738 nisi

584 3796 694 3836 una
718 3794 858 3848 esse,
889 3779 1154 3836 ﬁrmetur.
1183 3777 1228 3832 A
1250 3778 1407 3850 cujus
1454 3775 1769 3848 integritate
1804 3782 1862 3831 et
1890 3773 2179 3832 Nestorius

584 3880 768 3938 antea,
813 3877 869 3926 et
913 3885 1058 3927 nunc
1087 3869 1361 3942 Eutyches
1387 3867 1616 3924 diversis
1642 3865 1862 3937 quidem
1913 3864 2175 3934 callibus,

582 3964 681 4021 sed
720 3963 997 4034 impietate
1034 3978 1141 4017 non
1185 3962 1420 4033 impares
1469 3959 1773 4025 deviarunt,
1825 3956 2175 4014 abominandi

582 4071 813 4129 prorsus
827 4054 1270 4127 persuasionibus
1284 4053 1398 4109 suis
1415 4067 1551 4124 quas
1572 4061 1759 4108 contra
1783 4052 2006 4119 sinceri,
2038 4050 2176 4118 veri,

583 4148 807 4206 luminis
836 4148 1039 4204 fontem
1072 4149 1140 4204 de
1170 4148 1404 4204 εωιιοδίε
1443 4147 1667 4204 lacubus
1699 4148 1977 4204 diabolica
2027 4147 2177 4204 falsi-

552 4239 715 4295 ,tatis
743 4237 1062 4295 hauserunt.
1094 4238 1249 4294 Prior
1283 4239 1469 4310 itaque
1500 4238 1739 4310 synodus
1768 4237 2038 4310 Ephesina
2070 4237 2178 4296 Ne-

584 4333 813 4389 storium
834 4348 956 4388 cum
974 4332 1223 4404 dogmate
1243 4347 1342 4388 suo
1365 4331 1529 4404 196
1552 4329 2004 4404 meritojusteque
2016 4330 2171 4386 dam-

585 4426 761 4494 navit,
794 4435 849 4482 et
878 4427 1127 4498 quisquis
1161 4427 1212 4482 in
1245 4426 1335 4482 iilu
1364 4442 1555 4481 errore
1585 4425 1828 4496 perstitit
1870 4427 1938 4481 ad
1973 4425 2175 4483 nullius

581 4526 765 4593 putest
791 4534 947 4590 spem
971 4518 1195 4573 remedii
1212 4518 1507 4589 pertinere.
1538 4516 1785 4589 Sequens
1807 4533 1935 4573 vero
1960 4519 2014 4571 in
2036 4532 2176 4589 pra-

2276 3312 2510 3385 insignia
2545 3312 2937 3369 accumulanda
2966 3312 3290 3384 palmarum.
3328 3313 3400 3371 Ut
3423 3315 3571 3371 sicut
3613 3316 3869 3372 Constan-

2277 3404 2629 3475 tiuopolitana
2645 3404 2886 3462 Ecclesia
2910 3414 3122 3476 recepta
3141 3406 3451 3477 apostolica
3474 3407 3606 3463 ﬁdei
3626 3408 3867 3465 libertate

2278 3497 2517 3566 laetatur,
2540 3498 2613 3554 ita
2640 3513 2831 3556 omnes
2864 3498 3013 3573 regni
3046 3499 3212 3555 vestri
3242 3501 3534 3570 provincia
3556 3505 3867 3559 emundatas

2278 3608 2339 3650 se
2361 3609 2391 3648 a
2413 3592 2665 3651 diabolici
2686 3592 3298 3667 dogmatisjcontagione
3317 3594 3638 3665 glorientur.
3660 3595 3736 3654 Ut
3756 3613 3869 3669 ergo

2278 3684 2711 3757 pracedentibus
2733 3685 2929 3743 litteris
2958 3685 3213 3753 iudicavi,
3244 3685 3444 3743 fratres
3485 3704 3640 3746 meos
3669 3689 3868 3746 Lm

2279 3792 2394 3833 sem
2418 3777 2730 3850 episcopum
2758 3786 2813 3834 et
2840 3776 3097 3855 Basiliqu
3123 3779 3501 3851 presbyterum
3530 3782 3627 3852 qui
3682 3784 3864 3840 sollici-

2281 3869 2485 3926 tudinis
2515 3882 2648 3926 mea
2676 3877 2861 3941 partes
2910 3869 3124 3940 possint
3174 3870 3402 3941 implere
3457 3871 3662 3941 direxi,
3716 3874 3859 3930 favori

2278 3974 2375 4035 eos
2394 3960 2615 4032 pietatis
2655 3970 2853 4018 vestra
2898 3961 2952 4016 in
3003 3963 3279 4029 omnibus,
3329 3979 3453 4034 qua
3493 3975 3624 4020 sunt
3681 3972 3858 4040 agenda

2279 4052 2692 4109 commendans.
2761 4050 2897 4107 Nam
2940 4068 3064 4108 cum
3122 4063 3177 4110 et
3246 4052 3432 4110 fratris
3486 4058 3595 4111 mei
3652 4059 3863 4113 Anatolii

2278 4144 2501 4217 scriptis
2530 4153 2586 4201 et
2613 4154 2923 4201 nostrorum
2977 4161 3232 4203 sermone
3278 4150 3635 4218 cognoverim
3690 4153 3858 4207 multos

2278 4238 2346 4296 de
2373 4239 2459 4295 his
2478 4238 2571 4311 qui
2600 4240 2743 4311 apud
2768 4239 3043 4309 Ephesum
3068 4240 3316 4299 Dioscori
3338 4242 3584 4299 factione
3599 4245 3861 4315 compulsi.

2278 4331 2347 4388 de
2368 4331 2652 4387 stabilibus
2673 4332 2891 4388 statutis
2918 4333 3289 4403 paenitendum
3325 4336 3616 4404 prabuere
3663 4353 3866 4393 consen-

2277 4439 2398 4480 sum
2426 4424 2804 4481 incoustantia
2814 4439 2926 4480 sua
2942 4425 3151 4480 veniam
3165 4426 3460 4496 postulare,
3484 4438 3538 4482 et
3552 4431 3868 4484 communio-

2278 4531 2402 4572 nem
2425 4516 2748 4574 catholicam
2775 4533 2874 4589 per
2902 4516 3328 4574 satisfactionem
3382 4522 3747 4576 correctionis
3791 4537 3867 4576 ex-

584 4610 728 4667 dicta
750 4611 971 4667 civitate
1009 4626 1115 4667 non
1158 4625 1377 4682 possum
1432 4625 1631 4665 vocare
1683 4610 1996 4677 concilium,
2032 4611 2177 4683 quod
2202 4611 2257 4673 D
2281 4619 2468 4681 petere
2493 4608 2733 4664 nonfuit
2763 4608 2949 4663 talium
2972 4609 3291 4681 negligenda
3318 4612 3631 4678 conversio,
3665 4615 3755 4684 qui
3778 4630 3867 4667 non

584 4702 639 4759 in
669 4705 1010 4760 eversionem
1042 4703 1168 4759 ﬁdei
1198 4702 1365 4760 fuisse
1409 4712 1628 4759 constat
1673 4704 1956 4775 agitatum,
2008 4706 2181 4775 quod-

583 4811 691 4870 que
758 4806 935 4853 vcstra
1005 4796 1291 4853 clementia
1341 4811 1527 4852 amore
1582 4796 1831 4852 veritatis
1896 4796 2182 4854 catholicis

586 4887 820 4944 aﬁ‘utura
868 4888 1016 4944 aliud
1076 4888 1366 4944 statuendo
1415 4889 1737 4959 quassavit,
1791 4888 2181 4961 gloriosissime

587 4980 905 5053 imperator.
940 4979 1093 5037 Unde
1116 4996 1217 5052 per
1247 4980 1424 5052 ipsum
1468 4979 1756 5036 Dominum
1814 4990 2058 5036 nostrum
2086 4979 2180 5036 Je-

587 5086 709 5131 Sum
735 5072 1033 5139 Christum,
1058 5073 1152 5145 qui
1182 5072 1334 5145 regni
1363 5073 1530 5127 vestri
1560 5081 1643 5128 est
1666 5082 1861 5128 auctor
1882 5084 1938 5129 et
1969 5081 2175 5139 rector,

587 5163 833 5221 obtestor
881 5174 938 5221 et
987 5166 1219 5223 obsecro
1279 5163 1630 5221 clementiam
1681 5174 1945 5232 vestram,
2004 5174 2064 5220 ut
2123 5166 2179 5221 in

589 5257 846 5329 praesenti
878 5257 1085 5330 synodo
1110 5257 1271 5313 ﬁdem
1318 5271 1480 5326 quam
1505 5254 1651 5311 beati
1676 5253 1868 5312 Patres
1887 5256 2064 5330 nostri
2110 5255 2180 5313 ab

593 5350 853 5423 apostolis
875 5329 977 5406 sibi
1002 5350 1259 5405 traditam
1317 5348 1685 5420 praedicarunt
1730 5365 1836 5404 non
1883 5329 2178 5419 .patiamini

591 5444 749 5517 quasi
777 5443 998 5501 dubiam
1036 5442 1343 5510 retractari,
1380 5451 1436 5499 et
1459 5457 1580 5514 qua
1606 5441 1735 5497 olim
1760 5440 2024 5515 majorum
2056 5450 2185 5498 sunt

593 5540 921 5598 auctoritate
942 5539 1199 5594 damnata
1230 5537 1493 5594 redivivis
1518 5554 1624 5594 non
1652 5537 1984 5610 permittatis
2012 5552 2182 5594 cona-

595 5632 740 5689 tibus
767 5628 1016 5687 excitari.
1050 5627 1295 5701 llludque
1340 5628 1523 5701 potius
1567 5627 1821 5701 jubeatis,
1863 5637 1923 5684 ut
1962 5627 2211 5703 antique,

595 5724 827 5782 Nicana
855 5721 1044 5798 synodi
1071 5721 1385 5790 constituta,
1419 5729 1627 5778 remota
1670 5721 2056 5779 hareticorum
2104 5720 2187 5778 in-

597 5820 1005 5892 terpretatione,
1034 5825 1409 5892 permaneant.
1454 5815 1566 5873 Nec
1590 5830 1678 5873 me
1703 5817 1977 5890 quodque,
2002 5824 2064 5873 ut
2091 5831 2186 5875 vo-

2283 4703 2506 4775 proprio
2534 4717 2717 4768 sensu,
2744 4700 2837 4756 sed
2880 4701 3030 4771 impii
3084 4702 3495 4772 prasumptoris
3553 4704 3782 4774 impulsu
3824 4706 3867 4757 in

2285 4797 2403 4855 hac
2430 4797 2686 4854 incidisse
2714 4805 3034 4862 noscuntur,
3063 4796 3117 4850 in
3153 4796 3353 4868 quibus
3381 4796 3620 4852 liberum
3655 4815 3757 4854 non
3786 4800 3865 4852 lia-

2284 4892 2453 4949 buere
2474 4887 2761 4959 judicium.
2792 4887 2869 4942 Ne
2899 4888 3082 4958 itaque
3128 4888 3571 4959 resipiscentiuni
3620 4890 3863 4946 desideria

2287 5003 2438 5043 mora
2467 4987 2680 5060 longior
2702 4987 2970 5059 fatigaret,
2997 4986 3085 5040 vel
3116 4986 3387 5041 incuriosa
3413 4985 3655 5042 facilitas
3686 4998 3863 5043 temere

2284 5080 2492 5150 aliquos
2514 5088 2569 5136 et
2597 5080 2713 5135 sine
2734 5078 3058 5135 discretione
3081 5078 3379 5147 susciperet
3403 5116 3422 5143 ,
3453 5078 3759 5149 injunctum
3793 5086 3863 5133 est

2284 5174 2352 5228 ab
2375 5171 2669 5242 apostolica
2700 5169 2840 5225 Sede
2870 5169 3093 5225 directis
3127 5168 3264 5224 utin
3285 5170 3625 5225 consortium
3656 5185 3763 5224 sua
3786 5169 3862 5223 de-

2289 5263 2636 5319 liberationis
2681 5262 2855 5317 accito
2882 5253 3498 5333 Constantinoptﬂitana
3544 5263 3697 5319 urbis
3744 5262 3862 5323 anti-

2286 5357 2415 5414 stite
2434 5367 2490 5412 et
2515 5355 2835 5426 pestilentia
2856 5355 3108 5428 contagia
3131 5371 3238 5411 non
3270 5357 3655 5423 admittuntur,
3696 5366 3746 5412 et
3790 5370 3861 5410 se-

2289 5448 2479 5505 nitatis
2509 5447 2753 5505 remedia
2774 5462 2881 5503 non
2912 5457 3201 5518 negentur.
3234 5447 3365 5517 Qua:
3392 5449 3660 5505 industria
3688 5450 3737 5504 in
3762 5465 3861 5504 oni-

2288 5543 2448 5599 nibus
2477 5557 2597 5614 qua
2626 5529 2879 5612 nequiter
2907 5549 3056 5614 gesta
3093 5550 3220 5595 sunt
3240 5541 3598 5596 emendandis
3627 5541 3856 5606 celerem,

2282 5633 2507 5706 jnvante
2532 5633 2778 5698 Domino,
2797 5639 3160 5702 consequetur
3180 5627 3455 5695 effectum,
3481 5632 3526 5686 si
3556 5630 3856 5703 reparationi

2290 5728 2441 5801 pacis
2461 5725 2846 5783 ecclesiastica
2866 5740 3022 5796 opem
3058 5738 3212 5780 suam
3257 5735 3440 5779 vestra
3487 5725 3660 5795 pietas
3696 5724 3856 5797 digne

2292 5831 2383 5881 tur
2414 5823 2705 5899 adjungere
2734 5836 2748 5877 :
2777 5829 2835 5877 ut
2861 5820 3015 5878 vobis
3044 5820 3096 5876 in
3130 5828 3273 5878 terra
3301 5819 3655 5894 regnantibus
3696 5826 3759 5896 et
3772 5816 3852 5875 Dei
