3968 6442
76 332 201 395 Ὶ97

1312 307 1807 375 DECRETALTUM
1832 309 2238 373 COLLEC'I'IO.

3294 319 3405 387 τοῦ

79 465 340 524 regnum
367 447 515 505 intra
531 459 630 503 vos
654 445 862 501 honore
896 438 1237 508 mereamini,
1285 446 1344 496 et
1383 436 1705 494 catholicam
1728 432 1788 500 Δ.
1810 436 2272 495 satisfactionibus
2292 436 2432 494 male
2469 443 2621 510 gesta
2651 435 3039 501 condemnant,
3064 439 3123 492 et
3140 448 3405 497 accusare

82 544 275 601 ﬁdem
296 539 445 597 nulla
479 537 688 595 falsitas
714 534 901 604 violet,
945 532 1094 590 nulla
1141 531 1364 589 haeresis
1422 530 1708 600 inquietet,

83 651 205 695 nec
229 635 493 707 cuiquam
514 631 676 691 liceat
698 627 1003 685 doctrinam
1031 625 1405 697 evangelicam
1453 622 1710 683 deserere

84 736 155 784 et
172 721 514 783 sacerdotali
542 721 747 777 honore
776 717 1031 791 gaudere.
1059 715 1340 788 Synodum
1379 729 1511 771 vero
1562 712 1706 779 ﬁeri.

87 827 160 874 ut
185 814 447 873 meminit
467 821 648 870 vestra
673 809 962 868 clementia
991 808 1153 865 etiam
1185 807 1287 880 ipsi
1341 806 1708 878 poposcimus,

88 909 428 968 sacerdotes
460 904 865 978 provinciarum
908 902 1152 959 omnium
1197 900 1518 972 congregari
1573 914 1711 970 prae-

89 1000 285 1057 sentis
312 996 576 1068 temporis
622 993 918 1051 necessitas
967 991 1115 1048 nulla
1168 991 1381 1048 ratione
1422 990 1707 1061 permittit,

90 1091 371 1165 quoniam
402 1088 506 1153 illa:
526 1085 904 1157 provinciaede
930 1084 1129 1155 quibus
1158 1084 1392 1141 maxime
1432 1091 1560 1140 sunt
1582 1096 1709 1140 evo-

92 1183 291 1247 candi,
324 1179 661 1251 inquietaute
684 1176 845 1242 bello,
869 1176 937 1235 ab
963 1175 1210 1234 ecclesiis
1238 1176 1351 1232 suis
1379 1189 1475 1231 eos
1495 1190 1599 1230 non
1613 1188 1709 1245 pa-

93 1274 220 1328 tiun
230 1281 321 1327 tur
332 1269 648 1327 abscedere.
662 1268 814 1324 Unde
823 1269 1153 1339 oportuniori
1171 1278 1408 1338 tempore
1420 1266 1710 1339 propitiato

97 1365 343 1435 Dotriino
369 1378 491 1418 cum
518 1361 728 1416 ﬁrmior
755 1358 917 1415 fuerit
969 1360 1218 1415 restituta
1266 1360 1532 1416 securitas
1554 1399 1572 1425 ,
1619 1359 1708 1431 ju-

93 1459 234 1513 beat
265 1464 446 1517 vestra
475 1452 761 1510 clementia
784 1452 1074 1508 reservari.
1118 1452 1196 1509 De
1249 1468 1354 1522 qua
1387 1469 1447 1509 re
1495 1452 1709 1524 plenius

97 1547 255 1621 inter
282 1553 481 1603 caetera
513 1543 656 1614 apud
682 1543 940 1613 pietatem
988 1552 1227 1603 vestram
1274 1551 1533 1613 poterunt
1576 1541 1711 1599 alle-

99 1653 241 1712 gare
272 1652 416 1710 quos
437 1636 583 1705 misi.
612 1636 750 1693 Data
803 1651 838 1703 v
884 1635 1011 1693 ldus
1046 1633 1217 1702 Junii,
1266 1635 1535 1707 Adelphio
1587 1637 1707 1693 viro

100 1727 414 1792 clarissimo
438 1725 681 1790 consule,
710 1739 818 1782 aera
847 1740 954 1796 qua
997 1740 1184 1797 supra.

369 1816 559 1875 XXIV.
596 1846 668 1859 --
689 1815 772 1871 Ad
794 1815 1097 1871 Anatolium
1124 1815 1443 1887 episcopum.

175 1913 234 1973 1.
265 1911 346 1968 De
371 1910 479 1968 ﬁde
504 1908 622 1987 eius
643 1908 865 1980 scriptis
893 1908 1076 1964 missis
1096 1910 1347 1980 probata.

169 2004 234 2067 2.
263 2004 343 2073 De
364 2003 451 2059 his
469 2002 563 2073 qui
594 2010 742 2057 metu
774 2002 827 2056 in
857 2000 1108 2058 haeresim
1148 2000 1284 2072 lapsi
1339 2010 1491 2068 sunt,
1542 2008 1608 2057 ut
1657 2000 1706 2057 si

100 2094 360 2151 conversi
392 2093 596 2149 fuerint
623 2092 976 2163 recipiantur.

173 2190 232 2249 ὅ.
269 2189 349 2246 De
371 2188 684 2247 nominibus
708 2185 1091 2244 haereticorum
1118 2187 1188 2244 ad
1220 2186 1393 2246 altare
1452 2201 1563 2245 non
1614 2203 1708 2246 re-

99 2279 362 2339 citandis.
1619 2325 1622 2329 .

176 2375 238 2430 4.
267 2375 345 2431 De
370 2370 843 2443 commendatione
864 2368 1064 2426 Juliani
1099 2371 1365 2442 episcopi,
1390 2372 1475 2429 vel
1516 2387 1707 2431 eorum

100 2466 437 2548 clericorum
462 2463 832 2537 quiFlaviano
859 2463 1116 2534 episcopo
1138 2463 1321 2534 ingllde
1342 2463 1706 2523 adhaeserunt.

183 2559 317 2617 Car.
346 2557 388 2613 l.
426 2555 539 2612 Leo
562 2557 851 2627 episcopus
874 2555 1160 2611 ANATOLIO
1181 2555 1458 2626 episcopo.

181 2650 497 2709 Gaudemus
526 2649 579 2704 in
631 2647 861 2703 Domino
904 2655 960 2701 et
1008 2646 1064 2701 in
1109 2652 1254 2703 dono
1303 2648 1495 2720 gratiae
1534 2648 1707 2719 ipsius

105 2743 432 2823 gloriamur,
459 2741 553 2811 qui
574 2739 718 2795 sicut
741 2738 1052 2795 dilectionis
1095 2748 1200 2793 tua:
1244 2739 1443 2795 litteris
1483 2749 1540 2796 et
1590 2726 1704 2797 fra-

108 2845 257 2893 trum
283 2842 615 2901 nostrorum,
638 2846 778 2904 quos
803 2829 1325 2902 Constantinopolim
1361 2831 1706 2900 miseramus,

107 2930 377 2987 relatione
401 2927 775 3000 cognovimus,
822 2940 1114 2997 sequacem
1140 2926 1466 2998 evangelica
1523 2927 1708 2984 erudi-

110 3020 279 3077 tionis
310 3018 567 3081 ostendit,
600 3025 660 3072 ut
682 3031 780 3088 per
811 3016 1114 3072 sacerdotis
1159 3016 1496 3087 probabilem
1543 3018 1706 3075 fidem

108 3112 315 3169 merito
346 3122 763 3180 praesumamus,
792 3108 939 3177 quod
967 3114 1077 3162 tota
1117 3106 1358 3163 Ecclesia
1379 3108 1554 3164 eidem
1586 3123 1706 3165 cre-

109 3203 224 3258 dita
249 3174 645 3268 cst—uerugam
673 3174 991 3268 cujusqnam
1014 3197 1089 3253 sit
1112 3199 1315 3254 erroris
1337 3199 1587 3255 habitura
1621 3199 1706 3257 vel
1732 3174 1782 3242 ο

109 3293 405 3358 maculam,
428 3291 644 3348 dicente
669 3289 966 3360 Apostolo:
990 3307 1009 3342 ί
1044 3288 1315 3361 Despondi
1336 3293 1481 3348 enim
1507 3309 1599 3350 vos
1613 3296 1706 3350 uni

108 3386 231 3442 viro
251 3385 517 3457 virginem
545 3391 753 3449 castam
778 3383 1037 3443 exhibere
1083 3380 1304 3442 Clu-isto
1355 3386 1442 3459 (11
1472 3386 1598 3443 Cor.
1625 3405 1702 3454 xl,

108 3480 242 3550 1‘2);
277 3498 295 3531 ι
329 3478 423 3533 illa
452 3476 598 3534 enim
635 3477 789 3548 virgo
833 3476 1099 3545 Ecclesia,
1130 3493 1328 3551 sponsa
1387 3483 1548 3539 unius
1604 3483 1705 3539 viri

106 3571 487 3645 Christi,quae
510 3569 657 3627 nullo
682 3586 741 3627 se
767 3571 975 3642 patitur
1018 3587 1209 3630 errore
1250 3574 1452 3643 vitiari,
1496 3577 1551 3632 in
1600 3593 1706 3649 qua

107 3664 434 3722 societatem
458 3674 562 3719 tuae
587 3662 891 3719 dilectionis
920 3663 1321 3736 amplectimur,
1346 3677 1404 3724 et
1429 3679 1706 3739 gestorum

107 3773 235 3830 qua:
259 3756 590 3829 sumpsimus
630 3754 830 3817 seriem
876 3757 1200 3814 necessariis
1250 3758 1418 3832 (sicut
1444 3765 1706 3835 oportuit)

108 3848 381 3904 munitam
421 3845 910 3919 subscriptiouibus
959 3849 1398 3918 approbavimus.
1453 3851 1521 3909 Ut
1575 3869 1707 3927 ergo

111 3943 348 4000 invicem
371 3940 674 3997 dilectionis
701 3949 806 3997 tute
833 3941 1050 4001 animus
1101 3944 1304 4000 nostris
1357 3945 1709 4005 conﬁrmare-

111 4044 203 4089 tur
225 4031 499 4102 alloquiis,
524 4030 665 4087 ﬁlios
692 4040 908 4089 nostros
949 4030 1255 4091 Casterium
1305 4036 1705 4109 presbyterum,

111 4121 411 4180 Patricium
424 4118 860 4191 etAsclepiadem
874 4121 1147 4188 diaconos,
1165 4124 1256 4194 qui
1271 4126 1339 4181 ad
1359 4142 1457 4182 nos
1473 4136 1563 4182 tua
1576 4130 1713 4184 scri-

112 4222 208 4287 pta
247 4213 487 4269 detulere
508 4226 631 4267 cum
660 4212 907 4284 epistolis
933 4213 1158 4280 nostris,
1181 4223 1303 4284 post
1345 4218 1708 4275 venerabilem

113 4304 261 4361 diem
281 4301 420 4361 festi
450 4302 719 4375 paschalis
770 4304 1074 4369 emisimus,
1126 4304 1431 4363 indicantes
1484 4322 1604 4375 nos,
1654 4317 1714 4366 ut

114 4412 283 4471 supra
318 4397 575 4464 diximus,
594 4397 661 4452 de
682 4394 1296 4469 Constantinopolitanae
1312 4399 1557 4457 ecclesiae
1576 4417 1713 4472 pace

114 4492 373 4566 gaudere,
397 4491 483 4546 cui
515 4489 652 4545 hanc
707 4505 894 4546 curam
945 4504 1160 4560 semper
1208 4492 1591 4562 impendimus,
1652 4504 1712 4550 ut

115 4601 240 4645 eam
269 4583 413 4640 nulla
443 4582 668 4640 velimus
691 4583 1075 4641 haereticorum
1122 4584 1309 4644 fraude
1359 4589 1572 4646 violari.

190 4677 255 4734 lli.
290 4677 365 4733 De
392 4675 655 4732 fratribus
682 4691 810 4733 vero
831 4691 968 4748 quos
995 4677 1050 4732 in
1075 4678 1318 4748 epistolis
1346 4682 1455 4737 tuis
1483 4691 1540 4738 et
1563 4684 1712 4754 lega-

128 4777 311 4824 torum
336 4775 644 4822 nostrorum
668 4767 929 4823 relatione
941 4770 1338 4827 communionis
1351 4782 1551 4830 nostrae
1564 4776 1687 4846 cupi
1696 4807 1714 4817 -

122 4863 344 4918 desesse
365 4859 739 4931 cognovimus,
753 4874 820 4923 eo
833 4860 978 4930 quod
990 4861 1210 4918 doleant
1234 4878 1292 4920 se
1318 4875 1504 4922 contra
1518 4878 1713 4938 poten-

124 4955 278 5019 tiam,
317 4962 615 5025 contraque
640 4960 877 5011 terrores
908 4968 1013 5013 non
1066 4956 1305 5013 tenuisse
1349 4961 1712 5017 constantiam

124 5047 183 5104 in
231 5045 408 5103 alieno
441 5044 646 5101 scelere
674 5045 968 5115 praebuisse
995 5054 1343 5115 consensum,
1373 5065 1496 5117 cum
1522 5052 1594 5107 ita
1621 5066 1717 5110 eos

127 5139 361 5196 formido
391 5138 682 5206 turbasset,
707 5147 766 5192 ut
788 5138 844 5193 in
873 5138 1282 5197 damnationem
1332 5144 1586 5201 catholici
1636 5156 1719 5202 at-

127 5247 233 5304 que
254 5230 560 5287 innocentis
584 5230 865 5297 antistitis,
892 5239 950 5287 et
993 5232 1046 5288 in
1075 5233 1443 5308 receptionem
1488 5238 1720 5296 detesta-

128 5321 257 5380 bilis
281 5321 564 5393 pravitatis
591 5323 799 5393 trepido
830 5322 1225 5381 famularentur
1249 5326 1533 5399 obsequio.
1587 5330 1718 5388 Illud

131 5413 352 5486 quidem
379 5414 523 5485 quod
545 5415 906 5485 praesentibus
926 5423 982 5472 et
1002 5416 1291 5488 agentibus
1339 5422 1545 5479 nostris
1584 5440 1715 5479 con-

134 5507 379 5565 stitutum
409 5515 496 5565 est
520 5508 900 5579 approhamus,
927 5517 987 5566 ut
1020 5525 1242 5567 suarum
1274 5512 1490 5570 interim
1548 5518 1723 5575 eccle-

136 5601 339 5657 siarum
372 5607 554 5656 essent
573 5600 956 5658 communione
982 5604 1248 5672 contenti,
1273 5607 1372 5662 sed
1397 5622 1519 5663 cum
1576 5609 1722 5684 lega-

140 5691 210 5749 tis
242 5691 463 5759 nostris,
489 5705 627 5763 quos
654 5693 922 5760 misimus,
950 5696 1267 5767 participata
1293 5708 1471 5756 tecum
1518 5691 1718 5761 scilici-

139 5782 324 5855 tudine
356 5782 621 5859 voluimus
654 5785 994 5861 disponatur,
1025 5798 1295 5861 quatenus
1321 5791 1376 5849 hi
1403 5795 1494 5866 qui
1546 5796 1724 5870 plenis

1810 531 2478 605 magisseeligunt'quam
2505 531 2645 587 tueri
2699 530 2851 602 pacis
2889 538 2945 585 et
2999 529 3404 588 communionis

1810 634 2012 683 nostrae
2040 623 2307 680 unitatem
2335 623 2606 679 laetantur.
2640 622 2716 677 lta
2762 631 2825 678 ut
2872 622 3035 693 digno
3082 621 3235 693 prius
3272 637 3406 679 ana-

1812 721 2052 778 themate
2085 734 2207 791 quae
2229 726 2422 796 contra
2444 716 2603 774 ﬁdem
2641 715 2967 775 catholicam
2997 725 3127 771 sunt
3181 712 3403 786 recepta

1811 815 2173 878 damnentur;
2201 812 2361 868 aliter
2386 812 2530 868 enim
2563 811 2617 867 in
2644 811 2887 868 Ecclesia
2916 811 3035 877 Dei,
3060 825 3181 881 quae
3205 826 3406 881 corpus

1811 914 1897 963 est
1915 904 2141 972 Christi,
2164 918 2267 960 nec
2288 910 2407 959 rata
2444 913 2575 959 sunt
2612 904 2938 970 sacerdotia,
2990 916 3090 958 nec
3141 917 3270 959 vera
3314 916 3406 959 sa-
3456 970 3457 975 η

1809 1000 2041 1065 criﬁcia.
2069 999 2172 1055 nisi
2208 998 2487 1054 in‘nostrze
2520 998 2851 1068 proprietate
2881 1006 3089 1053 natura:
3116 1011 3278 1053 verus
3301 1011 3405 1055 nos
3460 986 3470 997 “

1808 1094 2049 1168 pontifex
2076 1092 2410 1156 reconciliat,
2444 1105 2606 1145 verus
2628 1089 2943 1146 inmaculati
2999 1090 3125 1162 agni
3181 1091 3404 1163 sanguis

1809 1190 2087 1254 emundat,
2111 1188 2239 1243 licet
2267 1186 2321 1241 in
2354 1184 2533 1266 Patris
2555 1186 2627 1241 sit
2674 1184 2897 1239 dextera
2944 1184 3295 1248 constitutus,
3344 1183 3404 1238 in

1808 1278 1999 1357 eadem
2031 1287 2209 1333 tamen
2234 1291 2402 1331 carne
2428 1290 2593 1345 quam
2616 1274 2848 1344 sumpsit
2873 1288 2940 1329 ex
2968 1272 3193 1344 Virgine
3216 1287 3405 1329 sacra-

1808 1381 2050 1431 mentum
2081 1368 2481 1441 propitiationis
2516 1367 2851 1438 exsequitur,
2884 1366 3098 1423 dicente
3119 1365 3400 1436 Apostolo:

1814 1486 1835 1521 σ
1872 1466 2123 1523 Christus
2142 1460 2301 1518 Jesus
2334 1459 2426 1530 qui
2449 1467 2695 1515 mortuus
2719 1467 2823 1522 est,
2846 1458 2956 1512 imo
2984 1458 3078 1527 qui
3111 1466 3168 1511 et
3215 1470 3401 1513 resur-

1808 1561 1973 1626 rexit,
2013 1557 2107 1630 qui
2129 1564 2216 1612 est
2254 1554 2321 1608 'in
2360 1553 2603 1617 dextera,
2629 1552 2722 1621 qui
2770 1550 2936 1606 etiam
2971 1548 3277 1619 interpellat
3302 1561 3404 1619 pro

1807 1659 1965 1716 nobis
2001 1655 2175 1727 (liam.
2208 1665 2329 1717 vm,
2353 1649 2468 1720 34).
2501 1668 2521 1702 ι
2551 1648 2738 1718 Neque
2766 1644 2910 1702 enim
2933 1653 3114 1716 potest
3142 1644 3198 1698 in
3220 1641 3405 1713 aliquo

1808 1750 2115 1825 benignitas
2136 1739 2325 1802 nostra
2355 1741 2677 1813 reprehendi
2700 1755 2824 1795 cum
2859 1736 3263 1793 satisfacientes
3314 1748 3405 1792 reo

1724 1800 1776 1862 Β
1804 1800 2233 1916 Esi-tisana
2285 1800 2561 1889 doluimus
2585 1844 2709 1886 esse
2737 1828 3012 1899 deceptos.
3070 1824 3181 1881 Nec
3210 1833 3405 1895 aspero

1806 1936 1972 2008 igitur
2011 1926 2414 1986 communionis
2464 1931 2665 1979 nostra:
2710 1921 2883 1992 gratia
2935 1916 3250 1990 deneganda
3292 1922 3404 1982 est,

1807 2005 1911 2083 nec
1941 2034 2146 2079 temere
2176 2014 2478 2089 largienda,
2510 2013 2639 2083 quia
2662 2012 2804 2068 sicut
2828 2010 3045 2082 plenum
3078 2005 3298 2080 pietatis
3316 2011 3404 2060 est

1805 2114 2079 2188 oppressis
2108 2110 2428 2167 cbaritatem
2468 2104 2802 2160 Dominicam
2832 2099 3106 2158 redhiberi
3129 2138 3146 2166 ,
3206 2098 3280 2152 ita
3316 2095 3409 2166 ju-

1806 2187 1951 2266 stum
1976 2212 2061 2261 est
2082 2200 2264 2259 omnia
2291 2194 2724 2270 perturbationis
2749 2192 3068 2248 auctoribus
3121 2187 3401 2260 imputari.

1879 2299 1965 2354 ιιι.
1981 2297 2058 2351 De
2070 2292 2380 2350 nominibus
2401 2295 2583 2344 autem
2608 2285 2878 2350 Dioscori,
2895 2280 3194 2347 Juvenalis,
3221 2288 3273 2335 et
3290 2278 3427 2334 Eu-.

1808 2392 1959 2449 statii
2003 2391 2290 2444 adsacrum
2317 2383 2490 2439 altare
2538 2379 2850 2445 recitandis,
2877 2376 3221 2434 dilectionem
3258 2383 3406 2433 tuam

1807 2485 1912 2541 hoc
1941 2479 2383 2539 decetcustodire
2412 2475 2556 2547 quod
2582 2472 2758 2529 nostri
2786 2471 2987 2527 ibidem
3019 2468 3301 2525 constituti
3327 2464 3408 2521 fa-

1809 2575 2059 2632 ciendum
2083 2586 2206 2628 esse
2249 2569 2519 2631 dixerunt,
2553 2563 2809 2636 quodque
2837 2559 3171 2618 honoranda:
3215 2566 3409 2614 sancto

1808 2667 2068 2724 Flaviano
2094 2660 2371 2720 memoriae
2398 2673 2507 2715 non
2518 2663 2803 2728 repugnet,
2819 2661 2922 2709 eta
2937 2650 3111 2725 gratia
3139 2656 3232 2706 tua
3250 2647 3413 2705 Chri-

1807 2762 1998 2819 stiana:
2026 2758 2200 2830 plebis
2227 2755 2440 2811 animos
2460 2766 2576 2808 non
2599 2757 2832 2806 avertat.
2861 2747 2997 2803 Nam
3022 2745 3269 2818 iniquum
3325 2742 3413 2800 ni-

1808 2853 1914 2908 mis
1959 2858 2044 2907 est
2092 2856 2258 2920 atque
2299 2846 2656 2916 incongruum
2706 2854 2803 2897 eos
2849 2838 2943 2910 qui
2989 2838 3304 2894 innocentes
3353 2840 3414 2892 et

1809 2944 2110 3003 catholicos
2170 2956 2270 2999 sua
2316 2936 2700 3011 persecutione
2748 2941 3043 3000 vexarunt,
3087 2937 3406 2988 sanetorum

1809 3036 2125 3094 nominibus
2151 3033 2273 3090 sine
2327 3029 2657 3087 discretione
2704 3025 2947 3093 misceri,
2992 3023 3408 3081 condemnatam

1810 3130 2143 3201 impietatem
2208 3141 2318 3182 non
2370 3124 2689 3181 deserentes
2737 3119 2840 3192 ipsi
2895 3133 2958 3175 se
3007 3132 3105 3174 sua
3142 3114 3414 3188 pravitate

1810 3224 2175 3281 condemnant
2199 3232 2338 3291 quos
2368 3214 2625 3273 convenit
2640 3220 2740 3269 aut
2766 3210 2989 3285 percelli
3014 3224 3113 3281 pro
3151 3208 3410 3280 perﬁdia,

1806 3327 1903 3376 aut
1938 3317 2189 3374 laborare
2210 3329 2308 3386 pro
2336 3312 2515 3369 venia.
3288 3294 3295 3301 ’

1876 3408 1965 3467 ιν.
1994 3409 2246 3465 Fratrem
2258 3420 2392 3467 vero
2404 3412 2461 3461 et
2483 3401 2862 3474 coepiscopum
2879 3407 3123 3455 nostrum
3137 3394 3411 3452 lulianum

1805 3501 1895 3558 vei
1926 3499 2155 3557 clericos
2177 3496 2272 3569 qui
2295 3506 2501 3553 sancta:
2524 3493 2804 3550 memoriae
2837 3489 3101 3546 Flaviano
3156 3485 3412 3542 ﬁdelibus

1808 3595 2003 3653 oﬂiciis
2025 3593 2399 3656 adhaeserunt,
2451 3586 2732 3645 dilectioni
2760 3597 2979 3656 quoque
3001 3590 3109 3636 tuae
3153 3576 3407 3634 volumus

1808 3693 2106 3758 adhaerere,
2134 3697 2195 3745 ut
2219 3701 2381 3761 quem
2411 3683 2536 3740 ﬁdei
2565 3698 2676 3739 suae
2698 3679 2907 3737 meritis
2928 3677 3109 3732 vivere
3134 3673 3274 3745 apud
3303 3671 3413 3728 Do-

1806 3788 2016 3845 minum
2045 3792 2296 3840 nostrum
2318 3779 2572 3836 novimus
2610 3778 2663 3832 in
2691 3785 2742 3831 te
2766 3774 2870 3831 sibi
2910 3787 3034 3828 eum
3081 3776 3409 3841 praesentem

1810 3884 2132 3951 agnoscant;
2161 3873 2400 3943 illudque
2429 3869 2776 3926 dilectionem
2803 3877 2950 3922 tuam
2979 3878 3139 3921 nosse
3167 3861 3414 3918 volumus

1808 3970 2032 4027 fratrem
2059 3978 2113 4024 et
2136 3967 2517 4039 coepiscopum
2540 3958 3113 4033 nostrumEusehium,
3130 3956 3223 4029 qui
3246 3968 3412 4012 causa

1810 4062 1934 4118 ﬁdei
1963 4060 2129 4116 multa
2152 4057 2469 4115 discrimina
2487 4055 2812 4125 laboresque
2830 4049 3103 4116 toleravit,
3127 4046 3412 4104 nobiscum
3516 4110 3522 4123 .

1809 4141 2334 4212 interim'demorari
2382 4158 2439 4207 et
2487 4150 2541 4205 in
2593 4157 2781 4205 nostra
2834 4160 2979 4201 nunc
3033 4140 3414 4199 communione

1809 4247 2124 4318 persistere,
2157 4242 2312 4312 cujus
2339 4241 2627 4297 ecclesiam
2655 4247 2745 4294 tua
2774 4236 3141 4294 sollicitudine
3161 4226 3414 4291 volumus

1810 4351 1935 4393 esse
1962 4334 2262 4401 defensam,
2288 4342 2347 4388 ut
2375 4332 2509 4387 nihil
2531 4332 2724 4386 eodem
2757 4330 2993 4386 absente
3018 4327 3300 4399 depereat,
3356 4334 3414 4382 et

1812 4430 1991 4487 nullus
2034 4430 2083 4485 ei
2136 4429 2192 4483 in
2239 4427 2422 4497 aliquo
2478 4424 2836 4496 prajudicare
2876 4431 3188 4495 praesumat,
3241 4418 3414 4477 donec

1736 4539 1792 4603 ι)
1816 4542 1938 4582 cum
1965 4525 2269 4581 litterarum
2294 4531 2606 4577 nostrarum
2638 4519 2706 4575 ad
2749 4533 2846 4574 vos
2878 4517 3261 4589 prosecutione
3288 4530 3415 4584 per-

1815 4618 2017 4684 veniat,
2046 4627 2100 4673 et
2124 4624 2181 4671 ut
2203 4614 2376 4689 major
2399 4613 2546 4668 circa
2570 4621 2623 4668 te
2646 4609 2731 4668 vel
2755 4619 2942 4667 nostra
2966 4608 3047 4664 vel
3074 4608 3238 4663 totius
3257 4604 3414 4661 Citri-

1816 4715 2008 4769 stianzc
2031 4711 2205 4782 plebis
2233 4709 2448 4764 atl'ectio
2476 4716 2803 4780 provocetur
2831 4706 2935 4761 hoc
2976 4703 3120 4776 quod
3174 4702 3243 4757 ad
3279 4700 3415 4755 dile-

1816 4808 2049 4861 ctionem
2115 4813 2263 4858 tuam
2315 4801 2678 4872 scripsimus,
2732 4799 2789 4855 in
2854 4797 3095 4853 omnium
3168 4792 3416 4849 volumus

1818 4898 2065 4954 notitiam
2090 4894 2399 4968 pervenire,
2436 4902 2494 4948 ut
2539 4890 2632 4962 qui
2674 4891 2784 4946 Deo
2828 4903 2935 4945 non
2984 4884 3297 4942 deserviunt
3348 4884 3415 4941 de

1819 4991 2138 5045 conﬁrmata
2171 4986 2310 5057 apud
2348 4996 2397 5040 te
2419 5000 2554 5056 pace
2584 4982 2742 5039 Sedis
2781 4979 3093 5052 apostolicae
3142 4976 3416 5052 gratulen-

1820 5091 1928 5138 tur.
1958 5081 2032 5135 De
2067 5081 2278 5135 caeteris
2300 5094 2431 5134 vero
2457 5078 2639 5135 causis
2692 5087 2859 5147 atque
2906 5075 3158 5149 personis
3199 5074 3417 5130 dilectio

1821 5182 1911 5227 tua
1944 5172 2137 5227 litteris
2157 5187 2291 5241 quas
2336 5185 2434 5241 per
2483 5179 2697 5225 nostras
2747 5169 3023 5240 accipiet,
3074 5167 3286 5239 plenius
3332 5166 3415 5221 in-

1821 5273 2091 5320 structur.
2114 5265 2247 5320 Data
2284 5263 2406 5318 ldus
2425 5262 2648 5332 Aprilis,
2678 5277 2785 5317 aera
2808 5276 2915 5333 qua
2945 5276 3128 5335 supra.

1897 5357 2064 5415 XXV.
2097 5387 2168 5399 —-
2212 5356 2295 5410 Ad
2339 5354 2650 5428 Nat/talium
2706 5356 3004 5428 episcopum
3038 5352 3347 5410 Constanti-

2385 5424 2785 5500 [nopolitanunt

1894 5520 2006 5578 Leo
2027 5520 2312 5593 episcopus
2336 5518 2653 5576 Assruouo
2675 5519 2950 5592 episcopo.

1895 5615 2243 5686 Diligentiam
2276 5614 2600 5670 necessariae
2628 5613 3010 5671 sollicitudinis
3034 5624 3195 5683 quam
3226 5608 3419 5664 frater-

1826 5706 1967 5762 nitas
1991 5715 2079 5761 tua
2107 5707 2162 5761 in
2213 5704 2509 5777 dirigendis
2565 5706 2633 5762 ad
2687 5720 2786 5763 nos
2812 5700 3006 5762 litte'ris
3065 5702 3416 5774 exsequitur,

1825 5796 2207 5877 approbemus,
2233 5803 2290 5855 et
2317 5796 2556 5875 acceptis
2592 5812 2691 5877 per
2742 5797 2912 5855 ﬁlium
2966 5803 3210 5854 nostrum
3245 5792 3418 5855 Olim~
