3968 6456
543 336 653 416 199

1354 344 1644 401 APPEND.
1682 343 1775 399 AD
1817 342 1990 401 SIEC.
2019 344 2113 400 IX.
2152 373 2224 387 --
2246 340 2498 403 ISIDORI
2528 345 2973 406 MERCATORIS

2271 210 2311 229 .v.‘
2339 216 2365 229 σι
2432 214 2441 223 ⁸

3246 335 3363 343 ..νο

3706 366 3841 423 800

545 463 692 534 plum
714 432 940 531 paganis
968 459 1077 515 tuis
1124 458 1508 514 sacerdotalem
1543 458 1597 513 in
1655 465 1707 512 te
1734 471 1919 512 curam
1941 458 2201 528 vigereA
2228 464 2335 523 tur,
2389 473 2457 513 ne
2503 459 2557 513 in
2610 473 2799 515 eorum
2842 468 3107 531 potestate
3155 462 3267 518 sint
3317 465 3497 522 divina
3537 476 3832 544 mysteria,

549 554 831 615 sentimus,
878 552 965 606 cui
1009 565 1108 605 nos
1162 565 1372 619 quoque
1413 556 1670 620 quantum
1714 548 1975 603 Dominus
2034 550 2126 604 dat

547 660 708 719 posse
733 660 839 700 non
871 645 1145 710 desumus,
1171 644 1477 711 {exorantes
1504 641 1842 697 dilectionem
1869 648 2037 707 tuam,
2067 648 2129 696 ut

549 737 675 807 quia
706 744 917 805 tempus
942 734 1144 790 laboris
1166 733 1454 790 indicimus
1491 733 1547 788 in
1601 739 1788 788 sancta
1849 731 2129 803 vigilantia

547 840 884 897 perseveres,
915 825 1086 881 donec
1112 826 1331 881 dextera
1376 824 1589 880 Domini
1640 823 1804 880 faciat
1849 823 2125 891 virtutem,

548 928 605 975 et
632 917 732 972 sub
757 918 982 988 pedibus
1032 917 1291 974 Ecclesiae
1338 932 1450 974 sua:
1488 924 1734 973 conterat
1778 924 2124 973 tentatorem.

548 1008 869 1065 Consolatur
893 1008 1091 1065 etenim
1120 1023 1219 1065 nos
1243 1025 1341 1083 per
1359 1008 1539 1065 omnia
1594 1016 1892 1078 praeparata
1934 1007 2129 1063 divini-

552 1110 637 1157 tus
652 1088 1059 1157 clementissimi
1085 1100 1342 1171 principis
1379 1100 1533 1167 ﬁdes,
1560 1115 1722 1169 quem
1755 1100 1810 1155 in
1834 1114 1900 1156 eo
1937 1114 2128 1156 rursus

549 1195 688 1250 sicut
732 1194 973 1265 oportuit
999 1208 1117 1249 sum
1163 1194 1479 1271 cohortatus
1521 1192 1777 1264 alloquio,
1821 1202 1883 1248 ut
1924 1193 2131 1264 impiis-

548 1285 809 1343 simorum
853 1283 1125 1340 latronum
1183 1283 1404 1340 ausibus
1452 1284 1780 1359 districtiore
1826 1284 2128 1339 constantia

548 1373 715 1430 faciat
741 1374 973 1442 obviari,
1000 1389 1138 1444 quos
1166 1371 1318 1428 nefas
1354 1380 1439 1429 est
1469 1381 1674 1428 tantum
1713 1374 1782 1430 de
1805 1361 1906 1429 suo
1944 1372 2129 1429 favore

550 1481 882 1538 praesumere
902 1466 1151 1523 utetiam
1176 1466 1317 1537 apud
1348 1466 1871 1536 Constantinopolim
1898 1466 2131 1523 audeant

548 1556 811 1612 insanire.
869 1554 976 1613 Sed
1020 1557 1123 1612 hoc
1155 1556 1235 1612 eis
1253 1556 1374 1612 ideo
1404 1556 1601 1612 divina:
1647 1556 1996 1627 providentia:
2041 1571 2131 1611 ra-

555 1647 699 1704 tione
742 1647 1179 1719 permittitur,.ut
1238 1647 1413 1720 magis
1449 1662 1516 1707 ac
1565 1648 1738 1719 magis
1781 1664 1890 1719 quo
1936 1648 2132 1719 spiritu

2225 548 2423 618 quibus
2451 550 2503 605 in
2531 550 2692 605 domo
2718 551 2812 607 Dei
2856 567 2956 622 pro
2986 553 3251 609 scelerum
3290 572 3511 615 suorum
3544 565 3831 636 magnitu-

2226 637 2352 692 dine
2379 653 2479 694 nec
2515 638 2792 695 habitandi
2832 641 2923 709 jus
2951 644 3151 700 residet
3185 660 3285 701 nec
3302 650 3516 707 orandi.
3547 651 3684 708 Data
3710 656 3834 725 pri-

2226 726 2314 781 die
2341 726 2462 782 ldus
2497 726 2768 795 Octobris,
2815 732 3171 791 Constantino
3212 747 3266 791 et
3316 737 3494 806 Ruﬁ‘o,
3543 743 3682 800 viris
3711 747 3837 802 cla-

2227 816 2459 874 rissimis
2487 820 2823 877 consulibus.

2682 912 2874 970 XXVI.
2901 944 2975 956 --
3001 914 3086 971 Ad
3113 919 3372 976 eumdem.

2297 1000 2410 1060 Leo
2427 1003 2713 1074 episcopus
2734 1005 3052 1063 ANATEOUO
3086 1011 3361 1080 episcopo.

2297 1096 2449 1153 Licet
2473 1112 2683 1167 sperem
2711 1099 3052 1156 dilectionem
3093 1110 3238 1158 tuam
3266 1106 3333 1159 ad
3365 1120 3534 1163 omne
3558 1122 3700 1179 opus
3727 1112 3835 1167 bo-

2227 1205 2356 1246 num
2381 1207 2503 1247 esse
2529 1193 2798 1258 devotam,
2831 1205 2889 1249 ut
2918 1203 3096 1250 tamen
3123 1194 3397 1255 efﬁcacior
3425 1209 3519 1256 tua
3549 1202 3671 1259 fieri
3706 1220 3837 1275 pos-

2229 1281 2303 1336 sit
2348 1282 2636 1348 industria,
2684 1291 2739 1338 et
2790 1284 2894 1340 hoc
2941 1301 3236 1355 congruum
3285 1287 3387 1345 fuit
3434 1290 3634 1349 fratres
3679 1311 3836 1352 meos

2227 1374 2553 1430 Lucensium
2581 1376 2891 1447 episcopum
2920 1388 2976 1432 et
3016 1378 3273 1435 Basilium
3316 1383 3727 1454 presbyterum,
3770 1398 3839 1443 ut

2228 1466 2903 1537 promisimus,;destinare
2944 1471 3140 1541 quibus
3188 1481 3279 1528 tua
3320 1475 3543 1532 dilectio
3566 1481 3835 1546 societur,

2232 1566 2291 1611 ut
2314 1557 2447 1612 nihil
2480 1559 2534 1613 in
2570 1558 2656 1614 his
2684 1575 2805 1629 quae
2842 1560 2911 1615 ad
2952 1562 3273 1621 universalis
3319 1565 3581 1624 Ecclesia:
3628 1578 3838 1627 statum

2231 1659 2327 1705 aut
2367 1651 2528 1707 dubie
2558 1652 2833 1722 pertinent
2881 1663 2974 1709 aut
3021 1658 3282 1730 segniter,
3309 1674 3434 1715 cum
3469 1662 3841 1723 residentibus

547 1737 818 1809 agitentur
851 1745 1131 1809 appareat,
1162 1752 1232 1794 ne
1274 1738 1509 1795 dubitari
1553 1738 1724 1811 possit
1772 1740 1827 1795 in
1873 1749 2132 1811 quantam
2158 1810 2205 1824 __
2232 1742 2385 1798 vobis
2425 1742 2620 1813 quibus
2665 1746 3069 1804 exsecutionem
3104 1757 3304 1806 nostrae
3332 1751 3717 1824 dispositionis
3756 1757 3838 1811 in-

547 1837 730 1886 essent
758 1830 1041 1886 audaciam
1071 1831 1407 1903 prorupturi,
1453 1832 1501 1888 si
1549 1810 1673 1902 post
1729 1810 2128 1889 damnationem
2158 1810 2206 1871 Β
2228 1810 2508 1905 iunximus
2533 1848 2598 1889 ea
2625 1836 2836 1905 possint
2863 1839 2947 1909 agi
2986 1849 3182 1896 cuncta
3209 1810 3607 1911 moderatione,
3648 1810 3713 1901 ut

545 1920 878 1992 impiissimte
906 1922 1130 1979 haeresis
1156 1923 1494 1994 disceptandi
1523 1932 1714 1980 contra
1737 1923 1896 1981 ﬁdem
1921 1925 2132 1996 accipe-

547 2020 1008 2082 rentpotestatem
1028 2053 1044 2079 ,
1070 2022 1133 2069 ut
1162 2022 1424 2084 quantum
1458 2015 1511 2071 in
1553 2015 1683 2085 ipsis
1708 2025 1817 2084 est,
1849 2016 2009 2075 latius
2030 2019 2134 2076 hoc

545 2099 731 2158 furore
748 2103 1021 2169 saevirent,
1046 2119 1206 2173 quem
1257 2103 1554 2165 fratreset
1606 2106 1907 2178 coepiscopi
1957 2109 2132 2164 nostri

544 2194 638 2265 qui
663 2194 731 2249 ad
752 2209 853 2251 nos
870 2210 1043 2266 nuper
1081 2210 1148 2251 ex
1186 2195 1404 2269 Egypti
1451 2197 1693 2268 partibus
1734 2199 2025 2272 confugere
2073 2215 2133 2257 se

543 2285 834 2357 pertulisse
867 2286 1135 2358 deplorat,
1159 2288 1357 2357 quibus
1376 2296 1433 2344 et
1471 2287 1935 2346 Christianissimo
1984 2292 2135 2362 prin-

544 2379 663 2450 cipe
691 2385 746 2435 et
766 2394 799 2435 a
829 2387 919 2434 tua
947 2377 1289 2437 fraternitate
1321 2380 1434 2438 Deo
1462 2380 1662 2452 placita
1687 2384 1954 2440 cbaritate
1988 2384 2132 2441 sola-

550 2471 627 2526 tia
650 2470 870 2542 pietatis
890 2471 1129 2542 impendi
1154 2487 1262 2530 non
1290 2473 1649 2544 ambigerem,
1708 2475 1878 2531 etiam
1921 2476 1967 2531 si
2018 2479 2135 2547 ipse

544 2577 654 2619 non
719 2564 1008 2620 scriberes.
1065 2561 1437 2637 Opportunum
1485 2576 1666 2622 autem
1715 2569 1917 2624 credidi
1962 2579 2021 2625 ut
2065 2572 2134 2627 ad

542 2654 693 2725 ipsos
718 2670 935 2727 quoque
954 2656 1160 2728 scripta
1179 2656 1469 2730 dirigerem
1513 2675 1633 2730 quae
1665 2659 1785 2715 illos
1825 2662 2031 2731 possint
2077 2663 2134 2718 in

542 2747 843 2803 communis
870 2746 994 2803 ﬁdei
1019 2748 1293 2818 proposito
1325 2750 1587 2806 roborare
1618 2759 1674 2805 et
1708 2754 1850 2820 quod
1897 2768 1996 2823 pro
2038 2769 2136 2824 pa-

544 2836 734 2892 tientia
759 2853 857 2893 sua
876 2853 1110 2909 superna
1133 2840 1574 2898 remuneratione
1602 2852 1937 2908 mereantur,
1968 2860 2136 2916 agno-

542 2937 774 2986 scerent.
807 2928 962 2986 Sicut
985 2930 1172 2988 beatus
1207 2932 1499 3004 Apostolus
1522 2934 1695 2999 docet,
1723 2935 1946 2993 dicens:
1981 2957 2000 2990 ι
2022 2938 2133 2993 Ex-

543 3019 709 3090 cipite
730 3022 913 3092 itaque
938 3020 1060 3081 illos
1084 3038 1208 3080 cum
1229 3024 1429 3096 gaudio
1476 3024 1532 3080 in
1586 3025 1843 3094 Domino,
1895 3037 1950 3084 et
1991 3029 2136 3100 ejus-

543 3116 840 3173 modicum
881 3117 1088 3175 honore
1133 3119 1351 3187 habete,
1401 3120 1655 3189 quoniam
1700 3130 1922 3193 propter
1970 3122 2131 3177 ﬁdem

542 3206 745 3265 Christi
770 3224 941 3281 usque
958 3210 1028 3266 ad
1054 3220 1284 3266 mortem
1310 3188 1658 3268 accesserunt
1692 3188 1913 3285 (Philip.
1944 3230 2005 3279 ιι,
2040 3214 2131 3280 29,
2161 3188 2207 3253 C

541 3299 656 3371 30).
688 3319 709 3353 ι
739 3300 873 3355 lllud
902 3315 1034 3357 sane
1055 3300 1345 3371 plurimum
1368 3303 1499 3371 mihi
1525 3303 1811 3374 displicere
1861 3304 2133 3376 signiﬁco,

542 3391 688 3462 quod
725 3391 868 3448 inter
893 3391 1209 3449 dilectionis
1238 3402 1342 3449 tute
1364 3392 1590 3450 clericos
1621 3394 1840 3465 quidam
1883 3409 2006 3450 esse
2046 3395 2133 3449 di-

540 3492 757 3552 cuntur,
788 3484 882 3556 qui
907 3484 1342 3542 adversariorum
1375 3486 1703 3543 conniveant
1749 3487 2025 3557 pravitati,
2066 3495 2138 3544 .et

538 3591 671 3633 vasa
727 3577 821 3634 irae
884 3578 1030 3634 vasis
1109 3577 1498 3634 misericordiae
1573 3579 1924 3635 misceantur.
2004 3579 2138 3649 Qui-

539 3670 642 3726 bus
702 3667 1088 3740 investigandis
1133 3679 1190 3725 et
1241 3668 1534 3725 severitate
1586 3684 1826 3742 congrua
1876 3685 2135 3728 coercen-

540 3762 625 3819 dis
684 3762 844 3818 debet
907 3761 1187 3834 diligentia
1243 3760 1533 3832 vigilanter
1592 3762 1865 3827 insistere.
1948 3763 2024 3819 lta
2076 3780 2138 3828 ιιι

545 3853 703 3926 197
740 3853 828 3910 his
865 3852 1062 3924 quibus
1110 3853 1364 3922 prodesse
1408 3868 1519 3909 non
1564 3855 1802 3924 potuerit
1845 3858 2132 3924 correctio,

541 3960 648 4001 non
676 3951 863 4014 parcat
887 3943 1164 3999 abscissio.
1198 3941 1450 4013 Oportuit
1479 3946 1683 4000 etenim
1712 3960 1812 4002 nos
1840 3949 2135 4020 evangelici

541 4038 854 4095 meminisse
892 4036 1151 4099 mandati,
1186 4036 1331 4105 quod
1374 4036 1492 4107 ipsa
1524 4034 1763 4093 Veritate
1800 4040 2133 4111 praecipitur,

549 4146 569 4181 ι
604 4136 665 4183 ιιι
690 4128 737 4182 si
774 4142 874 4183 nos
897 4125 1108 4192 oculus,
1138 4134 1230 4180 aut
1259 4141 1373 4198 pes,
1404 4134 1498 4181 aut
1539 4128 1757 4183 dextera
1799 4132 2135 4187 scandaliza-

539 4218 698 4285 verit,
733 4233 923 4272 manus
947 4232 980 4271 a
1006 4232 1267 4288 compage
1312 4218 1557 4289 corporis
1604 4218 1885 4285 auferatur
1917 4222 2131 4294 (Matth.

541 4326 708 4376 xvnt,
753 4309 833 4380 8),
868 4328 887 4362 ι
917 4309 1047 4380 quia
1086 4309 1277 4365 melius
1317 4310 1388 4365 sit
1433 4310 1519 4365 his
1567 4310 1621 4365 in
1664 4311 1905 4369 Ecclesia
1946 4330 2135 4372 carere

541 4401 819 4468 membris,
850 4416 1011 4470 quam
1053 4415 1177 4456 cum
1213 4400 1343 4471 ipsis
1386 4401 1442 4455 in
1487 4409 1690 4457 aeterna
1733 4402 1814 4459 ire
1853 4405 2129 4476 supplicia.

543 4492 676 4547 Nam
709 4489 975 4563 superﬂue
1002 4498 1154 4547 extra
1186 4491 1479 4547 Ecclesiam
1520 4492 1711 4562 positis
1738 4495 2061 4564 resistimus,
2085 4497 2132 4553 si

542 4587 611 4641 ab
637 4586 722 4642 bis
747 4560 837 4657 qui
867 4585 935 4641 ab
964 4584 1108 4640 intus
1129 4593 1259 4638 sunt
1284 4584 1338 4639 in
1369 4586 1449 4640 eis
1470 4560 1605 4655 quos
1635 4586 1907 4656 decipiunt
1939 4560 2129 4646 vulne-
2156 4560 2210 4622 Ῑ)

542 4693 747 4733 ramur.
783 4676 1095 4747 Ahjicienda
1121 4690 1342 4748 prorsus
1368 4677 1626 4748 pestifera
1664 4678 1779 4735 haec
1809 4683 2128 4738 sacerdotali

542 4770 728 4843 vigore
772 4770 1030 4842 patientia
1075 4779 1176 4833 est,
1221 4785 1340 4838 qua:
1384 4770 1597 4826 sibimet
1634 4774 1872 4841 peccatis
1900 4774 2127 4831 aliorum

543 4863 812 4931 parcendo
858 4877 964 4917 non
1008 4861 1201 4932 parcit.
1238 4859 1391 4917 Sicut
1420 4860 1535 4917 Heli
1575 4866 1841 4932 quondam
1875 4867 2129 4924 sacerdos

543 4953 774 5008 ﬁliorum
803 4969 1024 5011 suorum
1052 4952 1243 5009 delicta
1277 4952 1572 5018 tolerando,
1605 4970 1726 5010 cum
1767 4956 1894 5026 ipsis
1937 4958 2129 5014 divinae

535 5042 761 5121 iustitiae
807 5047 1128 5101 sententiam
1164 5046 1358 5101 meruit
1390 5048 1646 5117 experiri,
1690 5048 1815 5118 quia
1854 5052 2004 5122 segni
2053 5053 2134 5108 in-

542 5116 815 5204 dulgentia
841 5136 1202 5191 dissimulavit
1231 5135 1462 5206 plectere
1489 5146 1824 5206 peccatores.
1861 5139 2131 5206 Quantum

543 5224 727 5294 itaque
776 5226 1149 5294 Opportunitas
1214 5227 1406 5282 invitat
1460 5227 1619 5282 ofﬁcii
1674 5228 2129 5300 religiosissimum

542 5315 839 5386 principem
879 5317 1091 5375 dilectio
1130 5327 1219 5373 tua
1258 5321 1469 5375 studeat
1518 5320 1879 5391 frequentare,
1929 5332 1983 5380 et
2024 5341 2130 5382 non

543 5406 715 5461 solum
748 5405 972 5478 regiam,
1019 5409 1111 5463 sed
1148 5418 1202 5464 et
1236 5410 1621 5467 sacerdmalent
1676 5412 1843 5482 ipsius
1893 5423 2131 5471 mentem

542 5499 793 5571 precibus
821 5499 956 5554 meis
985 5498 1271 5558 obsecrare
1290 5504 1540 5572 persiste,
1572 5514 1630 5559 ut
1657 5519 1864 5561 memor
1891 5521 2135 5562 commu-

544 5595 630 5650 nis
675 5593 798 5649 fidei
841 5608 1002 5663 quam
1049 5593 1254 5665 Spiritu
1278 5607 1468 5653 sancto
1514 5599 1737 5655 docente
1776 5602 2129 5670 suscepimus,

544 5686 782 5740 omnium
858 5686 1238 5743 haereticorum
1291 5690 1722 5748 machinamenta
1784 5693 2130 5766 confringet,

546 5790 720 5855 neque
746 5777 1035 5861 quidquam
1059 5778 1171 5863 illis
1201 5779 1252 5862 in
1274 5781 1518 5839 ecclesiis
1541 5783 1737 5841 Christi
1770 5785 1932 5843 licere
1959 5787 2134 5859 patia-

2233 1924 2619 1981 benevolentiae
2640 1936 2822 1997 partes
2848 1944 2913 1984 ne
2931 1928 3158 1999 iustitiae
3181 1932 3545 2006 negligantur,
3578 1939 3679 1992 sed
3715 1938 3830 1994 abs-

2232 2032 2338 2088 que
2360 2033 2718 2091 personarum
2746 2023 3059 2093 acceptione
3104 2024 3346 2079 divinum
3382 2027 3435 2081 in
3462 2030 3732 2086 omnibus
3751 2032 3825 2101 ξας

2233 2111 2431 2169 dicium
2471 2114 2759 2183 cogitetur.
2803 2115 2958 2184 Quod
2989 2124 3048 2171 ut
3083 2126 3231 2174 recta
3263 2120 3618 2178 observantia
3654 2125 3831 2181 valeat

2234 2205 2493 2261 custodiri
2519 2206 2799 2264 catholicae
2823 2210 3074 2278 primitus
3102 2211 3224 2268 ﬁdei
3248 2222 3496 2269 servetur
3522 2218 3837 2290 integritas,

2232 2308 2292 2352 ut
2311 2299 2436 2370 quia
2461 2314 2557 2370 per
2579 2301 2760 2356 omnia
2791 2320 2811 2353 ι
2838 2311 3063 2372 angusta
3088 2311 3145 2358 et
3174 2306 3340 2360 ardua
3364 2307 3449 2360 via
3476 2318 3562 2363 est
3589 2324 3721 2379 quae
3747 2312 3841 2366 du-

2233 2391 2307 2445 cit
2335 2393 2402 2446 ad
2431 2392 2596 2447 vitam
2624 2391 2839 2463 (Matth.
2888 2407 2988 2459 vn,
3034 2395 3147 2466 14),
3184 2414 3204 2448 ι
3235 2412 3412 2469 neque
3450 2400 3501 2455 in
3532 2402 3834 2470 sinistram,

2233 2495 2409 2551 neque
2457 2482 2525 2536 ad
2580 2483 2857 2539 dexteram
2902 2486 2971 2541 ab
3021 2487 3138 2558 ejus
3190 2491 3407 2547 tramite
3454 2493 3733 2550 devictur.
3780 2497 3840 2553 Et

2234 2572 2360 2640 quia
2407 2573 2719 2643 evangelica
2757 2583 2811 2629 et
2841 2576 3133 2645 apostolica
3169 2577 3300 2635 ﬁdes
3331 2595 3521 2639 omnes
3563 2596 3840 2658 expugnat

2235 2677 2468 2727 errores,
2493 2673 2550 2719 et
2581 2666 2651 2721 ab
2690 2680 2797 2722 uno
2840 2667 3013 2723 latere
3041 2668 3344 2726 Nestorium
3380 2674 3586 2744 déjicit,
3626 2681 3703 2734 ah
3737 2682 3839 2735 alio

2235 2754 2513 2826 Eutychen
2557 2767 2613 2812 et
2675 2759 2967 2830 participes
3007 2761 3125 2832 ejus
3164 2762 3337 2819 elidit.
3381 2764 3535 2823 Hanc
3590 2773 3837 2841 regula

2234 2854 2563 2903 mementote
2590 2850 2937 2917 servandam,
2967 2861 3045 2908 ut.
3067 2853 3378 2924 quicunque
3410 2857 3467 2912 in
3500 2859 3595 2914 illa
3626 2868 3839 2933 synodo

2235 2949 2356 3017 quae
2384 2950 2579 2993 nomen
2609 2938 2801 3009 synodi
2834 2953 2933 2995 nec
2976 2942 3178 2998 habere
3218 2947 3392 3014 potuit
3430 2962 3535 3004 nec
3569 2963 3839 3020 meretur,

2238 3028 2369 3084 etin
2391 3043 2500 3098 qua
2525 3030 2959 3088 malevolentiam
2985 3049 3139 3090 suam
3166 3036 3477 3108 Dioscorus,
3502 3043 3833 3114 imperitiam

2235 3128 2417 3174 autem
2442 3119 2716 3176 Iuvenalis
2753 3124 3011 3189 ostendit,
3061 3126 3243 3183 dolent
3288 3139 3350 3185 ut
3389 3132 3706 3193 dilectionis
3738 3149 3837 3193 tua:

2238 3209 2501 3265 relatione
2546 3212 2950 3283 comperimus,
2998 3230 3058 3272 se
3099 3227 3246 3274 metu
3295 3220 3470 3278 victos
3518 3235 3577 3281 et
3632 3237 3838 3288 terrore

2237 3310 2519 3372 superatos
2543 3302 2612 3358 ad
2637 3318 2959 3361 consensum
2979 3307 3350 3367 scelestissimi
3367 3314 3562 3381 judicii
3592 3325 3834 3389 potuisse

2236 3394 2499 3464 compelli,
2536 3405 2592 3452 et
2615 3399 3046 3455 communionem
3068 3403 3385 3462 catholicam
3410 3408 3667 3468 obtinere
3692 3416 3835 3470 desi-

2236 3487 2447 3556 derant,
2493 3488 2851 3547 satisfactioni
2897 3508 3086 3550 eorum
3124 3510 3231 3568 pax
3253 3499 3492 3558 fraterna
3521 3518 3835 3578 praestetur,

2237 3579 2309 3635 ita
2333 3589 2394 3635 ut
2421 3597 2526 3637 non
2568 3582 2746 3640 dubiis
2786 3584 3213 3655 professionibus
3251 3592 3530 3666 Eutychen
3564 3614 3692 3656 cum
3741 3620 3839 3660 suo

2236 3674 2487 3745 dogmate
2515 3689 2749 3748 cumque
2791 3680 3133 3737 consortibus
3169 3684 3283 3739 suis
3330 3689 3708 3752 anathematis
3740 3714 3838 3754 ex-

2236 3767 2540 3822 secratione
2582 3768 2963 3827 condemnem.
3008 3773 3085 3829 De
3135 3773 3222 3830 his
3269 3786 3451 3834 autem
3496 3784 3592 3853 qui
3642 3787 3700 3842 in
3741 3789 3834 3845 hac

2237 3877 2400 3918 causa
2425 3864 2644 3933 gravius
2674 3876 2991 3932 peccavere,
3025 3872 3083 3920 et
3110 3864 3180 3920 ob
3208 3868 3312 3925 hoc
3353 3876 3700 3944 superiorem
3741 3883 3833 3949 sibi

2234 3955 2410 4012 locum
2457 3956 2510 4010 in
2557 3955 2745 4011 eadem
2775 3954 2975 4011 infelici
3010 3959 3216 4029 synodo
3242 3962 3614 4036 vindicarunt,
3652 3984 3713 4029 ut
3743 3979 3834 4032 hu.

2235 4047 2505 4102 miliorum
2565 4045 2796 4103 fratrum
2859 4048 3260 4121 simplicitatem
3322 4065 3658 4131 arrogantiae
3729 4086 3829 4125 sua:

2233 4139 2558 4211 praeiudiciis
2604 4146 2984 4211 aggravarent,
3040 4143 3086 4199 si
3134 4143 3274 4203 forte
3323 4151 3658 4223 resipiscunt
3708 4171 3759 4216 et
3802 4180 3826 4217 θ

2234 4231 2360 4287 facti
2414 4233 2496 4287 sui
2544 4231 2857 4288 defensione
2905 4247 3182 4293 cessantes
3221 4238 3275 4295 in
3323 4246 3825 4310 condemnationem

2235 4322 2438 4393 proprii
2455 4330 2844 4378 convertuntur
2866 4327 3087 4393 erroris,
3104 4327 3295 4385 horum
3322 4333 3366 4388 si
3390 4337 3702 4397 satisfactio
3718 4345 3829 4401 talis

2234 4414 2461 4473 accedit.
2500 4429 2621 4483 qua:
2659 4430 2764 4470 non
2806 4414 3088 4473 refutanda
3134 4421 3396 4489 videatur,
3440 4435 3828 4492 maturiorihus

2234 4505 2544 4577 apostolicae
2586 4503 2741 4562 Sedis
2766 4508 3011 4563 conciliis
3056 4524 3382 4580 reservetur,
3412 4528 3469 4572 ut
3500 4528 3830 4585 examinatis

2234 4596 2488 4650 omnibus
2508 4602 2671 4664 atque
2696 4598 2979 4667 perpensis
3000 4598 3068 4654 de
3093 4601 3223 4671 ipsis
3244 4619 3429 4660 eorum
3464 4613 3828 4682 agnitionibns

2234 4684 2362 4775 quid
2412 4686 2666 4741 constitui
2711 4687 2905 4743 debeat
2956 4692 3275 4751 aestimetur.
3330 4697 3515 4771 Neque
3569 4708 3728 4775 prius
3781 4713 3825 4765 in

2234 4774 2496 4841 Ecclesia,
2520 4777 2608 4831 cui
2641 4788 2693 4832 te
2721 4777 2979 4836 Dominus
2997 4784 3166 4839 voluit
3195 4791 3486 4858 praesidere
3504 4774 3823 4869 cujusquam

2234 4866 2443 4934 talium,
2492 4877 2555 4923 ut
2598 4877 2726 4925 ante
2775 4872 2886 4941 jam
2933 4877 3270 4948 scripsimus,
3308 4900 3500 4941 nomen
3547 4866 3619 4944 ad
3663 4866 3825 4948 altare

2232 4959 2511 5025 recitetur,
2541 4975 2705 5030 quam
2742 4964 2869 5034 quid
2899 4965 2965 5020 de
2991 4968 3072 5024 eis
3101 4974 3354 5030 constitui
3383 4978 3607 5047 debeat,
3650 5000 3822 5042 rerum

2236 5067 2523 5124 processus
2552 5056 2821 5112 ostendat.
2853 5057 2929 5113 De
2953 5065 3365 5123 commonitorio
3397 5085 3528 5126 vero
3555 5089 3588 5129 a
3618 5077 3822 5134 clericis

2237 5145 2542 5203 dilectionis
2587 5156 2691 5203 tum
2729 5150 2885 5206 nobis
2927 5153 3109 5211 oblato
3145 5161 3514 5216 necessarium
3564 5182 3675 5221 non
3730 5168 3821 5223 fuit

2236 5236 2480 5306 epistolis
2505 5238 2633 5308 quid
2673 5241 2947 5298 videretur
2990 5244 3247 5314 inserere,
3289 5267 3409 5308 cum
3449 5256 3725 5316 sufﬁceret
3752 5263 3822 5317 le-

2236 5329 2378 5398 gatis
2405 5339 2599 5385 cuncta
2629 5334 2915 5400 committi,
2947 5352 3175 5406 quorum
3205 5356 3458 5401 sermone
3481 5364 3548 5403 ex
3576 5351 3819 5410 omnibus

2237 5420 2547 5493 diligentius
2628 5425 2994 5484 instruereris.
3052 5431 3316 5491 Annitere
3377 5438 3580 5508 igitur,
3659 5442 3818 5499 frater

2235 5511 2572 5580 charissime,
2603 5523 2661 5570 ut
2681 5518 3084 5587 qumEcclesize
3113 5521 3205 5579 Dei
3249 5540 3555 5599 congruunt
3594 5532 3819 5589 ﬁdeliter

2235 5614 2289 5659 et
2319 5603 2609 5661 efﬁcaciter
2636 5622 2758 5662 cum
2793 5609 2878 5664 bis
2918 5609 3200 5680 fratribus,
3231 5632 3368 5686 quos
3407 5630 3572 5677 tanta:
3613 5625 3688 5678 rei
3709 5623 3819 5679 ido-

2237 5711 2366 5752 neos
2395 5706 2639 5755 auctores
2669 5700 2950 5773 elegimus,
2985 5708 3320 5776 cxsequaris,
3359 5713 3661 5781 praesertim
3700 5730 3810 5769 cum

2238 5788 2352 5861 ipsa
2382 5804 2476 5875 vos
2521 5808 2697 5850 causa:
2745 5793 2899 5861 ratio,
2932 5810 3161 5868 spesque
3196 5799 3364 5858 divini
3400 5803 3586 5859 auxilii
3630 5805 3814 5863 cohor-
