3968 6452
122 451 268 523 tot

1364 442 1854 509 DECRETALIUM
1889 445 2288 513 COLLECTIO.

3298 444 3411 518 an

128 544 370 639 tentur,
396 583 451 630 et
486 573 1025 630 clementissimorum
1066 572 1384 643 principum,
1422 582 1528 626 tam
1555 577 1737 625 sancta
1768 570 1814 627 A
1842 565 2117 637 priVilegiO
2144 577 2387 638 oportet“
2421 567 2509 637 ius
2550 570 2821 638 Proprium
2863 569 3158 626 reformari-
3202 573 3413 631 Ῥνίονὶῧ

125 665 233 721 sit
254 664 414 730 ﬁdes,
445 673 554 719 tam
587 664 831 735 religiosa
859 664 1090 729 devotio,
1126 672 1182 717 ut
1211 665 1262 719 in
1300 664 1380 719 eis
1417 678 1521 718 non
1558 662 1732 716 solum

128 755 561 819 Christianum,
604 755 698 810 sed
744 753 906 808 etiam
960 753 1344 809 sacerdotalem
1394 751 1733 821 experiamur

128 845 432 901 affectum.
489 844 590 912 Qui
619 846 802 915 utique
834 862 934 917 pro
958 847 1158 917 pietate
1206 861 1310 916 qua
1341 861 1399 902 se
1430 845 1524 901 Dei
1565 844 1733 899 famu-

124 938 240 993 los
269 952 393 993 esse
434 936 730 1009 gloriantur
756 952 943 993 omnes
988 940 1357 1011 suggestiones
1382 946 1588 992 vestras
1613 936 1734 991 ﬁdei

124 1026 438 1081 catholicae
464 1025 774 1096 profuturas
798 1026 1083 1098 dignanter
1101 1028 1387 1097 accipiant,
1417 1038 1475 1080 ιιι
1500 1026 1735 1095 ipsorum

122 1132 376 1187 quoque.
423 1133 523 1189 ope
550 1108 623 1173 'et
677 1133 782 1188 pax
830 1119 1133 1175 Christiana
1171 1120 1432 1190 reparari,
1482 1128 1538 1174 et
1584 1133 1737 1173 error

130 1208 360 1279 impius
389 1210 560 1279 possit
605 1205 823 1264 aboleri.
869 1208 950 1264 Ac
996 1210 1043 1265 si
1090 1210 1157 1265 de
1202 1210 1466 1280 aliquibus
1509 1209 1737 1279 amplius

132 1298 325 1356 fuerit
365 1300 790 1365 deliberandum,
818 1299 1069 1355 celeriter
1096 1300 1162 1354 ad
1198 1316 1297 1356 nos
1328 1300 1514 1356 relatio
1542 1301 1738 1371 diriga-

133 1400 270 1457 tur,
313 1401 376 1445 ut
422 1398 745 1460 pertractata
770 1388 1028 1458 qualitate
1062 1405 1345 1445 causarum
1394 1401 1575 1445 nostra
1611 1389 1738 1459 quid

130 1480 437 1535 observari
482 1478 673 1536 debeat
694 1477 1017 1534 -sollicitudo
1051 1482 1358 1535 constituat.
1395 1482 1524 1535 Data
1553 1480 1740 1551 quinto

130 1567 281 1623 ldus
318 1567 499 1634 Junii,
545 1568 806 1640 Adelphio
846 1568 962 1623 viro
1005 1569 1301 1625 clarissimo
1342 1570 1581 1636 consule,
1632 1584 1739 1624 tera

124 1672 265 1728 'qua
288 1674 475 1729 supra.

340 1750 549 1806 XXVI.
577 1782 644 1792 —
667 1753 748 1805 Ad
774 1753 1032 1823 synodum
1075 1751 1563 1806 Chalcedonensem.

227 1842 345 1898 ιω
398 1852 598 1899 sancttc
651 1845 856 1914 synodo
909 1845 1047 1915 apud
1092 1842 1483 1899 Chalcedonam
1539 1844 1738 1898 consti-

136 1941 214 1987 ιιι
223 1944 311 1987 ωε.

228 2024 553 2094 Optaveram
588 2026 829 2096 quidem.
864 2026 1188 2091 charissimi,
1229 2041 1325 2097 pro
1354 2025 1520 2080 nostri
1565 2024 1740 2079 chari-

134 2123 272 2171 tate
299 2115 507 2186 collegii
537 2131 724 2172 omnes
750 2119 958 2172 Domini
991 2119 1299 2173 sacerdotes
1328 2117 1384 2171 in
1415 2131 1521 2171 una
1550 2117 1739 2172 catho-

138 2205 280 2261 lica:
303 2207 428 2262 ﬁdei
452 2208 734 2264 devotione
752 2210 1063 2279 persistere,
1097 2224 1197 2264 nec
1220 2222 1542 2278 quemquam
1566 2207 1740 2277 gratia

142 2306 255 2351 aut
284 2297 573 2354 formidine
610 2310 937 2370 potestatum
983 2300 1322 2355 stcculariutn
1352 2299 1658 2370 depravari,
1684 2308 1742 2353 ut

143 2405 187 2443 a
212 2390 303 2444 via
331 2390 574 2445 veritatis
601 2390 928 2445 abscederet.
958 2389 1063 2445 Sed
1089 2390 1211 2459 quia
1255 2389 1421 2444 multa
1453 2403 1596 2458 saepe
1625 2404 1743 2459 quae

138 2477 548 2547 plenitudinem
577 2479 782 2548 possint
807 2492 1068 2549 generare
1109 2478 1452 2548 proveniunt,
1499 2489 1553 2534 et
1589 2492 1745 2549 supe-

152 2576 250 2621 rat
308 2566 488 2636 culpas
530 2568 955 2638 delinquentium
999 2567 1369 2625 misericordia
1417 2566 1534 2631 Dei,
1583 2576 1744 2638 atque

146 2659 285 2713 ideo
313 2658 654 2728 suspenditur
682 2660 833 2723 ultio,
866 2669 926 2714 ut
950 2660 1117 2730 possit
1160 2657 1336 2714 locum
1381 2660 1580 2715 habere
1625 2675 1747 2716 cor-

150 2751 363 2816 rectio,
427 2750 854 2821 amplectendum
900 2760 983 2806 est
1027 2750 1431 2806 clementissimi
1484 2751 1743 2821 principis

147 2840 382 2911 plenum
413 2840 669 2912 religione
691 2842 995 2908 consilium,
1026 2856 1133 2911 quo
1161 2851 1403 2897 sanctam
1438 2841 1745 2898 fraternita-

150 2942 271 2988 tem
324 2940 561 2987 vestram
588 2930 655 2986 ad
688 2931 1040 2987 destruendas
1078 2932 1302 2987 insidias
1338 2931 1535 2987 diaboli
1580 2941 1636 2988 et
1678 2934 1745 2988 ad

148 3021 563 3078 reformandam
584 3022 1006 3078 ecclesiasticam
1030 3038 1214 3092 pacem
1234 3023 1404 3078 voluit
1430 3024 1742 3091 convenire,

146 3114 461 3171 beatissimi
503 3114 649 3170 Petri
686 3112 811 3183 jure
839 3125 1000 3186 atque
1029 3116 1232 3171 honore
1261 3126 1496 3181 servato,
1528 3117 1662 3172 adeo
1689 3126 1746 3172 ut

146 3222 263 3262 nos
287 3220 503 3277 quoque
524 3206 636 3261 suis
667 3207 733 3262 ad
763 3206 864 3262 hoc
899 3206 1095 3262 litteris
1133 3207 1408 3273 invitaret,
1438 3216 1496 3263 ut
1520 3222 1744 3263 venera-

1836 665 2014 712 autem
2043 658 2320 729 Ephesium
2346 660 2533 730 synodi
2561 661 2645 715 cui
2671 671 2869 733 sanctm
2892 663 3163 718 memoria:
3182 663 3415 735 Cyrillus

1834 748 2117 821 episcopus
2165 759 2292 806 tunc
2336 752 2583 821 praesedit
2640 753 2691 805 in
2750 751 3054 808 Nestorium
3107 756 3415 824 specialiter

1836 846 2032 893 statuta
2060 850 2427 909 permaneant,
2458 858 2524 898 ne
2554 851 2680 896 tunc
2708 844 2956 899 damnata
2985 845 3254 915 impietas,
3291 845 3419 905 ideo

1838 928 1937 983 sibi
1967 930 2019 983 in
2051 930 2230 1000 aliquo
2264 932 2587 999 blandiatur,
2617 934 2741 1004 quia
2783 936 3049 1007 Eutyches
3082 937 3229 1007 justa
3260 944 3416 995 exse-

1837 1018 2076 1073 cratione
2131 1021 2453 1089 percellitur.
2510 1023 2719 1080 Puritas
2760 1027 2902 1081 enim
2941 1028 3066 1083 ﬁdei
3122 1039 3285 1099 atque
3320 1030 3418 1086 do-

1839 1109 2042 1172 ctrinm,
2074 1125 2232 1180 quam
2261 1114 2448 1167 eodem
2479 1117 2785 1193 quosancti
2814 1118 2999 1174 Patres
3027 1121 3193 1175 nostri
3223 1121 3416 1192 spiritu

1840 1198 2211 1267 prtcdicamus,
2258 1211 2315 1257 et
2356 1203 2726 1260 Nestorianam
2777 1216 2831 1262 et
2877 1209 3262 1281 Eutychianam
3291 1225 3416 1268 cum

1841 1289 1953 1343 suis
1997 1292 2309 1348 auctoribus
2353 1296 2675 1352 condemnat
2726 1300 2930 1366 pariter
2976 1309 3030 1354 et
3072 1303 3420 1371 persequitur

1841 1382 2183 1449 pravitatem.
2235 1386 2366 1440 Data
2410 1387 2597 1457 quinto
2642 1387 2909 1446 Kalendas
2950 1389 3105 1457 Julii,
3155 1391 3420 1463 Adelphio
3497 1384 3505 1393 ’

1847 1472 1960 1527 viro
1988 1473 2290 1533 clarissimo
2311 1478 2551 1533 consule.

2235 1564 2464 1621 XXVIII.
2498 1598 2566 1608 —
2593 1569 2674 1623 Ad
2708 1569 3029 1625 Anatolium.

1916 1652 2026 1709 Leo
2050 1656 2332 1727 episcopus
2356 1658 2634 1715 ΑΝιισι-θιιο
2662 1663 2932 1733 episcopo.

1916 1744 2277 1810 Manifestato.
2309 1750 2448 1804 sicut
2470 1754 2793 1821 optavimus,
2824 1771 2919 1824 per
2947 1756 3191 1828 gratiam.
3217 1758 3311 1813 Dei
3344 1759 3424 1813 lu-

1849 1834 1991 1889 mine
2028 1837 2350 1908 evangelica:
2374 1840 2635 1906 veritatis,
2674 1854 2730 1897 ct
2756 1846 2824 1899 ab
2856 1847 3144 1903 universali
3184 1847 3426 1904 Ecclesia

1768 1917 1812 1976 Β
1840 1926 2278 1994 perniciosissimi
2328 1930 2531 1984 erroris
2573 1941 2731 2007 nocte
2782 1934 3024 2002 depulsa,
3082 1935 3426 1993 inell‘ahilitcr

1842 2015 2136 2083 gaudemus
2164 2016 2218 2071 in
2242 2017 2470 2074 Domino
2491 2022 2633 2090 quod
2654 2023 2871 2078 credita:
2896 2026 3051 2089 nobis
3077 2028 3427 2097 dispensatio-

1844 2104 1927 2160 nis
1973 2104 2127 2162 lahor
2165 2107 2234 2165 ad
2271 2107 2632 2185 desideratum
2678 2115 2922 2196 pervenit
2968 2115 3235 2183 ellectum,
3286 2119 3430 2176 sicut

1842 2194 2277 2280 etiam.epistolae
2322 2209 2427 2254 tua:
2471 2210 2649 2259 textus
2695 2194 2982 2273 eloquitur,
3028 2216 3085 2278 ut
3133 2209 3427 2264 secundum

1793 2360 1799 2365 '
1845 2287 2194 2355 apostolicam
2235 2289 2533 2351 doctrinam
2585 2293 2815 2363 idipsum
2853 2296 3096 2353 dicamus
3139 2313 3328 2355 onmes
3376 2310 3430 2355 et

1846 2391 1953 2432 non
1986 2376 2095 2432 sint
2119 2378 2171 2432 in
2191 2379 2346 2435 nobis
2372 2382 2684 2437 schismata.
2708 2383 2888 2441 Simus
2908 2396 3086 2449 autem
3125 2389 3346 2459 perfecti
3375 2392 3427 2448 in

1844 2465 2032 2522 eodem
2057 2482 2215 2523 sensu
2238 2471 2364 2526 etin
2380 2472 2566 2528 eadem
2581 2458 2865 2529 sententia.
2888 2475 2944 2530 ln
2968 2475 3121 2546 cujus
3139 2481 3317 2548 operis
3336 2482 3429 2536 de-

1847 2557 2061 2613 votione
2081 2560 2413 2627 gratulamur
2432 2562 2768 2620 dilectionem
2787 2574 2931 2621 tuam
2958 2582 3078 2625 esse
3097 2581 3426 2636 consortem,

1847 2656 1980 2703 utet
2004 2651 2342 2721 corrigendis
2366 2664 2453 2708 tua
2484 2656 2761 2725 prodesset
2789 2659 3077 2730 industria,
3106 2673 3161 2719 et
3186 2664 3254 2720 ab
3280 2667 3428 2720 omni

1848 2747 1901 2795 te
1943 2741 2270 2801 deviantium
2310 2749 2722 2826 participatione
2763 2763 2819 2810 et
2866 2755 3099 2814 factione
3147 2774 3427 2831 purgarcs,

1848 2832 2126 2891 decessore
2165 2838 2307 2893 enim
2346 2847 2439 2897 tuo
2477 2843 2648 2900 beata:
2685 2848 2960 2904 memoria:
3004 2848 3263 2907 Flaviano
3302 2868 3431 2923 pro.

1845 2934 1966 2992 pter
1992 2926 2357 2985 defensionem
2393 2934 2670 2991 catholica:
2706 2940 2950 2996 veritatis
2974 2942 3169 3013 ejecto,
3196 2960 3301 3000 non
3332 2946 3434 3001 im-

1847 3016 2041 3071 merito
2062 3019 2400 3088 credebatur,
2427 3025 2570 3092 quod
2606 3016 2944 3088 ordinatores
2972 3033 3047 3087 tui
3091 3043 3277 3090 contra
3311 3052 3433 3091 san-

1845 3115 2056 3161 ctorum
2098 3124 2362 3166 canonum
2408 3116 2695 3179 constituta
2728 3120 3041 3178 viderentur
3080 3127 3169 3181 sui
3204 3126 3434 3183 similem

1848 3210 2213 3254 consecrasse.
2267 3200 2372 3258 Sed
2397 3204 2568 3261 adfuit
2592 3198 2956 3269 misericordia
3002 3213 3096 3270 Dei
3141 3216 3194 3270 in
3237 3217 3338 3273 hoc
3383 3230 3435 3273 te

146 3297 251 3352 bili
294 3299 501 3369 synodo
542 3307 781 3354 nostram
824 3300 1165 3369 praesentiam
1200 3300 1578 3370 praeberemus,
1604 3302 1746 3372 quod
1774 3284 1819 3347 C
1854 3291 2100 3361 I'cdigens
2131 3301 2294 3363 atque
2337 3297 2682 3364 conﬁrmans,
2720 3310 2778 3356 ut
2806 3304 2963 3361 malis
2986 3307 3267 3377 principiis
3300 3310 3436 3365 bene

147 3391 382 3460 quidem
409 3406 508 3447 nec
537 3393 830 3448 necessitas
856 3393 1131 3464 temporis,
1160 3408 1261 3449 nec
1289 3392 1395 3448 ulla
1417 3392 1747 3449 consuetudo

150 3488 375 3549 poterat
400 3483 730 3551 permittere.
765 3482 967 3538 Tamen
1017 3484 1071 3538 in
1109 3484 1193 3539 his
1219 3482 1477 3540 fratribus
1513 3483 1747 3540 Pascha-

151 3574 318 3629 siano
372 3582 426 3628 et
479 3573 739 3630 Lucentio
789 3574 1085 3644 episcopis,
1131 3574 1404 3631 Bonifacio
1445 3585 1500 3631 et
1552 3575 1748 3630 Basilio

153 3664 516 3735 presbyteris,
559 3664 649 3733 qui
681 3664 750 3720 ab
779 3666 1068 3736 apostolica
1098 3654 1238 3720 Sede
1265 3665 1460 3721 directi
1487 3676 1631 3731 sunt,
1664 3681 1749 3720 me

153 3757 374 3828 synodo
423 3766 602 3813 vestra
647 3756 958 3813 fraternitas
1006 3758 1237 3819 aestimet
1294 3759 1602 3829 przcsidere,
1643 3775 1748 3815 non

154 3848 233 3904 ab
264 3846 503 3916 injuncta
534 3864 562 3902 a
590 3849 741 3904 vobis
764 3850 1049 3918 praesentia
1085 3861 1201 3903 mea
1228 3848 1319 3919 qui
1346 3864 1487 3917 nunc
1524 3840 1580 3904 in
1607 3850 1751 3905 vica-

156 3938 264 3993 riis
294 3940 431 3993 meis
455 3938 641 3993 adsum
668 3938 1053 4009 etjamdudum
1094 3938 1217 3993 ﬁdei
1256 3939 1533 3994 catholica:
1558 3940 1751 4009 pracdi-

156 4030 381 4085 catione
429 4044 535 4085 non
576 4030 785 4097 desum,
828 4039 887 4084 ut
935 4031 1026 4099 qni
1078 4046 1182 4086 non
1231 4031 1455 4101 potestis
1501 4032 1752 4103 ignorare

157 4121 297 4193 quid
323 4136 389 4176 ex
430 4109 648 4192 antiqua
686 4120 974 4177 traditione
1024 4124 1332 4189 credamus,
1380 4139 1485 4179 non
1535 4123 1752 4193 possitis

159 4213 420 4269 dubitare
474 4212 604 4282 quid
664 4213 895 4284 cupiam.
954 4213 1127 4281 Unde,
1179 4215 1377 4271 fratres
1423 4216 1750 4283 cltarissimi,

158 4304 369 4375 rejecta
396 4305 610 4374 penitus
639 4306 862 4361 audacia
890 4306 1193 4375 disputandi
1219 4317 1409 4363 contra
1438 4308 1597 4363 ﬁdem
1619 4309 1754 4366 divi-

160 4396 316 4451 nitus
349 4394 688 4465 inspiratam,
708 4412 847 4451 vana
866 4398 1163 4453 errantium
1189 4399 1478 4456 infidelitas
1500 4403 1753 4473 conquie—

160 4493 283 4540 scat
311 4500 413 4540 nec
443 4484 606 4542 liceat
640 4486 849 4553 defendi
878 4488 1020 4557 quod
1057 4504 1161 4543 non
1210 4488 1368 4545 liceat
1413 4492 1584 4558 credi,
1633 4509 1753 4548 cum

160 4576 464 4631 secundum
504 4578 842 4648 evangelicas
889 4580 1253 4646 auctoritates,
1300 4585 1593 4639 secundum
1636 4601 1756 4655 pro-

1850 3382 2099 3451 utereris,
2127 3393 2184 3440 et
2212 3401 2315 3441 non
2363 3396 2416 3443 te
2453 3386 2657 3457 judicio
2698 3393 2995 3463 hominum,
3032 3399 3124 3453 scd
3166 3398 3262 3454 Dei
3305 3416 3433 3469 pro-

1849 3478 2059 3527 vectum
2100 3472 2426 3543 benignitate
2465 3488 2814 3537 monstrares.
2848 3483 2998 3551 Quod
3046 3486 3120 3540 ita
3165 3488 3435 3558 accipien-

1851 3562 1975 3616 dum
2016 3572 2121 3629 est,
2151 3565 2197 3620 si
2233 3567 2370 3621 hanc
2414 3567 2576 3624 divini
2609 3558 2848 3629 muneris
2870 3575 3097 3644 gratiam
3124 3576 3230 3633 alia
3267 3578 3437 3635 olfeni-

1850 3654 2000 3727 sione
2027 3670 2132 3711 non
2155 3658 2369 3726 perdas.
2409 3658 2590 3718 Virum
2621 3665 2785 3719 etiam
2823 3667 3146 3724 catholicum
3166 3679 3221 3725 et
3251 3672 3437 3741 praeci-

1851 3758 1954 3815 pue
1977 3744 2185 3799 Domini
2227 3749 2566 3806 sacerdotem
2594 3752 2732 3809 sicut
2765 3754 2909 3809 nullo
2937 3771 3125 3812 errore
3149 3758 3436 3828 implicari,

1853 3833 1923 3887 i-a
1969 3834 2111 3889 nulla
2150 3846 2364 3907 oportet
2414 3841 2703 3911 cupiditate
2744 3844 2951 3899 violari.
2988 3845 3208 3904 Dicente
3240 3851 3441 3921 quippe

1854 3925 2131 3995 Scriptura
2182 3939 2364 3986 sancta
2394 3952 2406 3987 :
2442 3953 2459 3986 ι
2494 3933 2621 3990 Post
2665 3938 3127 4009 concupiscentias
3168 3951 3289 4018 tuas
3333 3959 3438 3999 non

1853 4030 1967 4079 cas,
2004 4027 2058 4072 et
2096 4034 2126 4073 a
2165 4020 2436 4079 voluntate
2486 4034 2575 4080 tua
2615 4037 2795 4084 vetare
2829 4026 3018 4106 (Ereti.
3066 4048 3222 4104 xvm,
3264 4033 3377 4106 30),
3419 4056 3439 4088 ι

1855 4106 2036 4163 multis
2066 4111 2248 4166 mundi
2278 4113 2435 4181 hujus
2455 4115 2739 4183 illecebris,
2769 4121 2950 4178 multis
2985 4124 3314 4181 vanitatibus
3362 4117 3446 4181 rc-

1855 4202 2152 4258 sistendum
2175 4214 2277 4270 est,
2301 4216 2359 4260 ut
2388 4192 2511 4262 vere
2537 4206 2881 4269 continentia:
2902 4213 3207 4270 obtineatur
3228 4218 3448 4289 integri—

1859 4306 1956 4358 tas,
1989 4294 2142 4364 cujus
2183 4297 2356 4367 prima
2409 4308 2491 4355 est
2541 4299 2690 4357 labes
2727 4305 2976 4373 superbia
3025 4306 3232 4363 initium
3274 4318 3449 4377 trans-

1857 4386 2169 4455 gressionis,
2197 4390 2251 4442 et
2280 4390 2432 4458 origo
2461 4392 2687 4460 peccati.
2717 4392 2982 4471 Quoniam
3014 4411 3166 4453 mens
3194 4399 3449 4468 potentia:

1858 4476 2146 4542 avida,nec
2162 4477 2435 4533 absdnere
2463 4482 2611 4537 novit
2637 4499 2667 4539 a
2695 4484 2896 4552 vetitis,
2926 4501 3025 4543 nec
3050 4488 3284 4559 gaudere
3312 4504 3447 4544 con-

1860 4567 2050 4631 cessis,
2074 4567 2199 4622 dum
2232 4570 2536 4627 inordinate
2564 4574 2835 4646 pravdque
2876 4578 3128 4648 processu
3159 4579 3450 4649 impunita-

161 4666 415 4734 pheticas
450 4682 609 4722 voces
636 4668 1094 4741 apostolicamque
1121 4671 1420 4727 doctrinam
1451 4672 1747 4743 plenissime

1868 4670 1981 4707 rum
2025 4657 2508 4728 transgressionum
2544 4672 2805 4735 augentur
2842 4647 3117 4733 excessus,
3143 4678 3197 4725 et
3228 4647 3448 4724 crebre-

163 4766 223 4811 et
246 4754 579 4813 lucidissime
610 4775 706 4829 per
735 4760 962 4826 litteras,
989 4776 1125 4831 quas
1169 4764 1234 4817 ad
1280 4763 1449 4819 beata:
1487 4768 1760 4822 memoria:

164 4848 487 4925 Flavianum
530 4851 839 4921 episcopmn
885 4852 1158 4918 misimus,
1221 4853 1377 4908 fuerit
1432 4855 1757 4911 declaratum

167 4954 292 5009 quae
321 4940 393 4994 sit
421 4942 486 4995 de
514 4952 854 4995 sacramento
903 4942 1292 4998 incarnationis
1339 4945 1546 5000 Domini
1590 4951 1759 5004 nostri

166 5029 298 5086 Iesu
323 5030 524 5085 Christi
566 5032 652 5102 pia
679 5042 732 5087 ct
762 5033 971 5087 sincera
1014 5034 1299 5090 confessio.
1325 5035 1460 5104 Quia
1500 5055 1625 5097 vero
1654 5060 1758 5099 non

169 5123 485 5192 ignoramus
513 5138 606 5192 per
632 5138 829 5192 pravas
867 5125 1238 5181 minulationes
1267 5130 1558 5185 multarum
1591 5134 1763 5189 eccle-

169 5214 374 5267 siarum
404 5222 603 5267 statum
631 5212 796 5270 fuisse
826 5217 1121 5281 turbatum,
1159 5217 1522 5290 plurimusque
1549 5225 1758 5293 episco-

170 5330 270 5384 pos
294 5315 386 5383 qui
416 5314 664 5370 hzercsim
709 5330 812 5369 non
859 5316 1159 5386 reciperent
1191 5318 1411 5374 sedibus
1442 5321 1556 5375 suis
1582 5321 1762 5391 pulsos

171 5406 305 5459 etin
332 5404 885 5474 exsilia'deportato's,
918 5415 1078 5476 atque
1117 5407 1170 5461 in
1210 5407 1385 5464 lucum
1414 5414 1760 5481 superstitum

173 5496 311 5551 alios
344 5497 684 5561 substitutos,
718 5496 1026 5551 vulneribus
1056 5498 1139 5552 his
1167 5500 1419 5568 primitus
1444 5502 1764 5558 adhibeatur

174 5587 439 5644 medicina
463 5588 707 5656 justitia',
755 5605 853 5642 nec
883 5589 1165 5659 quisquam
1214 5591 1288 5645 ita
1320 5602 1505 5648 careat
1532 5595 1765 5665 propriis

176 5688 235 5734 ut
259 5679 399 5735 alter
429 5688 610 5733 utatur
639 5679 852 5743 alienis,
892 5697 1015 5736 cum
1046 5681 1119 5753 si,
1146 5693 1207 5736 ut
1226 5684 1496 5754 cupimus,
1523 5703 1764 5744 errorem

177 5786 366 5826 omnes
395 5770 720 5840 relinquunt,
768 5772 970 5826 nemini
996 5774 1211 5842 quidem
1252 5776 1430 5846 perire
1468 5779 1640 5833 honor
1669 5778 1757 5835 de-

180 5863 320 5928 heat,
349 5861 577 5919 sed‘illis
599 5862 688 5930 qui
739 5878 834 5930 pro
884 5864 985 5918 lide
1030 5863 1410 5924 laboraverunt
1456 5887 1574 5926 cum
1620 5876 1765 5930 oumi

504 5955 777 6015 l’n'nuL.
819 5955 925 6014 CX
940 5956 986 6013 Χ
1004 5955 1083 6019 Χ.

1867 4754 2022 4799 scunt
2042 4742 2231 4816 culpae.
2251 4763 2370 4818 qua:
2397 4744 2633 4807 tolerata:
2655 4762 2777 4808 sunt
2796 4755 2973 4811 studio
2994 4756 3113 4811 fidei
3137 4758 3450 4827 reparanda:

1867 4845 1921 4889 et
1945 4850 2129 4891 amore
2149 4840 2466 4896 concorditn.
2490 4836 2620 4898 Post
2650 4844 2736 4899 illa
2768 4838 2947 4916 itaque
2969 4847 3322 4903 ordinationis
3346 4858 3450 4904 tua:

1869 4943 1973 4981 non
2033 4923 2243 4999 culpata
2287 4932 2549 5002 principia
2598 4944 2717 5005 post
2768 4937 3225 4993 consecrationem
3261 4938 3451 4995 Antio-

1867 5021 2040 5075 clueni
2083 5016 2317 5093 episcopi
2352 5041 2510 5095 quam
2544 5027 2750 5082 tibimet
2788 5039 2973 5084 contra
3009 5033 3323 5088 canonicam
3366 5048 3451 5088 rc-

1867 5104 2043 5180 gulam
2099 5112 2398 5180 vindicasti,
2452 5117 2606 5172 doleo
2635 5118 2796 5173 etiam
2850 5119 2902 5173 in
2957 5118 3058 5175 hoc
3106 5121 3449 5179 dilectionem

1868 5191 2011 5254 tuam
2054 5216 2171 5256 esse
2208 5204 2532 5274 prolapsam,
2574 5214 2630 5258 ut
2677 5207 3071 5264 sacratissimas
3109 5208 3445 5267 Nicmnorum

1866 5310 2132 5350 canonum
2189 5298 2597 5354 constitutiones
2641 5300 2916 5354 conareris
2973 5296 3287 5373 infringere,
3336 5312 3450 5357 tan-

1865 5401 2025 5455 quam
2062 5396 2359 5457 opportune
2401 5402 2459 5442 se
2509 5386 2601 5443 tibi
2645 5388 2745 5443 hoc
2790 5399 2998 5460 tempus
3025 5390 3296 5455 obtulerit,
3345 5407 3451 5460 quo

1868 5479 2085 5534 secundi
2119 5480 2337 5533 honoris
2372 5478 2705 5550 privilegium
2745 5481 2900 5537 sedes
2927 5480 3287 5536 Alexandrina
3328 5496 3450 5551 per-

1867 5566 2064 5623 diderit
2107 5576 2161 5623 et
2196 5564 2543 5623 Antiochaaua
2578 5567 2815 5625 Ecclesia
2853 5571 3238 5641 proprietatem
3280 5571 3453 5625 tertiae

1870 5659 2144 5730 dignitatis
2172 5658 2435 5724 amiserit,
2462 5668 2521 5715 ut
2552 5661 2636 5715 his
2668 5661 2800 5716 locis
2826 5661 2935 5733 juri
2971 5672 3060 5717 tuo
3083 5662 3313 5718 subditis
3337 5676 3451 5716 om‘

1869 5766 1965 5807 nes
1988 5750 2382 5821 metropolitani
2412 5752 2645 5824 episcopi
2670 5754 2888 5825 proprio
2916 5755 3120 5811 honore
3148 5755 3451 5826 mirentur;

1871 5847 2073 5911 Quibus
2105 5846 2357 5903 inauditis
2386 5857 2438 5903 et
2466 5864 2736 5918 nunquam
2770 5859 2891 5904 ante
2930 5850 3147 5903 teutatis
3179 5851 3245 5903 ita
3278 5849 3451 5918 privel

2967 5962 3041 6021 26
