3968 6442
597 433 717 498 303

1424 428 1715 486 APPEND.
1756 426 1847 485 AD
1875 418 2046 480 ΒΕΘ.
2077 420 2169 478 IX.
2216 453 2286 463 --—
2325 420 2577 477 ISlDOBl
2614 418 3059 478 MERCATORIS
3734 430 3814 488 ωδ

614 561 691 615 ris
713 554 1043 620 excessibus,
1086 557 1142 606 ιιι
1185 557 1424 606 sanctam
1474 547 1734 620 synodum
1763 543 1828 599 ad
1855 543 2201 612 exstingneu-
2227 542 2274 602 Α
2304 553 2463 608 quam
2506 554 2538 593 a
2582 538 3071 608 praedecessoribus
3116 538 3233 607 tuis
3268 537 3341 592 ad
3379 540 3663 609 apostolica
3700 543 3816 601 seua

615 653 737 707 dam
767 647 936 704 solam
968 641 1218 700 haeresim
1246 647 1300 695 et
1345 636 1806 693 conﬁrmationem
1849 631 1969 687 lidei
2010 630 2198 685 catho-

617 744 734 798 lica:
768 738 945 796 studio
970 729 1417 792 Christianissimi
1450 727 1706 799 principis
1739 729 2117 792 congregatam
2147 719 2201 772 in

611 830 958 889 occasionem
979 823 1216 880 ambitus
1238 820 1442 883 trahas,
1468 825 1523 872 et
1542 827 1600 871 ut
1624 813 2022 872 conniventiam
2050 823 2203 865 suam

546 958 549 959 ν
618 923 714 980 tibi
745 923 834 978 det
860 917 1124 990 impellas,
1143 924 1394 983 tanquam
1424 908 1646 965 refutari
1668 900 2073 976 nequeat,quod
2104 898 2205 954 illi-

614 1016 725 1071 eite
744 1010 979 1068 voluerit
1007 1005 1312 1070 multitudo,
1344 1012 1398 1057 et
1438 1001 1527 1056 illa
1560 999 1899 1054 Nicmnorum
1938 1004 2206 1048 canonum

616 1119 709 1176 per
750 1111 1001 1159 sanctum
1034 1113 1162 1154 vere
1182 1094 1442 1165 Spiritum
1482 1090 1729 1145 ordinata
1759 1084 1996 1143 conditio
2027 1083 2207 1151 aliqua

616 1169 869 1265 cuiquam
892 1192 960 1246 sit
985 1196 1136 1259 parte
1154 1182 1418 1242 solubilis.
1436 1178 1589 1234 Nulla
1618 1178 1832 1234 sibimet
1859 1175 1925 1229 de
1954 1169 2208 1241 multipli-

617 1264 831 1342 catione
847 1277 1278 1352 congregationis
1300 1271 1576 1346 synodalia
1594 1268 1819 1326 concilia
1843 1264 2203 1322 blandiantur,

543 1368 550 1377 ’
618 1395 795 1452 neque
822 1376 1081 1433 trecentis
1107 1373 1214 1428 illis
1249 1373 1434 1427 decem
1462 1376 1624 1437 atque
1661 1374 1785 1420 octo
1810 1360 2078 1434 copiosior
2110 1373 2210 1413 nu-

620 1489 803 1530 merus
828 1470 1189 1533 sacerdotum,
1218 1476 1531 1534 comparare
1548 1476 1607 1515 se
1634 1457 1828 1513 audeat
1852 1463 1907 1510 et
1930 1451 2205 1525 praeferre,

620 1582 743 1623 cum
767 1573 916 1619 tanto
941 1561 1199 1617 divinitus
1221 1553 1498 1628 privilegio
1515 1551 1727 1607 Nicaeua
1749 1550 1818 1603 sit
1842 1544 2076 1617 synodus
2088 1556 2211 1597 con-

620 1666 853 1723 secrata,
869 1664 927 1709 ut
941 1655 1054 1709 sive
1078 1666 1176 1723 per
1201 1648 1501 1721 pauciores,
1518 1646 1631 1700 sive
1652 1656 1745 1713 per
1757 1638 1938 1709 plures
1956 1633 2213 1691 ecclesia-

620 1752 755 1807 stica
783 1746 987 1819 judicia
1010 1722 1372 1806 celebrentur,
1389 1737 1534 1794 omni
1566 1734 1780 1805 penitus
1799 1727 2121 1783 auctoritate
2141 1722 2214 1777 sit

618 1816 850 1897 vacuum
880 1834 1140 1908 quidquid
1153 1834 1220 1887 ab
1237 1830 1446 1886 illorum
1469 1826 1630 1881 fuerit
1640 1818 2023 1881 constitutione
2036 1816 2212 1872 diver-

616 1951 761 1994 sum.
789 1932 961 1988 Nimis
983 1943 1113 1999 ergo
1135 1928 1249 1982 haec
1274 1921 1538 1993 improba,
1566 1917 1729 1972 nimis
1757 1920 1882 1969 sunt
1906 1923 2071 1981 prava
2091 1918 2212 1976 quae

619 2023 1003 2085 sacratissimis
1026 2016 1326 2076 canonibus
1346 2013 1691 2069 inveniuntur
1708 2018 1826 2061 esse
1845 1999 2140 2063 contraria,
2158 1997 2210 2051 in

618 2118 786 2175 totius
823 2113 1077 2169 Ecclesiae
1122 2107 1580 2181 perturbationem
1622 2097 1854 2169 superba
1892 2095 2006 2149 haec
2043 2089 2212 2147 tendit

620 2208 806 2271 elatio,
835 2219 953 2274 qua:
978 2202 1052 2256 ita
1085 2178 1234 2253 abuti
1261 2195 1425 2251 voluit
1457 2190 1688 2248 concilio
1726 2183 1990 2258 synodali,
2017 2188 2076 2235 ut
2102 2178 2211 2232 fra-

620 2308 733 2354 tres
775 2267 993 2351 in-ﬂdci
1031 2286 1403 2345 tantummodo
1450 2281 1722 2353 negotium
1770 2282 2098 2332 convocatos
2141 2267 2211 2334 ad
2253 2338 2259 2343 ἱ

619 2387 1060 2449 consentiendum
1111 2382 1211 2437 sibi
1264 2376 1604 2449 depravando
1656 2368 2024 2440 compelleret.
2082 2359 2210 2416 lude

619 2482 765 2539 cnim
794 2480 991 2534 fratres
1026 2473 1221 2538 nostri,
1253 2473 1321 2526 ab
1363 2465 1653 2540 apostolica
1690 2462 1830 2517 Sede
1860 2456 2073 2521 directi,
2115 2450 2211 2524 qui

616 2577 735 2632 vice
761 2588 879 2629 mea
903 2568 1106 2643 synodo
1128 2563 1488 2639 praesidebant
1507 2556 1858 2630 probabiliter
1886 2561 2049 2621 atque
2076 2561 2209 2604 con-

616 2675 824 2723 stanter
853 2662 1054 2719 illicitis
1075 2658 1295 2713 ausibus
1314 2654 1659 2713 obstiterunt,
1688 2655 1873 2718 aperte
1914 2643 2210 2697 clamantes

619 2777 686 2815 ne
706 2765 894 2813 contra
919 2754 1162 2808 instituta
1182 2747 1410 2803 Nicaeum
1425 2740 1771 2814 praesumptio
1795 2736 2036 2806 reprobae
2058 2732 2211 2787 novi-

619 2848 744 2903 tatis
786 2844 949 2916 198
983 2848 1317 2912 assurgeret,
1348 2850 1449 2890 nec
1478 2840 1654 2905 potest
1675 2832 1741 2885 de
1762 2843 1950 2884 eorum
1991 2834 2209 2881 contra-

616 2939 855 2996 dictione
900 2933 1155 2998 dubitari,
1197 2932 1264 2987 de
1299 2929 1495 3001 quibus
1540 2926 1593 2980 in
1641 2921 1866 2994 cpistola
1915 2930 2004 2973 tua
2042 2918 2207 2972 etiam

618 3034 736 3103 ipse
763 3025 1134 3098 conquereris,
1165 3024 1307 3093 quod
1346 3017 1626 3075 conatibus
1667 3015 1772 3070 tuis
1806 3011 2074 3068 voluerint
2112 3008 2208 3063 ob-

615 3100 788 3177 viare.
833 3119 891 3174 ln
937 3133 1045 3188 quo
1088 3130 1183 3172 eos
1225 3114 1440 3185 quidem
1482 3110 1707 3163 multum
1752 3105 1884 3160 mihi
1926 3103 2040 3158 lucc
2067 3100 2207 3155 scri-

614 3213 796 3269 bendo
839 3208 1206 3272 commendas,
1239 3205 1332 3259 sed
1365 3203 1705 3271 temetipsum
1732 3197 1874 3266 quod
1911 3195 1991 3250 eis
2018 3205 2210 3264 parere

2309 629 2622 685 transmissa
2649 628 2894 684 notitiam
2916 629 3005 685 cui
3027 629 3097 684 ab
3124 628 3276 685 initio
3311 630 3397 684 sui
3418 631 3623 686 caduca
3644 633 3817 691 dudum-

2305 733 2411 788 que
2430 718 2698 792 collapsae,
2726 734 2850 776 sera
2876 735 3020 776 nunc
3041 729 3098 777 et
3118 720 3327 775 inutilia
3354 722 3612 792 subjicere
3636 723 3816 783 fontem:

2305 808 2540 874 voluisti,
2577 810 2842 866 eliciendo
2885 826 2917 866 a
2945 809 3205 867 fratribus
3243 812 3481 881 speciem
3516 815 3817 873 consensionis

2305 918 2469 973 quam
2518 904 2613 958 tibi
2668 904 2723 959 in
2766 919 2921 960 suam
2971 905 3222 975 injuriam
3274 905 3598 959 verecundia
3653 906 3818 977 fatigata

2305 993 2591 1065 praeberet.
2629 993 2898 1050 Memento
2937 995 3067 1064 quid
3101 993 3366 1049 Dominus
3411 994 3462 1048 ei
3496 993 3585 1062 qui
3614 1010 3748 1049 unum
3771 996 3820 1053 de

2306 1086 2515 1156 pusillis
2566 1085 3015 1142 seandalizaverit
3078 1086 3411 1148 comiuatur,
3488 1093 3543 1139 et
3605 1087 3816 1156 sapienter

2309 1179 2546 1251 iutellige
2604 1178 2765 1249 quale
2797 1179 2870 1234 sit
2902 1177 3164 1248 judicium
3192 1177 3289 1234 Dei
3326 1177 3618 1241 subiturus,
3660 1177 3735 1247 qui
3768 1189 3819 1234 tot

2307 1271 2569 1338 ecclesiis,
2589 1281 2669 1326 tot
2694 1270 3395 1326 sacerdotibus-scandalum
3416 1267 3610 1325 inferre
3634 1286 3720 1324 non
3736 1287 3813 1325 uc-

2311 1362 2432 1427 tuit,
2465 1361 2637 1417 fateor
2660 1361 2805 1415 enim
2844 1362 2918 1416 ita
2958 1376 3047 1416 me
3074 1359 3656 1424 dilectioneuniversm
3681 1359 3819 1414 fratr

2309 1453 2495 1508 uitatis
2516 1452 2804 1523 obstringi,
2830 1462 2889 1507 ut
2911 1453 3110 1508 nemini
3133 1467 3360 1524 prorsus
3390 1452 3444 1506 in
3464 1451 3547 1506 his
3561 1466 3665 1521 quae
3683 1468 3813 1506 contra

2310 1559 2369 1600 se
2400 1545 2575 1616 poscit
2617 1545 2899 1609 assentiat,
2944 1545 3225 1615 possisque
3276 1543 3560 1599 evidenter
3599 1557 3817 1613 agnoscere

2311 1651 2398 1691 me
2452 1636 2725 1692 dilectioni
2780 1647 2885 1691 tuae
2942 1637 3201 1691 benevolo
3257 1635 3444 1690 animo
3485 1636 3743 1699 contraire,
3779 1642 3815 1687 ut

2312 1728 2526 1783 saniore
2568 1726 2796 1783 consilio
2833 1728 2904 1782 ab
2943 1727 3266 1782 universalis
3309 1736 3364 1780 te
3388 1725 3631 1782 Ecclesia:
3666 1733 3813 1794 pertur-

2311 1818 2529 1873 batione
2572 1818 2871 1873 contineas.
2917 1816 3033 1872 Non
3072 1816 3451 1872 convellantur
3490 1813 3811 1886 provincialium

2246 1934 2286 1992 Β
2308 1910 2429 1979 jura
2460 1909 2774 1980 primatum,
2825 1924 2924 1964 nec
2950 1908 3249 1980 privilegiis
3292 1908 3590 1977 antiquitus
3629 1905 3814 1959 institutis

2317 2001 2713 2072 metropolitani
2761 2001 3033 2057 antistites
3069 1999 3412 2055 fraudentur.
3475 1996 3612 2053 Nihil
3649 1996 3807 2049 Alem-

2314 2096 2483 2151 drinae
2528 2096 2642 2150 sedi
2680 2094 2798 2165 ejus
2837 2109 3000 2165 quam
3041 2108 3140 2164 per
3182 2101 3435 2149 sanctum
3463 2091 3678 2146 Marcum
3701 2104 3810 2143 evan.

2313 2186 2557 2257 gelistam
2588 2186 2728 2242 beati
2757 2184 2902 2240 Petri
2930 2185 3255 2255 discipulum
3286 2182 3489 2239 meruit
3512 2190 3676 2251 pereat
3699 2176 3815 2248 digni-
3886 2202 3887 2257 ἐ

2315 2278 2458 2332 tatis.
2491 2277 2602 2332 Nec
2621 2276 2880 2331 Dioscoro
2926 2276 3221 2346 impietatis
3267 2289 3382 2330 suae
3431 2269 3698 2343 pertinacia
3737 2281 3813 2323 uor-

2314 2377 2503 2424 ruente
2532 2367 2787 2438 splendor
2817 2375 2982 2422 tantm
3011 2366 3270 2422 Ecclesia:
3300 2364 3540 2421 tenebris
3575 2362 3813 2417 obscuretur

2311 2463 2522 2528 alienis,
2544 2461 2894 2517 Antiochaana
2915 2474 3130 2532 quoque
3159 2458 3426 2523 Ecclesia,
3450 2457 3501 2510 in
3529 2470 3623 2525 qua
3648 2453 3808 2523 primum

2309 2556 2637 2628 praedicante
2663 2555 2906 2627 apostolo
2932 2555 3095 2611 Petro
3120 2555 3490 2611 Christianum
3516 2565 3685 2605 nomen
3707 2560 3811 2601 exora

2313 2660 2423 2704 tum
2451 2659 2535 2705 est
2568 2650 2621 2703 in
2645 2658 2887 2719 paterna:
2916 2647 3322 2704 constitutionis
3354 2648 3539 2702 ordine
3565 2647 3805 2713 perseveret.

2309 2747 2365 2794 et
2392 2739 2443 2793 in
2474 2739 2643 2810 gradu
2676 2739 2834 2794 tertio
2860 2738 3120 2794 collocata
3149 2753 3426 2807 nunquam
3457 2751 3513 2791 se
3534 2734 3617 2788 ﬂat
3639 2729 3807 2785 inferior.

2308 2832 2467 2887 Aliud
2511 2831 2655 2887 enim
2701 2839 2829 2888 sunt
2868 2832 3024 2887 sedes
3071 2831 3215 2892 aliud
3259 2829 3630 2900 praesidentes,
3664 2832 3706 2877 et
3732 2836 3808 2875 ma-

2309 2940 2446 2997 gnus
2470 2923 2759 2995 unicuique
2783 2924 2957 2979 honor
2977 2930 3062 2979 est
3088 2921 3376 2993 integritas
3400 2934 3515 2985 sua,
3540 2931 3644 2988 quae
3667 2927 3756 2969 cum
3776 2912 3806 2963 in
3886 2912 3887 2941 ῖ

2309 3015 2639 3087 quibuslibet
2696 3015 2831 3071 locis
2875 3014 3092 3084 propria
3157 3021 3483 3069 ornamenta
3530 3024 3623 3064 non
3662 3005 3802 3076 perdat.

2307 3115 2510 3177 quanto
2545 3105 2717 3177 magis
2759 3108 2813 3160 in
2853 3103 3469 3174 Constantinopolitanae
3493 3098 3629 3153 urbis
3665 3089 3804 3161 ungu-

2308 3200 2520 3255 ticeutia
2538 3207 2712 3271 potest
2734 3213 2851 3254 esse
2875 3197 3127 3269 gloriosa,
3144 3196 3190 3251 si
3216 3211 3315 3267 per
3339 3190 3694 3250 observantiam
3710 3194 3802 3237 tuam

617 3302 878 3367 uolueris,
912 3300 1038 3355 dum
1070 3297 1255 3352 illicita
1286 3294 1494 3351 moliris
1545 3306 1768 3346 accusas
1799 3285 2072 3358 superﬂue
2100 3298 2205 3338 non
2236 3303 2278 3362 ρ
2311 3305 2366 3349 et
2407 3293 2778 3349 defensionem
2819 3291 3030 3361 pater";
3074 3304 3317 3345 canones
3348 3298 3404 3344 et
3440 3281 3702 3352 exemplum
3726 3288 3803 3345 pro

616 3392 963 3450 concedenda
994 3400 1253 3460 appetens
1289 3395 1343 3442 et
1371 3383 1658 3442 salubriter
1685 3378 1955 3436 contraria
2000 3391 2205 3432 conen-

615 3486 870 3557 pisceus,
918 3498 1039 3555 qua:
1088 3481 1292 3536 nullum
1338 3491 1575 3547 unquam
1620 3480 1915 3545 potuerunt
1964 3477 2208 3523 nostrum

616 3577 863 3636 obtinere
898 3589 1240 3631 consensum.
1293 3572 1451 3626 Absit
1478 3569 1622 3625 enim
1665 3583 1694 3622 a
1725 3564 2060 3621 conscientia
2089 3575 2208 3615 mea

616 3679 679 3724 ut
738 3679 844 3724 tam
895 3684 1061 3740 prava
1110 3665 1380 3737 cupiditas
1430 3663 1566 3718 meis
1610 3659 1803 3716 studiis
1833 3657 2116 3727 adjuvetur
2147 3669 2213 3709 ac

615 3778 727 3820 non
754 3764 934 3833 potius
963 3769 1017 3816 et
1043 3775 1163 3815 meo
1190 3767 1244 3814 et
1270 3757 1511 3813 omnimn
1536 3755 1629 3825 qui
1676 3768 1783 3807 non
1821 3751 1929 3804 alta
1967 3749 2208 3819 sapiunt,

617 3858 714 3914 sed
758 3856 1053 3911 humilibus
1089 3851 1436 3908 consentiunt
1484 3864 1649 3918 opere
1677 3845 1986 3901 subruatur.
2022 3840 2209 3896 Sancti

618 3949 693 4005 illi
737 3957 794 4005 et
825 3946 1160 4003 venerabiles
1189 3944 1378 3999 Patres
1407 3942 1498 4012 qui
1531 3941 1582 3994 iu
1614 3940 1748 3993 urbe
1778 3936 1994 3991 Nicaeua
2037 3933 2210 3988 sacri-

616 4040 738 4110 lego
777 4040 909 4094 Ario
951 4053 1073 4094 cum
1138 4050 1235 4092 sua
1285 4035 1561 4104 impietate
1608 4031 1867 4086 damnato
1928 4042 2212 4082 mansuras

619 4147 793 4202 usque
827 4132 881 4186 in
910 4129 1067 4185 ﬂnem
1111 4127 1295 4183 mundi
1326 4128 1472 4197 leges
1512 4123 2007 4180 ecclesiasticornm
2046 4135 2211 4175 cano-

619 4240 750 4281 num
782 4216 1157 4286 condiderunt,
1188 4228 1243 4276 et
1266 4221 1404 4291 apud
1435 4232 1532 4272 nos
1560 4216 1613 4271 in
1648 4224 1760 4269 toto
1782 4214 1914 4269 orbe
1945 4221 2208 4267 terrarum

622 4320 678 4374 in
703 4317 818 4373 suis
839 4313 1313 4372 constitutionibus
1340 4311 1669 4373 munierunt,
1700 4295 1802 4363 etsi
1831 4306 1958 4377 quid
1983 4318 2210 4374 usquam

621 4408 782 4465 aliter
800 4422 960 4478 quam
989 4405 1062 4460 illi
1087 4414 1325 4460 statuere
1346 4400 1709 4473 prmsumitur,
1728 4399 1844 4454 sine
1870 4396 2211 4452 cunctatione

620 4509 891 4563 cassatur,
916 4510 973 4553 ut
995 4513 1117 4569 quae
1143 4497 1209 4552 ad
1235 4503 1549 4567 perpetuam
1578 4490 1864 4546 utilitatem
1891 4486 2214 4560 generaliter

620 4596 864 4653 instituta
892 4602 1038 4658 sunt,
1071 4591 1216 4645 nulla
1247 4576 1664 4644 commutatione
1692 4581 1988 4644 varientur,
2024 4593 2123 4633 nec
2145 4577 2212 4632 ad

2311 3386 2496 3441 bitatis
2526 3385 2678 3440 multi
2711 3383 2946 3439 habeant
2972 3381 3324 3437 sacerdmes?
3363 3379 3483 3434 llwc
3509 3374 3591 3430 tibi
3619 3369 3799 3426 scribens

2312 3477 2500 3544 frater,
2532 3478 2586 3532 iu
2616 3476 2845 3533 Domino
2872 3477 3061 3530 hortor
3091 3489 3155 3529 ac
3182 3488 3405 3535 moneo,
3429 3478 3485 3524 ut
3517 3464 3716 3536 deposito
3735 3473 3803 3509 am-
3886 3522 3887 3533 χ

2311 3572 2533 3628 Ιιίιίοιιίε
2588 3570 2854 3625 desiderio
2902 3568 3094 3638 spiritu
3147 3567 3332 3638 potius
3377 3547 3573 3618 l'erveas
3605 3548 3803 3611 charitatis

2310 3664 2427 3733 ejus
2451 3677 2665 3734 quoque
2689 3660 2978 3715 virtutibus
3009 3658 3306 3715 secundum
3344 3654 3623 3714 doctrinam
3659 3649 3803 3712 aposto-

2311 3756 2472 3811 licam
2524 3753 2870 3826 prolicienter
2916 3752 3152 3806 orneris.
3213 3770 3232 3802 ι
3262 3750 3361 3806 Est
3411 3748 3547 3803 enim
3575 3737 3801 3812 patiens.et

2312 3849 2542 3917 benigna
2585 3856 2640 3901 et
2681 3860 2786 3899 non
2834 3843 3139 3908 mmulatnr,
3170 3856 3275 3896 nou
3319 3840 3430 3911 agit
3466 3832 3797 3906 perperam!“

2313 3937 2551 4002 inﬂatur,
2583 3951 2689 3990 non
2712 3944 2795 3990 est
2821 3934 3126 3999 ambitiosa,
3154 3947 3259 3986 non
3281 3931 3473 4001 qumrit
3490 3938 3596 3996 qua:
3620 3931 3695 3973 sua
3722 3914 3798 4002 stiti

2314 4027 2366 4097 (Ι
2386 4026 2511 4081 Cur.
2537 3995 2673 4090 'xm,
2699 4022 2756 4087 Δ,
2799 4023 2875 4093 5).
2913 4042 2931 4073 ι
2986 3995 3139 4076 Unde
3183 4022 3228 4075 si
3271 3995 3517 4074 charitas
3546 4026 3636 4066 non
3674 3995 3798 4097 ῳιιςτξι

2310 4116 2552 4189 propria,
2579 4124 2842 4184 quantum
2879 4120 3069 4182 peccat
3099 4110 3190 4180 qui
3234 4105 3558 4178 concupiscit
3592 4083 3795 4152 alienati

2312 4210 2509 4281 quibus
2552 4207 2673 4262 volo
2719 4214 2777 4259 nt
2821 4216 2872 4258 te
2921 4219 3142 4273 prorsus
3192 4202 3505 4263 abstineas,
3557 4199 3720 4248 memor
3749 4179 3795 4277 si!

2313 4267 2593 4355 sententiae
2624 4311 2743 4366 qua:
2769 4294 2896 4349 dicit
2964 4294 3112 4348 Tene
3127 4294 3270 4362 quod
3302 4302 3470 4355 tenes,
3494 4300 3555 4341 ue
3578 4281 3689 4336 alius
3707 4267 3797 4366 aeri-

2314 4392 2427 4463 piat
2469 4404 2727 4445 coronam
2772 4397 2939 4441 tuam.
2986 4384 3120 4441 Nam
3158 4387 3203 4441 si
3247 4386 3547 4440 inconcessa
3582 4359 3793 4443 quaesieris.

2315 4488 2430 4556 ipse
2478 4495 2570 4539 tuo
2616 4499 2781 4553 Opere
2824 4494 2989 4552 atque
3027 4478 3233 4549 judicio
3279 4471 3583 4533 universalis
3622 4453 3796 4518 Ecclesia!
3886 4530 3887 4547 ἢ

2314 4591 2447 4647 pace
2484 4550 3014 4644 privaberis.Frater
3048 4578 3229 4624 autem
3256 4576 3313 4624 et
3335 4563 3653 4634 coepiscopus
3675 4550 3797 4601 uoster
3886 4572 3887 4575 η

622 4689 887 4760 privatum
912 4684 1194 4740 trahantur
1232 4678 1594 4742 commodum,
1621 4689 1742 4745 quae
1769 4673 1835 4728 ad
1860 4672 2055 4726 bonum
2089 4676 2212 4723 sunt
2245 4655 2293 4714 Ι)
2319 4667 2591 4722 Luciauus
2621 4674 2675 4718 et
2705 4662 2845 4717 (ilius
2888 4669 3072 4716 uoster
3094 4657 3324 4714 Basilius
3354 4658 3590 4711 diaconus
3614 4639 3794 4710 quantum

2563 4758 2576 4760 _
2617 4758 2624 4760 ,
2812 4756 2841 4760 __
2968 4754 3020 4760 _-
3272 4752 3283 4760 .
3345 4752 3358 4760 .
3399 4748 3410 4759 .
3526 4752 3619 4760 η--
3642 4726 3791 4760 .m.m.

622 4795 910 4837 commune
979 4775 1221 4849 prmﬂxa.
1275 4773 1340 4829 Et
1388 4769 1728 4826 manentibus
1781 4764 2027 4821 terminis
2074 4777 2211 4833 quos

622 4871 1019 4928 constituerunt
1047 4868 1237 4922 Patres
1271 4880 1375 4920 non
1405 4860 1620 4917 invadat
1646 4859 1901 4913 alienum.
1933 4855 2038 4911 Sed
2070 4855 2210 4908 intra

625 4964 761 5019 lines
788 4963 1034 5033 proprios
1065 4969 1226 5029 atque
1261 4956 1527 5027 legitimos
1556 4959 1717 5024 prout
1744 4949 1868 5020 quis
1895 4946 2125 5003 valuerit
2157 4946 2211 4998 in

626 5056 912 5109 latitudine
936 5069 995 5108 se
1023 5048 1308 5106 charitatis
1355 5051 1627 5107 exerceat,
1657 5042 1815 5112 cujus
1843 5037 1977 5094 satis
2016 5035 2211 5091 uberes

626 5144 837 5197 fructus
871 5136 1492 5208 ConstantinOpolitanus
1528 5138 1707 5203 potest
1746 5128 1975 5184 antistes
2031 5124 2215 5194 acqui-

630 5247 776 5299 rere,
811 5232 856 5286 si
916 5230 1087 5301 magis
1126 5226 1451 5283 humilitatis
1483 5224 1686 5277 virtute
1711 5221 1941 5285 nitatur,
1974 5230 2139 5288 quam
2169 5215 2216 5271 si

626 5324 851 5396 spiritus
873 5321 1184 5377 ambitionis
1205 5318 1439 5374 inﬂetur.
1463 5314 1807 5381 Noli,l‘rater,
1822 5311 1986 5366 altum
2001 5322 2218 5380 sapere,

628 5419 727 5474 sed
786 5418 935 5483 time,
977 5424 1032 5470 et
1067 5410 1660 5469 Christianissimorum
1701 5404 2003 5477 principum
2044 5399 2224 5471 piissi-

630 5525 751 5567 mas
786 5522 946 5564 aures
985 5503 1241 5576 improbis
1274 5500 1620 5573 petitionibus
1666 5496 1967 5568 inquietare
1995 5492 2217 5556 desiste,

631 5602 829 5673 quibus
855 5607 1062 5656 certum
1102 5594 1276 5651 habeo
1313 5593 1576 5649 modestia
1610 5600 1661 5646 te
1688 5587 1860 5659 magis
1902 5599 2067 5658 quam
2103 5583 2217 5637 ela-

633 5672 779 5747 tione
818 5682 1558 5762 placiturumaPersuasioni
1611 5680 1756 5735 enim
1814 5686 1917 5733 tuze
1970 5677 2023 5730 iu
2072 5672 2219 5729 nullo

632 5770 848 5852 penitus
901 5779 1227 5849 suﬂ‘ragatur
1265 5774 1621 5846 quorumdam
1670 5772 2049 5842 episcoporum
2092 5774 2217 5821 ante

634 5873 934 5945 sexaginta,
980 5881 1039 5926 ut
1064 5871 1264 5941 jactas,
1308 5881 1481 5923 annos
1520 5865 1665 5921 facta
1694 5863 2041 5933 subscriptio,
2086 5875 2221 5916 nun-

2320 4762 2371 4816 iu
2396 4761 2528 4831 ipsis
2554 4758 2673 4822 fuit,
2703 4756 2941 4812 studiose
2968 4754 3072 4817 his,
3094 4767 3216 4823 qua:
3238 4752 3317 4807 eis
3343 4748 3621 4818 injunxeras
3640 4726 3791 4831 aﬂuere

2320 4852 2426 4908 Sed
2469 4851 2671 4906 actioni
2711 4862 2900 4903 eorum
2942 4816 3156 4915 justitia
3203 4816 3419 4912 negavit
3447 4834 3675 4892 eﬂ‘tctmn.
3708 4816 3793 4915 03";il

2319 4958 2373 4998 xi
2399 4940 2626 4996 Kalend.
2652 4937 2798 5004 Julii,
2832 4934 3157 4992 Herculi-ano
3186 4933 3306 4988 viro
3329 4924 3603 4987 clarissimo
3624 4898 3791 4966 εθιιευιθ·

2319 5049 2427 5090 tera
2451 5048 2558 5104 qua
2583 5045 2766 5100 supra.

2662 5120 2853 5178 XXIX.
2880 5144 2954 5163 -ι
2975 5120 3054 5173 Ad
3078 5117 3400 5173 Martiarum
3426 5113 3547 5177 Aug.

2386 5219 2499 5275 Leo
2540 5216 2829 5272 MARTIANO
2856 5213 3101 5282 Angusto
3142 5225 3241 5281 per
3264 5208 3535 5263 Luciaunm
3566 5179 3789 5259 cpiscoﬁm“

2318 5319 2371 5367 et
2392 5307 2648 5365 Basilium
2674 5304 2963 5358 diaconum
2991 5301 3058 5355 de
3082 5298 3287 5353 ambitu
3314 5285 3551 5350 Anatolii.
3611 5359 3643 5367 _

2388 5398 2582 5468 Magno
2631 5405 2854 5449 munere
2893 5387 3281 5444 misericordiae
3320 5382 3408 5439 Dei
3451 5372 3591 5430 totius
3611 5350 3786 5468 ﬁciens:

2320 5494 2603 5553 catholicae
2633 5487 2983 5558 multiplicata
3032 5492 3159 5540 sunt
3203 5481 3413 5552 gaudia,
3452 5454 3735 5558 contrahit"

2322 5536 2586 5553 w.......,,.
2633 5536 2983 5558 ...ΜΤ-,Μ
3203 5536 3234 5552 υ
3401 5536 3411 5543 ⁷
3636 5542 3645 5553 ο
3692 5536 3700 5545 .

2322 5584 2558 5658 glorioso
2607 5578 2912 5637 clementiae
2959 5583 3155 5631 vestrae
3208 5571 3382 5628 studio
3410 5536 3784 5658 pérnicious'stl'lfi

2322 5621 2558 5658 διυεωυν
2609 5621 2911 5637 -..........-..-
2972 5621 3154 5631 .-......
3208 5621 3376 5628 _-__--
3410 5621 3423 5637 ,
3758 5621 3762 5622 ν

2319 5691 2477 5733 error
2500 5673 2804 5730 exstinctus
2841 5676 2953 5736 est,
2980 5677 3042 5722 ut
3069 5665 3222 5720 labor
3253 5672 3429 5718 noster
3466 5646 3598 5706 citius

2322 5711 2466 5733 συν.
2500 5711 2804 5730 manu“..-
2841 5711 2953 5736 ..-η
2984 5711 3042 5722 ..-
3070 5711 3212 5720 ην-..
3705 5711 3714 5719 ,

2322 5769 2570 5825 deratum
2614 5761 2926 5833 perveniret
2967 5755 3255 5821 effectum,
3303 5761 3448 5822 quem
3491 5738 3581 5837 De")
3611 5711 3779 5844 ἓξὲξ

2322 5798 2570 5825 uelatur"
2651 5798 2702 5818 υι
2724 5798 2926 5816 νυιιιιυ-
2968 5798 3255 5821 tamen...”
3304 5798 3429 5807 ..ηρ

2321 5798 2684 5929 principatulin
2725 5860 2781 5908 et
2821 5850 2981 5908 ﬁdem
3020 5857 3076 5905 et
3112 5798 3426 5917 potestaiem
3462 5820 3656 5903 ὶυνίεπί·
3689 5798 3742 5866 Qu
