3832 5364
80 368 165 427 805
1167 356 1654 414 DECRETALIUM
1707 355 2101 415 \JOLLECTIO.

3155 338 3263 415 866

76 484 158 539 etsi
194 480 238 535 in
268 477 451 531 virtute
481 474 715 544 Spiritus
741 474 911 530 sancti
942 474 1085 529 inter
1111 474 1377 546 quaslibet
1397 474 1600 529 dissen-
1632 485 1678 543 Α
1705 472 1849 529 voris
1899 488 2123 529 assensu
2176 473 2540 545 episcopatum
2598 470 2758 531 ta’n‘tae
2814 474 2961 531 urbis
3014 476 3263 533 obtinuit.

72 574 224 628 siones
266 582 352 639 per
396 566 552 622 Sedis
598 566 910 638 apostolica:
970 567 1283 621 famulatum
1324 565 1599 636 Evangelii

72 653 170 718 e'rat
193 657 500 714 defendenda
522 657 769 723 libertas,
795 657 1131 714 manifestior
1157 669 1332 714 tamen
1355 657 1600 729 apparuit

70 754 215 824 gratia
242 751 325 805 Dei
356 766 470 819 qua:
507 749 756 821 praestitit
798 751 1014 817 mundo,
1060 759 1119 806 ut
1160 752 1213 806 in
1245 748 1475 805 ~victoria
1507 765 1599 805 ve-

71 844 223 899 ritatis
257 848 497 895 auctores
549 840 757 896 tantum
789 842 1000 897 violatae
1042 842 1162 898 ﬁdei
1189 843 1516 913 deperirent,
1546 851 1601 900 et

68 949 147 988 sua
191 929 458 1000 integritas
499 929 753 986 Ecclesia:
808 933 1141 988 redderetur.
1193 932 1398 986 Bellum
1440 932 1602 1002 igitur

66 1023 187 1095 quod
228 1030 406 1077 noster
449 1021 699 1077 inimicus
738 1024 1068 1078 excitaverat
1126 1039 1155 1078 a
1204 1024 1312 1078 Deo
1350 1022 1598 1088 feliciter,

64 1118 253 1171 dextera
282 1110 496 1169 Domini
528 1124 823 1187 pugnante,
852 1117 1154 1173 confectum
1189 1124 1272 1173 est
1307 1126 1364 1172 ttt
1407 1119 1598 1172 trium.

64 1208 233 1275 phante
264 1205 478 1259 Christo
505 1207 744 1261 omnium
779 1206 1116 1263 sacer-datum
1141 1204 1284 1263 esset
1306 1218 1407 1261 una
1435 1208 1601 1261 victo-

61 1298 147 1360 ria,
174 1304 223 1351 et
251 1304 567 1350 coruscante
610 1296 1107 1362 lumine'veritatis,
1130 1298 1338 1352 erroris
1367 1296 1600 1351 tenebrae

59 1402 159 1440 rum
186 1387 291 1441 suis
319 1386 679 1442 assertoribu's
707 1387 1050 1458 pellerentur.
1074 1386 1205 1441 Nam
1235 1386 1377 1441 sicut
1406 1387 1455 1441 in
1488 1386 1598 1456 ipsa

59 1477 239 1531 Damini
286 1478 676 1533 resurrectione
742 1479 1008 1533 credenda
1072 1480 1137 1532 ad
1202 1477 1599 1533 corroboranda

54 1565 184 1620 initia
215 1564 329 1619 ﬁdei
358 1565 584 1619 multum
615 1567 926 1622 sec‘nritatis
958 1565 1190 1621 accessit
1209 1565 1351 1636 quod
1379 1566 1599 1636 quidam

55 1655 249 1725 apostoli
279 1656 345 1710 de
381 1672 648 1727 corporea
682 1657 891 1712 Domini
928 1657 1095 1713 nostri
1122 1656 1247 1713 Iesu
1277 1657 1479 1713 Christi
1510 1668 1600 1711 ve-

52 1745 190 1799 ritate
231 1745 577 1813 dubitavere,
629 1757 685 1805 et
727 1748 843 1802 visu
891 1759 1053 1819 atque
1101 1757 1349 1803 contactu
1397 1747 1599 1802 ﬁXuras

1700 563 1813 619 Non
1840 565 2159 638 dedignetur
2182 568 2382 638 regiam
2405 568 2698 636 civitatem,
2726 586 2898 643 quant.
2917 573 3267 643 apostolicam

1699 670 1803 712 non
1826 662 2004 726 potest
2030 650 2209 713 facere
2224 658 2565 715 Sedem.Nec
2589 660 2695 716 ullo
2720 669 2898 733 speret
2919 663 3099 729 modo,
3126 663 3269 732 quod

1698 760 1795 816 per
1842 746 2070 802 aliorum
2116 750 2287 819 possit
2338 748 2659 808 offensiones
2712 754 2915 824 augeri.
2982 752 3267 825 Privilegia

1697 836 1841 890 enim
1872 836 2233 893 Ecclesiarum
2260 849 2570 896 sanctorum
2598 842 2818 897 Patrum
2861 843 3160 899 eanonibus
3188 846 3270 898 in-

1698 926 1882 982 stituta
1908 968 1922 993 ,
1959 936 2015 982 et
2048 930 2370 986 venerabilis
2393 930 2619 987 Niczenae
2642 933 2828 1005 synodi
2866 934 2971 987 ﬁxa
3012 933 3269 998 decretis.

1698 1016 1842 1071 nulla
1888 1026 2113 1087 possunt
2161 1019 2501 1090 improbitate
2550 1022 2802 1086 convelli,
2844 1024 2989 1077 nulla
3031 1024 3270 1080 novitate

1700 1108 1916 1162 nimari.
1967 1107 2026 1163 In
2060 1108 2182 1180 'quo
2228 1118 2391 1181 opere
2443 1112 2737 1168 auxiliante
2780 1115 2997 1170 Christo
3039 1114 3268 1171 ﬁdeliter

1699 1199 2063 1267 exsequendo,
2109 1185 2328 1257 necesse
2359 1211 2443 1257 est
2464 1218 2553 1259 me
2573 1213 2979 1273 perseveranter
3014 1206 3267 1262 exhibere

1699 1286 2051 1355 famulatum,
2090 1292 2344 1361 quoniam
2385 1293 2716 1362 dispensatio
2757 1295 2888 1349 mihi
2925 1297 3127 1366 credita
3163 1306 3269 1362 est,

1698 1390 1754 1433 et
1793 1381 1858 1434 ad
1887 1392 2063 1436 meum
2096 1384 2264 1437 tendit
2306 1393 2542 1451 reatum,
2590 1385 2634 1440 si
2679 1394 3028 1457 paternarum
3074 1388 3271 1459 regulas

1699 1470 2034 1526 sanctio’num
2061 1488 2178 1542 quae
2200 1474 2251 1527 in
2278 1475 2482 1545 synodo
2504 1475 2716 1531 Nicaena
2743 1478 2809 1532 ad
2822 1478 2991 1533 tutius
3017 1477 3273 1534 Ecclesia

1702 1561 1935 1632 regimen
1970 1563 2175 1633 Spiritu
2207 1565 2298 1619 Dei
2332 1567 2630 1624 instruente
2683 1578 2810 1624 sunt
2852 1571 3114 1636 conditae,
3152 1585 3267 1636 me,

1699 1652 1840 1720 quod
1882 1653 2041 1720 absit,
2068 1656 2388 1713 connive’nte
2412 1658 2701 1726 violentur,
2729 1670 2784 1716 et
2823 1661 2997 1732 major
3021 1661 3093 1717 sit
3128 1661 3274 1733 apud

1701 1757 1788 1797 tne
1826 1744 1983 1800 unius
2025 1746 2209 1802 fratris
2256 1747 2527 1815 voluntas,
2569 1766 2734 1821 quam
2768 1751 3035 1809 universae
3078 1755 3273 1810 domus

49 1836 311 1904 dmi-0mm,
354 1848 430 1905 el,
465 1839 658 1895 νωιιιιε
680 1840 881 1895 haec“,
913 1841 1303 1911 perscrutanda
1330 1840 1588 1912 ambigui.
1628 1849 1670 1907 Β
1700 1830 1911 1890 Domini
1952 1838 2253 1895 communis
2281 1840 2504 1897 utilitas.
2538 1841 2604 1896 Et
2631 1842 2750 1898 ideo
2778 1844 2955 1900 sciens
2983 1845 3271 1917 gloriosam

46 1936 187 1981 tatem
220 1928 422 1983 cunctis
452 1928 579 1983 dum
621 1929 898 2001 ambigunt
938 1930 1298 1985 abstulerunt.
1351 1930 1424 1984 Ita
1456 1944 1598 1985 nunc

50 2032 236 2084 quoque
280 2033 400 2072 cum
432 2018 739 2088 aliquorum
786 2019 1074 2074 inﬁdelitas
1111 2017 1441 2085 confutatur,
1480 2034 1597 2073 om-

46 2108 174 2163 nium
214 2111 575 2168 hzesitantiom
617 2116 781 2169 corda
832 2115 1042 2169 ﬁrmata
1088 2122 1231 2180 sunt,
1274 2120 1328 2169 et
1371 2112 1598 2183 profecit

52 2198 280 2256 universis
306 2203 370 2257 ad
401 2203 856 2260 illuminationem
889 2207 1031 2276 quod
1057 2206 1376 2275 quibusdam
1420 2205 1599 2260 intulit

56 2290 412 2349 cieeitatem.‘ln
448 2311 565 2365 quo
588 2306 751 2365 opere
788 2295 947 2367 digne
972 2305 1025 2351 et
1059 2296 1209 2367 juste
1246 2296 1481 2351 exsultat
1506 2312 1597 2353 ve-

59 2387 150 2433 stra
177 2382 436 2440 clementia
460 2429 477 2451 ,
526 2403 647 2458 qua:
681 2387 911 2443 fideliter
943 2389 1267 2459 preprieque
1294 2390 1594 2461 prospexit,

56 2480 102 2523 ut
131 2474 451 2534 orientalibus
478 2479 742 2537 Eeclesiis
764 2480 1044 2537 diabolica:
1070 2482 1275 2537 insidia:
1305 2499 1407 2538 non
1437 2498 1593 2539 noee-

49 2568 166 2631 rent,
194 2569 279 2623 sed
317 2570 383 2624 ad
410 2571 820 2642 prOpiLiandum
852 2571 1018 2627 Deum
1054 2570 1376 2628 eﬂicaciora‘
1398 2571 1596 2640 ubique

38 2657 328 2716 offerrentur
354 2662 701 2730 holocausta,
743 2664 961 2734 quando
988 2679 1085 2735 per
1113 2664 1463 2719 mediatorem
1499 2661 1593 2716 Dei

40 2758 85 2801 et
105 2750 358 2805 hominum
402 2754 684 2809 hominem
715 2753 992 2809 Christum
1019 2752 1202 2809 Jesum
1232 2754 1420 2809 eadem
1465 2768 1595 2807 con-

38 2837 176 2895 fessio
208 2841 461 2912 plebium,
514 2844 703 2900 eadem
745 2845 1116 2910 sacerdotum,
1154 2845 1341 2901 eadem
1372 2852 1516 2900 esset
1540 2853 1595 2899 et

36 2946 220 3002 regum.
251 2935 345 2989 llis
371 2948 562 2992 autem
599 2945 822 3008 propter
846 2952 966 3008 qua)
993 2948 1140 2993 tanta
1172 2937 1313 2995 facta
1340 2948 1424 2995 est
1465 2954 1596 2995 con—

39 3025 250 3094 gregatio
270 3030 637 3092 sacerdotum,
663 3029 800 3104 bene
826 3042 881 3085 et
903 3031 1123 3101 optabili
1152 3032 1257 3087 ﬁne
1281 3034 1596 3104 compositis

41 3117 184 3172 miror
208 3129 259 3174 et
284 3119 460 3186 doleo,
494 3122 641 3192 quod
663 3103 853 3193 pacem
880 3123 1201 3179 universalis
1227 3124 1479 3179 Ecclesiae
1513 3125 1594 3179 di-

1698 1922 2041 1981 clementiam
2086 1932 2324 1985 'vestram
2362 1932 2743 1989 ecclesiastica:
2780 1935 2995 1991 studere
3044 1951 3274 1993 concor-

1699 2012 1835 2080 diae,
1865 2023 1920 2070 et
1966 2017 2052 2072 his
2094 2033 2215 2089 quae
2258 2022 2481 2090 pa’ciﬁce
2515 2037 2818 2092 congruunt
2858 2027 3280 2099 unitati,;.iissi-

1697 2119 1841 2159 mum
1870 2100 2128 2178 priestare
2173 2127 2520 2183 consensum,
2546 2129 2741 2188 precor
2776 2127 2830 2173 et
2868 2119 3053 2175 sedula
3080 2132 3273 2193 suggei-

1698 2193 1873 2250 stione
1894 2213 1990 2252 vos
2022 2199 2271 2268 obs‘ecro,
2297 2212 2355 2257 ut
2378 2220 2541 2260 ausus
2587 2204 2863 2276 improbos
2899 2209 3091 2265 unitati
3113 2210 3274 2266 Chri-

1695 2284 1885 2341 stianze
1916 2289 2151 2360 pacique
2188 2292 2524 2360 contrarios,
2564 2295 2631 2350 ab
2668 2298 2813 2352 omni
2844 2299 3059 2368 pietatis
3085 2310 3277 2356 vestne

1698 2373 1958 2433 abdicetis
1982 2394 2224 2447 assensu,
2260 2392 2317 2437 et
2353 2383 2537 2441 fratris
2567 2387 2671 2443 mei
2708 2387 2943 2443 Anatolii
2971 2391 3273 2447 nocituram

1699 2464 1823 2533 ipsi,
1867 2466 1911 2520 si
1952 2470 2269 2538 perstiterit,
2306 2473 2656 2543 cupiditatem
2704 2477 2995 2535 salubriter
3038 2480 3279 2551 compri=

1697 2558 1878 2623 matis,
1917 2576 1984 2616 ne
2026 2575 2096 2618 ‘ea
2142 2579 2264 2634 qua:
2292 2574 2485 2621 vestras
2514 2566 2701 2639 gloriae
2745 2579 2910 2641 atque
2942 2573 3273 2642 temporibus

1697 2646 1913 2703 inimica
1968 2658 2093 2706 sum
2127 2654 2371 2723 cupiens,
2412 2656 2585 2725 major
2622 2659 2734 2714 suis
2764 2660 2894 2714 velit
2922 2674 3045 2716 esse
3080 2661 3276 2733 priori-

1696 2737 1817 2803 bus,
1856 2738 2193 2814 liberumque
2236 2744 2314 2801 illi
2358 2745 2428 2801 sit
2460 2750 2678 2817 quantis
2708 2751 2945 2820 potuerit
2994 2751 3278 2823 splendere

1697 2828 2007 2899 virtutibus,
2048 2846 2281 2905 quarum
2330 2854 2434 2893 non
2485 2839 2644 2895 aliter
2684 2842 2956 2913 particeps
3001 2844 3124 2908 erit,
3170 2843 3275 2900 nisi

1697 2918 1962 2981 charitate
2014 2925 2187 2995 magis
2227 2927 2458 2984 voluerit
2503 2932 2709 2997 Ornari,
2766 2947 2930 3002 quam
2972 2933 3273 2989 ambitione

1696 3008 1950 3066 distendi.
1998 3012 2148 3070 Hanc
2189 3026 2370 3073 autem
2421 3021 2648 3090 improbi
2679 3023 2932 3079 desiderii
2967 3026 3278 3098 conceptio-

1698 3114 1843 3168 nem,
1882 3119 2157 3176 nunquam
2193 3109 2380 3165 debuit
2415 3112 2560 3168 intra
2602 3115 2785 3170 cordis
2814 3116 2896 3171 sui
2929 3118 3165 3189 recipere
3190 3134 3276 3175 εε-
3339 3158 3342 3161 λ

38 3205 209 3264 vinitus
247 3211 629 3275 reforrnatatn,
671 3212 980 3269 ambitionis
1030 3230 1218 3270 rursus
1256 3214 1477 3284 spiritus
1514 3214 1595 3270 in-

1698 3202 1931 3261 cretum,
1975 3199 2069 3252 sed
2095 3214 2216 3252 cum
2252 3199 2325 3253 illi
2366 3199 2589 3270 fratres,
2615 3211 2671 3258 et
2698 3206 2998 3277 coepiscopi
3030 3209 3157 3274 mei,
3181 3211 3273 3278 qui

36 3299 231 3364 quielat.
275 3303 543 3370 Quamvis
581 3305 724 3360 enim
766 3305 1068 3361 necessarie
1106 3306 1209 3362 sibi
1249 3306 1417 3362 frater
1448 3323 1597 3364 meus

30 3388 286 3451 Anatolius
355 3396 702 3453 consuluisse
773 3397 1024 3452 videatur
1092 3408 1150 3453 ut
1217 3400 1596 3456 ordinatorum

32 3495 225 3541 suorum
256 3503 501 3543 errorem
530 3489 788 3545 deserens
821 3488 873 3543 in
903 3504 1183 3544 assensum
1224 3490 1503 3546 catholica:
1543 3491 1598 3545 ﬁ-

30 3570 101 3625 dei
144 3574 341 3631 salubri
380 3578 730 3633 correctione
774 3578 1054 3642 transiret,
1095 3580 1369 3636 custodire
1417 3589 1594 3636 tamen

28 3661 204 3729 debuit,
235 3676 290 3720 ut
318 3668 463 3736 quod
488 3677 673 3723 vestro
697 3668 958 3724 beneﬁcio
986 3669 1227 3724 noscitur
1249 3680 1594 3738 consecutus,

28 3753 204 3809 nullius
234 3759 527 3827 pravitatis
557 3758 854 3830 cupiditate
893 3759 1156 3815 turbaret.
1204 3759 1311 3816 Nos
1338 3762 1480 3818 enim
1510 3779 1595 3818 ve-

25 3850 133 3900 slra‘
155 3845 273 3903 ﬁdei
312 3858 371 3904 et
403 3850 825 3905 interventionis
850 3850 1111 3906 habentes
1148 3851 1424 3917 intuitum,
1471 3869 1594 3907 cum

26 3932 293 3993 securidum
341 3957 457 3996 sua:
506 3940 931 3997 eonsectationis
984 3952 1233 3999 auctores
1275 3941 1393 4013 ejus
1444 3944 1595 3998 initia

25 4027 301 4095 turbarent,
350 4031 704 4102 benigniores
751 4032 897 4087 circa
945 4031 1118 4103 ipsum
1151 4050 1311 4103 quam
1335 4033 1595 4103 justiores

23 4130 126 4173 esse
156 4121 450 4187 voluimus,
486 4138 601 4195 quo
634 4124 1070 4193 perturbationes
1099 4140 1288 4181 omnes
1318 4141 1440 4195 quae
1468 4140 1595 4195 ope-

23 4223 158 4269 rante
197 4218 416 4274 diabolo
467 4217 690 4272 fuerant
724 4218 992 4282 excitatas,
1041 4218 1297 4273 adhibitis
1340 4218 1597 4274 remediis

20 4300 310 4375 lenirentus,
361 4324 488 4380 qua:
518 4309 670 4365 illum
711 4310 1007 4365 modestum
1052 4311 1221 4381 magis
1279 4326 1441 4380 quam
1496 4311 1595 4365 im~

21 4397 336 4454 moderatum
381 4400 573 4456 facere
602 4401 855 4455 debuere.
904 4400 1004 4467 Qui
1041 4402 1203 4455 etiam
1234 4402 1276 4456 si
1311 4402 1595 4473 praecipuis

18 4487 229 4554 meritis,
250 4492 579 4560 optimoque
603 4491 807 4561 judicio
830 4491 1066 4561 legitime
1094 4490 1281 4547 fuisset
1306 4506 1372 4547 ac
1399 4493 1596 4548 solem-

1700 3283 1818 3339 vice
1868 3302 1985 3340 mea
2025 3288 2281 3353 aderant,
2333 3291 2638 3359 obviarent,
2686 3294 2756 3350 ab
2797 3295 2987 3353 illicito
3034 3299 3273 3367 appetitu

1696 3390 1881 3431 eorum
1909 3378 2097 3434 saltem
2133 3381 2334 3436 salubri
2363 3384 2786 3442 contradictione
2815 3397 3099 3443 cessasset.
3136 3388 3272 3443 Nam

1695 3476 1752 3521 et
1780 3475 1970 3524 vestrae
2000 3472 2217 3542 pietatis
2245 3476 2447 3546 apices,
2469 3488 2524 3533 et
2545 3478 2712 3549 ipsius
2752 3480 2955 3552 scripta
2975 3483 3272 3550 declarant,

1699 3561 1904 3630 legatos
1953 3564 2110 3621 Sedis
2161 3569 2492 3637 apostolica},
2542 3571 2683 3627 sicut
2718 3575 3273 3644 opertuit,contradi'-

1698 3652 1878 3706 ctione
1916 3653 2213 3723 justissima
2262 3659 2545 3726 restitisse,
2576 3672 2639 3717 ut
2663 3663 3080 3722 inexcusabilior
3127 3676 3273 3724 esset

1700 3746 2066 3814 praesumptio,
2101 3762 2222 3816 quae
2250 3764 2309 3805 se
2339 3765 2439 3806 nec
2467 3751 2740 3823 increpata
2779 3754 3077 3811 cohiberet.
3118 3754 3274 3814 Unde

1697 3835 1822 3905 quia
1860 3838 2112 3893 convenit
2161 3838 2285 3895 ﬁdei
2325 3850 2519 3896 vestrae
2541 3843 2624 3897 vel
2654 3842 2857 3915 glorias,
2904 3854 2961 3900 ut
2999 3847 3137 3901 sicut
3167 3849 3283 3905 hae-7

1700 3926 1867 3991 rcsis,
1900 3926 2010 3982 Deo
2034 3944 2133 3998 per
2170 3946 2265 3986 vos
2291 3942 2511 4001 agente,
2550 3934 2819 3990 destructa
2854 3946 2960 4001 est,
3000 3937 3073 3992 ita
3110 3938 3275 3994 etiam

1698 4016 1876 4070 omnis
1911 4019 2147 4073 ambitus
2176 4022 2508 4086 retundatur,
2536 4025 2678 4093 agite
2704 4027 2846 4095 quod
2875 4036 2931 4081 et
2957 4026 3278 4084 Christiana:

1696 4116 1782 4161 est
1814 4109 2102 4177 probitatis
2141 4119 2194 4166 et
2232 4112 2409 4183 regiae,
2455 4123 2513 4168 ut
2541 4117 2833 4184 pra:dictus
2873 4119 3155 4190 episcopus
3183 4135 3277 4190 pa-

1701 4209 1815 4253 rcat
1842 4198 2115 4265 Patribus,
2147 4204 2393 4258 consulat
2417 4207 2558 4275 paci,
2591 4224 2762 4277 neque
2802 4211 2903 4265 sibi
2936 4213 3163 4267 restituet
3204 4213 3273 4266 li-

1697 4288 1897 4354 cuisse,
1919 4292 2061 4361 quod
2091 4292 2498 4351 Antioehteuum
2526 4298 2643 4351 sine
2675 4298 2781 4354 ullo
2808 4302 3053 4372 exetnplo
3083 4312 3272 4356 contra

1699 4389 1902 4436 statuta
1934 4398 2201 4439 canonum
2250 4387 2561 4460 episc0pum
2608 4390 2861 4447 ordinare
2910 4395 3272 4463 prtesunipsit,

1699 4472 1843 4540 quod
1871 4488 2057 4527 amore
2103 4478 2416 4546 reparanda:
2449 4479 2592 4545 ﬁdei,
2618 4491 2673 4534 et
2710 4482 2858 4551 pacis
2896 4484 3074 4538 studio
3104 4494 3275 4539 retra-

18 4573 145 4628 niter
166 4580 479 4646 ordinatus,
504 4589 701 4635 contra
731 4581 1086 4635 reverentiam
1114 4588 1292 4636 tamen
1323 4598 1589 4637 canonum

1699 4569 1849 4616 ctare
1891 4562 2243 4619 Cessat'itntts.
2274 4566 2558 4623 Abstineat
2601 4584 2730 4638 ergo
2772 4571 2840 4626 ab
2881 4571 3278 4628 ecclesiastica;

17 4676 367 4737 paternorum,
400 4680 602 4726 contra
636 4672 805 4726 sancti
838 4671 1072 4741 Spiritus
1103 4672 1593 4738 institutahcontra

17 4760 325 4830 antiquitatis
364 4760 656 4831 exempla,
705 4761 868 4817 nullis
914 4771 1093 4831 posset
1133 4762 1407 4834 suffragiis
1445 4762 1594 4833 adju-

17 4849 133 4902 vari.
160 4850 311 4920 Apud
339 4851 731 4907 Christianum
760 4862 814 4906 et
842 4868 967 4907 vere
998 4853 1328 4924 religiosum,
1362 4869 1597 4926 vereque

23 4941 369 5000 orthodoxam
421 4943 732 5016 principem
782 4944 989 5014 loquor.
1051 4945 1271 5000 Multum
1312 4948 1596 5004 Anatolius

23 5037 284 5105 episcopus
306 5037 537 5109 proprio
561 5035 796 5091 detrahit
819 5037 1034 5101 merito,
1062 5039 1105 5094 si
1138 5038 1325 5093 illicito
1347 5055 1596 5098 crescere

23 5130 152 5166 hnlal
202 5134 511 5166 ninampnln,
549 5123 775 5166 “aliaat,
825 5124 960 5166 simul
984 5137 1233 5166 nnlmnnc
1293 5128 1594 5166 linnchmli.

1701 4667 1818 4705 rum
1847 4652 2039 4723 injuria
2069 4650 2394 4724 regularum,
2425 4668 2477 4713 et
2506 4658 2718 4715 illicitos
2741 4661 2974 4717 declinet
2995 4678 3275 4728 excessus,

1699 4758 1768 4797 ne
1798 4759 1857 4799 se
1892 4747 1960 4800 ah
1990 4747 2279 4802 universali
2306 4748 2567 4815 Ecclesia,
2599 4750 2724 4804 dum
2758 4752 2972 4809 inimica
3008 4752 3125 4823 paci
3156 4762 3273 4807 ten-

1698 4842 1796 4899 tat,
1826 4836 2123 4893 abscindat.
2175 4838 2344 4906 Quem
2372 4849 2497 4909 opto
2524 4840 2697 4910 magis
2734 4842 3283 4915 irreprehensihiliter

1698 4937 1950 4995 agentem
1982 4928 2221 5000 diligere,
2267 4945 2431 5000 quam
2480 4929 2534 4982 in
2578 4930 2681 4985 hac
2710 4936 3134 5006 praesumptione
3164 4940 3284 5001 quae

1700 5015 1850 5073 illum
1876 5021 1943 5077 ab
1966 5020 2216 5076 euntibus
2241 5020 2440 5087 poterit
2468 5034 2726 5089 separare
2754 5031 3068 5097 pentum-is.
3100 5022 3291 5078 Frater

1697 5115 1882 5163 autem
1916 5119 1971 5165 et
1994 5110 2347 5166 coeniscotms
2379 5123 2530 5166 meus
2555 5107 2859 5166 Lueianus;
2905 5118 2994 5166 nini
3025 5123 3152 5166 “eum
3185 5112 3293 5166 ﬁlio
