3968 6450
565 429 665 484 801

1364 424 1649 479 APPEND.
1682 422 1775 477 AD
1819 420 1991 477 3115C.
2024 420 2111 474 IX.
2152 450 2223 459 —
2258 421 2506 480 lSlDORl
2544 423 2981 482 MERCATORIS

3697 432 3776 487 808

639 539 854 596 Sanctis
896 549 951 595 et
982 539 1090 594 Deo
1118 538 1330 609 placitis
1362 537 1661 593 clementia:
1703 536 1898 592 vestrae
1949 535 2140 590 studiis
2168 542 2217 598 Α
2249 545 2358 592 tate
2396 538 2604 594 calcata
2633 539 2868 594 alienum
2891 540 2984 609 jus
3029 540 3164 596 velle
3201 539 3529 610 praeripere,
3567 550 3709 612 atque
3732 558 3776 601 ut

565 634 840 688 defensam
865 640 1052 687 contra
1079 631 1360 686 haereticos
1382 628 1702 683 catholicam
1728 627 1909 693 ﬁdem,
1938 636 1993 682 et
2021 628 2139 681 uni-

563 740 737 782 versae
768 722 1029 799 Ecclesiae
1077 721 1335 775 redditam
1389 734 1574 789 pacein
1632 715 1975 773 ineﬁ‘abiliter
2016 733 2136 772 cum

564 824 743 872 vestra
774 815 969 886 pietate
987 813 1302 884 gaudemus,
1332 811 1534 882 gratias
1582 817 1801 879 agentes
1831 808 2137 863 misericor-

563 906 664 960 dia:
699 902 1081 973 omnipotentis
1104 899 1217 965 Dei,
1249 898 1411 969 quod,
1441 897 1679 966 exceptis
1708 897 1802 952 ‘his
1827 896 1918 966 qui
1970 896 2141 965 magis

563 998 865 1052 dilexerunt
910 993 1160 1050 tenebras
1208 1007 1368 1063 quam
1406 989 1602 1055 lucem,
1651 986 1921 1045 neminem
1952 1003 2140 1058 passus

561 1100 645 1145 est
672 1084 982 1158 evangelica
1009 1085 1240 1139 veritate
1273 1081 1531 1146 fraudari,
1559 1089 1638 1145 ut,
1666 1079 1905 1135 abstersa
1937 1079 2138 1134 erroris

558 1178 809 1250 caligine,
868 1179 922 1237 in
959 1177 1197 1231 onmium
1249 1173 1506 1230 cordibus
1562 1168 1908 1241 purissimum
1957 1171 2136 1224 lumen

554 1270 817 1335 oriretur,
855 1284 952 1324 nec
992 1268 1058 1322 dc
1090 1266 1321 1321 inﬁrmis
1349 1263 1709 1334 quorumdam
1752 1262 1946 1316 animis
1984 1272 2136 1315 tene-

560 1366 753 1419 brosus
787 1359 874 1416 ille
928 1360 1222 1415 exsultaret
1265 1356 1537 1421 inimicus,
1590 1370 1750 1424 quem
1799 1369 1904 1408 non
1962 1351 2135 1407 solum

561 1452 614 1507 hi
655 1452 744 1521 qui
783 1449 932 1504 illaesi
979 1455 1275 1510 steterant,
1322 1445 1415 1501 sed
1444 1445 1606 1499 etiam
1638 1457 1775 1511 quos
1804 1441 2006 1496 fecerat
2037 1458 2136 1496 nu-

562 1552 699 1605 tare,
747 1549 1173 1612 supcraveruut,
1220 1548 1297 1603 ut,
1328 1552 1513 1592 errore
1555 1534 1778 1598 abolito,
1825 1551 1920 1603 per
1965 1544 2135 1588 totum

563 1633 819 1686 mundum
876 1630 1010 1684 ﬁdes
1058 1643 1183 1683 vera
1241 1634 1515 1697 regnaret,
1600 1644 1616 1676 ι
1651 1634 1706 1678 ct
1752 1625 1927 1678 omnis
1956 1623 2132 1692 lingua

561 1724 902 1787 conﬁteatur,
952 1720 1207 1791 quoniam
1266 1716 1525 1773 Dominus
1578 1714 1735 1771 Jesus
1791 1714 2039 1770 Christus
2081 1716 2134 1769 in

560 1816 727 1885 gloria
779 1823 861 1870 est
897 1813 991 1868 Dei
1038 1812 1215 1866 Patris
1248 1808 1467 1884 (Philip.
1496 1825 1554 1873 ιι,
1582 1810 1688 1880 ii).
1726 1828 1744 1859 ι
1806 1806 2136 1861 Coulirmato

559 1917 739 1962 autem
774 1908 828 1962 in
866 1906 1071 1961 unitate
1111 1901 1388 1971 Evangelii
1427 1901 1678 1955 universo
1721 1899 1938 1963 mundo,
1982 1907 2036 1953 et
2079 1898 2133 1952 in

557 2000 747 2053 eodem
797 1997 1002 2069 Spiritu
1072 2008 1264 2050 sensus
1306 1991 1528 2045 directis
1589 1988 1842 2043 cordibus
1892 1987 2131 2044 omnium

562 2089 722 2160 199
750 2087 1089 2144 sacerdotum
1118 2083 1356 2154 Optimus
1391 2080 1565 2134 fuerat
1610 2094 1772 2149 snpra
1802 2076 1892 2132 illa
1914 2086 2136 2148 propter

557 2194 678 2250 quae
725 2187 911 2234 sancta
941 2186 1025 2230 est
1054 2172 1293 2245 synodus
1321 2179 1644 2241 congregata
1671 2209 1685 2233 ,
1719 2176 1774 2223 et
1804 2183 1920 2237 qua:
1946 2182 2128 2221 secun-

556 2274 683 2327 dum
708 2271 924 2342 pietatis
950 2277 1142 2324 vestrae
1170 2265 1404 2322 studium
1435 2262 1695 2335 probabili
1726 2274 1849 2316 sunt
1880 2262 1983 2317 ﬁne
2004 2277 2135 2317 cou-

556 2363 727 2429 clusa,
759 2360 893 2416 nihil
919 2359 1061 2430 quod
1101 2366 1251 2413 tanto
1285 2358 1426 2411 bono
1471 2353 1802 2409 contrarium
1853 2361 1998 2407 esset
2049 2353 2134 2406 in-

560 2452 712 2519 ferri,
745 2469 845 2509 nec
873 2468 968 2524 per
997 2449 1333 2505 occasionem
1374 2446 1692 2518 episcopalis
1722 2445 1934 2501 concilii
1981 2445 2035 2499 id
2082 2445 2134 2499 in

557 2557 844 2598 commune
864 2541 1064 2612 appeti,
1097 2538 1240 2609 quod
1267 2554 1372 2592 non
1406 2534 1560 2593 licuit
1596 2534 1900 2605 concupisci
1920 2575 1935 2601 ,
1966 2532 2138 2589 frater

555 2642 700 2696 enim
728 2647 782 2695 et
828 2639 1177 2710 coepiscopus
1226 2651 1379 2692 meus
1424 2630 1703 2689 Anatolius
1733 2648 1921 2703 parum
1961 2631 2137 2686 consi-

556 2731 766 2785 deravit
788 2738 991 2799 quanto
1010 2727 1236 2799 pictatis
1267 2733 1462 2780 vestrae
1500 2721 1786 2786 beneﬁcio,
1816 2730 1871 2776 et
1909 2721 2012 2775 mei
2058 2719 2135 2774 fa-

555 2819 703 2874 voris
727 2833 951 2873 assensu
972 2814 1576 2884 Constantinopolitanae
1603 2811 1856 2866 Ecclesiae
1888 2810 2136 2865 sacerdo-

558 2910 691 2963 tium
718 2908 878 2962 fuerit
901 2915 1241 2968 consecutus,
1272 2919 1375 2958 non
1417 2912 1523 2956 tam
1574 2903 1638 2957 de
1682 2901 1890 2971 adeptis
1922 2898 2137 2970 gavisus

557 3013 721 3070 quam
778 2996 845 3051 de
886 2992 1193 3050 immodicis
1254 2992 1565 3065 appetendis
1609 3006 1773 3061 supra
1825 3006 2134 3045 mensuram

558 3089 641 3144 sui
669 3087 890 3142 honoris
924 3085 1209 3141 abscessus
1247 3094 1330 3139 est
1355 3125 1370 3149 ,
1422 3083 1649 3139 credens
1676 3078 1803 3136 huic
1831 3089 1936 3135 tam
1974 3082 2137 3151 impe-

558 3169 701 3234 tanti
736 3175 1016 3247 cupiditati
1068 3189 1228 3246 posse
1256 3174 1511 3245 prodesse
1551 3171 1642 3242 qui
1685 3170 1735 3226 ei
1778 3171 2132 3241 quorumdam

559 3283 882 3326 consensum
933 3266 1224 3338 pra-buisse
1272 3264 1467 3320 dicitur
1518 3270 1729 3319 extorta
1773 3261 2135 3330 subscriptio,

557 3375 682 3415 cum
736 3368 844 3414 tam
892 3355 1230 3412 destruendis
1276 3369 1399 3409 mox
1455 3351 1735 3408 conatibus
1780 3349 2133 3406 contradictio

558 3449 826 3515 fratrum,
874 3457 928 3503 et
962 3442 1400 3517 coepisCoporum
1448 3458 1691 3500 meorum
1736 3442 1907 3496 vicem
1956 3454 2134 3495 meam

556 3543 853 3615 agentium,
880 3540 1110 3595 ﬁdeliter
1134 3549 1189 3594 et
1214 3537 1554 3612 laudabiliter
1576 3538 1845 3593 obviaret.

627 3633 892 3701 Quoniam
923 3640 1107 3687 contra
1135 3637 1335 3685 statuta
1355 3637 1701 3697 paternorum
1728 3639 1991 3681 canonum
2016 3638 2135 3695 quae

556 3734 682 3779 ante
708 3723 1020 3793 longissime
1047 3721 1223 3775 aetatis
1248 3734 1420 3774 annos
1460 3718 1514 3771 in
1561 3718 1693 3771 urbe
1719 3715 1935 3770 Nicaena
1977 3712 2134 3783 spiri-

559 3816 793 3871 tualibus
816 3825 942 3870 sunt
964 3813 1216 3867 fraudata
1244 3810 1504 3873 decretis,
1536 3807 1671 3863 nihil
1700 3809 1893 3877 cuique
1936 3807 2135 3860 addere

556 3907 892 3961 conceditur.
925 3904 999 3958 Ita
1034 3901 1157 3958 utsi
1179 3902 1301 3971 quis
1324 3899 1594 3955 diversum
1626 3898 1822 3968 aliquid
1845 3898 2136 3952 decernere

554 3995 687 4050 velit
726 4008 783 4048 se
812 3992 993 4063 potius
1022 3992 1230 4045 minuat
1263 4003 1424 4059 quam
1449 3987 1535 4041 illa
1554 3994 1887 4055 corrumpat,
1913 4000 2033 4055 quae
2064 3985 2132 4051 si,

558 4093 616 4138 ut
656 4092 887 4154 Oportet,
922 4098 952 4136 a
995 4081 1205 4136 cunctis
1247 4078 1591 4150 pontiﬁcibus
1642 4077 1959 4131 intemerata
2012 4091 2131 4131 ser-

557 4186 770 4240 ventur,
807 4190 903 4246 per
932 4175 1214 4228 universas
1256 4171 1513 4227 ecclesias
1544 4169 1828 4241 tranquilla
1867 4169 1970 4223 erit
2006 4183 2133 4239 pax,

556 4277 609 4323 ct
644 4266 796 4321 ﬁrma
840 4265 1156 4328 concordia,
1206 4263 1364 4319 nulla:
1393 4265 1459 4319 de
1498 4262 1765 4317 mensuris
1796 4261 1991 4316 harum
2027 4262 2136 4317 dis-

556 4358 869 4423 sensiones,
914 4355 1075 4411 nullae
1107 4355 1172 4410 dc
1226 4354 1656 4410 ordinationibus
1701 4354 1842 4419 lites,
1876 4351 2038 4407 nullae
2068 4353 2146 4437 de.

557 4446 854 4519 privilegiis
880 4445 1282 4511 ambiguitates,
1326 4443 1469 4499 nulla
1496 4452 1657 4499 erunt
1686 4443 1752 4498 de
1782 4443 1941 4497 alieni
1972 4457 2134 4498 usur-

556 4538 774 4609 patione
802 4536 1123 4601 certamina,
1154 4534 1244 4591 sed
1275 4550 1338 4589 ea
1379 4549 1497 4603 quae
1515 4532 1641 4602 jure
1666 4533 1948 4587 charitatis
1972 4532 2135 4586 ratio-

2250 629 2407 684 anius
2462 638 2676 687 crescat
2723 631 2961 702 dignitas
3016 642 3095 687 tot
3139 631 3665 702 metropolitanorum
3701 637 3778 690 im-

2243 734 2487 792 pugnare
2534 722 2822 793 primatus,
2867 724 3175 793 quietisque
3231 723 3552 793 provinciis,
3591 734 3640 778 et
3676 725 3777 782 olim

2242 820 2443 867 sancta:
2468 813 2656 884 synodi
2677 811 2907 868 Nicaeum
2932 815 3303 869 moderatione
3326 813 3602 881 dispositis
3618 814 3778 869 bellum

2242 918 2395 959 novae
2432 906 2858 975 perturbationis
2884 906 3108 972 inferre,
3135 918 3301 976 atque
3332 915 3396 961 ut
3434 907 3777 964 venerabilitati

2242 994 2463 1051 Patrum
2491 996 2707 1052 decreta
2729 996 3009 1051 solvantur
3046 999 3410 1067 quorumdam
3448 997 3778 1066 episcoporum

2241 1086 2483 1156 proferre
2511 1102 2857 1152 consensum,
2890 1089 2976 1142 cui
3020 1097 3098 1141 tot
3121 1103 3394 1142 annormn
3417 1088 3583 1143 series
3606 1090 3777 1160 negavit

2239 1174 2509 1231 effectum.
2569 1175 2701 1232 Nam
2752 1179 3121 1248 sexagesimus
3158 1176 3272 1232 fere
3305 1192 3486 1231 anuus
3538 1176 3681 1245 hujus
3715 1178 3778 1247 ja-

2240 1263 2458 1321 ctantiae
2499 1281 2617 1322 esse
2660 1267 2919 1335 jactatur,
2952 1285 3055 1338 qua
3098 1284 3155 1322 se
3196 1266 3496 1336 praedictus
3533 1268 3774 1338 episcopus

2239 1359 2470 1413 aestimat
2510 1358 2776 1427 adjuvari,
2807 1354 3006 1413 frustra
3038 1359 3263 1426 cupiens
3295 1357 3349 1411 id
3394 1357 3499 1412 sibi
3547 1358 3777 1426 prodesse,

2240 1451 2381 1520 quod
2410 1450 2572 1504 etiam
2619 1450 2662 1504 si
2693 1450 2977 1519 quisquam
3009 1463 3173 1501 ausus
3200 1455 3286 1501 est
3329 1446 3507 1511 velle,
3535 1445 3693 1500 nullus
3715 1454 3777 1500 ta«

2240 1554 2359 1595 men
2381 1539 2553 1609 potuit
2580 1539 2843 1593 obtinere.
2879 1538 3151 1607 Agnoscat
3176 1536 3261 1590 cui
3300 1536 3571 1590 successit
3595 1536 3711 1599 viro,
3734 1544 3776 1589 et

2238 1631 2453 1700 repulso
2482 1630 2628 1686 omui
2665 1630 2855 1699 spiritu
2884 1629 3167 1692 elationis,
3200 1622 3445 1681 Flaviani
3474 1627 3775 1689 modestiam,

2237 1718 2476 1777 Flaviani
2524 1714 2905 1782 humilitatem,
2938 1734 3056 1788 quae
3085 1719 3234 1773 illum
3284 1733 3460 1788 usque
3488 1718 3556 1772 ad
3596 1717 3766 1772 confes-

2236 1814 2375 1869 soris
2419 1814 2646 1882 gloriam
2718 1810 3001 1882 provexit,
3052 1808 3315 1863 imitetur.
3372 1808 3542 1877 Cujus
3588 1807 3630 1861 si
3677 1806 3775 1860 velit

2168 1923 2209 1979 Β
2235 1904 2515 1975 splendere
2548 1903 2839 1958 virtutibus
2858 1944 2873 1968 ,
2910 1901 3194 1957 laudabilis
3219 1901 3352 1966 erit,
3375 1910 3430 1955 et
3454 1900 3506 1954 in
3536 1900 3667 1954 omni
3688 1899 3774 1955 loco

2240 1992 2532 2064 plurimum
2578 1992 2883 2046 dilectionis
2933 1991 3196 2060 acquirct,
3252 2005 3363 2044 non
3413 1986 3683 2043 ambiendo
3704 1988 3776 2041 ba-

2239 2098 2421 2147 mana,
2452 2082 2546 2137 sed
2592 2083 2946 2152 promerendo
2994 2081 3194 2135 divina.
3227 2076 3385 2136 Hauc
3428 2088 3600 2135 autem
3626 2074 3773 2134 obser-

2239 2175 2475 2229 vantiam
2505 2189 2628 2229 eum
2668 2189 2895 2245 quaeque
2933 2174 3003 2227 illi
3045 2174 3288 2228 animum
3313 2174 3541 2244 spondet
3563 2171 3770 2242 cupulan-

2237 2265 2395 2331 dum,
2429 2274 2485 2318 et
2522 2264 2831 2333 apostolicae
2876 2260 3033 2319 Sedis
3085 2256 3457 2329 dilectionem,
3486 2278 3635 2333 quam
3667 2260 3770 2316 Con-

2237 2357 2730 2426 stantinopolitanae
2748 2356 3005 2411 Ecclesiae
3035 2371 3253 2425 semper
3275 2357 3645 2426 impendimus,
3660 2355 3769 2408 nulla

2238 2445 2537 2502 mobilitate
2586 2446 2850 2501 violanda.
2901 2446 3037 2513 Quia
3067 2447 3114 2500 si
3152 2447 3432 2501 interdum
3476 2446 3763 2501 immoderali

2237 2537 2494 2607 praesules
2523 2537 2733 2607 aliquas
2756 2538 3000 2592 incidunt
3017 2538 3223 2607 culpas,
3243 2536 3602 2592 Ecclesiarun
3628 2546 3765 2589 tamen

2236 2624 2437 2682 Christi
2467 2627 2674 2698 integra
2697 2626 2870 2697 gratia
2898 2634 3233 2696 perseverat.
3272 2626 3651 2681 Conseusiones
3672 2639 3763 2677 rem

2235 2718 2613 2788 episc0porum
2665 2726 2976 2773 sanctorum
3024 2732 3302 2771 canonum
3355 2717 3495 2787 apud
3544 2714 3762 2769 Nimiam

2237 2811 2578 2865 conditorum
2637 2809 2840 2880 regulis
2896 2817 3285 2880 repugnantes,
3333 2810 3482 2863 unita
3539 2808 3762 2862 nobiscum

2235 2909 2431 2953 vestrae
2472 2898 2597 2952 ﬁdei
2650 2898 2853 2968 pietate
2899 2898 2953 2952 in
3009 2894 3225 2953 irritum
3271 2898 3574 2961 mittimus,
3620 2905 3665 2950 et
3694 2909 3762 2963 per

2236 2987 2617 3042 auctoritatem
2645 2986 2791 3042 beati
2820 2986 2966 3042 Petri
3017 2987 3272 3056 apostoli,
3324 2985 3557 3058 generali
3590 2998 3762 3053 prorsus

2240 3078 2557 3133 deﬁnitione
2587 3077 2969 3133 cassamus.'lu
2997 3076 3249 3134 omnibus
3298 3076 3660 3134 ecclesiasticis
3699 3072 3757 3126 liis

2235 3170 2444 3243 legibus
2464 3171 2994 3241 obsequentes,quas
3022 3173 3086 3226 ad
3111 3172 3543 3241 paciﬁcationem
3564 3168 3752 3223 onmium

2166 3266 2209 3327 C
2241 3266 2603 3331 sacerdotum,
2626 3279 2727 3335 per
2769 3275 3039 3321 trecentos
3076 3267 3264 3321 decem
3308 3276 3366 3320 et
3399 3274 3518 3320 octo
3545 3260 3754 3316 antistites

2238 3355 2473 3425 Spiritus
2526 3365 2750 3412 sanctus
2806 3357 3079 3421 instituit,
3131 3357 3205 3410 ita
3254 3365 3315 3410 ut
3360 3356 3519 3410 etiam
3553 3353 3592 3408 si
3633 3348 3756 3403 multo

2236 3446 2419 3516 plures
2445 3444 2535 3500 alii
2560 3461 2722 3516 quam
2771 3447 2850 3501 illi
2901 3456 3141 3503 statuere
3183 3448 3518 3509 decernere,
3564 3445 3609 3498 iu
3649 3438 3753 3494 nulla

2237 3541 2541 3594 reverentia
2593 3541 2664 3595 sit
2720 3540 3051 3604 habendum,
3100 3542 3367 3611 quidquid
3412 3538 3569 3594 fuerit
3606 3546 3754 3604 apric-

2236 3631 2505 3687 dictorum
2552 3631 2935 3687 constitutione
2964 3633 3255 3687 diversum.
3290 3632 3650 3686 Prolixitatem
3681 3623 3746 3674 ita-

2236 3739 2340 3795 que
2396 3723 2635 3793 epistolae
2696 3739 2828 3779 mea:
2876 3740 2979 3795 qua
3043 3739 3267 3779 necesse
3327 3723 3489 3779 habui
3535 3714 3753 3788 explicare

2234 3814 2361 3884 Quid
2388 3814 2635 3879 sentiam,
2675 3829 2805 3885 r0go
2851 3824 2907 3867 ut
2935 3829 3031 3885 per
3078 3814 3309 3870 fratrem
3343 3824 3397 3870 et
3426 3812 3741 3881 cocpiscopw

2234 3918 2414 3958 meum
2459 3902 2780 3969 Lucianum,
2811 3904 2922 3973 qui,
2948 3912 3210 3973 quantum
3237 3920 3290 3959 ιιι
3324 3919 3440 3974 ipso
3460 3909 3557 3962 est,
3598 3891 3751 3951 sedici-

2235 3994 2477 4049 tudinem
2530 4004 2790 4063 susceptae
2841 3994 3125 4065 legationis
3169 4002 3252 4050 est
3295 3994 3523 4048 ﬁdeliter
3573 3997 3748 4041 exsecu-

2237 4092 2345 4149 tus,
2386 4092 2443 4138 et
2468 4098 2564 4155 per
2593 4082 2762 4138 ﬁlium
2794 4099 2971 4138 meum
3018 4084 3273 4138 Basilium
3312 4085 3575 4139 diaconein
3622 4074 3749 4144 pictas

2234 4181 2413 4227 vestra
2449 4171 2738 4243 dignanter
2785 4173 3034 4241 accipiat.
3063 4170 3130 4225 Et
3160 4173 3284 4241 quia
3329 4184 3494 4226 mosz
3521 4160 3658 4219 vestri
3690 4162 3747 4208 θεέ

2232 4279 2333 4336 pro
2359 4279 2491 4334 pace
2508 4273 2564 4319 et
2590 4265 2797 4321 unitate
2822 4264 3077 4319 Ecclesiae
3101 4261 3590 4328 laborare,fratrem
3615 4260 3745 4336 mean:

2231 4354 2540 4409 Anatolium
2587 4355 2899 4425 episcopum
2967 4370 3032 4407 ex
3089 4365 3269 4408 vestra
3321 4347 3651 4407 insinuatione
3689 4333 3746 4386 ἀί*

2235 4447 2455 4513 lectum,
2497 4446 2786 4501 salubriter
2825 4447 2877 4499 in
2917 4446 3001 4500 his
3050 4461 3171 4515 quae
3219 4446 3317 4517 ipsi
3376 4440 3627 4514 profutura
3663 4427 3744 4523 sit}l

2234 4536 2530 4601 continete,
2561 4543 2620 4588 ut
2661 4535 2828 4607 gloria
2860 4534 3160 4589 clementiae
3188 4544 3402 4596 vestrae,
3432 4530 3560 4583 sicut
3583 4529 3743 4607 magni-

558 4630 753 4685 nabilis
774 4640 876 4693 est,
911 4638 963 4684 et
988 4644 1221 4693 morum,
1247 4635 1303 4681 et
1331 4626 1627 4682 oﬁiciorum
1663 4626 1970 4695 servabitur
1998 4640 2129 4679 una-
2160 4618 2207 4677 D
2233 4630 2427 4684 (icatur
2475 4628 2541 4684 de
2571 4604 2683 4682 fidei
2720 4639 2992 4698 reparata,
3043 4627 3116 4681 ita
3152 4626 3472 4694 praedicetur
3523 4618 3582 4669 de
3614 4604 3738 4665 ambi-

558 4720 792 4774 niinitas.
842 4718 909 4773 Et
954 4718 1042 4773 ille
1070 4734 1195 4774 vere
1224 4719 1329 4773 erit
1372 4732 1599 4788 magnus
1631 4717 1722 4785 qui
1768 4714 1931 4770 fuerit
1963 4715 2129 4770 totius

553 4810 867 4864 ambitionis
901 4808 1107 4863 alienus
1130 4848 1145 4873 ,
1191 4809 1405 4862 dicente
1455 4806 1723 4861 Domino:
1760 4824 1778 4857 ι
1814 4805 2132 4879 Quicunque

557 4901 789 4955 voluerit
829 4901 968 4956 inter
999 4916 1093 4955 vos
1139 4900 1310 4965 maior
1342 4898 1457 4954 ﬁeri
1486 4898 1559 4954 sit
1586 4905 1765 4952 vester
1803 4897 2064 4952 minister.
2105 4916 2123 4949 ι

558 4991 627 5047 Ει
661 5010 679 5043 ‹
710 4993 1014 5062 quicunque
1046 4992 1277 5045 voluerit
1321 4990 1467 5044 inter
1491 4978 1587 5044 vos
1616 4989 1822 5057 primus
1849 5002 1986 5052 csse,
2017 4989 2123 5043 erit

558 5092 737 5138 vester
783 5098 993 5138 servus.
1025 5082 1178 5138 Sicut
1226 5082 1368 5137 ﬁlius
1415 5080 1650 5136 hominis
1695 5095 1806 5135 non
1849 5080 1995 5134 venit
2023 5080 2127 5134 mi-

559 5177 812 5241 nistrari,
866 5178 959 5233 sed
1005 5177 1314 5232 ministrare
1361 5173 1575 5245 (Matth.
1633 5189 1725 5240 xx,
1758 5172 1977 5244 26-28).
2014 5193 2033 5225 ι
2064 5173 2146 5259 Et.

560 5279 738 5323 tamen
771 5269 885 5323 haec
925 5267 1029 5322 illis
1070 5276 1195 5321 tunc
1226 5266 1661 5329 insinuabuntur,
1689 5263 1782 5333 qui
1813 5264 1878 5318 de
1922 5263 2121 5334 pusillo

556 5358 809 5415 volebant
831 5373 1096 5423 crescere,
1123 5366 1177 5412 et
1199 5359 1264 5412 de
1301 5355 1497 5410 inﬁmis
1520 5354 1589 5408 ad
1612 5369 1821 5409 summa
1856 5354 2107 5408 transire.

557 5448 1164 5520 Constantinopolitanae
1218 5463 1345 5502 vero
1398 5445 1591 5516 praesul
1644 5444 1943 5510 Ecclesiae,
2001 5444 2127 5514 quia

559 5541 789 5612 amplius
825 5555 986 5611 quam
1024 5547 1303 5596 assecutus
1347 5547 1429 5593 est
1469 5535 1836 5607 concupiscit,
1866 5543 1957 5589 aut
1997 5534 2127 5604 quid

563 5633 638 5688 illi
665 5631 986 5696 satisfaciet,
1015 5630 1060 5686 si
1101 5637 1263 5683 tantae
1305 5628 1455 5684 urbis
1490 5626 1886 5699 magniﬁcentia
1923 5633 1979 5680 et
2018 5623 2134 5678 cla-

560 5724 739 5782 ritudo
782 5740 886 5781 non
934 5720 1152 5779 sufﬁcit.
1205 5719 1506 5789 Superbum
1543 5718 1705 5774 nimis
1733 5726 1814 5773 est
1845 5727 1898 5773 et
1928 5717 2127 5772 immo-

558 5821 807 5876 deratum
858 5817 1000 5875 ultra
1048 5816 1182 5874 ﬁnes
1240 5813 1486 5886 proprios
1541 5813 1765 5870 tendere
1797 5822 1851 5869 ct
1890 5812 2132 5879 antiqui-

2236 4719 2381 4774 tioue
2407 4732 2737 4788 compressa.
2774 4717 2904 4771 Data
2928 4733 2981 4771 ιιι
3006 4716 3273 4771 Kalendas
3301 4714 3464 4775 Junii,
3493 4698 3739 4761 llcrculano

2235 4805 2352 4859 viro
2382 4804 2682 4859 clarissimo
2715 4803 2959 4859 consule.

2546 4893 2736 4949 XXXI.
2773 4924 2841 4933 —
2867 4894 2948 4946 Ad
2988 4891 3316 4946 Martianum
3354 4890 3484 4957 Aug.

2303 4985 2415 5040 Leo
2441 4985 2725 5055 episcopus
2750 4983 3034 5040 Murrum
3066 4983 3325 5053 Augusto.

2306 5053 2488 5135 Multa
2515 5053 2642 5133 mihi
2693 5077 2747 5132 in
2792 5075 3042 5132 omnibus
3094 5074 3390 5130 clementiae
3418 5074 3589 5122 vestrae
3630 5053 3732 5150 litte-

2238 5172 2313 5228 ris
2349 5185 2512 5227 causa
2556 5168 2732 5241 gaudii
2759 5177 2877 5233 est,
2925 5166 3049 5221 dum
3099 5182 3167 5220 ex
3219 5178 3408 5234 magna
3454 5149 3733 5229 providle

2237 5262 2429 5317 divinae
2462 5258 2831 5316 misericordia
2871 5257 3172 5328 praestitum
3218 5253 3459 5310 humanis
3499 5244 3630 5301 rebus
3666 5244 3730 5332 cf:

2237 5353 2436 5423 perior,
2463 5351 2605 5422 quod
2646 5349 3075 5405 ecclesiasticam
3122 5362 3311 5419 pacem
3354 5347 3501 5423 (quae
3530 5347 3615 5389 non
3651 5331 3727 5423 1.1-1“

2237 5422 2445 5499 unitate
2496 5443 2897 5513 praedicationis
2942 5439 3265 5509 evangelica:
3314 5422 3603 5493 custoditur)
3628 5422 3726 5513 ριιξ·

2236 5535 2375 5592 simo
2399 5534 2575 5591 studio
2603 5532 2797 5602 juvare
2823 5528 3142 5602 dignamini,
3167 5539 3225 5585 ut
3256 5530 3380 5584 ﬁdei
3406 5530 3575 5578 vestrm
3597 5507 3736 5602 glori?

2235 5644 2340 5685 non
2373 5628 2544 5683 solum
2572 5626 2800 5681 utilitate
2833 5620 3160 5695 reipublicae,
3190 5623 3281 5677 sed
3311 5622 3461 5675 etiam
3505 5600 3718 5695 rcliiiim'f

2235 5717 2567 5790 profectibus
2595 5724 2878 5787 augeatur,
2908 5679 3299 5788 gloriosissime
3320 5709 3593 5779 imperator,

2237 5779 2578 5871 incifabilitcr
2604 5779 2714 5868 Deo
2738 5779 2941 5884 gratias
2971 5827 3091 5883 ago,
3119 5811 3208 5881 qui
3238 5800 3539 5879 temporibus
3572 5779 3718 5857 (ιηίδυθ
