3968 6508
188 417 293 464 809

188 527 452 580 obortura
482 524 862 580 lueretieorum
894 526 1143 580 scandala
1175 528 1513 597 pt'tescieltat,
1540 543 1635 581 vos
1676 527 1769 581 im-
1800 535 1842 594 Α

186 615 330 686 perii
364 614 582 686 fastigio
612 615 919 671 collocavit.
944 615 1001 670 In
1034 618 1231 686 quibus
1261 617 1329 672 ad
1380 618 1544 674 totius
1583 618 1769 673 mundi

187 705 451 771 salutem,
483 714 538 760 ct
563 704 711 774 regia
756 706 1014 775 potentia,
1060 715 1115 761 et
1163 708 1517 765 sacerdotalis
1565 708 1773 781 vigeret

189 795 485 850 industria.
519 794 657 850 Nam
690 804 872 850 vestro
911 797 1178 866 praecipue
1207 811 1369 866 opere
1399 797 1471 853 sit
1496 798 1769 866 effectum,

186 897 251 942 ut
270 902 371 957 per
402 886 660 959 synodale
681 885 972 941 concilium
1014 887 1288 943 damnatis
1329 888 1480 959 impii
1509 889 1772 960 dogmatis

186 976 594 1041 defensoribus,
618 990 810 1032 omnes
839 975 984 1038 vires
1032 977 1327 1048 sacrilegus
1356 994 1513 1034 error
1561 979 1773 1036 amitte-

185 1074 297 1130 ret,
322 1067 389 1119 ad
416 1063 657 1134 ejusdem
691 1064 997 1120 devotionis
1023 1066 1259 1136 pertinet
1284 1067 1536 1138 palmam,
1568 1069 1614 1124 si
1660 1085 1773 1124 ma-

186 1154 305 1210 lum
341 1156 486 1226 quod
515 1155 569 1211 in
609 1155 724 1217 suis
761 1155 986 1211 ducibus
1031 1165 1115 1212 est
1144 1172 1483 1228 oppressum,
1512 1159 1674 1214 etiam
1719 1161 1770 1216 in

186 1251 609 1322 quibuscunque
654 1249 903 1319 reliquiis
930 1250 1195 1306 deleatur.
1237 1250 1390 1318 Quod
1422 1251 1633 1309 facilius
1666 1252 1775 1309 cle-

184 1326 399 1398 mentia
428 1348 609 1397 vestra
636 1340 938 1396 arbitretur
968 1340 1321 1410 implendum,
1353 1342 1399 1397 si
1435 1358 1532 1412 per
1560 1342 1775 1397 univer-

184 1448 284 1488 sas
326 1432 598 1488 Ecclesias
639 1431 979 1487 definitiones
1015 1441 1214 1487 sanctae
1260 1434 1451 1504 synodi
1483 1432 1775 1490 Chalcedo-

188 1524 384 1583 nensis
419 1523 729 1593 apostolicae
757 1522 885 1577 Sedi
916 1522 1188 1592 placuisse
1218 1523 1533 1589 doceantur,
1578 1526 1643 1580 de
1669 1539 1777 1596 quo

183 1614 417 1683 quidem
445 1613 586 1668 ratio
609 1626 718 1667 non
746 1611 850 1667 fuit
891 1612 1222 1682 ambigendi,
1245 1627 1367 1667 cum
1399 1613 1447 1669 ei
1497 1612 1617 1669 fidei
1659 1629 1776 1669 om-

184 1705 348 1761 nium
398 1706 768 1761 subscribendi
819 1719 1120 1761 consensus
1165 1704 1488 1770 accesserit,
1538 1720 1659 1775 qum
1709 1706 1776 1761 ad

184 1812 283 1852 me
346 1797 642 1853 secundum
694 1796 1005 1867 apostolica:
1046 1795 1347 1861 doctrinze,
1408 1811 1472 1852 ac
1537 1805 1777 1867 paterna:

1394 411 1879 468 DECRETALIUM
1918 413 2316 472 COLLECTIO.

3334 425 3440 481 8l0

2292 530 2502 584 ΧΧΧΙΙ.
2534 562 2600 571 --
2629 532 2706 586 Ad
2732 533 2987 587 cumidem.

1943 619 2053 673 Leo
2074 620 2354 690 cpiscopus
2387 620 2674 677 Manruao
2709 622 2970 691 Augusto.

1943 698 2234 767 Puritatem
2276 712 2397 768 fidei
2443 713 2785 781 Christianze,
2815 731 2918 785 qua
2946 716 3231 773 clementia
3261 731 3443 775 vestra

1873 798 2166 870 praefulget,
2222 802 2383 857 etiam
2438 803 2522 858 bis
2569 804 2791 870 litteris,
2851 820 2986 874 quas
3031 806 3196 862 frater
3248 819 3303 864 et
3360 827 3451 864 ro-

1873 888 2155 958 episcOpus
2207 904 2359 945 meus
2393 889 2745 946 Nestorianus
2798 892 2991 947 detulit
3042 894 3449 961 demonstratis,

1866 976 2227 1046 justissimum
2258 979 2410 1037 fratri
2456 996 2577 1036 meo
2620 981 2863 1038 Proterio
2887 983 3268 1042 Alexandriam
3300 988 3453 1043 urbis

1875 1066 2101 1121 antistiti
2144 1067 2517 1137 impendentes
2557 1070 2816 1137 favorem,
2848 1088 2956 1142 quo
2986 1074 3115 1129 mihi
3140 1090 3237 1144 per
3267 1077 3450 1131 omnia

1874 1167 2018 1213 esset
2065 1160 2356 1229 acceptior.
2423 1160 2554 1216 Nam
2608 1164 2694 1218 cui
2742 1174 2920 1220 vestra
2968 1167 3141 1236 pietas
3200 1170 3449 1225 testimo-

1877 1250 2022 1304 nium
2072 1251 2357 1319 perhibere
2406 1252 2677 1322 dignatur,
2719 1254 3087 1312 indubitanter
3135 1267 3278 1313 esset
3324 1275 3450 1329 pro-

1875 1339 2109 1406 bandus,
2140 1341 2304 1395 etiam
2355 1341 2399 1397 si
2453 1351 2675 1400 taceret.
2722 1343 2828 1398 Sed
2867 1345 3075 1400 accedit
3125 1347 3191 1400 ad
3221 1347 3450 1416 gratiam

1876 1433 2019 1500 quod
2040 1433 2257 1503 proprio
2277 1449 2494 1504 quoque
2520 1449 2773 1490 sermone
2814 1436 3176 1505 cognoscitur,
3206 1445 3263 1490 et
3289 1452 3452 1506 quam

1878 1523 2123 1579 sincerus
2171 1524 2240 1579 sit
2292 1524 2543 1580 catholici
2597 1526 2865 1596 dogmatis
2916 1527 3240 1596 praedicator
3286 1527 3456 1597 ipsius

1877 1611 2212 1680 professione
2248 1613 2517 1667 clarescit.
2552 1613 2705 1669 Unde
2730 1614 3044 1682 plenissimo
3090 1614 3282 1669 affectu
3324 1613 3456 1669 dile-

1878 1701 2109 1755 ctionem
2137 1702 2421 1756 orthodoxi
2451 1701 2636 1756 fratris
2667 1703 2980 1771 amplector,
3010 1713 3065 1758 et
3099 1704 3208 1758 Deo
3253 1703 3458 1774 gratias

1878 1805 1999 1860 ago,
2052 1791 2193 1860 quod
2241 1800 2422 1845 amoto
2462 1806 2527 1845 eo
2575 1793 2665 1861 qui
2713 1792 3003 1862 Evangelio
3041 1791 3242 1847 Christi
3287 1791 3459 1846 voluit

202 1890 516 1945 traditionis
550 1889 751 1945 emissa
782 1897 884 1953 est,
933 1897 990 1943 ει
1035 1903 1133 1958 per
1170 1886 1394 1943 fratrem
1441 1903 1620 1943 meum
1667 1886 1776 1942 ιιι-
1808 1875 1852 1933 Β
1881 1881 2154 1936 contraire
2181 1922 2194 1946 ,
2249 1890 2302 1936 et
2354 1897 2384 1936 a
2437 1891 2749 1937 sanctorum
2822 1882 3043 1936 Patrum
3102 1882 3456 1953 intelligentia

186 1980 414 2035 cianum
450 1979 761 2050 episcopum
818 1978 950 2033 talia
1004 1979 1071 2033 ad
1123 1977 1349 2048 gloriam
1405 1986 1675 2041 vestram,
1723 1986 1779 2032 et

188 2071 263 2127 ad
288 2069 939 2138 Constantinopolitanum
994 2068 1291 2124 antistitem
1334 2068 1533 2138 scripta
1568 2068 1780 2123 direxe-

192 2162 340 2226 rim,
398 2177 518 2231 qua:
566 2161 846 2217 evidenter
892 2158 1245 2215 ostenderent
1296 2158 1393 2212 me
1429 2173 1492 2214 ea
1544 2173 1663 2228 qua:
1715 2159 1781 2215 de

194 2251 304 2307 ﬁde
351 2249 618 2306 catholica
679 2249 734 2303 in
807 2248 1066 2318 praedicta
1129 2247 1336 2318 synodo
1390 2247 1607 2302 definita
1667 2246 1782 2303 fue-

195 2347 365 2407 rant,
404 2339 723 2409 approbare.
778 2337 888 2394 Sed
932 2338 1060 2408 quia
1114 2338 1167 2393 in
1220 2337 1422 2393 eisdem
1471 2337 1665 2393 litteris
1715 2353 1781 2393 ea

189 2444 318 2502 qua:
366 2444 464 2500 per
515 2430 855 2486 occasionem
905 2429 1096 2501 synodi
1147 2429 1288 2485 male
1338 2437 1466 2485 sunt
1509 2438 1779 2486 attentata

194 2522 696 2595 reprehenderamf,
749 2523 938 2578 maluit
985 2523 1276 2593 praedictus
1328 2522 1557 2578 antistes
1605 2538 1782 2577 meam

192 2614 622 2686 gratulationem
656 2621 838 2669 tacere
865 2654 879 2679 ,
920 2629 1084 2683 quam
1121 2628 1278 2668 suum
1321 2613 1582 2668 ambitum
1610 2612 1785 2683 publi-

187 2718 345 2760 care.
373 2702 503 2758 Mihi
544 2711 724 2761 autem
758 2702 982 2758 multum
1016 2701 1223 2757 fiducire
1254 2701 1364 2756 Dco
1391 2717 1488 2768 per
1518 2717 1615 2756 vos
1663 2716 1784 2773 ope-

187 2802 355 2855 rante
380 2795 633 2852 collatum
659 2802 762 2861 est,
778 2792 920 2865 quod
942 2794 1255 2864 probassem
1275 2809 1370 2848 vos
1384 2794 1782 2848 observantiam

190 2889 264 2944 de
315 2889 563 2945 custodia
615 2903 884 2944 canonum
922 2895 1273 2958 paternorum
1321 2887 1542 2957 pieUis
1589 2897 1784 2943 vestrae

190 2980 458 3037 adfatibus
505 2981 806 3046 indicastis,
850 2988 905 3034 et
943 2979 1138 3035 merito
1168 2979 1478 3051 geminatur
1529 2980 1782 3053 gaudium

191 3084 410 3135 meum,
445 3085 568 3124 cum
604 3070 758 3125 vobis
804 3068 1212 3140 religiosissime
1242 3067 1456 3138 placere
1494 3083 1781 3139 cognosco,

190 3169 259 3215 ut
283 3160 418 3216 fides
447 3159 662 3215 Nicaeae
699 3173 855 3214 suam
900 3167 1083 3215 teneat
1112 3156 1448 3223 firmitatem,
1482 3168 1537 3213 et
1564 3158 1787 3229 privile-

190 3253 284 3325 gia
314 3251 681 3308 Ecclesiarum
730 3252 931 3306 illibata
977 3260 1349 3321 permaneant.
1399 3250 1656 3318 Quamvis
1686 3267 1780 3306 au-

192 3353 311 3399 tem
349 3342 416 3398 de
446 3342 707 3412 praeclaro
752 3343 874 3397 fidei
922 3351 1119 3397 vestrm
1172 3356 1370 3412 opere,
1418 3341 1551 3396 nihil
1600 3352 1777 3398 vestra

190 3435 381 3506 pietas
425 3433 680 3489 indicarit
708 3433 864 3498 mihi,
914 3443 1091 3489 tamen
1136 3449 1235 3503 per
1265 3441 1642 3489 veneratorem
1675 3449 1780 3488 una

193 3540 414 3581 mecum
476 3523 829 3593 spiritualiter
882 3531 1120 3579 vestram
1188 3524 1444 3593 pietatem
1509 3510 1607 3593 per
1670 3523 1781 3577 fra-

193 3628 343 3671 tpetn
386 3629 563 3669 meum
611 3613 881 3669 Iulianum
923 3614 1239 3684 episcopum
1269 3614 1572 3669 innotuisse
1618 3613 1783 3685 signi-

193 3706 307 3762 ﬁco
332 3745 348 3770 ,
391 3719 552 3773 quam
593 3704 682 3773 pio
723 3703 930 3775 dignati
957 3703 1170 3760 fueritis
1216 3718 1476 3775 responso
1502 3704 1783 3773 imperito-

195 3810 324 3851 rum
350 3795 735 3850 monachorum
762 3794 975 3849 animos
989 3794 1245 3850 cohibere
1266 3794 1470 3864 pariter
1490 3801 1544 3848 et
1560 3793 1778 3860 docere,

196 3894 264 3941 ut
299 3886 347 3941 si
380 3886 499 3942 illos
543 3901 647 3940 non
677 3885 893 3955 penitus
939 3885 1239 3941 deseruerit
1269 3884 1449 3940 divina
1480 3884 1782 3967 miseratio,

195 3980 445 4035 sentiant
474 3995 532 4036 se
558 3991 613 4036 et
654 3980 907 4036 didicisse
946 3981 1087 4050 quod
1116 3972 1374 4045 credant,
1411 3987 1466 4034 et
1500 3968 1786 4049 agnovisse

196 4072 353 4143 quod
394 4072 636 4128 timeant.
681 4071 817 4139 Quia
842 4087 973 4127 vero
1011 4072 1261 4126 omnibus
1308 4070 1483 4127 modis
1531 4069 1786 4126 obedien-

195 4163 334 4217 dum
361 4172 445 4217 est
485 4163 673 4233 pietati
703 4170 916 4230 vestrae,
948 4160 1473 4231 religiosissimznque
1496 4159 1781 4223 voluntati,

199 4254 690 4309 constitutionibus
714 4253 1062 4326 synodalibus
1086 4267 1207 4322 quae
1235 4252 1365 4307 mihi
1390 4253 1456 4307 de
1496 4250 1787 4306 confirma-

198 4345 356 4399 tione
405 4343 531 4399 tidei
562 4345 872 4409 catholicas,
909 4354 964 4399 et
1008 4344 1389 4399 haereticorum
1444 4343 1787 4397 damnatione

199 4436 551 4508 placuerunt,
582 4436 759 4492 libens
788 4437 958 4507 adieci
999 4436 1324 4492 sententiam
1355 4450 1549 4491 meam.
1584 4435 1713 4501 Qum
1741 4434 1787 4488 si

200 4535 266 4579 nt
288 4526 342 4581 in
380 4526 627 4583 uetitiam
658 4527 901 4581 onmium
934 4527 1275 4581 sacerdotum
1327 4525 1789 4595 ecclesiarumque

196 4617 527 4686 perveniat,
580 4625 775 4671 vestrae
828 4615 1134 4671 clementia:
1188 4616 1481 4686 praeceptio
1536 4616 1790 4670 ordinare

198 4706 542 4775 dignabitur,
570 4704 856 4760 affuturam
888 4706 1053 4760 credo
1094 4714 1150 4760 et
1199 4720 1357 4775 spero
1410 4705 1639 4773 gratiam
1670 4705 1789 4771 Dei,

198 4808 327 4866 quae
357 4804 468 4848 tam
510 4804 754 4850 sanctam
786 4796 917 4849 tanti
965 4795 1228 4866 principis
1271 4810 1460 4849 curam
1489 4794 1789 4865 plenissimi

201 4885 464 4941 desiderii
510 4885 607 4941 sui.
638 4885 873 4941 fructum
921 4886 1085 4941 faciat
1136 4887 1402 4953 obtinere,
1433 4894 1493 4941 ut
1540 4886 1791 4941 omnibus

204 4976 563 5030 dissentiendi
620 4976 1001 5031 oecasionibus
1059 4976 1355 5045 amputatis
1389 5017 1405 5041 ,
1477 4975 1789 5047 apostolicae

205 5066 409 5135 ubique
465 5065 727 5120 doctrinm
781 5075 837 5120 et
877 5082 980 5136 pax
1012 5074 1223 5137 regnet,
1255 5075 1310 5121 et
1359 5066 1581 5120 veritas.
1612 5064 1792 5119 Fratri

210 5166 398 5213 autem
440 5173 560 5213 meo
580 5157 793 5213 Iuliano
820 5156 1071 5228 episcopo
1102 5159 1314 5213 noverit
1344 5167 1523 5212 vestra
1555 5158 1794 5212 clemen-

208 5251 285 5303 tia
327 5250 435 5305 hoc
470 5265 556 5304 me
584 5251 803 5320 proprie
840 5250 1155 5320 delegasse,
1184 5259 1241 5304 ut
1271 5249 1530 5319 quidquid
1576 5249 1683 5303 illic
1724 5249 1791 5301 ad

208 5339 511 5394 custodiam
558 5340 681 5401 fidei
711 5342 983 5409 pertinere
1030 5340 1375 5409 probaverit,
1409 5353 1529 5394 meo
1575 5338 1792 5392 nomine

209 5441 412 5487 vestrm
442 5430 764 5487 fiducialitcr
791 5442 1044 5503 suggerat
1084 5431 1294 5503 pietati,
1326 5431 1580 5501 quoniam
1612 5437 1792 5485 certus

212 5538 334 5580 sum
362 5538 462 5579 vos
504 5524 570 5579 ad
616 5524 729 5579 haec
755 5524 933 5578 omnia
976 5525 1309 5581 emendanda
1338 5524 1419 5578 vel
1460 5522 1790 5578 defendenda

183 5644 187 5647 -
215 5618 326 5673 Deo
371 5617 686 5685 auxiliante,
719 5616 983 5675 sufficere.
1022 5620 1155 5673 Data
1178 5618 1496 5674 duodecimo
1526 5616 1795 5672 Kalendas

214 5707 457 5777 Aprilis,
518 5708 761 5781 Opilioae
818 5710 933 5766 viro
997 5709 1298 5766 clarissimo
1358 5710 1623 5774 consule,
1683 5724 1791 5764 mra

216 5812 456 5865 segem.

1879 1972 2193 2036 dissentire,
2239 1972 2396 2028 talem
2452 1973 2729 2045 prospexit
2774 1972 3148 2028 Alexandrina:
3202 1972 3459 2028 Ecclesia:

1879 2066 2213 2118 sacerdotem
2265 2065 2354 2135 qui
2409 2066 2841 2134 praecedentibus
2903 2064 3205 2120 rectoribus
3242 2072 3297 2119 et
3353 2064 3459 2120 fide

1880 2156 2234 2211 coneordaret
2264 2168 2313 2211 et
2343 2157 2472 2211 vita.
2493 2157 2627 2211 Nam
2657 2172 2779 2213 cum
2810 2156 3059 2227 amplecti
3091 2144 3149 2212 se
3174 2156 3461 2226 epistolam

1880 2261 2053 2300 meam
2105 2262 2263 2316 quam
2309 2246 2376 2302 ad
2423 2249 2595 2304 beata:
2628 2248 2900 2304 memoria:
2928 2247 3238 2301 Flavianum
3269 2256 3461 2305 contra

1883 2338 2145 2394 Eutiehen
2180 2340 2402 2411 impium
2452 2341 2574 2397 misi
2629 2348 2740 2395 toto
2771 2341 2935 2397 corde
2977 2338 3284 2411 proﬁtetur,
3332 2339 3461 2409 quid

1883 2430 2024 2486 aliud
2082 2448 2241 2501 quam
2295 2432 2657 2503 apostolorum
2706 2448 2763 2488 se
2810 2432 3133 2503 discipulum
3181 2431 3457 2495 ostendit,

1881 2525 2133 2594 quoniam
2158 2526 2400 2581 doctrina
2432 2527 2680 2582 veritatis
2713 2528 2767 2581 in
2799 2526 2998 2582 lumine
3027 2542 3126 2582 suo
3154 2536 3456 2597 permanet,

1882 2622 1935 2667 et
1953 2630 2055 2667 non
2085 2622 2260 2686 potest
2287 2630 2404 2670 esse
2425 2616 2695 2671 diversum
2719 2616 2861 2685 quod
2888 2630 3055 2669 unum
3081 2625 3164 2670 est
3186 2624 3347 2684 atque
3373 2615 3459 2670 di-

1883 2704 2087 2758 vinum.
2122 2705 2392 2775 Rescripsi
2425 2705 2607 2776 itaque
2640 2704 2899 2776 praedicto
2924 2703 3077 2759 fratri
3104 2704 3247 2775 quod
3278 2704 3458 2767 debui,

1884 2806 2046 2865 atque
2071 2796 2122 2849 in
2151 2805 2338 2851 Sancto
2360 2796 2537 2851 studio
2571 2806 2626 2851 ut
2654 2779 3028 2867 perseveraret
3053 2795 3329 2852 admonui.
3354 2796 3455 2863 Qv"

1886 2888 2005 2942 sine
2054 2889 2217 2943 dubio
2264 2889 2598 2942 constantior
2661 2890 2804 2957 erit,
2858 2893 2904 2948 si
2941 2893 3102 2947 etiam
3163 2889 3481 2947 clementia.

1888 2988 2081 3032 vestrae.
2137 2977 2604 3033 cohortationibus
2649 2980 2971 3050 adjuvetur,
3024 2994 3125 3035 nec
3180 2979 3234 3033 iu
3283 2978 3471 3048 aliquo

1888 3085 2009 3124 eum
2069 3079 2271 3126 terreat
2308 3071 2661 3139 quorumdam
2698 3072 2945 3142 imperita
3003 3071 3270 3126 dissensio
3324 3084 3461 3140 quos

1892 3159 2610 3232 paucorumAbtercticorum
2662 3160 3096 3232 instigationibus
3158 3159 3473 3230 ignorantia

1888 3226 2013 3302 facit
2063 3226 2349 3303 obntﬂios.
2397 3248 2550 3315 Quod
2600 3266 2695 3304 sua
2752 3226 2881 3320 ergo
2924 3226 3202 3321 diligentia
3247 3250 3464 3319 assequi

1884 3346 2158 3408 nequeunt
2206 3346 2509 3407 opportune
2551 3353 2738 3395 eormn
2777 3339 3079 3394 insinuetur
3121 3339 3346 3402 auditui,
3404 3348 3465 3394 et-

1884 3444 1951 3482 ne
1999 3435 2327 3482 memoratus
2382 3442 2519 3482 nova
2586 3427 2805 3494 inferre,
2851 3440 2905 3486 et
2954 3430 3169 3501 propria
3219 3430 3464 3485 videatur

1884 3528 2148 3584 astruere,
2178 3518 2564 3573 venerabilium
2595 3518 2816 3573 Patrum
2855 3519 2944 3589 qui
2985 3520 3159 3574 eidem
3204 3519 3458 3575 Ecclesia:

1884 3612 2234 3685 priefuerunt,
2257 3612 2456 3682 scripta
2487 3614 2811 3683 relegantur,
2843 3624 2899 3668 cl
2920 3613 3046 3683 quid
3074 3614 3263 3668 beatus
3285 3612 3453 3666 Atha-

1886 3704 2088 3768 nasius,
2128 3702 2255 3772 quid
2280 3702 2641 3775 Theopltylus,
2669 3703 2797 3773 quid
2830 3703 3085 3775 Cyrillus,
3125 3702 3253 3772 quid
3293 3702 3457 3756 etiam

1885 3795 2174 3849 orientales
2232 3793 2476 3864 magistri
2518 3795 2584 3847 de
2630 3793 3004 3848 incarnatione
3066 3792 3276 3849 Domini
3336 3806 3463 3846 sen-

1888 3889 2041 3949 tiant,
2083 3898 2488 3957 recognoscant.
2521 3884 2631 3941 Nec
2654 3876 3099 3965 repullulantibus
3125 3872 3464 3954 decipiantur

1885 3981 2185 4047 erroribus,
2213 3981 2304 4050 qui
2333 3981 2462 4035 olim
2497 3981 2793 4052 evangelici
2817 3966 3084 4036 sermonis
3109 3989 3234 4034 sunt
3265 3980 3466 4033 virtute

1886 4073 2165 4146 prostrati.
2184 4072 2447 4140 Quoniam
2477 4086 2666 4127 omnes
2692 4071 2805 4126 fere
2831 4074 3064 4127 limrcses
3093 4086 3217 4140 qua:
3239 4070 3470 4125 diversis
3499 4116 3508 4123 .

1891 4166 2219 4237 temporibus
2245 4163 2590 4228 exstiterunt,
2615 4164 2740 4218 dum
2767 4171 3166 4221 sacramentum
3197 4176 3481 4232 corporeae.

1889 4256 2187 4310 nativitatis
2229 4262 2285 4309 et
2330 4254 2598 4325 passionis
2651 4270 2715 4307 ac
2760 4253 3178 4311 resurrectionis
3225 4252 3425 4307 Christi
3452 4292 3507 4315 ,_

1889 4363 1995 4402 non
2040 4345 2345 4417 intelligunt
2385 4345 2452 4399 ab
2485 4345 2772 4415 Evanger
2807 4345 3042 4400 deviare.
3075 4346 3141 4398 Et
3172 4358 3473 4415 possumus

1894 4439 2074 4493 minus
2108 4436 2354 4491 laborare
2385 4436 2436 4489 iu
2484 4435 2756 4491 lnercticis
2807 4434 3169 4505 repellendis,
3213 4435 3257 4488 si
3311 4435 3471 4493 rudes

1895 4529 2105 4585 animos
2163 4529 2275 4598 ipsa
2329 4544 2435 4611 non
2485 4527 2768 4582 turbarent
2825 4528 3140 4593 mendacia,
3176 4542 3296 4597 qua:
3345 4540 3471 4596 perv

1893 4625 2023 4677 emit
2075 4623 2393 4693 antiquitas.
2450 4618 2555 4675 Sed
2613 4636 2778 4685 nunc,
2834 4628 2892 4673 ut
2926 4620 3058 4685 dixi,
3115 4619 3201 4673 hic
3241 4620 3469 4673 docendi

1893 4714 2131 4785 Optimus
2172 4713 2363 4767 modus
2402 4722 2506 4777 est,
2536 4720 2596 4765 ut
2630 4721 2981 4781 paternorum
3035 4726 3291 4767 sensuum
3331 4709 3472 4765 linea

1892 4804 2273 4860 Alexandriam
2298 4803 2467 4874 plebis
2493 4811 2547 4858 et
2577 4802 2707 4859 cieri
2738 4802 2961 4857 auribus
2991 4802 3315 4867 innotescat,
3339 4816 3402 4856 ac
3427 4802 3473 4855 si

1893 4894 1981 4963 qui
2025 4902 2151 4947 sunt
2180 4893 2271 4963 qui
2304 4900 2491 4949 nostra
2519 4893 2723 4968 scripta
2760 4890 3079 4962 deSpiciant,
3123 4889 3229 4945 illis
3282 4890 3474 4945 saltem

1842 5008 1843 5011 η
1892 4986 1981 5055 qui
2030 4985 2310 5040 nobiseum
2354 4984 2662 5054 apostolicis
2713 4983 2964 5039 sensibus
3019 4992 3342 5052 congruunt,
3377 4998 3473 5038 ac-

1896 5077 2196 5147 quiescant.
2228 5076 2285 5130 ln
2318 5092 2425 5146 quo
2460 5091 2621 5146 opere
2653 5072 2878 5129 multum
2932 5073 3335 5130 consacerdetis
3366 5073 3473 5127 mei

1895 5167 2179 5220 devotione
2219 5152 2486 5235 gaudebo,
2533 5175 2588 5219 et
2640 5180 2852 5234 semper
2902 5164 3077 5233 ipsius
3119 5164 3474 5224 unanimitate

1895 5257 2137 5320 laetabor,
2171 5256 2294 5326 quia
2337 5255 2574 5309 fraterna
2618 5270 2719 5325 pax
2763 5254 2977 5308 nonnisi
3023 5269 3126 5308 una
3171 5252 3292 5308 fidei
3348 5267 3475 5308 con—

1896 5346 2130 5401 fessione
2160 5355 2424 5399 servatur.
2467 5343 2602 5417 Quia
2632 5359 2759 5398 vero
2791 5345 3147 5413 quorumdam
3195 5344 3476 5399 ba'rctieoo

1900 5450 2018 5490 rum
2069 5442 2286 5489 versuta
2343 5433 2583 5501 nequitia
2636 5433 2702 5485 ad
2763 5434 3190 5489 conturbandam
3246 5434 3473 5487 aliormn

1901 5525 2296 5595 simplicitatem
2329 5523 2607 5592 epistolam
2647 5539 2818 5578 meam
2849 5541 3012 5596 quam
3044 5526 3109 5580 ad
3152 5527 3323 5582 beatm
3362 5541 3475 5579 mc-

1901 5615 2087 5670 morize
2122 5614 2436 5668 Flavianum
2468 5612 2590 5667 dedi
2622 5612 2844 5669 falsasse
2882 5616 3212 5686 perhibetur,
3240 5624 3298 5669 ut
3328 5630 3475 5669 com-

1905 5704 2122 5759 mutatis
2141 5701 2459 5771 quibusdam
2479 5702 2655 5758 verbis
2673 5704 2755 5759 vel
2778 5704 3011 5775 syllabis,
3032 5712 3363 5774 rcceptorcm
3390 5721 3473 5758 me

1906 5794 2207 5852 Nestoriani
2256 5795 2457 5851 erroris
2511 5810 2828 5863 assererem,
2861 5798 3084 5853 obsecro
3112 5796 3469 5853 venerabilem
