3968 6468
541 321 600 384 8»:
617 322 646 393 ι

1337 328 1626 383 APPEND.
1660 330 1749 382 AD
1774 328 1945 383 SA‘ZC.
1997 327 2085 383 IX.
2118 358 2184 367 -—
2220 328 2477 386 ιδιῡυιιιι
2506 330 2948 399 MERCATORIS

3675 342 3761 396 ιιι

538 436 889 504 clementiam
941 451 1215 505 vestram,
1271 452 1330 496 ut
1378 444 1622 503 eamdem
1682 443 1960 514 epistolam
2014 458 2109 513 per
2137 445 2188 503 Α
2215 441 2315 497 bus
2367 442 2750 499 Alexandriam
2794 446 3084 501 mitteretis
3125 447 3192 512 de
3216 463 3416 504 errore
3444 456 3758 521 removendo,

541 528 761 584 fratrem
816 545 993 597 meum
1030 531 1297 589 lulianum
1349 535 1690 608 episcopum,
1732 534 1943 591 veleos
1976 549 2112 605 quos

544 618 768 686 idoneos
807 618 873 675 :id
911 638 1045 692 opus
1093 624 1266 693 pietas
1313 635 1490 681 vestra
1540 626 1826 700 delegerit,
1880 627 1933 683 in
1969 627 2115 683 Cra:-

545 726 669 765 eum
696 727 999 772 sermonem
1027 713 1272 784 jubeatis'
1290 717 1495 788 integre
1521 718 1915 790 diligenterque
1938 728 2115 774 trans-

546 800 709 856 latam
761 818 859 874 per
912 805 1157 865 idoneum
1211 806 1439 877 latorem
1484 809 1585 871 sub
1634 811 1797 866 vestri
1855 811 2131 885 signaculi

545 893 900 961 impressione
943 894 1174 963 deferri,
1226 899 1539 953 tradendam
1582 899 1855 970 judicibus
1886 902 2116 971 Alexan-t

544 982 717 1047 drinis
745 986 833 1053 qui
864 1001 984 1045 eam
1033 987 1215 1051 clero,
1252 998 1307 1043 et
1334 989 1473 1059 plebi
1511 989 1680 1061 ipsius
1699 992 1960 1056 civitatis,
1990 982 2114 1051 cum

542 1075 920 1144 praedictorum
965 1079 1339 1152 episcoporum
1384 1080 1892 1150 praedicationibus,
1942 1084 2031 1153 qui
2063 1092 2116 1139 et

543 1182 668 1239 meo
713 1169 916 1238 scripto
944 1173 1290 1226 consentiunt
1337 1171 1545 1228 faciant
1596 1174 1836 1235 recitari,
1866 1183 1925 1229 ut
1954 1190 2118 1246 agno-

542 1269 699 1312 scant
741 1274 801 1313 se
849 1260 1120 1321 fallaciutn
1175 1262 1453 1317 hominum
1507 1263 1695 1323 fraude
1740 1263 1965 1319 ulterius
2011 1281 2116 1320 non

543 1347 752 1412 deberi,
779 1358 835 1404 et
862 1352 1156 1424 probentur
1203 1352 1511 1427 apostolicae
1546 1353 1705 1415 Sedis
1751 1353 1947 1409 sinceri
2000 1369 2120 1417 esse

544 1435 815 1507 discipuli,
862 1440 1003 1510 apud
1024 1456 1184 1511 quam
1230 1458 1328 1498 uec
1376 1443 1649 1508 Eutiehes,
1700 1458 1800 1499 nec
1838 1443 2120 1502 Nestorius

544 1525 636 1582 ulli
685 1530 932 1586 obtinent
970 1532 1168 1598 locum,
1201 1535 1328 1604 quia
1361 1536 1502 1589 sicut
1527 1536 1671 1593 alios,
1712 1537 1994 1593 luereticos
2044 1538 2133 1610 ita.

543 1627 602 1672 et
632 1619 1029 1684 istosEcclesia
1059 1626 1392 1694 universalis,
1418 1626 1715 1681 damnavit.
1753 1627 1886 1681 Data
1920 1644 1972 1682 vt
1998 1628 2120 1682 ldus

541 1707 741 1777 Hartii,
776 1712 898 1769 Etio
925 1724 980 1779 et
1036 1716 1239 1775 Studia.
1263 1720 1403 1783 viris.
1433 1719 1766 1784 clarissimis.
1799 1736 1948 1786 cons.
2010 1737 2118 1776 mra

541 1814 670 1870 cccc
698 1807 1045 1875 nonagesimo
1083 1811 1341 1865 secunda.

861 1900 1295 1975 ξωΧΧΧΉΙ.
1320 1935 1390 1944 -
1415 1906 1497 1959 Ad
1523 1906 1778 1960 eumdem.

612 1987 738 2049 Leo.
758 1989 1040 2061 episcopus
1067 1992 1354 2072 ΜΑιιτιΑιιο
1378 1996 1640 2070 Angusto.

613 2078 766 2147 Quod
799 2082 1094 2152 smpissime
1123 2101 1219 2156 per
1248 2087 1413 2141 ntulta
1452 2087 1562 2156 jam
1587 2088 1958 2160 experimenta
1990 2105 2117 2145 sau-

543 2178 691 2235 etum
722 2171 940 2241 pietatis
964 2184 1159 2230 vestra:
1189 2178 1423 2240 studium
1453 2178 1611 2241 circa
1632 2179 1944 2248 religionem
1971 2178 2121 2245 Clui-

540 2266 775 2321 Stianam
804 2267 1056 2337 gloriosis
1078 2280 1471 2347 perseveraret
1499 2272 1697 2328 crescit
1720 2273 2041 2344 augmentis,
2066 2281 2121 2327 et

542 2358 662 2416 haec
699 2358 1403 2425 ﬁdesveStrzeclemeutiaz.
1431 2380 1537 2420 non
1586 2365 1760 2435 solum
1807 2381 1912 2431 me,
1943 2365 2034 2419 sed
2066 2375 2125 2423 et

542 2463 733 2505 omnes
752 2449 961 2515 Domini
985 2455 1292 2527 sacerdotes
1312 2456 1624 2513 consolatur
1647 2467 1701 2511 et
1725 2456 1959 2519 roborat,
1991 2456 2117 2510 dum

547 2542 603 2611 in
632 2541 1101 2603 Christianissimo
1132 2547 1374 2618 principe
1391 2548 2121 2619 sacerdotalem.experimur

544 2633 824 2690 aﬁ‘ectum.
878 2635 1050 2705 Quem
1081 2637 1124 2692 si
1163 2638 1506 2697 orientalium
1542 2639 1775 2708 partium
1807 2639 2121 2702 sacerdotes

543 2727 795 2783 studeant
842 2729 1067 2790 imitari,
1121 2730 1252 2803 nihil
1305 2730 1721 2801 scandalorumj
1780 2746 1957 2800 neque,
1993 2748 2117 2802 pax,

542 2831 722 2887 neque
748 2817 880 2872 ﬁdes
905 2817 1210 2889 Christiana
1237 2820 1491 2891 patietur.
1522 2819 1670 2876 Unde
1700 2837 1823 2877 cum
1847 2822 2121 2878 Constan-

543 2907 1234 2981 tinopolitauusepiscopus
1257 2912 1322 2966 ad
1344 2927 1557 2967 omnem
1580 2913 2119 2983 pietatisprofectum

543 2999 797 3077 praesenti
821 2998 1120 3070 clementiae
1143 3003 1609 3073 vestrmdoceatur
1626 3003 1896 3075 exemplo,
1921 3004 1963 3058 si
1993 3003 2122 3059 fide-

543 3090 671 3149 liter
695 3094 893 3148 vestris
937 3095 1248 3164 acquiescat
1280 3096 1603 3160 hortatibus,
1628 3096 1792 3157 habet
1816 3096 1868 3151 in
1899 3113 1983 3151 me
2006 3099 2119 3161 sin-

542 3198 683 3245 cera:
706 3184 897 3254 gratiae
938 3185 1197 3257 animum,
1228 3196 1406 3245 tamen
1440 3188 1663 3258 utquod
1688 3188 1870 3248 νει-58
1896 3188 2124 3258 spondet

524 3266 709 3335 corde
747 3277 1014 3347 perﬁciat.
1060 3276 1118 3337 Si
1154 3294 1284 3335 vero
1308 3280 1560 3350 qnasbeo
1601 3289 1657 3336 et
1696 3280 1885 3350 pietati
1925 3289 2123 3335 vestra:

547 3367 837 3437 displicent
865 3368 1129 3438 pertinaci
1168 3369 1464 3425 intentione
1491 3369 1753 3442 delegerit
1784 3371 1930 3425 salva
1971 3384 2123 3445 man-

547 3459 847 3523 suetudinis
860 3461 1367 3535 vestraereverentia
1386 3469 1510 3519 utar
1524 3477 1647 3515 cum
1664 3460 1934 3525 omnibus,
1950 3469 2006 3515 et
2026 3474 2124 3531 pro

551 3547 802 3609 omnibus
825 3549 978 3603 vobis
1002 3564 1217 3619 tutoque
1231 3550 1598 3604 adnitentibus
1619 3550 1904 3604 adversum
1936 3564 2125 3619 super-

553 3639 788 3695 bientem
840 3639 1095 3705 liberiore
1134 3641 1435 3697 constantia
1462 3656 1643 3710 quem,
1675 3641 1819 3711 quod
1854 3655 1995 3711 smpe
2039 3639 2122 3694 di-

548 3737 777 3803 cendum
826 3742 927 3799 est,
973 3734 1187 3802 mallem
1228 3750 1329 3804 pro
1377 3733 1580 3789 sanctis
1621 3734 1832 3788 actibus
1883 3730 2124 3805 fraterna

547 3826 817 3880 charitate
862 3825 1177 3894 complecti,
1212 3823 1609 3897 gloriosissime
1643 3823 1956 3894 imperator.
1989 3820 2149 3897 Quia.

547 3932 677 3971 vero
707 3918 1082 3988 suggestiones
1113 3932 1262 3972 meas
1291 3932 1388 3987 pro
1427 3913 1815 3984 tranquillitate
1845 3912 2126 3968 catholica:

551 4009 674 4063 ﬁdei
699 4008 932 4064 libenter
952 4008 1268 4078 accepistis,
1304 4006 1668 4078 signiﬁcatum
1704 4005 1831 4059 mihi
1862 4002 2049 4059 fratris
2072 4012 2129 4059 et

548 4098 851 4169 coepiscopi
885 4099 989 4153 mei
1019 4097 1221 4171 Juliani
1264 4105 1575 4153 sermonem
1606 4097 1938 4168 cognoscite,
1971 4096 2119 4150 Eutio

547 4192 688 4246 chen
718 4190 940 4261 impium
971 4206 1069 4262 pro
1094 4190 1207 4245 suis
1244 4189 1460 4260 quidem
1499 4180 1711 4244 meritis
1736 4188 2007 4261 exsulare,
2031 4188 2124 4251 sed

548 4286 603 4359 in
634 4284 751 4355 ipso
789 4298 901 4338 sua;
953 4283 1319 4343 damnationis
1364 4282 1483 4351 loco
1511 4280 1677 4349 multa
1701 4283 1960 4336 adversus
1985 4280 2125 4335 inte-

546 4381 802 4453 gritatem
830 4377 1158 4445 catholicam
1182 4375 1639 4447 blasphemiarum
1666 4374 2008 4444 desperatius
2036 4387 2129 4428 vc-

549 4484 686 4525 nena
726 4467 1087 4539 profundere,
1102 4476 1157 4523 et
1185 4467 1329 4538 quod
1365 4467 1418 4529 in
1437 4466 1535 4537 illo
1560 4466 1971 4539 totusimundus
2000 4464 2126 4531 hor-

548 4564 678 4629 ruit,
701 4572 864 4632 atque
887 4560 1506 4631 damnavitimpudentia
1533 4559 1759 4630 majore,
1791 4568 1846 4612 ut
1869 4558 2125 4629 innocen-

547 4668 629 4711 tes
658 4656 906 4725 decipere
931 4654 1431 4725 possit,‘evoutere..
1447 4650 1671 4706 Plenum
1694 4652 1874 4719 itaque
1897 4650 2125 4706 rationis

546 4748 777 4812 aestimo,
836 4755 888 4800 ut
950 4733 1128 4813 vestra
1169 4744 1456 4813 clementia
1485 4742 1548 4797 ad
1585 4743 1956 4814 longinquiora
1999 4757 2123 4797 eum

543 4841 752 4910 iubeat,
772 4847 826 4894 et
849 4823 1141 4904 secretiora
1175 4835 1474 4891 transferri.
1505 4834 1831 4902 Monasterio
1852 4850 1981 4889 vero
2011 4835 2128 4904 ejus

547 4920 1015 4999 Constantinopoli
1045 4928 1340 4991 constituto
1364 4927 1415 4981 in
1440 4942 1547 4997 quo
1579 4925 1916 4982 habitatores
1958 4926 2127 4996 ipsius

550 5023 798 5076 iuuuachi
829 5020 1140 5089 evangeliea
1165 5019 1566 5088 apostolicaquc
1614 5018 1856 5071 doctrina
1881 5017 2124 5078 crebrius

549 5122 694 5179 sunt,
723 5123 777 5167 et
807 5114 1015 5183 plenius
1061 5112 1345 5175 roboranzli
1368 5154 1381 5177 ,
1415 5112 1725 5175 salubriter,
1762 5121 1817 5165 ut
1868 5112 2122 5176 arbitror,

549 5207 665 5272 ﬁet,
697 5205 742 5260 si
788 5206 833 5260 is
882 5205 972 5275 qui
1005 5205 1105 5275 ipsi
1133 5204 1463 5260 monasterio
1486 5204 1806 5274 prtepositus
1834 5219 1955 5258 esse
1989 5204 2123 5258 dici-

552 5312 659 5364 tur,
690 5314 719 5355 a
761 5299 1021 5355 societate
1046 5298 1386 5354 veneratoris
1426 5298 1590 5352 vestri
1645 5296 1841 5352 Juliani
1885 5296 2123 5366 episcopi

550 5407 709 5462 quem
742 5390 794 5445 in
836 5389 1067 5460 speculis
1098 5399 1318 5459 prepter
1338 5388 1497 5443 ﬁdem
1530 5388 1637 5443 illic
1685 5403 1805 5443 esse
1846 5388 2123 5452 constitui,

550 5498 657 5537 non
686 5481 920 5545 recedat,
950 5480 1103 5550 cujus
1135 5479 1349 5534 assidua
1380 5478 1685 5534 visitatioue
1708 5479 1980 5548 profectus
2005 5492 2125 5533 ser-

551 5589 739 5629 vorum
774 5573 865 5629 Dei
911 5572 1020 5627 illic
1050 5571 1408 5626 habitantium
1445 5572 1614 5641 possit
1654 5571 1861 5640 augeri.
1907 5570 2127 5626 Petilio-

554 5680 674 5719 uem
707 5672 886 5719 autem
919 5664 985 5717 de
1010 5661 1570 5719 festivitatcPaschali
1599 5663 1839 5733 gaudeo,
1872 5662 1945 5716 ita
1971 5676 1998 5715 a
2031 5677 2123 5727 ve-

553 5765 663 5826 stra
692 5756 890 5830 pietate
918 5746 1222 5827 susceptam
1244 5762 1342 5829 ,ut
1376 5754 1659 5809 confestim
1689 5766 1933 5837 agentem
1966 5754 2018 5808 in
2047 5769 2127 5821 ree

2214 549 2373 603 quem
2405 543 2607 590 sancta:
2644 537 2916 591 memoriae
2940 538 3215 607 Theophili
3239 540 3761 603 constitutiovidetur

2216 621 2434 685 inferre,
2465 625 2530 680 de
2560 639 2663 694 qua
2694 641 2749 681 re
2774 626 2913 681 sicut
2942 628 3181 683 scribere
3208 630 3517 700 dignamini
3540 633 3769 705 quidquid

2215 713 2281 767 ad
2329 713 2544 784 pietatis
2583 724 2777 770 vestrae
2816 718 3061 772 notitiam
3096 720 3369 789 perlatum
3401 721 3581 787 fuerit,
3601 724 3766 794 jubere

2215 819 2302 859 me
2333 819 2511 870 nosse,
2532 807 2687 880 ut‘de
2708 808 3049 871 observantia
3082 825 3242 880 quam
3276 826 3393 866 non
3429 812 3679 870 licetesse
3701 819 3766 872 di-

2214 909 2450 959 versam,
2481 896 2609 967 quid
2632 898 2971 967 potissimum
2994 900 3067 957 sit
3089 904 3388 959 tenendum
3418 903 3648 962 Ecclesia
3667 910 3765 965 uni—

2215 988 2440 1057 versalis
2462 1001 2735 1059 agnoscat.
2753 991 2951 1049 Precor
2963 1003 3141 1051 autem
3161 998 3309 1066 quod
3340 1008 3542 1055 vestrae
3555 1004 3664 1057 novi
3680 1005 3767 1060 cle-

2218 1078 2432 1134 mentiae
2469 1082 2776 1148 convenire,
2814 1090 2874 1138 ut
2925 1099 3019 1140 eos
3078 1088 3320 1144 maxime
3355 1091 3612 1146 tueamini
3662 1110 3765 1149 con-

2189 1246 2192 1250 .
2217 1177 2298 1224 tra
2325 1184 2511 1224 omnes
2535 1170 2754 1228 insidias
2782 1188 2915 1243 quos
2941 1176 3070 1230 mihi
3093 1187 3379 1251 et,_vestrae
3400 1184 3765 1239 mansuetudini

2218 1271 2439 1332 propter
2459 1278 2696 1319 amorem
2726 1264 2821 1321 Dei
2844 1267 3060 1335 placere
3080 1270 3438 1339 mgnoseiﬁs,
3470 1280 3530 1326 ut
3546 1287 3634 1341 eos
3654 1273 3766 1330 Cou-

2219 1355 2723 1425 stautiuopolitanus
2752 1358 3035 1428 episcopus
3064 1360 3288 1417 laedendi
3331 1378 3446 1417 non
3483 1365 3668 1420 habeat
3692 1366 3759 1420 fa-

2217 1445 2493 1507 cultatem.
2527 1446 2658 1509 Data
2705 1464 2817 1505 xvu
2848 1448 3071 1505 Kalend.
3121 1452 3277 1516 Maii,
3329 1454 3481 1527 Etio,
3506 1464 3562 1515 et
3587 1454 3761 1529 Studia,

2218 1537 2350 1593 viris
2375 1537 2690 1595 clarissimis
2718 1542 3049 1609 consulibus,
3076 1560 3184 1600 tera
3210 1561 3319 1616 qua
3345 1562 3539 1616 supra.

2305 1628 2565 1692 XXX”.
2592 1662 2665 1673 —
2693 1633 3077 1690 Aci-lulianum
3092 1638 3401 1707 epist-apum
3431 1638 3687 1696 Coeum.

2288 1717 2398 1781 Leo
2419 1717 2648 1776 Juumo
2674 1722 2927 1793 episcopo
2954 1724 3150 1780 Coensi
3175 1727 3242 1781 de
3263 1728 3395 1793 Etio
3423 1737 3481 1784 et
3502 1730 3713 1786 Andm.

2156 1808 2197 1866 ll
2295 1808 2501 1875 Agnovi
2540 1811 2590 1865 in
2626 1810 2930 1877 dilectionis
2957 1825 3060 1869 tua:
3084 1815 3280 1879 litteris
3318 1817 3579 1876 fraterna:
3617 1821 3769 1885 οιιπὶ-⁸

2221 1901 2349 1957 tatis
2393 1900 2640 1963 allectum
2671 1906 2812 1974 quod
2842 1905 3119 1963 demultis
3151 1910 3312 1966 malis
3355 1927 3482 1982 quze
3531 1913 3685 1968 multa
3717 1926 3763 1969 et

2219 1991 2359 2047 szeva
2404 1994 2747 2064 pertulimus,
2778 1997 2867 2066 pio
2900 1999 3179 2056 nobiseum
3207 2001 3406 2058 dolore
3433 2003 3763 2073 compatieris.

2219 2078 2325 2140 Sed
2359 2082 2471 2138 llaec
2499 2098 2621 2153 quae
2645 2086 2848 2159 perpeti
2877 2101 2974 2149 nos
3006 2086 3265 2145 Dominus
3296 2099 3392 2146 aut
3415 2093 3671 2161 permisit,
3694 2102 3765 2163 aut

2219 2174 2390 2229 voluit
2434 2176 2502 2230 ad
2551 2178 2945 2235 correctionem
2983 2181 3273 2251 proﬁciant
3316 2182 3629 2248 multorum,
3654 2192 3765 2238 etut

2219 2264 2468 2326 desinant
2545 2266 2936 2334 adversitates,
2992 2269 3252 2326 ﬁniantur
3320 2270 3565 2328 oﬂ’ensaz.
3638 2272 3762 2340 Quod

2218 2356 2589 2427 utrumquede
2607 2372 2797 2429 magna
2821 2359 2924 2415 erit
2940 2360 3311 2418 misericordia
3329 2362 3449 2429 Dei,
3465 2364 3511 2420 si
3536 2363 3773 2434 etllagella.

2221 2457 2518 2515 removeat,
2553 2458 2608 2505 et
2634 2451 2701 2506 ad
2734 2464 2794 2507 se
2819 2466 3041 2507 suorum
3095 2454 3259 2513 corda
3314 2465 3615 2512 convertat.
3641 2455 3761 2510 Sicut

2220 2548 2398 2594 autem
2428 2540 2819 2600 fraternitatem
2847 2558 2911 2598 ea
2934 2558 3055 2614 quae
3073 2546 3211 2614 apud
3238 2562 3345 2603 nos
3364 2546 3752 2612 fuit,contrista-

2220 2633 2298 2688 vit
2324 2632 2618 2698 hostilitas,
2647 2634 2719 2690 ita
2752 2650 2838 2691 me
2869 2636 3091 2697 anxium
3118 2637 3251 2694 facit
3279 2642 3429 2710 quod
3459 2642 3509 2697 in
3532 2641 3755 2696 Constan-

2222 2723 2572 2794 tin0politana
2605 2724 2868 2793 Ecclesia,
2894 2737 3155 2797 quantum
3185 2741 3296 2786 tuae
3322 2732 3755 2791 indicantlittera,

2224 2815 2598 2919 haereticorum
2622 2817 2829 2919 insidiae
2855 2834 2960 2874 non
2981 2821 3290 2897 quiescunt,
3317 2834 3376 2881 et
3395 2825 3623 2895 qumsitis
3635 2838 3757 2877 occa-

2221 2906 2466 2962 sionibus
2516 2906 2577 2961 hi
2631 2908 2721 2977 qui
2774 2910 3057 2971 catholica:
3110 2912 3232 2969 ﬁdei
3280 2915 3595 2971 defensores
3640 2913 3771 2969 fuere.

2222 3004 2505 3050 vexantur.
2535 2995 2668 3063 Nam
2699 2999 2825 3068 dum
2858 2999 3013 3058 Etius
3034 3004 3102 3057 ab
3121 3003 3301 3060 ofﬁcio
3328 3006 3764 3065 archidiaconatus.

2222 3100 2319 3167 per
2363 3087 2594 3157 speciem
2657 3092 3023 3159 provectionis
3072 3105 3390 3160 amovetur,
3425 3106 3483 3151 et
3527 3096 3577 3150 in
3611 3094 3747 3149 locum

2152 3166 2195 3227 C
2227 3166 2344 3249 ejus
2369 3179 2612 3245 Andreas
2636 3182 2727 3251 qui
2768 3182 2837 3238 ob
2875 3183 3254 3249 hatreticorum
3280 3187 3593 3245 societatem
3620 3185 3752 3238 fuerat

2225 3267 2465 3338 abiectus
2507 3271 2824 3338 assumitur,
2865 3273 2989 3328 dum
3019 3275 3191 3331 beatae
3239 3277 3520 3333 memoria:
3557 3271 3757 3340 Ιιῖιιιγὶιιιιὶ⁷

2225 3363 2630 3419 accusatoribus
2658 3364 2833 3420 honor
2864 3366 3126 3433 redditur,
3153 3376 3209 3422 et
3223 3368 3458 3438 piissimi
3482 3363 3753 3423 confessoris

2222 3454 2539 3525 participes,
2589 3464 2683 3509 aut
2728 3455 2976 3526 discipuli
3019 3456 3590 3525 conteruntur,nimis
3610 3459 3750 3523 aperte

2224 3544 2314 3614 qui
2339 3543 2554 3600 Christo
2573 3545 2828 3602 Ecclesia:
2853 3548 3023 3618 ipsius
3047 3548 3277 3618 placeat,
3307 3540 3751 3606 demonstraturJn

2226 3655 2388 3711 quem
2419 3655 2517 3710 pro
2545 3655 2722 3695 causa:
2747 3643 2941 3697 merito
2967 3641 3157 3697 diﬁ‘ero
3193 3641 3547 3700 commoveri.
3575 3639 3632 3693 Et
3653 3633 3747 3704 quid

2227 3724 2340 3802 ipse
2363 3745 2570 3797 mecum
2599 3730 2990 3807 suisepistolis
3007 3740 3154 3805 agat,
3181 3748 3320 3803 quas
3367 3733 3638 3791 miSSut'um
3657 3737 3763 3782 eum.

2228 3825 2370 3897 ﬁlius
2410 3833 2597 3881 noster
2626 3824 2777 3880 Etius
2802 3808 3088 3891 indicavit,
3135 3836 3419 3899 exspecto,
3456 3820 3747 3881 danslocum

2226 3917 2546 3973 voluntariae
2572 3918 2972 3983 emendationi,
3012 3933 3117 3988 qua
3149 3919 3394 3975 dolorem
3426 3929 3593 3972 meum
3627 3908 3750 3978 ουνῘο

2228 4010 2484 4082 mitigari.
2526 4009 2961 4081 Clementissimo
3000 4019 3178 4065 tamen
3210 4010 3444 4081 principi
3471 4017 3521 4063 et
3543 4002 3747 4077 piissimtc

2228 4103 2483 4176 Augustae
2511 4102 2576 4157 de
2619 4102 2706 4157 his
2751 4117 2871 4171 quae
2915 4101 2985 4158 ad
3019 4102 3322 4157 custodiam
3364 4098 3510 4170 pacis
3542 4087 3747 4150 ecclesia-

2229 4196 2379 4269 stica:
2391 4194 2686 4263 pertinent,
2713 4192 2926 4264 scripsi,
2943 4206 3080 4262 quos
3097 4192 3385 4248 devotione
3409 4204 3515 4245 sua:
3534 4182 3638 4239 fidei
3654 4190 3744 4275 prti-

2229 4284 2455 4345 visuros
2483 4298 2606 4349 esse
2652 4297 2757 4349 non
2797 4283 3015 4347 dubito,
3048 4296 3117 4336 ne
3145 4291 3339 4337 contra
3375 4278 3588 4351 gloriam
3608 4276 3745 4337 operis

2228 4378 2464 4448 ipsorum
2497 4377 2749 4431 damnata
2801 4371 3023 4442 haeresis
3063 4381 3230 4443 queat
3268 4369 3542 4443 pullulare.
3570 4357 3743 4415 Studeat

2229 4487 2359 4544 ergo
2394 4470 2613 4527 dilectio
2650 4479 2761 4536 tua,
2792 4469 2962 4525 frater
2990 4453 3339 4531 charissime,
3365 4465 3502 4536 piam
3529 4465 3578 4512 et
3601 4461 3742 4509 ncces-

2230 4564 2426 4629 sariam
2453 4576 2639 4619 curam
2669 4558 3016 4616 sollicitudini
3064 4556 3374 4627 apostolica:
3413 4550 3557 4609 Sedis
3580 4546 3740 4610 impen-

2227 4652 2389 4717 dere,
2420 4666 2539 4722 qua:
2570 4649 2665 4705 tibi
2711 4647 2850 4720 apud
2898 4663 2958 4703 se
3008 4646 3216 4702 nutrito
3259 4642 3565 4700 catholicam
3593 4634 3747 4686 conlrt

2229 4743 2579 4809 Nestorianos
2606 4751 2661 4798 et
2689 4741 3040 4802 Eutichiauos
3065 4738 3352 4795 haereticos
3376 4734 3618 4795 actio"mn
3654 4730 3738 4772 ¹¹¹³’

2230 4845 2384 4892 terno
2404 4835 2527 4905 jure
2549 4833 2910 4895 commendat.
2939 4841 2998 4886 ut
3025 4831 3207 4886 divino
3235 4829 3400 4883 fultus
3429 4818 3626 4879 auxilio,
3648 4820 3734 4905 sper

2228 4901 2489 4990 culari'de
2523 4924 3132 4995 ConstantinOpolitanae
3156 4921 3305 4975 urbis
3324 4908 3679 4995 Opportunitale
3694 4901 3739 4948 ω·

2229 4998 2334 5077 non
2367 5020 2581 5076 desinas
2603 5058 2617 5083 ,
2650 5017 3030 5087 praedictorum
3071 5013 3377 5084 dogmatum
3410 5001 3598 5094 impius
3632 5002 3723 5094 mut:

2227 5128 2389 5183 quam
2414 5110 2572 5165 turbo
2597 5116 2905 5179 consurgat.
2921 5106 2988 5161 Et
3015 5106 3140 5176 quia
3166 5112 3312 5159 tanta
3339 5092 3420 5158 est
3438 5092 3722 5191 gloriosotttli

2227 5182 2532 5272 ρτἱεπεῖρυιη
2563 5198 2850 5261 clementia
2869 5238 2884 5263 ,
2912 5205 2971 5251 ut
3015 5194 3350 5251 conﬁdenter
3373 5190 3448 5244 eis
3471 5182 3620 5272 possis

2229 5258 2355 5347 sunt
2391 5258 2720 5351 insinuanda
2740 5258 3052 5359 suggerere,
3073 5286 3275 5357 pietate
3298 5284 3518 5355 ipsorum
3547 5268 3601 5324 ad
3622 5258 3731 5315 utilia

2232 5394 2394 5441 tatem
2428 5383 2685 5440 Ecclesia:
2710 5379 3032 5437 universalis
3058 5379 3252 5435 utaris.
3273 5372 3570 5433 Consulente
3585 5362 3725 5461 autem

2233 5477 2520 5533 dilectione
2572 5486 2661 5530 tua
2702 5474 2769 5530 de
2801 5474 2885 5529 his
2921 5474 2973 5527 in
3004 5473 3197 5544 quibus
3226 5465 3485 5541 putaveris
3509 5454 3725 5553 θηιινξὲξέίξς

2232 5569 2380 5634 dum.
2411 5583 2517 5622 non
2546 5566 2717 5622 deerit
2748 5564 3102 5621 relationibus
3142 5566 3247 5618 tu's
3278 5576 3404 5616 mea:
3429 5547 3720 5620 τρενοηεί⁰¹¹¹⁵

2233 5660 2535 5724 instructio,
2553 5667 2611 5713 ιιι
2639 5666 2977 5727 sequestrata
3002 5672 3189 5711 earum
3212 5655 3434 5711 actione,
3455 5651 3603 5727 emisre
3628 5635 3719 5727 ξιιιῆιξ

2234 5752 2285 5806 in
2329 5751 2734 5822 quibuseuuque
2763 5747 3003 5819 ccclesiis
3034 5744 3318 5831 prmsulum
3355 5745 3546 5797 suorum.
3571 5716 3724 5778 dem"
