3968 6478
180 331 292 388 815

1309 320 1794 379 DECRETALIUM
1833 318 2224 377 COLLECTIO.

3289 324 3394 381 ειι

153 426 458 497 cognitione
487 427 713 497 ﬁrmari,
738 433 839 489 hac
864 435 1083 506 speciali
1117 451 1244 492 cura
1275 438 1389 493 vice
1424 453 1543 493 mea
1576 436 1727 490 func—
1753 438 1800 494 A
1829 434 2072 490 codicem
2100 433 2349 488 universa
2372 433 2546 505 facias
2572 437 2887 508 congregari
2923 436 2975 494 in
3006 436 3255 494 Latinum
3284 452 3400 494 ser-

153 530 245 577 tus
276 523 460 590 utaris,
491 540 561 580 ne
596 526 1160 597 lizeresisﬁestoriaua
1201 530 1282 586 vel
1327 530 1644 585 Eutichiana
1672 528 1723 582 in

153 615 335 686 aliqua
371 626 525 687 parte
553 620 865 686 revirescat,
891 623 1015 691 quia
1044 624 1096 678 in
1138 625 1390 694 episcopo
1419 622 1727 679 Constanti-

154 709 467 779 nopolitano
488 712 787 768 catholicus
807 715 961 786 vigor
990 731 1094 771 non
1117 725 1222 782 est,
1250 732 1351 771 nec
1378 716 1602 771 multum
1636 723 1727 770 aut

152 816 257 871 pro
273 813 610 859 sacramento
632 805 823 861 salutis
844 808 1114 874 humanas,
1135 819 1227 865 aut
1245 825 1342 879 pro
1357 826 1454 864 sua
1477 818 1561 865 est
1585 809 1729 865 testi-

155 893 395 949 tnatione
424 895 711 951 sollicitus.
741 896 873 952 Cum
904 899 948 954 si
981 900 1108 969 quid
1132 901 1204 954 illi
1238 901 1442 956 inesset
1470 899 1728 971 spiritua-

156 983 223 1037 lis
276 984 572 1051 industriae,
614 987 687 1040 ita
738 998 793 1041 et
830 1004 857 1041 a
890 990 1088 1058 quibus
1114 990 1395 1045 ordinatus
1426 991 1519 1055 sit,
1554 998 1610 1045 et
1643 989 1729 1045 cui

153 1072 277 1128 viro
303 1077 648 1140 successerit,
674 1077 919 1147 cogitare
949 1067 1189 1142 deberet,
1224 1089 1283 1135 ut
1314 1080 1486 1151 magis
1514 1080 1729 1136 beatum

152 1162 476 1218 Flavianum
512 1180 673 1234 quam
722 1167 804 1221 sui
842 1168 1065 1224 honoris
1103 1178 1424 1239 sequeretur
1458 1180 1728 1225 auctores.

155 1253 222 1308 Et
254 1253 380 1308 ideo
407 1271 528 1310 cum
576 1257 803 1325 piissimi
846 1258 1116 1330 principes
1156 1261 1452 1316 secundum
1481 1263 1745 1318 obsecra-

155 1346 339 1400 tiones
367 1361 518 1402 meas
553 1346 761 1419 dignati
811 1347 1031 1404 fuerunt
1058 1348 1282 1405 fratrem
1317 1351 1626 1406 Anatolium
1667 1352 1734 1408 de

154 1436 240 1490 his
268 1451 394 1505 qua:
432 1437 624 1492 merito
668 1438 719 1493 in
749 1439 1027 1509 querelam
1072 1440 1294 1494 veniunt
1328 1441 1628 1510 increpare,
1659 1443 1735 1497 vi-

152 1534 280 1596 geat
303 1528 548 1583 charitas
569 1537 657 1583 tua
686 1529 962 1599 diligentia
993 1539 1188 1596 sua,ut
1213 1530 1460 1585 universa
1481 1531 1733 1586 scandala

152 1616 401 1672 adhibita
425 1618 731 1688 plenissima
767 1620 1105 1676 correctione
1142 1630 1515 1687 recensentur,
1539 1630 1594 1677 et
1615 1637 1644 1676 a
1675 1623 1735 1677 ll-

153 1706 211 1764 lii
235 1710 413 1764 nostri
440 1726 504 1765 ac
536 1720 624 1765 tua
646 1720 821 1766 cesset
848 1711 1061 1782 injuria.
1088 1711 1220 1765 Nam
1246 1712 1385 1782 apud
1409 1712 1731 1768 catholicum

1826 540 2037 580 moncm
2088 523 2484 581 absolutissima
2524 527 2971 598 interpretatione
3014 530 3298 595 translata,
3339 534 3402 586 ut

1827 617 1881 671 in
1923 616 2068 671 nulla
2115 624 2270 686 parte
2310 617 2582 673 actionum
2623 620 2868 677 dubitare
2904 621 3196 691 possimus,
3225 635 3407 691 neque

1828 708 1937 764 ullo
1971 711 2130 765 modo
2162 725 2283 765 esse
2315 711 2483 781 possit
2528 712 2838 784 ambiguum
2881 714 3026 783 quod
3068 714 3136 768 ad
3186 712 3409 784 plenam

1830 799 2240 870 intelligentiam
2295 811 2348 855 te
2391 800 2556 856 fuerit
2598 803 2848 858 studente
2891 805 3225 874 perductum.
3267 802 3408 859 Data

1830 907 1863 947 v
1890 891 2013 948 ldus
2040 890 2251 956 Martii,
2276 891 2517 961 Opilione
2544 895 2661 948 viro
2681 893 2983 950 clarissimo
3007 893 3244 950 consule.

2148 980 2364 1038 XXXV.
2397 1012 2468 1022 —
2491 983 2572 1037 Ad
2602 982 2929 1038 Martialium
2958 984 3093 1054 Aug.

1905 1074 2017 1129 Leo
2040 1073 2326 1129 ΜΑῙΠΊΑΝΟ
2359 1073 2600 1143 Augusto
2629 1072 2695 1130 de
2719 1074 2840 1129 Etio
2868 1082 2925 1129 et
2949 1074 3187 1130 Andrea.

1904 1169 2075 1237 Quam
2099 1166 2380 1224 excellenti
2416 1167 2617 1237 pietate
2642 1175 2697 1221 et
2722 1182 2882 1237 quam
2914 1166 3149 1238 glorioso
3170 1165 3414 1222 clemen-

1836 1263 1922 1317 tia:
1951 1271 2145 1316 vestite
2171 1259 2348 1316 studio
2378 1259 2430 1314 in
2458 1259 2727 1330 integrum
2750 1275 2922 1330 nuper
2949 1260 3082 1315 fides
3103 1259 3416 1316 Christiana

1834 1359 2083 1407 revocata
2116 1350 2208 1415 sit,
2244 1358 2386 1404 totus
2416 1350 2647 1405 mundus
2688 1351 2967 1420 agnoscit,
2992 1360 3049 1406 et
3094 1350 3255 1407 saluti
3300 1365 3413 1407 sua:

1837 1442 2107 1514 singulare
2121 1441 2430 1511 praesidium
2444 1456 2542 1512 per
2555 1455 2650 1496 vos
2665 1457 2693 1496 a
2705 1441 2935 1498 Domino
2947 1457 3065 1498 esse
3081 1451 3410 1512 reparatum.

1837 1536 1916 1592 Ac
1936 1535 1981 1591 si
2009 1534 2137 1604 quid
2159 1534 2445 1588 adversum
2488 1532 2623 1588 tanti
2667 1533 2850 1604 operis
2893 1532 3414 1588 consummationem

1839 1627 1905 1683 de
1942 1625 2213 1682 contrario
2264 1625 2454 1696 spiritu
2482 1620 2716 1682 sentitur
2747 1625 2966 1692 oboriri,
2991 1640 3212 1681 necesse
3248 1631 3414 1680 estut

1839 1719 1908 1773 ad
1932 1726 2125 1773 vestrae
2139 1725 2426 1772 revocetur
2447 1716 2665 1787 pietatis
2678 1715 2956 1778 auxilium,
2975 1716 3117 1786 quod
3138 1716 3204 1771 ad
3225 1723 3409 1772 custo-

150 1805 488 1875 episcopum,
513 1804 675 1860 etiam
699 1804 743 1859 si
774 1780 1182 1876 erattttcunqne
1208 1780 1371 1860 decus
1400 1806 1735 1861 sacerdotale
1764 1780 1812 1840 Β
1839 1810 1982 1866 diam
2016 1808 2294 1864 catholica:
2317 1780 2561 1864 verit-alis
2583 1808 2761 1863 divina
2783 1780 3117 1879 providentia
3142 1822 3416 1879 praepara-

153 1896 430 1951 sacerdoti
480 1895 893 1950 archidiaconus
936 1903 1157 1966 propter
1192 1895 1319 1951 Ildei
1354 1897 1736 1963 reverentiam,

152 1986 349 2042 debuit
375 1987 628 2056 praemitti
657 1987 833 2056 potius
851 2001 1013 2057 quam
1038 1987 1213 2042 locum
1241 1986 1490 2042 catholici
1522 1986 1740 2056 nequis-

154 2080 333 2134 simus
361 2079 648 2135 haereticus
673 2078 962 2134 obtineret.
991 2079 1126 2134 Cum
1156 2080 1338 2150 itaque
1362 2095 1481 2149 qua:
1510 2094 1740 2150 sequan-

156 2182 244 2225 tur
277 2184 587 2240 agnovere,
637 2179 765 2226 tunc
818 2170 1157 2225 manifestius
1201 2170 1329 2240 quid
1372 2171 1457 2239 agi
1487 2180 1740 2242 oporteat

155 2260 463 2316 aestimabo.
509 2258 641 2315 Nam
689 2260 906 2316 interim
934 2260 1120 2315 dolore
1144 2261 1405 2329 cohibito,
1435 2261 1616 2317 malim
1664 2263 1743 2317 in-

156 2351 388 2421 dulgere
418 2353 711 2421 patientiae,
742 2360 802 2410 ut
828 2353 980 2408 locus
1007 2362 1153 2409 esset
1183 2355 1374 2419 veniae,
1407 2355 1473 2411 de
1504 2355 1745 2412 Palaesti-

158 2442 246 2499 nis
269 2459 405 2499 vero
431 2444 711 2499 monachis
732 2445 824 2515 qui
844 2444 1168 2514 jampridem
1195 2446 1248 2500 in
1281 2446 1512 2502 tumultu
1537 2448 1741 2503 dissen-

164 2532 340 2587 sionis
365 2547 485 2588 esse
527 2533 802 2601 dicuntur,
843 2550 950 2605 quo
977 2536 1155 2591 adhuc
1185 2535 1368 2591 animo
1395 2547 1740 2604 moveantur,

160 2624 379 2694 ignoro.
408 2623 591 2695 Neque
620 2624 940 2696 cujusquam
970 2641 1221 2681 sermone
1251 2627 1380 2681 mihi
1411 2627 1745 2699 patefactum

161 2724 277 2778 est,
303 2729 442 2785 quas
478 2729 669 2771 causas
731 2715 1016 2770 videantur
1043 2713 1327 2772 antefaetzc
1350 2716 1608 2787 praeferre
1637 2718 1746 2773 dis-

162 2804 392 2864 cordiae,
433 2812 635 2869 utrum,
662 2804 888 2870 scilicet,
914 2803 1250 2860 Eutichiante
1278 2808 1623 2877 perversitati
1654 2808 1744 2862 tali

163 2891 354 2948 furore
400 2892 751 2957 famulentur,
785 2909 852 2948 an
884 2894 1300 2965 implacabiliter
1327 2897 1546 2953 doleant
1570 2898 1745 2968 ipsum

164 2999 324 3038 suum
364 2985 415 3038 in
440 2984 577 3041 hanc
606 2986 937 3056 impietatem
960 3001 1123 3055 posse
1146 2987 1376 3053 traduci,
1407 3003 1527 3059 quae
1557 2997 1746 3043 contra

165 3078 415 3148 ipsorum
453 3078 691 3134 locorum
728 3086 1039 3134 sanctorum
1079 3079 1411 3148 testimonia,
1451 3079 1647 3150 quibus
1668 3087 1750 3134 to-

168 3176 254 3223 tus
280 3169 522 3224 mundus
555 3169 877 3235 instruitur,
906 3170 972 3225 ab
1015 3170 1410 3226 Incarnationis
1454 3170 1749 3226 Dominicae

166 3260 408 3313 veritate
427 3258 739 3326 desciverit,
771 3269 826 3315 et
851 3261 993 3330 quod
1012 3260 1066 3314 in
1092 3259 1213 3316 aliis
1242 3276 1339 3331 per
1363 3261 1749 3332 indulgentiam

165 3360 373 3401 curare
395 3345 617 3417 placuit,
649 3348 702 3402 in
729 3348 821 3403 illo
848 3358 1037 3419 putent
1062 3348 1168 3403 nan
1198 3363 1321 3405 esse
1339 3350 1571 3405 veniale.
1598 3350 1751 3407 Unde

166 3435 333 3506 cupio
369 3450 453 3490 me
483 3451 646 3506 super
680 3438 767 3493 bis
791 3438 1002 3508 plenius
1023 3439 1262 3505 edoceri,
1287 3448 1347 3493 ut
1373 3441 1536 3495 etiam
1568 3441 1749 3497 talium

166 3526 500 3581 correctioni
525 3543 776 3600 congruae
804 3531 1108 3596 studeatur,
1130 3532 1257 3603 quia
1279 3532 1423 3587 aliud
1445 3543 1530 3588 est
1564 3545 1753 3590 contra

167 3614 335 3672 fidem
366 3617 528 3687 impie
553 3620 773 3686 armari,
802 3621 947 3675 aliud
975 3621 1027 3675 in
1054 3638 1295 3678 errorem
1326 3625 1755 3695 quempiam-de-

168 3706 363 3762 tineri.
392 3707 623 3763 Cbartas
648 3709 810 3764 etiam
834 3726 970 3780 quas
993 3712 1182 3767 Actius
1209 3714 1492 3786 presbyter
1522 3723 1649 3770 ante
1674 3716 1756 3770 in-

168 3796 382 3852 dicavit
409 3811 529 3851 esse
550 3800 807 3865 directas,
837 3810 891 3855 et
920 3801 1245 3856 breviarium
1275 3802 1395 3858 fidei
1418 3805 1559 3873 quod
1583 3814 1635 3860 te
1659 3804 1755 3860 mi-

168 3890 313 3946 sisse
347 3890 642 3961 signiﬁcas,
674 3908 774 3947 nec
808 3893 931 3947 dum
962 3894 1030 3948 ad
1058 3910 1141 3950 me
1176 3896 1394 3951 noveris
1420 3898 1752 3966 pervenisse.

172 3979 334 4035 Unde
357 3980 401 4034 si
422 3982 724 4051 expeditior
749 3984 964 4038 occasio
986 4000 1043 4039 se
1065 3986 1354 4055 praebuerit
1373 3988 1675 4057 perlatores
1696 3988 1758 4042 li-

170 4070 374 4128 benter
427 4073 620 4137 habeo,
657 4082 716 4128 ut
764 4075 809 4130 si
862 4089 969 4145 qua
1010 4084 1095 4131 est
1147 4092 1267 4147 qua:
1321 4077 1470 4132 utilis
1510 4080 1759 4136 videatur

171 4165 579 4235 quamprimum
612 4166 680 4221 ad
712 4182 798 4222 me
831 4170 1077 4223 mittatur
1106 4169 1414 4225 instructio.
1461 4171 1537 4227 De
1583 4172 1756 4244 Egy-

171 4255 305 4329 ptiis
354 4256 634 4311 monachis
672 4271 836 4328 quam
874 4257 1075 4327 quieti,
1115 4267 1209 4313 aut
1264 4258 1419 4328 cujus
1470 4261 1580 4318 sint
1633 4262 1756 4318 fidei

171 4348 323 4402 scire
344 4348 613 4413 desidero,
636 4359 691 4403 et
711 4348 778 4405 de
801 4349 1178 4404 Alexandrina:
1200 4350 1454 4408 Ecclesiae
1479 4368 1610 4424 pace
1630 4355 1758 4426 quid

173 4440 240 4494 ad
271 4455 373 4492 vos
402 4440 546 4495 veris
586 4442 791 4497 nuntiis
833 4442 1138 4512 perferatur
1161 4445 1227 4499 ad
1255 4445 1408 4517 cujus
1445 4447 1757 4518 episcopum

170 4530 260 4585 vel
285 4529 631 4589 ordinatorcs
662 4533 849 4602 ipsius,
876 4548 971 4588 seu
1005 4535 1233 4591 clericos
1253 4538 1395 4606 quod
1419 4537 1525 4593 alia
1555 4540 1759 4609 scripta

173 4626 478 4680 direxerim
503 4667 518 4691 ,
552 4628 732 4684 missis
760 4630 1335 4700 exemplaribus-seire
1370 4641 1423 4688 te
1467 4633 1634 4689 volui.
1675 4633 1759 4693 Ad

175 4717 667 4776 clementissimum
718 4737 932 4793 quoque
981 4724 1301 4795 principem,
1330 4734 1385 4781 et
1424 4726 1768 4799 religiosissi-

178 4825 329 4864 mam
371 4811 669 4881 Augustam
708 4814 832 4884 quis
866 4831 1010 4870 nunc
1044 4831 1197 4872 meus
1230 4832 1413 4873 sermo
1456 4817 1551 4884 sit,
1599 4820 1765 4874 inissa

177 4904 516 4975 exemplaria
540 4908 828 4965 docebunt.
863 4910 1055 4966 Utrum
1086 4921 1265 4967 autem
1291 4914 1518 4982 epistola
1543 4930 1669 4970 mea
1702 4915 1768 4971 de

181 5000 578 5056 incarnationis
610 5004 903 5061 Dominicae
941 5006 1042 5060 [ide
1074 5006 1327 5061 incelumi
1360 5008 1537 5064 adhuc
1566 5017 1768 5063 sanctm

181 5089 468 5145 memoria:
504 5089 767 5146 Flaviano
811 5093 876 5146 ad
927 5094 1270 5151 dilectionem
1313 5105 1460 5150 tuam
1489 5112 1585 5167 per
1609 5096 1765 5152 Basi-

182 5177 321 5231 lium
355 5179 640 5234 diaconum
670 5183 942 5250 miseram,
981 5183 1309 5241 fraternitati
1341 5196 1447 5241 tuae
1477 5188 1670 5243 tradita
1697 5190 1770 5244 sit

184 5273 332 5331 scire
358 5275 638 5339 desidero,
668 5278 923 5346 quoniam
953 5290 1261 5349 suspectum
1298 5282 1501 5346 balteo,
1529 5284 1672 5352 quod
1703 5283 1769 5338 de

183 5364 308 5431 ejus
351 5375 496 5420 textu
532 5368 734 5423 nullum
776 5385 1009 5440 unquam
1046 5370 1306 5439 judicium
1338 5374 1636 5428 reddidisti.
1668 5374 1772 5442 Ge-

193 5464 405 5511 storum
429 5459 765 5529 synodalium
784 5476 908 5530 qua:
943 5462 1194 5518 omnibus
1232 5463 1425 5519 diebus
1464 5465 1674 5519 concilii
1719 5467 1769 5519 iu

186 5544 614 5604 Chalcedonensi
641 5549 1112 5606 civitateconfecta
1134 5561 1278 5615 sunt,
1297 5568 1484 5622 parum
1506 5555 1647 5609 clara
1673 5555 1771 5609 lin-

189 5648 312 5705 gua:
352 5636 715 5694 diversitatem
747 5639 888 5711 apud
940 5654 1036 5696 nos
1087 5640 1318 5698 habetur
1369 5643 1677 5711 instructio,
1719 5653 1774 5697 ct

193 5723 319 5788 ideo
340 5724 663 5790 fraternitati
689 5738 792 5787 tuze
821 5731 1126 5805 specialiter
1162 5732 1382 5805 injungo
1402 5775 1415 5800 ,
1446 5747 1502 5789 ιιι
1530 5736 1583 5795 in
1607 5752 1770 5790 unum

1838 1900 1946 1965 vit,
1994 1908 2053 1954 ut
2090 1914 2210 1954 cum
2243 1898 2459 1969 pietatis
2501 1907 2697 1955 vestrae
2740 1898 2812 1954 sit
2850 1898 3101 1954 scandala
3141 1898 3306 1952 etiam
3353 1897 3412 1952 in

1839 1991 2189 2064 longinquum
2221 2001 2344 2047 nata
2373 2006 2641 2057 resecare,
2667 1991 2835 2046 multo
2878 1990 3051 2061 magis
3076 2004 3139 2045 ea
3169 2004 3289 2060 quae
3317 1989 3420 2045 sub

1826 2085 2041 2140 vestris
2063 2084 2261 2140 audent
2286 2083 2457 2140 oculis
2497 2098 2723 2154 surgere
2748 2098 2852 2138 non
2872 2082 3063 2137 sinatis
3084 2094 3418 2136 accrescere.

1842 2175 2081 2233 Anatolii
2113 2175 2348 2247 episcopi
2389 2173 2819 2238 ordinationem,
2865 2174 3008 2228 sicut
3054 2171 3280 2227 scientia
3321 2168 3427 2225 Dei

1847 2266 2002 2321 testis
2057 2277 2158 2328 est,
2218 2273 2521 2335 suspectam
2550 2265 2692 2334 quod
2732 2264 3034 2320 faciendum
3058 2271 3143 2319 est
3174 2260 3306 2317 mihi
3340 2260 3422 2316 fe-

1842 2366 2033 2415 cerant
2073 2357 2504 2414 consecrationis
2541 2356 2658 2426 ejus
2680 2364 2950 2421 auctores,
2974 2368 3073 2410 nec
3101 2352 3419 2408 dissimilem

1845 2450 1912 2505 ab
1941 2448 2275 2520 elegentibus
2302 2447 2611 2503 arbitrabar
2636 2447 2889 2513 electum,
2932 2455 3287 2515 secutumque
3309 2451 3413 2507 est,

1846 2549 1905 2594 ut
1924 2540 2049 2595 dum
2079 2538 2462 2595 communione
2490 2538 2799 2609 apostolicae
2827 2537 2982 2594 Sedis
3012 2538 3268 2593 existeret
3295 2535 3425 2590 alie-

1847 2645 1978 2695 nus,
2014 2630 2104 2684 diu
2139 2629 2332 2685 dandis
2369 2628 2436 2684 ad
2470 2644 2592 2684 eum
2627 2627 2870 2699 epistolis
2892 2627 3041 2699 pacis
3070 2642 3155 2682 me
3182 2626 3425 2680 abstine-

1847 2739 1982 2779 rem.
2006 2720 2112 2778 Sed
2138 2735 2261 2776 cum
2291 2719 2363 2774 illi
2392 2719 2603 2790 pietatis
2624 2728 2817 2775 vestra:
2846 2719 3211 2774 testimonium
3240 2717 3428 2772 suifra-

1847 2823 2087 2886 garetur,
2118 2827 2240 2867 cum
2265 2811 2330 2866 de
2359 2810 2464 2865 fide
2484 2817 2647 2879 atque
2669 2810 3024 2865 unanimitate
3052 2808 3169 2878 ejus
3190 2808 3427 2880 optanda

1849 2920 2078 2976 qumque
2106 2913 2160 2959 et
2187 2903 2451 2974 placitura
2492 2902 2852 2973 promitteret,
2875 2902 3266 2973 professionem
3290 2900 3433 2971 ejus,

1850 2995 1924 3050 ita
1954 2994 2159 3050 credidi
2188 3009 2308 3049 esse
2337 2993 2625 3059 sinceram,
2657 3000 2716 3046 ut
2747 2989 2963 3045 tandem
3007 3004 3112 3060 qua
3139 2990 3435 3058 observan-

1854 3087 1927 3141 tia
1966 3101 2027 3141 se
2058 3100 2219 3157 agere
2241 3085 2461 3140 deberet
2484 3099 2589 3138 non
2620 3083 2922 3139 desinerem
2950 3096 3313 3145 commovere,
3341 3096 3427 3136 se-

1854 3181 1980 3237 dulo
2005 3182 2103 3252 ipsi
2128 3196 2192 3235 ac
2205 3180 2489 3250 diligenter
2504 3178 2803 3242 inculcans,
2826 3187 2885 3232 ut
2903 3178 2969 3233 de
2990 3174 3428 3247 persecutoribus

1853 3276 2023 3331 beatae
2068 3275 2343 3329 memoriae
2381 3271 2623 3327 Flaviani
2664 3269 2935 3326 neminem
2971 3267 3196 3323 auderet
3233 3267 3286 3320 in
3326 3281 3429 3321 suo

1853 3367 2053 3423 habere
2069 3365 2364 3430 consortio,
2388 3373 2442 3420 et
2457 3362 2787 3418 Eutichianae
2805 3361 3075 3417 haereseos
3087 3357 3431 3413 defensorem

1852 3473 1883 3512 a
1913 3471 1971 3511 se
1997 3456 2261 3510 iudicaret
2279 3468 2401 3509 esse
2427 3451 2716 3522 dejectum.
2745 3449 3113 3520 Secutumque
3161 3458 3247 3504 est
3274 3454 3333 3501 ut
3359 3445 3429 3502 de

1852 3548 1938 3604 his
1967 3563 2085 3619 quze
2123 3563 2221 3618 pro
2256 3546 2517 3602 catholica
2556 3544 2660 3600 fide
2691 3544 2744 3598 in
2776 3540 3019 3615 synodali
3048 3539 3278 3596 concilio
3306 3536 3427 3593 fue-

1856 3634 1980 3696 rant
2006 3639 2249 3706 definita,
2280 3638 2403 3693 talia
2432 3638 2498 3693 ad
2528 3652 2614 3693 me
2647 3636 2960 3706 scripserit,
2998 3633 3178 3705 qualia
3205 3630 3445 3688 catholia

1856 3746 1979 3788 cum
2018 3731 2353 3786 sacerdotem
2385 3729 2627 3784 scribere
2657 3726 3006 3796 congruebat.
3032 3725 3166 3781 Cum
3197 3738 3325 3793 ergo
3363 3722 3433 3777 ad
3478 3734 3481 3739 '

1857 3821 2282 3878 commendanda
2328 3818 2498 3888 ipsius
2541 3817 2840 3889 primordia
2902 3815 3007 3870 ista
3054 3812 3434 3885 praecesserint

1856 3911 1987 3983 quid
2015 3925 2192 3967 causa:
2220 3917 2311 3964 aut
2334 3907 2632 3963 occasionis
2649 3904 2954 3970 emerserit,
2972 3913 3031 3958 ut
3060 3904 3232 3957 virum
3248 3901 3436 3957 catho-

1859 4004 1975 4059 lica?
2019 4002 2139 4058 fidei
2169 4011 2223 4057 et
2244 3999 2578 4057 Nestorianis
2608 4008 2769 4069 atque
2800 3997 3135 4053 Eutichianis
3166 3994 3441 4050 hmreticis
3474 4042 3485 4047 -

1860 4101 2173 4150 constanter
2192 4094 2355 4147 etiam
2379 4092 2663 4147 adversum
2687 4089 3124 4144 archidiaconum
3151 4087 3440 4143 subhono-
3480 4130 3489 4136 .

1863 4185 1939 4239 ris
1967 4185 2150 4255 specie
2174 4182 2518 4252 degradaret,
2548 4189 2603 4236 et
2630 4178 3088 4250 dispensationem
3120 4177 3285 4231 totius
3307 4189 3437 4229 cau-

1862 4290 1937 4330 sa:
1960 4283 2016 4328 et
2035 4288 2177 4328 cur.c
2197 4271 2580 4326 ecclesiasticae
2610 4270 2663 4324 in
2689 4269 2965 4327 Andream
2986 4266 3435 4329 Euticbianistam
3475 4306 3481 4321 .

1866 4373 2088 4436 repente
2126 4361 2483 4428 transferret,
2520 4360 2655 4416 adeo
2682 4360 2847 4415 nimia
2870 4360 3233 4416 commotione
3257 4357 3441 4413 turba-
3476 4402 3487 4407 -

1866 4467 1950 4512 tus
1972 4466 2028 4510 ut
2051 4454 2516 4511 consecrationem
2545 4469 2705 4523 quam
2734 4469 2835 4525 pro
2862 4453 3058 4524 injuria
3082 4453 3263 4518 dabat,
3289 4459 3455 4509 sextae

1869 4546 2080 4602 sabbati
2112 4544 2423 4601 traditionis
2444 4543 2765 4615 Apostolicae
2792 4551 2851 4598 ut
2882 4543 3097 4599 nescius
3126 4550 3221 4595 aut
3245 4539 3452 4596 oblitus
3529 4602 3536 4619 ἶ

1870 4637 2129 4702 inferret,
2177 4636 2335 4705 quasi
2379 4650 2485 4690 non
2524 4634 2591 4689 ad
2636 4636 2944 4706 episcopum
2984 4633 3156 4701 magis
3186 4648 3349 4704 quam
3376 4632 3447 4688 ad

1869 4728 2242 4798 presbyterum
2294 4726 2650 4782 ordinationis
2696 4724 2839 4780 illius
2883 4723 3073 4778 vitium
3130 4722 3444 4794 pertineret,
3534 4706 3547 4720 ⁸

1870 4834 1962 4887 qui
1986 4802 2091 4871 non
2123 4800 2405 4872 inv'eoiens
2428 4818 2556 4887 quid
2578 4822 2829 4887 argueret
2857 4815 2909 4869 in
2934 4815 3058 4878 fide,
3081 4812 3223 4883 quod
3251 4812 3451 4882 impro-
3544 4861 3546 4864 ,

1869 4909 2025 4963 baret
2066 4908 2117 4963 in
2149 4907 2410 4973 moribus,
2458 4907 2809 4976 dejectionem
2862 4904 3167 4961 innocentis
3193 4917 3291 4974 per
3326 4917 3450 4972 spe-

1876 5001 2015 5056 ciem
2064 5001 2426 5070 provectionis
2464 4999 2727 5070 implevit,
2770 4997 2972 5053 addens
3012 4996 3294 5052 sententia:
3318 4993 3450 5049 illud

1876 5094 2103 5165 injuriae,
2136 5102 2196 5147 ut
2221 5108 2344 5148 eum
2376 5091 2692 5153 ctemeteﬁo
2719 5088 3029 5160 deputando
3065 5089 3460 5145 condemnaret

1875 5187 2085 5243 exsilio.
2147 5186 2317 5256 Quem
2380 5194 2557 5240 tamen
2603 5183 2786 5254 pietati
2831 5192 3024 5238 vestra:
3072 5179 3456 5237 commendare
3536 5184 3557 5207 ’

1875 5293 2177 5350 praesumo,
2208 5293 2278 5332 ne
2317 5276 2441 5335 ullis
2470 5276 2696 5331 ulterius
2725 5275 2899 5330 noxiis
2929 5276 3215 5344 ingravare
3242 5270 3457 5343 possit,

1879 5378 1972 5425 aut
2008 5369 2215 5425 insidiis
2242 5383 2402 5438 quem
2435 5365 2711 5430 Dominus,
2745 5374 2804 5420 ut
2838 5365 3233 5437 comperi,‘sub
3273 5368 3455 5417 vestra

1879 5462 2190 5518 defensione
2206 5446 2507 5516 constituit.
2526 5457 2736 5528 Adjieio
2752 5467 2930 5514 autem
2958 5459 3121 5513 etiam
3146 5457 3286 5511 hanc
3300 5454 3454 5509 obse-

1878 5553 2176 5608 crationem
2229 5558 2288 5605 ut
2340 5549 2657 5620 prmdictum
2707 5548 3016 5620 episc0pum
3062 5561 3092 5601 a
3121 5541 3459 5616 professione

1879 5660 1975 5701 sua
2013 5645 2313 5708 dissonum,
2344 5652 2400 5698 et
2430 5642 2654 5697 nimium
2685 5642 2977 5697 testimonii
3010 5639 3175 5694 vestri
3210 5652 3275 5693 ac
3305 5635 3458 5691 favo-
3527 5708 3531 5712 θ

1882 5741 1958 5793 ris
2001 5738 2224 5795 oblitum
2255 5735 2561 5794 necessarie
2602 5736 2883 5804 increpare
2915 5729 3228 5803 dignemini.
3267 5727 3535 5789 Cessetx"
