3968 6444
120 330 240 387 817

1189 326 1676 384 DECRETALIUM
1715 322 2116 383 COLLECTIO.

3284 323 3395 381 818

112 443 563 501 communionem
587 442 917 511 desiderare,
945 452 1053 499 tam
1076 453 1382 499 nostrorum
1407 458 1570 513 quam
1600 441 1707 495 fra-
1735 445 1785 503 Α
1812 439 2086 504 resistere,
2129 452 2197 492 ne
2245 452 2308 493 ea
2339 454 2460 510 quae
2510 438 2578 495 ad
2612 438 2922 495 sacerdotes
2962 426 3257 510 pertinent,
3287 439 3388 497 sibi

112 533 232 588 tris
281 545 337 589 et
384 534 688 605 coepiscopi
742 535 848 590 mei
895 534 1154 597 Anatolii,
1208 535 1292 589 cui
1341 532 1704 588 testimonium

110 622 273 681 ferre
304 625 618 694 dignamini,
653 625 916 681 relatione
944 626 1313 697 cognovimus,
1344 638 1574 694 quorum
1616 622 1708 677 de-

112 715 344 770 sideriis
371 716 449 770 sic
476 716 778 785 praebemus
821 715 1094 778 effectum.
1119 725 1180 771 nt
1208 716 1471 786 correctis
1503 723 1559 770 et
1588 728 1707 784 qua:

112 806 271 860 male
313 814 441 860 sunt
483 804 627 861 facta
655 808 868 877 propria
900 807 1297 877 subscriptione
1327 803 1708 861 damnantibus

108 897 451 968 participata
496 907 803 953 nostrorum
839 914 975 969 quos
1011 901 1258 955 misimus
1292 914 1420 955 cura
1456 914 1579 953 cum
1617 911 1706 952 su-

111 987 375 1054 pradicto
394 988 646 1058 episc0po
685 990 835 1057 pacis
873 989 1045 1060 gratia
1079 990 1363 1053 tribuatur,
1393 989 1517 1059 quia
1548 989 1710 1044 devo-

112 1075 289 1130 tionis
338 1084 625 1145 utrumque
670 1085 754 1132 est
801 1077 1143 1146 Christianae,
1198 1088 1258 1134 ut
1307 1089 1365 1134 et
1403 1079 1706 1150 pertinaces

108 1167 328 1221 veritas
351 1166 493 1234 justa
521 1176 791 1234 coerceat,
819 1181 874 1224 et
893 1185 1185 1226 conversos
1212 1171 1449 1226 charitas
1486 1185 1593 1226 non
1620 1186 1706 1226 re-

106 1257 310 1326 pellat.
344 1257 475 1323 Quia
506 1273 636 1313 vero
678 1261 930 1315 novimus
959 1269 1220 1331 quantum
1255 1261 1358 1329 piae
1386 1258 1708 1315 sollicitudi-

108 1347 204 1401 nis
234 1348 518 1406 catholicis
541 1351 914 1411 sacerdotibus
936 1352 1290 1407 mansuetudo
1309 1360 1490 1406 vestra
1520 1351 1709 1421 digne-

106 1444 209 1491 tur
235 1437 572 1508 impendere,
599 1441 942 1497 indicandum
989 1456 1111 1502 esse
1142 1442 1455 1518 curavimus
1483 1441 1705 1499 fratrem

106 1538 167 1584 et
215 1532 598 1602 coepiscopum
644 1542 902 1595 nostrum.
940 1534 1231 1590 Eusebium
1280 1534 1561 1590 nobiscum
1607 1535 1704 1589 de-

103 1632 269 1688 gere,
306 1630 360 1677 et
394 1632 592 1678 nostrze
619 1625 1014 1691 communionis
1045 1640 1165 1682 esse
1188 1635 1523 1692 consortem,
1553 1626 1711 1696 cujus

102 1715 562 1774 commendamus
587 1719 893 1783 ecclesiam,
923 1735 1083 1790 quam
1128 1720 1325 1776 dicitur
1363 1730 1579 1777 vastare
1610 1719 1713 1790 qui-

1806 530 2036 584 audeant
2075 530 2370 586 vindicare.
2420 529 2571 586 Unde
2622 526 2885 587 miramur
2922 532 3147 588 fratrem
3194 532 3392 588 Thala-

1804 622 1942 676 sium
1966 621 2275 691 episcopum
2302 623 2443 692 quod
2485 623 2737 693 Georgio,
2764 624 2946 678 nescio
2977 625 3086 689 cui,
3112 625 3203 694 qui
3246 639 3388 695 prte-

1804 710 2065 764 sumendo
2092 709 2304 776 illicita,
2333 718 2388 765 et
2413 711 2746 781 propositum
2791 713 3065 779 monachi,
3097 723 3152 769 et
3192 728 3387 768 nomen

1762 850 1772 857 .
1805 799 2007 863 amisit,
2033 799 2304 855 scribendi
2331 800 2415 855 vel
2448 802 2774 871 prazdicandi
2800 802 3037 872 aliquam
3070 805 3394 874 permiserit

1805 888 2134 946 facultatem.
2181 891 2267 947 Ad
2313 908 2472 963 quem
2517 894 2851 964 episcopum;
2901 895 2945 951 si
2979 896 3249 952 dilectioni
3284 905 3390 951 tu:e

1804 984 1977 1039 visum
2005 983 2189 1050 fuerit,
2231 1000 2298 1040 ex
2330 986 2432 1041 hac
2458 995 2612 1056 parte
2638 986 2997 1056 competentia
3038 986 3235 1055 scripta
3266 985 3390 1039 mit-

1807 1085 2002 1133 tamus.
2053 1077 2193 1148 Agat
2223 1079 2404 1148 itaque
2448 1078 2766 1135 fraternitas
2798 1089 2888 1133 tua
2924 1078 3241 1148 opportunis
3265 1093 3391 1148 sug-

1805 1165 2155 1236 gestionibus,
2185 1175 2244 1222 ut
2264 1167 2719 1224 clementissimus
2743 1168 2995 1239 princeps
3016 1182 3135 1236 qua:
3157 1165 3393 1222 Domino

1805 1255 1913 1313 sint
1958 1255 2226 1325 placitura
2270 1258 2567 1328 praecipiat,
2608 1267 2664 1313 et
2687 1258 2994 1314 iucentores
3038 1264 3389 1313 cruentarum

1805 1346 2126 1402 seditionum
2154 1345 2339 1415 jubeat
2366 1348 2756 1418 competentius
2798 1348 3064 1414 coerceri,
3091 1356 3151 1402 ut
3180 1361 3281 1402 nec
3313 1344 3393 1401 illi

1804 1438 2054 1508 impuniti
2088 1438 2216 1504 sint,
2244 1455 2474 1510 quorum
2517 1455 2710 1497 manus
2736 1441 2942 1497 scelera
2983 1446 3390 1512 perpetrarunt,

1805 1544 1907 1585 nec
1930 1529 2003 1584 illi
2040 1531 2132 1601 qui
2161 1531 2345 1586 talium
2374 1541 2600 1588 utuntur
2640 1533 2870 1588 insania.
2907 1532 2966 1588 Si
2998 1541 3180 1587 autem
3207 1531 3391 1601 inqui-

1805 1619 1932 1681 sitio
1948 1616 2262 1688 judiciaria,
2289 1631 2344 1676 et
2373 1621 2642 1678 confessio
2668 1638 2882 1678 reorum
2910 1622 2978 1678 ad
3006 1636 3101 1678 eas
3130 1636 3394 1692 personas

1804 1709 2072 1780 pervenit,
2122 1726 2354 1781 quarum
2394 1711 2477 1767 vel
2526 1712 2790 1779 consilio,
2835 1712 2918 1767 vel
2966 1711 3197 1781 impulsu
3248 1709 3392 1765 mala

105 1800 189 1855 illi
227 1801 423 1870 injuste
463 1807 727 1865 asserum-
769 1809 1115 1881 gubmgaius,
1159 1809 1290 1865 ιιιυά
1335 1810 1499 1864 etiam
1550 1824 1582 1865 ει
1615 1817 1702 1864 tua
1732 1792 1779 1852 Β
1809 1808 2014 1856 tantum
2037 1803 2326 1861 commissa
2357 1812 2503 1870 sunt,
2525 1803 2723 1859 nullius
2746 1803 2948 1858 favoris
2976 1803 3056 1857 eis
3082 1800 3399 1872 praestanda.

103 1892 324 1962 pietate
368 1904 673 1965 poscentes,
716 1901 861 1968 quod
905 1914 1000 1955 vos
1040 1908 1339 1968 spontaneo
1382 1898 1558 1956 facere
1594 1912 1704 1953 non

106 1981 437 2039 dubitamus
461 1986 710 2052 arbitrio,
743 1997 804 2042 ut
833 1996 939 2043 tam
986 1988 1207 2043 fratrem
1237 1998 1293 2044 et
1326 1989 1705 2059 coepiscopum

105 2086 302 2126 meum
350 2073 648 2140 Iulianum,
685 2093 846 2148 quam
876 2078 1503 2149 Constantinopolitanos
1539 2079 1702 2135 cleri-

102 2176 236 2226 eos,
262 2163 355 2232 qui
404 2176 606 2221 sancta!
634 2168 908 2223 memorize
937 2169 1194 2225 Flaviano
1237 2169 1486 2226 fidelibus
1513 2168 1704 2224 ciliciis

103 2256 415 2320 adhaesere,
455 2272 520 2312 ea
545 2273 647 2329 qua
677 2258 884 2315 debetis
911 2260 1086 2331 gratia
1118 2260 1367 2316 faveatis.
1417 2260 1495 2316 De
1522 2260 1701 2315 omni-

102 2346 223 2401 bus
285 2363 412 2402 vero
479 2348 737 2418 pietatem
793 2359 1027 2406 vestram
1111 2366 1206 2421 per
1268 2361 1516 2417 nostros,
1570 2349 1698 2419 quid

104 2438 244 2492 fieri
296 2448 383 2492 aut
405 2440 659 2495 declinari
682 2441 1342 2507 deberet,instruximus.
1384 2443 1519 2498 Data
1579 2443 1704 2498 Idus

106 2528 364 2597 Aprilis,
435 2530 698 2601 Adelphio
740 2531 860 2586 viro
906 2531 1214 2589 clarissimo
1261 2532 1481 2588 consule
1513 2571 1529 2597 ,
1587 2546 1694 2586 aera

107 2636 512 2678 CCCCLXXXVIII.

188 2710 477 2768 XXXVIII.
506 2745 574 2755 —-
597 2715 680 2769 Ad
723 2714 999 2772 lulianum
1034 2718 1330 2789 episcopum
1357 2715 1629 2772 Coenum.

183 2801 303 2867 Leo
325 2801 550 2879 Jucuno
571 2806 823 2877 episcopo
846 2806 1059 2871 Coensi.

183 2892 425 2949 Litteras
469 2895 776 2960 dilectionis
825 2906 929 2952 ture
976 2913 1111 2968 quas
1155 2914 1253 2969 per
1304 2898 1473 2953 lilium
1522 2913 1701 2955 meum

108 2981 295 3049 virum
360 2983 621 3055 illustrem
693 2985 909 3057 Isicium
989 2988 1255 3053 direxisti,
1322 3004 1389 3044 eo
1461 2998 1704 3059 tempore

112 3073 328 3151 accepi,
379 3088 484 3144 quo
517 3076 909 3132 recentioribus
955 3078 1199 3148 epistolis
1229 3078 1334 3132 tuis
1360 3079 1551 3134 iterata
1586 3078 1697 3146 jam

105 3142 410 3222 occasione
431 3168 836 3238 respouderam.
884 3142 1036 3225 Unde
1075 3172 1200 3241 quia
1230 3173 1392 3226 etiam
1426 3173 1478 3226 in
1512 3172 1597 3227 his
1621 3173 1701 3228 al-
1729 3142 1774 3205 (ἶ

108 3256 315 3329 loqniis
353 3259 458 3313 tuis
501 3261 691 3316 eadem
746 3263 811 3317 de
854 3262 1189 3333 impiissimis
1246 3265 1515 3320 haereticis
1552 3263 1729 3333 justo'

108 3347 303 3402 dolore
333 3359 661 3419 conquestus
700 3366 779 3417 es,
827 3368 1122 3424 congruum
1172 3351 1289 3418 fuit,
1352 3355 1530 3425 quoad
1561 3355 1703 3415 scri—.

108 3438 280 3492 bendi
328 3441 704 3508 opportunitas
749 3442 979 3508 exstitit,
1030 3458 1135 3497 non
1187 3453 1388 3499 tacere.
1440 3445 1497 3499 In
1536 3461 1700 3501 causa

107 3527 299 3599 itaque
326 3527 449 3583 ﬁdei
488 3530 745 3600 quidquid
787 3547 884 3602 pro
915 3540 1101 3588 nostro
1128 3533 1301 3589 ofﬁcio
1329 3537 1585 3605 Oportuit,
1638 3520 1731 3593 ac,

106 3627 293 3688 potest
311 3617 536 3687 iuvante
563 3622 809 3688 Domino,
837 3632 892 3678 et
916 3624 1145 3680 sollicite
1188 3634 1244 3680 et
1286 3625 1519 3683 libenter
1544 3642 1702 3684 exsc-

106 3710 357 3779 quimur,
394 3723 453 3766 ut
480 3712 775 3781 Evangelio
802 3724 856 3769 et
899 3715 1450 3786 irreprehensiliiliter
1498 3721 1701 3775 servias

109 3815 259 3874 mus,
306 3815 375 3853 ne
404 3816 499 3869 per
547 3802 807 3879 desidiam
857 3813 1097 3877 nostram
1145 3806 1254 3860 ulla
1290 3822 1419 3876 pars
1448 3808 1702 3864 Ecclesia:

108 3889 398 3945 catholica:
446 3892 695 3974 neglecta
740 3894 1009 3961 videatur.
1073 3896 1303 3966 Propter
1366 3901 1507 3969 quod
1561 3901 1702 3963 sicut

105 3980 369 4057 omnibus
409 3992 594 4063 nolunt
625 3992 728 4063 est,
758 4000 862 4051 non
908 3986 1089 4042 destiti
1128 3987 1397 4055 laborare,
1443 4000 1500 4045 ut
1530 3991 1702 4052 mani-

107 4069 311 4124 festata
352 4079 517 4140 atque
552 4059 779 4128 defensa
806 4073 1195 4131 incarnationis
1236 4078 1526 4134 Dominicze
1555 4081 1729 4139 veri-7

108 4168 269 4224 tate,
327 4161 505 4218 omnis
571 4161 909 4228 fraternitas,
966 4153 1094 4236 quid
1156 4168 1353 4239 ubique
1406 4172 1699 4226 secundum

106 4249 420 4305 doctrinam
459 4252 831 4321 apostolicam,
883 4264 937 4310 et
984 4257 1270 4311 tenendum
1301 4267 1355 4313 et
1401 4260 1699 4317 docendum

105 4345 278 4404 esset,
304 4349 645 4408 agnosceret,
671 4342 963 4399 accedente
990 4343 1507 4416 gloriosissimorum
1549 4349 1700 4418 prin-

105 4428 296 4496 cipum
326 4428 504 4484 studio
526 4428 788 4487 divinitus
816 4432 1098 4502 inspirato,
1129 4444 1187 4490 ut
1214 4437 1266 4490 in
1291 4439 1510 4493 civitate
1532 4438 1691 4494 Chal-

104 4522 407 4577 cedonensi
442 4525 649 4595 synodo
690 4537 1033 4598 congregata,
1066 4529 1319 4585 haeretica
1350 4531 1697 4587 damnaretur

107 4613 387 4683 impietas,
440 4630 508 4669 ne
561 4615 645 4670 vel
689 4617 973 4688 quisquam
1028 4629 1265 4675 sectator
1312 4620 1566 4687 Nestorii,
1609 4623 1692 4678 vel

106 4705 255 4762 ullus
281 4705 574 4777 discipulus
600 4707 844 4789 Eutichis
872 4709 1097 4769 liberum
1129 4715 1296 4782 possit
1321 4729 1443 4769 cum
1469 4715 1697 4771 catholi-

106 4792 193 4852 cis
228 4797 432 4853 habere
461 4800 816 4873 consortium,
861 4817 1007 4867 cum,
1047 4805 1189 4873 quod
1217 4805 1284 4860 ad
1310 4805 1479 4871 sancti
1510 4807 1694 4861 conci-

106 4886 163 4941 lii
212 4890 597 4956 auctoritatem
629 4892 887 4960 pertinet,
918 4893 1065 4948 nulla
1105 4910 1331 4965 usquam
1373 4899 1698 4953 remanserit

108 4976 404 5033 discordia.
447 4978 503 5034 Si
540 4982 631 5050 qui
661 4991 841 5038 autem
868 4998 963 5040 sua
993 4986 1349 5045 obduratione
1372 4991 1577 5056 caecati,
1621 4991 1695 5046 ita

110 5069 164 5123 in
204 5070 426 5140 reprobi
455 5087 648 5129 sensus
678 5076 969 5142 amentiam
1001 5078 1360 5145 transierunt,
1387 5093 1448 5136 ut
1478 5082 1700 5137 mallent

112 5159 301 5217 furere
331 5178 493 5233 quam
527 5166 731 5231 sanari,
756 5166 822 5221 ad
850 5168 1183 5237 imperialem
1210 5170 1439 5238 pertinet
1464 5181 1699 5241 potesta-

113 5260 247 5313 tem,
285 5261 344 5305 ut
371 5254 776 5322 perturbatorcs
803 5255 1057 5325 Ecclesiae
1088 5258 1256 5328 pacis,
1287 5268 1343 5323 et
1369 5258 1696 5331 reipublicm,

113 5358 238 5411 qnze
276 5342 606 5400 Christianis
650 5347 982 5417 principibus
1029 5350 1225 5417 merito
1260 5350 1545 5421 gloriatur,
1598 5353 1699 5407 ini-

116 5434 245 5489 mici
275 5434 560 5491 sollicitius
587 5438 1032 5510 comprimantur.
1077 5439 1149 5496 Ut
1196 5451 1373 5496 autem
1408 5441 1712 5511 imperialis.

117 5534 221 5591 est,
274 5534 336 5582 ut
381 5526 633 5592 diximus,
677 5537 997 5598 potestatis,
1039 5529 1300 5586 tumultus
1343 5532 1588 5602 publicos
1636 5548 1699 5588 ac

120 5621 415 5677 seditiones
456 5623 751 5694 sacrilegas
784 5623 1024 5680 severius
1048 5639 1318 5690 coercere,
1350 5626 1423 5680 ita
1467 5626 1702 5681 auctori-

123 5714 249 5770 tatis
277 5723 363 5769 est
406 5716 759 5771 sacerdotalis
789 5716 1066 5771 monachis
1094 5716 1417 5787 praedicandi
1466 5716 1697 5786 aliquam

124 5788 310 5880 contra
336 5788 493 5860 fidem
518 5806 788 5862 licentiam
827 5823 930 5863 non
956 5809 1219 5879 praebere,
1256 5816 1308 5861 et
1330 5808 1474 5862 omni
1516 5808 1699 5862 virtuti

1807 1900 1933 1949 sunt
1981 1891 2193 1953 solatia.
2228 1891 2501 1960 Quantum
2535 1894 2680 1950 enim
2726 1892 2951 1949 meliora
3003 1893 3072 1948 de
3102 1892 3234 1963 ipsis
3264 1899 3393 1948 sunt

1804 1981 2031 2045 credita,
2088 1992 2294 2038 tantum
2345 1994 2475 2039 sunt
2517 1984 2751 2055 amplius
2791 1983 3115 2049 detestandi,
3160 1995 3392 2054 quorum

1806 2087 1949 2129 nunc
1997 2074 2249 2145 impietas
2298 2090 2417 2146 qua:
2463 2091 2561 2147 per
2615 2076 2941 2148 hypocrisim
2992 2074 3168 2131 fuerat
3211 2074 3391 2130 velata

1806 2164 2091 2236 detegitur.
2119 2164 2187 2220 Et
2210 2166 2475 2236 ideoagat
2500 2164 2997 2221 Christianissimus
3022 2172 3077 2219 et
3109 2164 3392 2236 piissimus

1806 2257 2118 2327 imperator,
2150 2257 2292 2326 quod
2324 2257 2442 2328 paci
2472 2255 2854 2312 ecclesiastica:
2874 2254 3125 2326 intelligit
3146 2252 3391 2325 profutu-

1804 2362 1944 2402 rum.
1984 2345 2156 2413 Quem
2187 2362 2419 2417 superna
2471 2346 2827 2417 inspiratione
2877 2345 2954 2400 ita
2998 2343 3378 2400 instruendum

1802 2452 1942 2503 esse,
1975 2436 2205 2503 confide,
2240 2448 2302 2491 ut
2327 2447 2384 2493 et
2409 2437 2689 2508 disciplina
2728 2436 3001 2508 inquietos
3027 2450 3307 2501 revocare,
3335 2443 3392 2489 et

1805 2544 1835 2581 a
1919 2526 2181 2597 sanguine
2252 2542 2439 2582 eorum
2506 2525 2694 2596 jubeat
2779 2526 3079 2591 abstineri,
3137 2526 3390 2596 quamvis

1803 2617 1881 2672 nil
1908 2616 2171 2672 ultionum
2216 2633 2324 2673 non
2365 2625 2678 2673 mereantur
2707 2617 2909 2682 subire,
2959 2617 3051 2688 qui
3101 2616 3218 2672 ausi
3263 2624 3392 2670 sunt

1802 2718 1857 2765 et
1909 2708 2106 2766 divinis
2153 2717 2208 2763 et
2260 2708 2508 2763 humanis
2555 2707 3026 2763 constitutionibus
3070 2719 3388 2778 repugnare.

2110 2797 2354 2857 XXXIX.
2379 2829 2450 2839 —
2480 2798 2560 2852 Ad
2592 2798 2921 2852 Eudochiam
2945 2798 3084 2868 Aug.

1872 2889 1984 2946 Leo
2037 2889 2330 2949 Eunaeum:
2387 2891 2644 2961 Augustae
2703 2890 2770 2944 de
2838 2887 3142 2944 Palaestinis
3198 2900 3391 2942 mona-

1808 2981 1946 3039 chis.

1872 3073 2080 3142 Quanta
2114 3075 2247 3131 mihi
2271 3074 2553 3132 catholicae
2579 3091 2707 3132 cura
2738 3076 2809 3132 sit
2844 3075 2991 3140 fidei,
3025 3084 3081 3130 et
3108 3088 3214 3145 qua
3244 3073 3394 3129 solli-
3432 3096 3433 3101 π

1804 3164 2067 3232 citudine,
2092 3165 2144 3219 in
2176 3174 2441 3235 quantum
2467 3165 2723 3220 Dominus
2751 3166 2993 3236 adjuvat,
3029 3164 3228 3219 debeat
3254 3179 3395 3234 pne-

1807 3255 2007 3320 caveri,
2055 3269 2122 3311 ne
2149 3270 2385 3325 unquam
2432 3256 2500 3309 ab
2548 3254 2811 3323 imperitis
2838 3265 2894 3308 et
2928 3253 3107 3323 impiis
3141 3253 3401 3308 veritatis.

1804 3345 2097 3418 Evangelio
2145 3346 2450 3411 resistatur,
2486 3345 2746 3416 pietatem
2788 3353 3030 3400 vestram
3087 3343 3230 3398 scire
3280 3358 3388 3397 non

1804 3436 2010 3493 dubito.
2043 3437 2110 3501 Et
2133 3438 2255 3494 ideo
2283 3454 2406 3494 cum
2433 3437 2776 3493 salutationis
2802 3438 3001 3502 oﬁicio,
3045 3453 3152 3507 quo
3177 3451 3392 3507 semper

1803 3528 1945 3595 mihi,
1980 3537 2064 3586 est
2102 3531 2309 3585 oranda
2354 3530 2665 3595 clementia,
2698 3530 2930 3586 obsecro
2975 3530 3286 3595 Dominum,
3330 3537 3393 3583 ut

1801 3634 1890 3676 me
1920 3629 2067 3676 tuam
2094 3620 2522 3685 incolumitatem
2549 3620 2603 3675 in
2634 3635 2797 3675 causa
2844 3618 2989 3685 fidei,
3038 3620 3093 3673 in
3121 3634 3230 3688 quo
3259 3634 3395 3688 quo-

1806 3713 2052 3767 rumdam
2080 3712 2416 3783 provinciam
2457 3713 2601 3768 intra
2626 3711 2968 3767 Palaestinam
3000 3711 3405 3765 monachorum

1801 3808 2016 3864 fuerant
2060 3808 2223 3864 corda
2256 3807 2492 3871 turbata,
2523 3807 2697 3877 magis
2725 3806 3006 3877 magisque
3042 3803 3207 3859 faciat
3237 3801 3390 3871 adju-

1799 3912 1950 3964 vare,
1979 3907 2039 3953 ut
2066 3906 2273 3953 tantum
2300 3899 2445 3969 quod
2475 3897 2692 3969 pietatis
2715 3905 2821 3951 tuae
2845 3896 3025 3951 studio
3046 3893 3162 3949 ﬁeri
3185 3901 3385 3964 potest,

1801 3990 2072 4046 haeretica;
2128 3990 2470 4060 perversitati
2521 3988 2701 4045 omnis
2762 3986 2958 4042 fiducia
3014 3985 3401 4050 subtrahatur.

1801 4085 1947 4153 Quos
1976 4083 2120 4140 enim
2149 4099 2251 4139 nec
2292 4084 2432 4139 ratio
2460 4088 2949 4143 sacramentorum,
2973 4093 3073 4134 nec
3096 4075 3392 4132 auctoritas

1800 4174 2145 4244 scriptorum,
2172 4173 2415 4243 necipsa
2448 4181 2787 4231 sacratorum
2812 4170 3052 4226 locorum
3083 4168 3401 4225 testimonia.

1800 4264 2238 4333 commovebant,
2288 4264 2417 4333 quid
2465 4263 2546 4323 eis
2593 4262 2710 4318 nisi
2745 4261 3034 4331 abruptum
3085 4259 3388 4330 periculum

1802 4356 2127 4429 timeretur?
2153 4355 2332 4419 Prosit
2356 4370 2491 4425 ergo.
2513 4354 2759 4411 ecclesiis
2801 4353 2967 4417 sicut,
3008 4344 3225 4407 favente
3254 4350 3388 4413 Deo,

1801 4455 1853 4502 et
1880 4446 2123 4516 prodest,
2161 4454 2217 4500 ct
2258 4447 2430 4516 prosit
2456 4446 2641 4516 generi
2688 4447 2945 4509 humano.
2984 4443 3037 4498 in
3082 4441 3265 4496 verbis
3292 4437 3389 4492 Dei

1800 4547 2034 4594 vostram
2063 4537 2137 4593 ibi
2170 4552 2292 4593 esse
2316 4537 2671 4601 voluntatem,
2703 4536 2791 4592 ubi
2832 4535 3118 4591 Dominum
3144 4538 3388 4585 nostrum

1798 4628 1980 4683 Jesnm
2008 4626 2283 4683 Christum
2316 4626 2470 4681 vobis
2499 4626 2644 4683 sicut
2670 4625 2841 4680 Deum
2865 4636 3075 4686 verum,
3108 4629 3165 4674 et
3198 4631 3388 4671 verum

1799 4733 2014 4789 quoque
2048 4717 2321 4772 hominem
2353 4717 2407 4771 in
2443 4717 2651 4771 unitate
2680 4727 2945 4786 personas,
2972 4720 3027 4768 et
3058 4707 3385 4766 mirabilium

1793 4806 2017 4876 judicia,
2047 4815 2101 4860 et
2124 4805 2437 4881 passionum
2464 4805 2801 4861 documenta.
2831 4802 3143 4871 loquuntur.
3177 4796 3233 4852 Si
3256 4810 3388 4863 ergo

1791 4894 2034 4966 praedicti
2076 4910 2270 4950 nomen
2301 4894 2627 4950 catholicum
2650 4901 2980 4956 venerantur
3039 4898 3095 4945 et
3131 4888 3383 4958 diligunt,

1795 4988 2024 5059 et'inter
2053 4986 2262 5049 Domini
2293 5001 2489 5056 corpus
2519 5000 2579 5041 se
2595 4984 2784 5053 volunt
2815 4981 3056 5049 membra
3091 4976 3384 5041 nominari,

1794 5095 1989 5151 pravos
2038 5093 2255 5135 errores
2302 5093 2437 5147 quos
2488 5086 2691 5139 temere
2734 5075 3067 5131 admiserant
3109 5073 3383 5126 detesten-

1798 5180 1908 5235 tur,
1963 5179 2018 5224 et
2052 5177 2214 5240 agant
2258 5169 2633 5239 pwnitentiam
2684 5166 2972 5237 impiarum
3020 5161 3384 5233 blasphemiav

1803 5277 1945 5326 rum,
1962 5261 2125 5330 202
2137 5270 2592 5330 cruentorutnque
2608 5258 2893 5313 factorum.
2916 5254 3278 5310 Succumhant
3291 5264 3388 5319 pro

1766 5340 1771 5343 ’
1804 5353 1977 5427 salute
1996 5340 2297 5406 animarum
2325 5367 2544 5407 suarum
2568 5350 2919 5422 synodalibus
2943 5364 3062 5418 qua:
3089 5348 3140 5400 iu
3168 5344 3387 5399 civitate

1810 5442 2387 5507 Chalcedonensisunt
2411 5439 2731 5504 confirmata
2763 5440 3015 5495 decretis.
3054 5437 3120 5491 Et
3161 5434 3284 5503 quia
3319 5429 3386 5485 ad

1805 5533 2207 5605 intelligendum
2256 5542 2655 5592 sacramentum
2715 5532 2906 5586 salutis
2965 5532 3233 5588 humanae,
3281 5519 3384 5578 nisi

1807 5627 1941 5684 fides
1960 5642 2107 5690 vera,
2135 5635 2189 5681 et
2218 5625 2497 5680 humilitas
2518 5626 2701 5694 quieta
2729 5640 2833 5679 non
2873 5620 3135 5693 pervenit.
3165 5615 3401 5679 credant

1807 5720 1861 5773 in
1906 5719 2217 5788 Evangelio,
2240 5717 2384 5789 quod
2415 5717 2745 5773 conﬁtentur
2773 5719 2824 5771 in
2866 5711 3130 5786 symbolo,
3161 5723 3258 5764 nec
3286 5706 3383 5767 im_-
3423 5744 3427 5748 μ

1807 5810 1912 5880 piis
1941 5802 2678 5879 dogmatibusmisceantur.
2724 5807 2881 5861 Fides
2928 5804 3067 5858 enim
3118 5795 3401 5869 catholica“
