  <div class='ocr_page' id='page_1' title='image "/cluster/home/n/w/nwhite01/storage/ocr_20150623/130/hvd.32044015471717/439.png"; bbox 0 0 3968 6478; ppageno 0'>
   <div class='ocr_carea' id='block_1_1' title="bbox 601 327 711 387">
    <p class='ocr_par' dir='ltr' id='par_1_1' title="bbox 601 327 711 387">
     <span class='ocr_line' id='line_1_1' title="bbox 601 327 711 387; baseline -0.018 0"><span class='ocrx_word' id='word_1_1' title='bbox 601 327 711 387; x_wconf 69' lang='grc'><strong>819</strong></span> 
     </span>
    </p>
   </div>
   <div class='ocr_carea' id='block_1_2' title="bbox 1364 337 3836 399">
    <p class='ocr_par' dir='ltr' id='par_1_2' title="bbox 1364 337 3836 399">
     <span class='ocr_line' id='line_1_2' title="bbox 1364 337 3836 399; baseline -0.001 -2"><span class='ocrx_word' id='word_1_2' title='bbox 1364 338 1646 397; x_wconf 71' lang='lat' dir='ltr'><strong>APPEND.</strong></span> <span class='ocrx_word' id='word_1_3' title='bbox 1687 338 1779 395; x_wconf 78' lang='lat' dir='ltr'><strong>AD</strong></span> <span class='ocrx_word' id='word_1_4' title='bbox 1817 338 1992 395; x_wconf 61' lang='lat' dir='ltr'><strong>SEC.</strong></span> <span class='ocrx_word' id='word_1_5' title='bbox 2022 338 2112 392; x_wconf 76' lang='grc' dir='ltr'><strong>ιχ.</strong></span> <span class='ocrx_word' id='word_1_6' title='bbox 2154 367 2223 378; x_wconf 84' lang='lat'><strong>—-—</strong></span> <span class='ocrx_word' id='word_1_7' title='bbox 2262 337 2506 397; x_wconf 79' lang='lat' dir='ltr'><strong>lSlDORl</strong></span> <span class='ocrx_word' id='word_1_8' title='bbox 2542 340 2980 399; x_wconf 74' lang='lat' dir='ltr'><strong>MERCATORiS</strong></span> <span class='ocrx_word' id='word_1_9' title='bbox 3760 346 3836 395; x_wconf 64' lang='lat'><strong>810</strong></span> 
     </span>
    </p>
   </div>
   <div class='ocr_carea' id='block_1_3' title="bbox 607 436 3834 520">
    <p class='ocr_par' dir='ltr' id='par_1_3' title="bbox 607 436 3834 520">
     <span class='ocr_line' id='line_1_3' title="bbox 607 436 3834 520; baseline 0.002 -20"><span class='ocrx_word' id='word_1_10' title='bbox 607 442 749 500; x_wconf 64' lang='lat' dir='ltr'><strong>sicut</strong></span> <span class='ocrx_word' id='word_1_11' title='bbox 785 441 1008 499; x_wconf 88' lang='lat' dir='ltr'><strong>damnat</strong></span> <span class='ocrx_word' id='word_1_12' title='bbox 1037 443 1341 502; x_wconf 85' lang='lat' dir='ltr'><strong>Nestorium</strong></span> <span class='ocrx_word' id='word_1_13' title='bbox 1367 448 1460 519; x_wconf 88' lang='lat' dir='ltr'><strong>qui</strong></span> <span class='ocrx_word' id='word_1_14' title='bbox 1501 451 1555 505; x_wconf 91' lang='lat' dir='ltr'><strong>in</strong></span> <span class='ocrx_word' id='word_1_15' title='bbox 1595 464 1702 505; x_wconf 92' lang='lat' dir='ltr'><strong>uno</strong></span> <span class='ocrx_word' id='word_1_16' title='bbox 1748 449 1975 504; x_wconf 90' lang='lat' dir='ltr'><strong>Domino</strong></span> <span class='ocrx_word' id='word_1_17' title='bbox 2001 454 2186 503; x_wconf 87' lang='lat' dir='ltr'><strong>nostro</strong></span> <span class='ocrx_word' id='word_1_18' title='bbox 2214 450 2265 507; x_wconf 82' lang='grc' dir='ltr'>Α</span> <span class='ocrx_word' id='word_1_19' title='bbox 2289 445 2487 502; x_wconf 88' lang='lat' dir='ltr'><strong>multos</strong></span> <span class='ocrx_word' id='word_1_20' title='bbox 2520 446 2722 504; x_wconf 82' lang='lat' dir='ltr'><strong>Christi</strong></span> <span class='ocrx_word' id='word_1_21' title='bbox 2775 447 2999 520; x_wconf 79' lang='lat' dir='ltr'><strong>populos</strong></span> <span class='ocrx_word' id='word_1_22' title='bbox 3027 436 3521 511; x_wconf 62' lang='lat' dir='ltr'><strong>conturbat-erant,</strong></span> <span class='ocrx_word' id='word_1_23' title='bbox 3561 446 3834 519; x_wconf 78' lang='lat' dir='ltr'><strong>disserendi,</strong></span> 
     </span>
    </p>
   </div>
   <div class='ocr_carea' id='block_1_4' title="bbox 604 529 2185 611">
    <p class='ocr_par' dir='ltr' id='par_1_4' title="bbox 604 529 2185 611">
     <span class='ocr_line' id='line_1_4' title="bbox 604 529 2185 611; baseline 0.004 -25"><span class='ocrx_word' id='word_1_24' title='bbox 604 529 733 587; x_wconf 84' lang='lat' dir='ltr'><strong>Jesu</strong></span> <span class='ocrx_word' id='word_1_25' title='bbox 762 531 978 591; x_wconf 89' lang='lat' dir='ltr'><strong>Christo</strong></span> <span class='ocrx_word' id='word_1_26' title='bbox 1005 535 1141 592; x_wconf 89' lang='lat' dir='ltr'><strong>duas</strong></span> <span class='ocrx_word' id='word_1_27' title='bbox 1173 553 1339 594; x_wconf 89' lang='lat' dir='ltr'><strong>ausus</strong></span> <span class='ocrx_word' id='word_1_28' title='bbox 1358 548 1443 594; x_wconf 89' lang='lat' dir='ltr'><strong>est</strong></span> <span class='ocrx_word' id='word_1_29' title='bbox 1466 540 1765 611; x_wconf 69' lang='lat' dir='ltr'><strong>prtedicare</strong></span> <span class='ocrx_word' id='word_1_30' title='bbox 1791 555 2071 611; x_wconf 80' lang='lat' dir='ltr'><strong>personas,</strong></span> <span class='ocrx_word' id='word_1_31' title='bbox 2109 538 2185 593; x_wconf 88' lang='lat' dir='ltr'><strong>ita</strong></span> 
     </span>
    </p>
   </div>
   <div class='ocr_carea' id='block_1_5' title="bbox 606 620 2188 702">
    <p class='ocr_par' dir='ltr' id='par_1_5' title="bbox 606 620 2188 702">
     <span class='ocr_line' id='line_1_5' title="bbox 606 620 2188 702; baseline 0.006 -26"><span class='ocrx_word' id='word_1_32' title='bbox 606 620 828 678; x_wconf 80' lang='lat' dir='ltr'><strong>damnat</strong></span> <span class='ocrx_word' id='word_1_33' title='bbox 859 625 1023 680; x_wconf 88' lang='lat' dir='ltr'><strong>etiam</strong></span> <span class='ocrx_word' id='word_1_34' title='bbox 1057 626 1321 683; x_wconf 85' lang='lat' dir='ltr'><strong>Eutichen</strong></span> <span class='ocrx_word' id='word_1_35' title='bbox 1352 644 1475 685; x_wconf 92' lang='lat' dir='ltr'><strong>cum</strong></span> <span class='ocrx_word' id='word_1_36' title='bbox 1500 630 1772 693; x_wconf 92' lang='lat' dir='ltr'><strong>Dioscoro,</strong></span> <span class='ocrx_word' id='word_1_37' title='bbox 1797 630 1941 702; x_wconf 90' lang='lat' dir='ltr'><strong>quod</strong></span> <span class='ocrx_word' id='word_1_38' title='bbox 1969 629 2038 686; x_wconf 86' lang='lat' dir='ltr'><strong>ab</strong></span> <span class='ocrx_word' id='word_1_39' title='bbox 2068 630 2188 685; x_wconf 90' lang='lat' dir='ltr'><strong>uni-</strong></span> 
     </span>
    </p>
   </div>
   <div class='ocr_carea' id='block_1_6' title="bbox 605 713 2189 793">
    <p class='ocr_par' dir='ltr' id='par_1_6' title="bbox 605 713 2189 793">
     <span class='ocr_line' id='line_1_6' title="bbox 605 713 2189 793; baseline 0.006 -26"><span class='ocrx_word' id='word_1_40' title='bbox 605 713 791 783; x_wconf 80' lang='lat' dir='ltr'><strong>genito</strong></span> <span class='ocrx_word' id='word_1_41' title='bbox 822 714 915 769; x_wconf 89' lang='lat' dir='ltr'><strong>Dei</strong></span> <span class='ocrx_word' id='word_1_42' title='bbox 945 716 1123 773; x_wconf 92' lang='lat' dir='ltr'><strong>Verbo</strong></span> <span class='ocrx_word' id='word_1_43' title='bbox 1146 727 1343 789; x_wconf 73' lang='lat' dir='ltr'><strong>negant</strong></span> <span class='ocrx_word' id='word_1_44' title='bbox 1364 721 1417 775; x_wconf 88' lang='lat' dir='ltr'><strong>in</strong></span> <span class='ocrx_word' id='word_1_45' title='bbox 1438 729 1595 777; x_wconf 90' lang='lat' dir='ltr'><strong>utero</strong></span> <span class='ocrx_word' id='word_1_46' title='bbox 1621 721 1859 793; x_wconf 81' lang='lat' dir='ltr'><strong>Virginis</strong></span> <span class='ocrx_word' id='word_1_47' title='bbox 1886 721 2077 777; x_wconf 89' lang='lat' dir='ltr'><strong>matris</strong></span> <span class='ocrx_word' id='word_1_48' title='bbox 2098 736 2189 777; x_wconf 86' lang='lat' dir='ltr'><strong>ve-</strong></span> 
     </span>
    </p>
   </div>
   <div class='ocr_carea' id='block_1_7' title="bbox 603 804 2185 884">
    <p class='ocr_par' dir='ltr' id='par_1_7' title="bbox 603 804 2185 884">
     <span class='ocr_line' id='line_1_7' title="bbox 603 804 2185 884; baseline 0.008 -26"><span class='ocrx_word' id='word_1_49' title='bbox 603 804 822 861; x_wconf 87' lang='lat' dir='ltr'><strong>ritatem</strong></span> <span class='ocrx_word' id='word_1_50' title='bbox 851 809 1032 865; x_wconf 88' lang='lat' dir='ltr'><strong>carnis</strong></span> <span class='ocrx_word' id='word_1_51' title='bbox 1080 810 1330 868; x_wconf 65' lang='lat' dir='ltr'><strong>humanae</strong></span> <span class='ocrx_word' id='word_1_52' title='bbox 1371 824 1703 884; x_wconf 89' lang='lat' dir='ltr'><strong>susceptam.</strong></span> <span class='ocrx_word' id='word_1_53' title='bbox 1757 813 1813 868; x_wconf 90' lang='lat' dir='ltr'><strong>Si</strong></span> <span class='ocrx_word' id='word_1_54' title='bbox 1849 814 1977 884; x_wconf 90' lang='lat' dir='ltr'><strong>quid</strong></span> <span class='ocrx_word' id='word_1_55' title='bbox 2006 822 2185 871; x_wconf 87' lang='lat' dir='ltr'><strong>autem</strong></span> 
     </span>
    </p>
   </div>
   <div class='ocr_carea' id='block_1_8' title="bbox 605 897 2187 965">
    <p class='ocr_par' dir='ltr' id='par_1_8' title="bbox 605 897 2187 965">
     <span class='ocr_line' id='line_1_8' title="bbox 605 897 2187 965; baseline 0.009 -18"><span class='ocrx_word' id='word_1_56' title='bbox 605 904 734 965; x_wconf 83' lang='lat' dir='ltr'><strong>erga</strong></span> <span class='ocrx_word' id='word_1_57' title='bbox 796 897 1176 964; x_wconf 73' lang='lat' dir='ltr'><strong>praedictorum</strong></span> <span class='ocrx_word' id='word_1_58' title='bbox 1227 905 1635 960; x_wconf 83' lang='lat' dir='ltr'><strong>conversionem</strong></span> <span class='ocrx_word' id='word_1_59' title='bbox 1669 907 1976 961; x_wconf 73' lang='lat' dir='ltr'><strong>exhortatio</strong></span> <span class='ocrx_word' id='word_1_60' title='bbox 2007 916 2187 962; x_wconf 86' lang='lat' dir='ltr'><strong>vestra</strong></span> 
     </span>
    </p>
   </div>
   <div class='ocr_carea' id='block_1_9' title="bbox 605 985 2186 1069">
    <p class='ocr_par' dir='ltr' id='par_1_9' title="bbox 605 985 2186 1069">
     <span class='ocr_line' id='line_1_9' title="bbox 605 985 2186 1069; baseline 0.009 -30"><span class='ocrx_word' id='word_1_61' title='bbox 605 985 918 1063; x_wconf 80' lang='lat' dir='ltr'><strong>profecerit,</strong></span> <span class='ocrx_word' id='word_1_62' title='bbox 947 991 1089 1061; x_wconf 88' lang='lat' dir='ltr'><strong>quod</strong></span> <span class='ocrx_word' id='word_1_63' title='bbox 1134 992 1361 1065; x_wconf 75' lang='lat' dir='ltr'><strong>gloriam</strong></span> <span class='ocrx_word' id='word_1_64' title='bbox 1410 996 1567 1052; x_wconf 82' lang='lat' dir='ltr'><strong>vobis</strong></span> <span class='ocrx_word' id='word_1_65' title='bbox 1593 998 1871 1069; x_wconf 64' lang='lat' dir='ltr'><strong>praestabit</strong></span> <span class='ocrx_word' id='word_1_66' title='bbox 1903 1009 2186 1066; x_wconf 77' lang='lat' dir='ltr'><strong>:eternam,</strong></span> 
     </span>
    </p>
   </div>
   <div class='ocr_carea' id='block_1_10' title="bbox 609 1078 2189 1157">
    <p class='ocr_par' dir='ltr' id='par_1_10' title="bbox 609 1078 2189 1157">
     <span class='ocr_line' id='line_1_10' title="bbox 609 1078 2189 1157; baseline 0.011 -29"><span class='ocrx_word' id='word_1_67' title='bbox 609 1086 731 1145; x_wconf 86' lang='lat' dir='ltr'><strong>peto</strong></span> <span class='ocrx_word' id='word_1_68' title='bbox 755 1078 858 1134; x_wconf 92' lang='lat' dir='ltr'><strong>hoc</strong></span> <span class='ocrx_word' id='word_1_69' title='bbox 887 1081 1017 1136; x_wconf 90' lang='lat' dir='ltr'><strong>mihi</strong></span> <span class='ocrx_word' id='word_1_70' title='bbox 1048 1083 1345 1143; x_wconf 68' lang='lat' dir='ltr'><strong>clementia:</strong></span> <span class='ocrx_word' id='word_1_71' title='bbox 1373 1096 1567 1143; x_wconf 71' lang='lat' dir='ltr'><strong>vestra:</strong></span> <span class='ocrx_word' id='word_1_72' title='bbox 1594 1089 1791 1145; x_wconf 85' lang='lat' dir='ltr'><strong>litteris</strong></span> <span class='ocrx_word' id='word_1_73' title='bbox 1828 1090 2097 1157; x_wconf 85' lang='lat' dir='ltr'><strong>indicetis,</strong></span> <span class='ocrx_word' id='word_1_74' title='bbox 2127 1100 2189 1145; x_wconf 89' lang='lat' dir='ltr'><strong>ut</strong></span> 
     </span>
    </p>
   </div>
   <div class='ocr_carea' id='block_1_11' title="bbox 605 1167 2185 1250">
    <p class='ocr_par' dir='ltr' id='par_1_11' title="bbox 605 1167 2185 1250">
     <span class='ocr_line' id='line_1_11' title="bbox 605 1167 2185 1250; baseline 0.012 -32"><span class='ocrx_word' id='word_1_75' title='bbox 605 1174 662 1220; x_wconf 89' lang='lat' dir='ltr'><strong>et</strong></span> <span class='ocrx_word' id='word_1_76' title='bbox 707 1167 760 1220; x_wconf 90' lang='lat' dir='ltr'><strong>in</strong></span> <span class='ocrx_word' id='word_1_77' title='bbox 802 1168 953 1227; x_wconf 80' lang='lat' dir='ltr'><strong>vobis</strong></span> <span class='ocrx_word' id='word_1_78' title='bbox 995 1171 1120 1229; x_wconf 91' lang='lat' dir='ltr'><strong>boni</strong></span> <span class='ocrx_word' id='word_1_79' title='bbox 1152 1177 1334 1245; x_wconf 80' lang='lat' dir='ltr'><strong>operis</strong></span> <span class='ocrx_word' id='word_1_80' title='bbox 1380 1176 1640 1240; x_wconf 90' lang='lat' dir='ltr'><strong>fructum,</strong></span> <span class='ocrx_word' id='word_1_81' title='bbox 1667 1190 1724 1234; x_wconf 90' lang='lat' dir='ltr'><strong>et</strong></span> <span class='ocrx_word' id='word_1_82' title='bbox 1774 1180 1882 1235; x_wconf 89' lang='lat' dir='ltr'><strong>illis</strong></span> <span class='ocrx_word' id='word_1_83' title='bbox 1921 1182 2185 1250; x_wconf 77' lang='lat' dir='ltr'><strong>gaudeam</strong></span> 
     </span>
    </p>
   </div>
   <div class='ocr_carea' id='block_1_12' title="bbox 606 1258 2188 1341">
    <p class='ocr_par' dir='ltr' id='par_1_12' title="bbox 606 1258 2188 1341">
     <span class='ocr_line' id='line_1_12' title="bbox 606 1258 2188 1341; baseline 0.012 -30"><span class='ocrx_word' id='word_1_84' title='bbox 606 1258 1033 1319; x_wconf 86' lang='lat' dir='ltr'><strong>misericordiam</strong></span> <span class='ocrx_word' id='word_1_85' title='bbox 1086 1266 1294 1324; x_wconf 84' lang='lat' dir='ltr'><strong>Domini</strong></span> <span class='ocrx_word' id='word_1_86' title='bbox 1333 1285 1439 1325; x_wconf 93' lang='lat' dir='ltr'><strong>non</strong></span> <span class='ocrx_word' id='word_1_87' title='bbox 1492 1271 1738 1341; x_wconf 89' lang='lat' dir='ltr'><strong>periisse.</strong></span> <span class='ocrx_word' id='word_1_88' title='bbox 1775 1272 1910 1328; x_wconf 89' lang='lat' dir='ltr'><strong>Data</strong></span> <span class='ocrx_word' id='word_1_89' title='bbox 1958 1275 2188 1341; x_wconf 86' lang='lat' dir='ltr'><strong>septimo</strong></span> 
     </span>
    </p>
   </div>
   <div class='ocr_carea' id='block_1_13' title="bbox 606 1346 2076 1430">
    <p class='ocr_par' dir='ltr' id='par_1_13' title="bbox 606 1346 2076 1430">
     <span class='ocr_line' id='line_1_13' title="bbox 606 1346 2076 1430; baseline 0.014 -26"><span class='ocrx_word' id='word_1_90' title='bbox 606 1346 878 1409; x_wconf 81' lang='lat' dir='ltr'><strong>Kalendas</strong></span> <span class='ocrx_word' id='word_1_91' title='bbox 900 1353 1048 1423; x_wconf 79' lang='lat' dir='ltr'><strong>Julii,</strong></span> <span class='ocrx_word' id='word_1_92' title='bbox 1081 1357 1329 1430; x_wconf 88' lang='lat' dir='ltr'><strong>Opilione</strong></span> <span class='ocrx_word' id='word_1_93' title='bbox 1355 1363 1471 1417; x_wconf 91' lang='lat' dir='ltr'><strong>viro</strong></span> <span class='ocrx_word' id='word_1_94' title='bbox 1501 1362 1804 1420; x_wconf 90' lang='lat' dir='ltr'><strong>clarissimo</strong></span> <span class='ocrx_word' id='word_1_95' title='bbox 1836 1368 2076 1425; x_wconf 83' lang='lat' dir='ltr'><strong>consule.</strong></span> 
     </span>
    </p>
   </div>
   <div class='ocr_carea' id='block_1_14' title="bbox 958 1448 1831 1530">
    <p class='ocr_par' dir='ltr' id='par_1_14' title="bbox 958 1448 1831 1530">
     <span class='ocr_line' id='line_1_14' title="bbox 958 1448 1831 1530; baseline 0.013 -27"><span class='ocrx_word' id='word_1_96' title='bbox 958 1448 1076 1504; x_wconf 80' lang='lat' dir='ltr'><strong>XL.</strong></span> <span class='ocrx_word' id='word_1_97' title='bbox 1098 1482 1169 1493; x_wconf 89' lang='lat'>-</span> <span class='ocrx_word' id='word_1_98' title='bbox 1188 1453 1426 1524; x_wconf 78' lang='lat' dir='ltr'><strong>Epistula</strong></span> <span class='ocrx_word' id='word_1_99' title='bbox 1448 1456 1637 1516; x_wconf 70' lang='lat' dir='ltr'><strong>Leonis</strong></span> <span class='ocrx_word' id='word_1_100' title='bbox 1659 1475 1831 1530; x_wconf 68' lang='lat' dir='ltr'><strong>paper.</strong></span> 
     </span>
    </p>
   </div>
   <div class='ocr_carea' id='block_1_15' title="bbox 677 1531 2186 1608">
    <p class='ocr_par' dir='ltr' id='par_1_15' title="bbox 677 1531 2186 1608">
     <span class='ocr_line' id='line_1_15' title="bbox 677 1531 2186 1608; baseline 0.015 -22"><span class='ocrx_word' id='word_1_101' title='bbox 677 1531 1143 1604; x_wconf 87' lang='lat' dir='ltr'><strong>Frcquentissime</strong></span> <span class='ocrx_word' id='word_1_102' title='bbox 1173 1544 1515 1604; x_wconf 82' lang='lat' dir='ltr'><strong>dilectionem</strong></span> <span class='ocrx_word' id='word_1_103' title='bbox 1544 1557 1689 1607; x_wconf 85' lang='lat' dir='ltr'><strong>tuam</strong></span> <span class='ocrx_word' id='word_1_104' title='bbox 1721 1551 1788 1606; x_wconf 91' lang='lat' dir='ltr'><strong>ad</strong></span> <span class='ocrx_word' id='word_1_105' title='bbox 1816 1551 1957 1607; x_wconf 87' lang='lat' dir='ltr'><strong>hanc</strong></span> <span class='ocrx_word' id='word_1_106' title='bbox 1999 1567 2186 1608; x_wconf 89' lang='lat' dir='ltr'><strong>curam</strong></span> 
     </span>
    </p>
   </div>
   <div class='ocr_carea' id='block_1_16' title="bbox 604 1624 2189 1706">
    <p class='ocr_par' dir='ltr' id='par_1_16' title="bbox 604 1624 2189 1706">
     <span class='ocr_line' id='line_1_16' title="bbox 604 1624 2189 1706; baseline 0.016 -30"><span class='ocrx_word' id='word_1_107' title='bbox 604 1630 662 1677; x_wconf 90' lang='lat' dir='ltr'><strong>et</strong></span> <span class='ocrx_word' id='word_1_108' title='bbox 684 1624 1015 1697; x_wconf 82' lang='lat' dir='ltr'><strong>diligentiam</strong></span> <span class='ocrx_word' id='word_1_109' title='bbox 1044 1635 1180 1690; x_wconf 86' lang='lat' dir='ltr'><strong>meis</strong></span> <span class='ocrx_word' id='word_1_110' title='bbox 1194 1653 1314 1691; x_wconf 92' lang='lat' dir='ltr'><strong>sum</strong></span> <span class='ocrx_word' id='word_1_111' title='bbox 1340 1638 1536 1695; x_wconf 85' lang='lat' dir='ltr'><strong>litteris</strong></span> <span class='ocrx_word' id='word_1_112' title='bbox 1565 1642 1899 1706; x_wconf 83' lang='lat' dir='ltr'><strong>cohortatus,</strong></span> <span class='ocrx_word' id='word_1_113' title='bbox 1928 1652 1988 1697; x_wconf 92' lang='lat' dir='ltr'><strong>ttt</strong></span> <span class='ocrx_word' id='word_1_114' title='bbox 2010 1645 2077 1699; x_wconf 90' lang='lat' dir='ltr'><strong>de</strong></span> <span class='ocrx_word' id='word_1_115' title='bbox 2102 1645 2189 1701; x_wconf 87' lang='lat' dir='ltr'><strong>bis</strong></span> 
     </span>
    </p>
   </div>
   <div class='ocr_carea' id='block_1_17' title="bbox 605 1718 2187 1796">
    <p class='ocr_par' dir='ltr' id='par_1_17' title="bbox 605 1718 2187 1796">
     <span class='ocr_line' id='line_1_17' title="bbox 605 1718 2187 1796; baseline 0.016 -30"><span class='ocrx_word' id='word_1_116' title='bbox 605 1730 727 1783; x_wconf 72' lang='lat' dir='ltr'><strong>qua:</strong></span> <span class='ocrx_word' id='word_1_117' title='bbox 748 1718 893 1775; x_wconf 88' lang='lat' dir='ltr'><strong>circa</strong></span> <span class='ocrx_word' id='word_1_118' title='bbox 922 1720 1079 1778; x_wconf 79' lang='lat' dir='ltr'><strong>fidem</strong></span> <span class='ocrx_word' id='word_1_119' title='bbox 1102 1736 1353 1796; x_wconf 87' lang='lat' dir='ltr'><strong>aguntur,</strong></span> <span class='ocrx_word' id='word_1_120' title='bbox 1387 1730 1805 1787; x_wconf 81' lang='lat' dir='ltr'><strong>sollicitudinem</strong></span> <span class='ocrx_word' id='word_1_121' title='bbox 1834 1728 2009 1789; x_wconf 80' lang='lat' dir='ltr'><strong>meam</strong></span> <span class='ocrx_word' id='word_1_122' title='bbox 2035 1735 2187 1791; x_wconf 89' lang='lat' dir='ltr'><strong>inde-</strong></span> 
     </span>
    </p>
   </div>
   <div class='ocr_carea' id='block_1_18' title="bbox 2287 536 3837 612">
    <p class='ocr_par' dir='ltr' id='par_1_18' title="bbox 2287 536 3837 612">
     <span class='ocr_line' id='line_1_18' title="bbox 2287 536 3837 612; baseline 0.002 -21"><span class='ocrx_word' id='word_1_123' title='bbox 2287 545 2343 591; x_wconf 91' lang='lat' dir='ltr'><strong>et</strong></span> <span class='ocrx_word' id='word_1_124' title='bbox 2362 536 2801 596; x_wconf 75' lang='lat' dir='ltr'><strong>clementissimis</strong></span> <span class='ocrx_word' id='word_1_125' title='bbox 2834 539 3191 611; x_wconf 80' lang='lat' dir='ltr'><strong>principibus,</strong></span> <span class='ocrx_word' id='word_1_126' title='bbox 3219 550 3278 595; x_wconf 92' lang='lat' dir='ltr'><strong>et</strong></span> <span class='ocrx_word' id='word_1_127' title='bbox 3304 547 3508 595; x_wconf 87' lang='lat' dir='ltr'><strong>sancto</strong></span> <span class='ocrx_word' id='word_1_128' title='bbox 3538 538 3747 594; x_wconf 83' lang='lat' dir='ltr'><strong>concilio</strong></span> <span class='ocrx_word' id='word_1_129' title='bbox 3769 556 3837 612; x_wconf 70' lang='lat' dir='ltr'><strong>sy-</strong></span> 
     </span>
    </p>
   </div>
   <div class='ocr_carea' id='block_1_19' title="bbox 2250 628 3835 704">
    <p class='ocr_par' dir='ltr' id='par_1_19' title="bbox 2250 628 3835 704">
     <span class='ocr_line' id='line_1_19' title="bbox 2250 628 3835 704; baseline 0.002 -20"><span class='ocrx_word' id='word_1_130' title='bbox 2250 628 2262 641; x_wconf 86' lang='lat'><strong><em>&#39;</em></strong></span> <span class='ocrx_word' id='word_1_131' title='bbox 2287 630 2490 693; x_wconf 87' lang='lat' dir='ltr'><strong>nodali,</strong></span> <span class='ocrx_word' id='word_1_132' title='bbox 2517 641 2571 686; x_wconf 92' lang='lat' dir='ltr'><strong>et</strong></span> <span class='ocrx_word' id='word_1_133' title='bbox 2598 630 3205 704; x_wconf 67' lang='lat' dir='ltr'><strong>Constantinopolitanae</strong></span> <span class='ocrx_word' id='word_1_134' title='bbox 3227 631 3505 687; x_wconf 77' lang='lat' dir='ltr'><strong>Ecclesize</strong></span> <span class='ocrx_word' id='word_1_135' title='bbox 3532 632 3654 700; x_wconf 90' lang='lat' dir='ltr'><strong>quid</strong></span> <span class='ocrx_word' id='word_1_136' title='bbox 3684 632 3741 687; x_wconf 87' lang='lat' dir='ltr'><strong>de</strong></span> <span class='ocrx_word' id='word_1_137' title='bbox 3776 633 3835 687; x_wconf 52' lang='lat' dir='ltr'><strong>in.</strong></span> 
     </span>
    </p>
   </div>
   <div class='ocr_carea' id='block_1_20' title="bbox 2287 721 3834 795">
    <p class='ocr_par' dir='ltr' id='par_1_20' title="bbox 2287 721 3834 795">
     <span class='ocr_line' id='line_1_20' title="bbox 2287 721 3834 795; baseline 0.003 -21"><span class='ocrx_word' id='word_1_138' title='bbox 2287 735 2348 775; x_wconf 90' lang='lat' dir='ltr'><strong>ca</strong></span> <span class='ocrx_word' id='word_1_139' title='bbox 2357 722 2602 776; x_wconf 88' lang='lat' dir='ltr'><strong>rnatione</strong></span> <span class='ocrx_word' id='word_1_140' title='bbox 2615 721 2775 777; x_wconf 78' lang='lat' dir='ltr'><strong>Verbi</strong></span> <span class='ocrx_word' id='word_1_141' title='bbox 2802 725 3094 779; x_wconf 87' lang='lat' dir='ltr'><strong>secundum</strong></span> <span class='ocrx_word' id='word_1_142' title='bbox 3111 723 3493 795; x_wconf 85' lang='lat' dir='ltr'><strong>evangelicam</strong></span> <span class='ocrx_word' id='word_1_143' title='bbox 3515 723 3834 793; x_wconf 74' lang='lat' dir='ltr'><strong>apostolicam-</strong></span> 
     </span>
    </p>
   </div>
   <div class='ocr_carea' id='block_1_21' title="bbox 2286 812 3836 886">
    <p class='ocr_par' dir='ltr' id='par_1_21' title="bbox 2286 812 3836 886">
     <span class='ocr_line' id='line_1_21' title="bbox 2286 812 3836 886; baseline 0.005 -22"><span class='ocrx_word' id='word_1_144' title='bbox 2286 827 2393 885; x_wconf 88' lang='lat' dir='ltr'><strong>qtte</strong></span> <span class='ocrx_word' id='word_1_145' title='bbox 2431 812 2736 869; x_wconf 82' lang='lat' dir='ltr'><strong>doctrinam</strong></span> <span class='ocrx_word' id='word_1_146' title='bbox 2775 816 3095 871; x_wconf 84' lang='lat' dir='ltr'><strong>deberemus</strong></span> <span class='ocrx_word' id='word_1_147' title='bbox 3144 830 3348 886; x_wconf 87' lang='lat' dir='ltr'><strong>sapere</strong></span> <span class='ocrx_word' id='word_1_148' title='bbox 3400 830 3471 869; x_wconf 90' lang='lat' dir='ltr'><strong>ac</strong></span> <span class='ocrx_word' id='word_1_149' title='bbox 3501 817 3693 869; x_wconf 83' lang='lat' dir='ltr'><strong>sentire</strong></span> <span class='ocrx_word' id='word_1_150' title='bbox 3724 826 3836 885; x_wconf 79' lang='lat' dir='ltr'><strong>pate-</strong></span> 
     </span>
    </p>
   </div>
   <div class='ocr_carea' id='block_1_22' title="bbox 2287 903 3834 970">
    <p class='ocr_par' dir='ltr' id='par_1_22' title="bbox 2287 903 3834 970">
     <span class='ocr_line' id='line_1_22' title="bbox 2287 903 3834 970; baseline 0.003 -12"><span class='ocrx_word' id='word_1_151' title='bbox 2287 903 2312 958; x_wconf 87' lang='lat' dir='ltr'><strong>f</strong></span> <span class='ocrx_word' id='word_1_152' title='bbox 2341 905 2410 970; x_wconf 92' lang='lat' dir='ltr'><strong>ci,</strong></span> <span class='ocrx_word' id='word_1_153' title='bbox 2453 916 2508 960; x_wconf 91' lang='lat' dir='ltr'><strong>et</strong></span> <span class='ocrx_word' id='word_1_154' title='bbox 2558 906 2609 960; x_wconf 92' lang='lat' dir='ltr'><strong>in</strong></span> <span class='ocrx_word' id='word_1_155' title='bbox 2647 905 2792 960; x_wconf 89' lang='lat' dir='ltr'><strong>nttllo</strong></span> <span class='ocrx_word' id='word_1_156' title='bbox 2840 922 2868 961; x_wconf 94' lang='lat' dir='ltr'><strong>a</strong></span> <span class='ocrx_word' id='word_1_157' title='bbox 2914 918 3223 964; x_wconf 88' lang='lat' dir='ltr'><strong>sanctorum</strong></span> <span class='ocrx_word' id='word_1_158' title='bbox 3275 907 3516 967; x_wconf 86' lang='lat' dir='ltr'><strong>Patrum</strong></span> <span class='ocrx_word' id='word_1_159' title='bbox 3553 904 3834 963; x_wconf 82' lang='lat' dir='ltr'><strong>confessione</strong></span> 
     </span>
    </p>
   </div>
   <div class='ocr_carea' id='block_1_23' title="bbox 2286 995 3833 1069">
    <p class='ocr_par' dir='ltr' id='par_1_23' title="bbox 2286 995 3833 1069">
     <span class='ocr_line' id='line_1_23' title="bbox 2286 995 3833 1069; baseline 0.001 -19"><span class='ocrx_word' id='word_1_160' title='bbox 2286 995 2535 1063; x_wconf 84' lang='lat' dir='ltr'><strong>discessi,</strong></span> <span class='ocrx_word' id='word_1_161' title='bbox 2559 998 2684 1067; x_wconf 84' lang='lat' dir='ltr'><strong>quia</strong></span> <span class='ocrx_word' id='word_1_162' title='bbox 2712 1014 2814 1053; x_wconf 92' lang='lat' dir='ltr'><strong>una</strong></span> <span class='ocrx_word' id='word_1_163' title='bbox 2839 1007 2940 1066; x_wconf 92' lang='lat' dir='ltr'><strong>est,</strong></span> <span class='ocrx_word' id='word_1_164' title='bbox 2973 1014 3122 1065; x_wconf 88' lang='lat' dir='ltr'><strong>vera,</strong></span> <span class='ocrx_word' id='word_1_165' title='bbox 3156 999 3488 1069; x_wconf 78' lang='lat' dir='ltr'><strong>singularis,</strong></span> <span class='ocrx_word' id='word_1_166' title='bbox 3508 997 3748 1069; x_wconf 87' lang='lat' dir='ltr'><strong>perfecta,</strong></span> <span class='ocrx_word' id='word_1_167' title='bbox 3773 1000 3833 1052; x_wconf 83' lang='lat' dir='ltr'><strong>in-</strong></span> 
     </span>
    </p>
   </div>
   <div class='ocr_carea' id='block_1_24' title="bbox 2288 1088 3832 1158">
    <p class='ocr_par' dir='ltr' id='par_1_24' title="bbox 2288 1088 3832 1158">
     <span class='ocr_line' id='line_1_24' title="bbox 2288 1088 3832 1158; baseline 0.004 -16"><span class='ocrx_word' id='word_1_168' title='bbox 2288 1088 2554 1143; x_wconf 83' lang='lat' dir='ltr'><strong>violabilis</strong></span> <span class='ocrx_word' id='word_1_169' title='bbox 2596 1091 2860 1148; x_wconf 89' lang='lat' dir='ltr'><strong>catholica</strong></span> <span class='ocrx_word' id='word_1_170' title='bbox 2900 1092 3055 1158; x_wconf 80' lang='lat' dir='ltr'><strong>fides,</strong></span> <span class='ocrx_word' id='word_1_171' title='bbox 3082 1094 3169 1148; x_wconf 85' lang='lat' dir='ltr'><strong>cui</strong></span> <span class='ocrx_word' id='word_1_172' title='bbox 3202 1092 3346 1150; x_wconf 86' lang='lat' dir='ltr'><strong>nihil</strong></span> <span class='ocrx_word' id='word_1_173' title='bbox 3390 1093 3539 1156; x_wconf 88' lang='lat' dir='ltr'><strong>addi,</strong></span> <span class='ocrx_word' id='word_1_174' title='bbox 3574 1107 3669 1147; x_wconf 89' lang='lat' dir='ltr'><strong>nec</strong></span> <span class='ocrx_word' id='word_1_175' title='bbox 3708 1093 3832 1148; x_wconf 85' lang='lat' dir='ltr'><strong>minui</strong></span> 
     </span>
    </p>
   </div>
   <div class='ocr_carea' id='block_1_25' title="bbox 2285 1179 3836 1254">
    <p class='ocr_par' dir='ltr' id='par_1_25' title="bbox 2285 1179 3836 1254">
     <span class='ocr_line' id='line_1_25' title="bbox 2285 1179 3836 1254; baseline 0.003 -22"><span class='ocrx_word' id='word_1_176' title='bbox 2285 1186 2481 1248; x_wconf 85' lang='lat' dir='ltr'><strong>potest.</strong></span> <span class='ocrx_word' id='word_1_177' title='bbox 2510 1180 2683 1247; x_wconf 90' lang='lat' dir='ltr'><strong>Quam</strong></span> <span class='ocrx_word' id='word_1_178' title='bbox 2716 1179 2999 1238; x_wconf 89' lang='lat' dir='ltr'><strong>Nestorius</strong></span> <span class='ocrx_word' id='word_1_179' title='bbox 3030 1184 3203 1254; x_wconf 86' lang='lat' dir='ltr'><strong>prius,</strong></span> <span class='ocrx_word' id='word_1_180' title='bbox 3233 1194 3292 1239; x_wconf 90' lang='lat' dir='ltr'><strong>et</strong></span> <span class='ocrx_word' id='word_1_181' title='bbox 3340 1199 3497 1238; x_wconf 88' lang='lat' dir='ltr'><strong>nunc</strong></span> <span class='ocrx_word' id='word_1_182' title='bbox 3528 1183 3760 1238; x_wconf 80' lang='lat' dir='ltr'><strong>Eutiches</strong></span> <span class='ocrx_word' id='word_1_183' title='bbox 3777 1184 3836 1237; x_wconf 64' lang='lat' dir='ltr'><strong>dio</strong></span> 
     </span>
    </p>
   </div>
   <div class='ocr_carea' id='block_1_26' title="bbox 2287 1272 3829 1345">
    <p class='ocr_par' dir='ltr' id='par_1_26' title="bbox 2287 1272 3829 1345">
     <span class='ocr_line' id='line_1_26' title="bbox 2287 1272 3829 1345; baseline 0.005 -24"><span class='ocrx_word' id='word_1_184' title='bbox 2287 1283 2451 1324; x_wconf 85' lang='lat' dir='ltr'><strong>versa</strong></span> <span class='ocrx_word' id='word_1_185' title='bbox 2473 1272 2688 1341; x_wconf 89' lang='lat' dir='ltr'><strong>quidem</strong></span> <span class='ocrx_word' id='word_1_186' title='bbox 2713 1275 3033 1338; x_wconf 56' lang='lat' dir='ltr'><strong>assertione,</strong></span> <span class='ocrx_word' id='word_1_187' title='bbox 3067 1276 3159 1330; x_wconf 86' lang='lat' dir='ltr'><strong>sed</strong></span> <span class='ocrx_word' id='word_1_188' title='bbox 3188 1275 3362 1336; x_wconf 86' lang='lat' dir='ltr'><strong>simili</strong></span> <span class='ocrx_word' id='word_1_189' title='bbox 3404 1275 3679 1345; x_wconf 81' lang='lat' dir='ltr'><strong>impietate</strong></span> <span class='ocrx_word' id='word_1_190' title='bbox 3701 1275 3829 1345; x_wconf 72' lang='lat' dir='ltr'><strong>impu-</strong></span> 
     </span>
    </p>
   </div>
   <div class='ocr_carea' id='block_1_27' title="bbox 2285 1364 3833 1431">
    <p class='ocr_par' dir='ltr' id='par_1_27' title="bbox 2285 1364 3833 1431">
     <span class='ocr_line' id='line_1_27' title="bbox 2285 1364 3833 1431; baseline 0.005 -18"><span class='ocrx_word' id='word_1_191' title='bbox 2285 1375 2455 1431; x_wconf 87' lang='lat' dir='ltr'><strong>gnare</strong></span> <span class='ocrx_word' id='word_1_192' title='bbox 2498 1364 2675 1417; x_wconf 90' lang='lat' dir='ltr'><strong>conati</strong></span> <span class='ocrx_word' id='word_1_193' title='bbox 2709 1374 2855 1430; x_wconf 89' lang='lat' dir='ltr'><strong>sunt,</strong></span> <span class='ocrx_word' id='word_1_194' title='bbox 2902 1374 2957 1419; x_wconf 90' lang='lat' dir='ltr'><strong>et</strong></span> <span class='ocrx_word' id='word_1_195' title='bbox 3004 1366 3262 1422; x_wconf 66' lang='lat' dir='ltr'><strong>Ecclesiae</strong></span> <span class='ocrx_word' id='word_1_196' title='bbox 3308 1366 3412 1422; x_wconf 88' lang='lat' dir='ltr'><strong>Dei</strong></span> <span class='ocrx_word' id='word_1_197' title='bbox 3461 1366 3609 1420; x_wconf 85' lang='lat' dir='ltr'><strong>duas</strong></span> <span class='ocrx_word' id='word_1_198' title='bbox 3652 1365 3833 1420; x_wconf 64' lang='lat' dir='ltr'><strong>lintreses</strong></span> 
     </span>
    </p>
   </div>
   <div class='ocr_carea' id='block_1_28' title="bbox 2287 1448 3828 1523">
    <p class='ocr_par' dir='ltr' id='par_1_28' title="bbox 2287 1448 3828 1523">
     <span class='ocr_line' id='line_1_28' title="bbox 2287 1448 3828 1523; baseline 0.004 -20"><span class='ocrx_word' id='word_1_199' title='bbox 2287 1448 2506 1505; x_wconf 87' lang='lat' dir='ltr'><strong>sibimet</strong></span> <span class='ocrx_word' id='word_1_200' title='bbox 2535 1454 2841 1516; x_wconf 79' lang='lat' dir='ltr'><strong>contrarias</strong></span> <span class='ocrx_word' id='word_1_201' title='bbox 2883 1455 3086 1510; x_wconf 81' lang='lat' dir='ltr'><strong>inferre</strong></span> <span class='ocrx_word' id='word_1_202' title='bbox 3125 1464 3440 1520; x_wconf 88' lang='lat' dir='ltr'><strong>tentarunt,</strong></span> <span class='ocrx_word' id='word_1_203' title='bbox 3478 1463 3543 1508; x_wconf 89' lang='lat' dir='ltr'><strong>ut.-</strong></span> <span class='ocrx_word' id='word_1_204' title='bbox 3579 1462 3770 1523; x_wconf 87' lang='lat' dir='ltr'><strong>uterque</strong></span> <span class='ocrx_word' id='word_1_205' title='bbox 3807 1470 3828 1509; x_wconf 70' lang='grc' dir='ltr'><strong><em>ι</em></strong></span> 
     </span>
    </p>
   </div>
   <div class='ocr_carea' id='block_1_29' title="bbox 2288 1539 3828 1612">
    <p class='ocr_par' dir='ltr' id='par_1_29' title="bbox 2288 1539 3828 1612">
     <span class='ocr_line' id='line_1_29' title="bbox 2288 1539 3828 1612; baseline 0.003 -19"><span class='ocrx_word' id='word_1_206' title='bbox 2288 1539 2568 1610; x_wconf 91' lang='lat' dir='ltr'><strong>discipulis</strong></span> <span class='ocrx_word' id='word_1_207' title='bbox 2591 1543 2836 1597; x_wconf 75' lang='lat' dir='ltr'><strong>veritatis</strong></span> <span class='ocrx_word' id='word_1_208' title='bbox 2863 1545 3057 1599; x_wconf 88' lang='lat' dir='ltr'><strong>merito</strong></span> <span class='ocrx_word' id='word_1_209' title='bbox 3085 1544 3470 1607; x_wconf 89' lang='lat' dir='ltr'><strong>damnaretur,</strong></span> <span class='ocrx_word' id='word_1_210' title='bbox 3496 1543 3617 1612; x_wconf 88' lang='lat' dir='ltr'><strong>quia</strong></span> <span class='ocrx_word' id='word_1_211' title='bbox 3638 1543 3828 1597; x_wconf 83' lang='lat' dir='ltr'><strong>insanum</strong></span> 
     </span>
    </p>
   </div>
   <div class='ocr_carea' id='block_1_30' title="bbox 2288 1628 3828 1706">
    <p class='ocr_par' dir='ltr' id='par_1_30' title="bbox 2288 1628 3828 1706">
     <span class='ocr_line' id='line_1_30' title="bbox 2288 1628 3828 1706; baseline 0.003 -23"><span class='ocrx_word' id='word_1_212' title='bbox 2288 1628 2451 1685; x_wconf 89' lang='lat' dir='ltr'><strong>nimis</strong></span> <span class='ocrx_word' id='word_1_213' title='bbox 2477 1638 2533 1685; x_wconf 89' lang='lat' dir='ltr'><strong>et</strong></span> <span class='ocrx_word' id='word_1_214' title='bbox 2579 1631 2899 1704; x_wconf 80' lang='lat' dir='ltr'><strong>sacrilegum</strong></span> <span class='ocrx_word' id='word_1_215' title='bbox 2936 1632 3038 1688; x_wconf 89' lang='lat' dir='ltr'><strong>fuit</strong></span> <span class='ocrx_word' id='word_1_216' title='bbox 3073 1634 3217 1706; x_wconf 92' lang='lat' dir='ltr'><strong>quod</strong></span> <span class='ocrx_word' id='word_1_217' title='bbox 3247 1633 3412 1688; x_wconf 85' lang='lat' dir='ltr'><strong>varia</strong></span> <span class='ocrx_word' id='word_1_218' title='bbox 3453 1631 3681 1687; x_wconf 76' lang='lat' dir='ltr'><strong>falsitate</strong></span> <span class='ocrx_word' id='word_1_219' title='bbox 3715 1630 3828 1687; x_wconf 87' lang='lat' dir='ltr'><strong>ambo</strong></span> 
     </span>
    </p>
   </div>
   <div class='ocr_carea' id='block_1_31' title="bbox 2290 1735 2534 1778">
    <p class='ocr_par' dir='ltr' id='par_1_31' title="bbox 2290 1735 2534 1778">
     <span class='ocr_line' id='line_1_31' title="bbox 2290 1735 2534 1778; baseline -0.004 0"><span class='ocrx_word' id='word_1_220' title='bbox 2290 1735 2534 1778; x_wconf 85' lang='lat' dir='ltr'><strong>sensere.</strong></span> 
     </span>
    </p>
   </div>
   <div class='ocr_carea' id='block_1_32' title="bbox 603 1802 3825 1886">
    <p class='ocr_par' dir='ltr' id='par_1_32' title="bbox 603 1802 3825 1886">
     <span class='ocr_line' id='line_1_32' title="bbox 603 1802 3825 1886; baseline 0.002 -28"><span class='ocrx_word' id='word_1_221' title='bbox 603 1802 851 1862; x_wconf 89' lang='lat' dir='ltr'><strong>sinenter</strong></span> <span class='ocrx_word' id='word_1_222' title='bbox 890 1810 1208 1882; x_wconf 84' lang='lat' dir='ltr'><strong>instrueres,</strong></span> <span class='ocrx_word' id='word_1_223' title='bbox 1260 1827 1315 1873; x_wconf 90' lang='lat' dir='ltr'><strong>et</strong></span> <span class='ocrx_word' id='word_1_224' title='bbox 1356 1835 1480 1876; x_wconf 90' lang='lat' dir='ltr'><strong>cum</strong></span> <span class='ocrx_word' id='word_1_225' title='bbox 1527 1821 1778 1878; x_wconf 90' lang='lat' dir='ltr'><strong>omnibus</strong></span> <span class='ocrx_word' id='word_1_226' title='bbox 1815 1823 2191 1880; x_wconf 88' lang='lat' dir='ltr'><strong>occasionibus</strong></span> <span class='ocrx_word' id='word_1_227' title='bbox 2223 1804 2267 1863; x_wconf 73' lang='grc' dir='ltr'><strong>Β</strong></span> <span class='ocrx_word' id='word_1_228' title='bbox 2364 1812 2868 1877; x_wconf 68' lang='lat' dir='ltr'><strong>Anatbemalizetur</strong></span> <span class='ocrx_word' id='word_1_229' title='bbox 2892 1830 3021 1885; x_wconf 79' lang='lat' dir='ltr'><strong>ergo</strong></span> <span class='ocrx_word' id='word_1_230' title='bbox 3047 1813 3339 1873; x_wconf 82' lang='lat' dir='ltr'><strong>Nestorius</strong></span> <span class='ocrx_word' id='word_1_231' title='bbox 3370 1813 3469 1886; x_wconf 89' lang='lat' dir='ltr'><strong>qui</strong></span> <span class='ocrx_word' id='word_1_232' title='bbox 3492 1814 3697 1868; x_wconf 86' lang='lat' dir='ltr'><strong>beatam</strong></span> <span class='ocrx_word' id='word_1_233' title='bbox 3718 1812 3825 1881; x_wconf 77' lang='lat' dir='ltr'><strong>virgi-</strong></span> 
     </span>
    </p>
   </div>
   <div class='ocr_carea' id='block_1_33' title="bbox 602 1897 2192 1985">
    <p class='ocr_par' dir='ltr' id='par_1_33' title="bbox 602 1897 2192 1985">
     <span class='ocr_line' id='line_1_33' title="bbox 602 1897 2192 1985; baseline 0.014 -35"><span class='ocrx_word' id='word_1_234' title='bbox 602 1897 846 1955; x_wconf 83' lang='lat' dir='ltr'><strong>scribere</strong></span> <span class='ocrx_word' id='word_1_235' title='bbox 900 1920 1007 1960; x_wconf 91' lang='lat' dir='ltr'><strong>non</strong></span> <span class='ocrx_word' id='word_1_236' title='bbox 1036 1909 1328 1976; x_wconf 88' lang='lat' dir='ltr'><strong>quiescam.</strong></span> <span class='ocrx_word' id='word_1_237' title='bbox 1365 1911 1695 1979; x_wconf 84' lang='lat' dir='ltr'><strong>Quibusdam</strong></span> <span class='ocrx_word' id='word_1_238' title='bbox 1742 1922 1921 1970; x_wconf 90' lang='lat' dir='ltr'><strong>tamen</strong></span> <span class='ocrx_word' id='word_1_239' title='bbox 1972 1917 2192 1985; x_wconf 88' lang='lat' dir='ltr'><strong>scriptis</strong></span> 
     </span>
    </p>
   </div>
   <div class='ocr_carea' id='block_1_34' title="bbox 603 1987 2188 2072">
    <p class='ocr_par' dir='ltr' id='par_1_34' title="bbox 603 1987 2188 2072">
     <span class='ocr_line' id='line_1_34' title="bbox 603 1987 2188 2072; baseline 0.013 -31"><span class='ocrx_word' id='word_1_240' title='bbox 603 1987 741 2045; x_wconf 89' lang='lat' dir='ltr'><strong>meis</strong></span> <span class='ocrx_word' id='word_1_241' title='bbox 764 1991 903 2047; x_wconf 88' lang='lat' dir='ltr'><strong>ident</strong></span> <span class='ocrx_word' id='word_1_242' title='bbox 927 2010 1023 2065; x_wconf 90' lang='lat' dir='ltr'><strong>per</strong></span> <span class='ocrx_word' id='word_1_243' title='bbox 1048 1997 1215 2054; x_wconf 69' lang='lat' dir='ltr'><strong>ﬁlium</strong></span> <span class='ocrx_word' id='word_1_244' title='bbox 1240 2010 1484 2057; x_wconf 89' lang='lat' dir='ltr'><strong>nostrum</strong></span> <span class='ocrx_word' id='word_1_245' title='bbox 1511 2003 1796 2059; x_wconf 82' lang='lat' dir='ltr'><strong>Rodanum</strong></span> <span class='ocrx_word' id='word_1_246' title='bbox 1830 2006 2188 2072; x_wconf 87' lang='lat' dir='ltr'><strong>domesticum</strong></span> 
     </span>
    </p>
   </div>
   <div class='ocr_carea' id='block_1_35' title="bbox 604 2076 2189 2163">
    <p class='ocr_par' dir='ltr' id='par_1_35' title="bbox 604 2076 2189 2163">
     <span class='ocr_line' id='line_1_35' title="bbox 604 2076 2189 2163; baseline 0.012 -31"><span class='ocrx_word' id='word_1_247' title='bbox 604 2076 699 2134; x_wconf 81' lang='lat' dir='ltr'><strong>filii</strong></span> <span class='ocrx_word' id='word_1_248' title='bbox 749 2085 923 2140; x_wconf 90' lang='lat' dir='ltr'><strong>nostri</strong></span> <span class='ocrx_word' id='word_1_249' title='bbox 961 2087 1064 2142; x_wconf 91' lang='lat' dir='ltr'><strong>viri</strong></span> <span class='ocrx_word' id='word_1_250' title='bbox 1112 2089 1458 2148; x_wconf 85' lang='lat' dir='ltr'><strong>illustrissimi</strong></span> <span class='ocrx_word' id='word_1_251' title='bbox 1494 2094 1753 2163; x_wconf 80' lang='lat' dir='ltr'><strong>Aspiratii</strong></span> <span class='ocrx_word' id='word_1_252' title='bbox 1778 2095 1939 2161; x_wconf 89' lang='lat' dir='ltr'><strong>datis,</strong></span> <span class='ocrx_word' id='word_1_253' title='bbox 1984 2096 2189 2152; x_wconf 80' lang='lat' dir='ltr'><strong>nullum</strong></span> 
     </span>
    </p>
   </div>
   <div class='ocr_carea' id='block_1_36' title="bbox 605 2178 2192 2254">
    <p class='ocr_par' dir='ltr' id='par_1_36' title="bbox 605 2178 2192 2254">
     <span class='ocr_line' id='line_1_36' title="bbox 605 2178 2192 2254; baseline 0.009 -29"><span class='ocrx_word' id='word_1_254' title='bbox 605 2184 925 2242; x_wconf 86' lang='lat' dir='ltr'><strong>responsum</strong></span> <span class='ocrx_word' id='word_1_255' title='bbox 974 2184 1078 2233; x_wconf 68' lang='lat' dir='ltr'><strong>tute</strong></span> <span class='ocrx_word' id='word_1_256' title='bbox 1110 2178 1468 2236; x_wconf 79' lang='lat' dir='ltr'><strong>fraternitatis</strong></span> <span class='ocrx_word' id='word_1_257' title='bbox 1514 2183 1719 2253; x_wconf 85' lang='lat' dir='ltr'><strong>accepi,</strong></span> <span class='ocrx_word' id='word_1_258' title='bbox 1747 2193 2001 2254; x_wconf 89' lang='lat' dir='ltr'><strong>tanquam</strong></span> <span class='ocrx_word' id='word_1_259' title='bbox 2052 2187 2192 2241; x_wconf 89' lang='lat' dir='ltr'><strong>ratio</strong></span> 
     </span>
    </p>
   </div>
   <div class='ocr_carea' id='block_1_37' title="bbox 605 2266 2192 2345">
    <p class='ocr_par' dir='ltr' id='par_1_37' title="bbox 605 2266 2192 2345">
     <span class='ocr_line' id='line_1_37' title="bbox 605 2266 2192 2345; baseline 0.012 -33"><span class='ocrx_word' id='word_1_260' title='bbox 605 2266 867 2332; x_wconf 90' lang='lat' dir='ltr'><strong>temporis</strong></span> <span class='ocrx_word' id='word_1_261' title='bbox 898 2281 1004 2320; x_wconf 89' lang='lat' dir='ltr'><strong>non</strong></span> <span class='ocrx_word' id='word_1_262' title='bbox 1031 2267 1304 2337; x_wconf 85' lang='lat' dir='ltr'><strong>habuerit,</strong></span> <span class='ocrx_word' id='word_1_263' title='bbox 1331 2273 1536 2342; x_wconf 87' lang='lat' dir='ltr'><strong>utquid</strong></span> <span class='ocrx_word' id='word_1_264' title='bbox 1569 2282 1694 2343; x_wconf 88' lang='lat' dir='ltr'><strong>post</strong></span> <span class='ocrx_word' id='word_1_265' title='bbox 1738 2289 1855 2328; x_wconf 91' lang='lat' dir='ltr'><strong>mea</strong></span> <span class='ocrx_word' id='word_1_266' title='bbox 1891 2275 2091 2345; x_wconf 88' lang='lat' dir='ltr'><strong>scripta</strong></span> <span class='ocrx_word' id='word_1_267' title='bbox 2121 2276 2192 2331; x_wconf 87' lang='lat' dir='ltr'><strong>sit</strong></span> 
     </span>
    </p>
   </div>
   <div class='ocr_carea' id='block_1_38' title="bbox 604 2361 2188 2437">
    <p class='ocr_par' dir='ltr' id='par_1_38' title="bbox 604 2361 2188 2437">
     <span class='ocr_line' id='line_1_38' title="bbox 604 2361 2188 2437; baseline 0.009 -30"><span class='ocrx_word' id='word_1_268' title='bbox 604 2361 813 2423; x_wconf 79' lang='lat' dir='ltr'><strong>gestum</strong></span> <span class='ocrx_word' id='word_1_269' title='bbox 845 2361 1085 2426; x_wconf 90' lang='lat' dir='ltr'><strong>potueris</strong></span> <span class='ocrx_word' id='word_1_270' title='bbox 1114 2361 1379 2428; x_wconf 89' lang='lat' dir='ltr'><strong>iudicare,</strong></span> <span class='ocrx_word' id='word_1_271' title='bbox 1426 2374 1482 2419; x_wconf 92' lang='lat' dir='ltr'><strong>et</strong></span> <span class='ocrx_word' id='word_1_272' title='bbox 1529 2365 1652 2420; x_wconf 91' lang='lat' dir='ltr'><strong>ideo</strong></span> <span class='ocrx_word' id='word_1_273' title='bbox 1676 2381 1775 2437; x_wconf 88' lang='lat' dir='ltr'><strong>per</strong></span> <span class='ocrx_word' id='word_1_274' title='bbox 1803 2365 1975 2423; x_wconf 78' lang='lat' dir='ltr'><strong>lilium</strong></span> <span class='ocrx_word' id='word_1_275' title='bbox 2011 2384 2188 2423; x_wconf 88' lang='lat' dir='ltr'><strong>meum</strong></span> 
     </span>
    </p>
   </div>
   <div class='ocr_carea' id='block_1_39' title="bbox 606 2441 2190 2529">
    <p class='ocr_par' dir='ltr' id='par_1_39' title="bbox 606 2441 2190 2529">
     <span class='ocr_line' id='line_1_39' title="bbox 606 2441 2190 2529; baseline 0.013 -33"><span class='ocrx_word' id='word_1_276' title='bbox 606 2441 887 2501; x_wconf 77' lang='lat' dir='ltr'><strong>Rodanum</strong></span> <span class='ocrx_word' id='word_1_277' title='bbox 938 2449 1023 2505; x_wconf 91' lang='lat' dir='ltr'><strong>his</strong></span> <span class='ocrx_word' id='word_1_278' title='bbox 1053 2451 1249 2508; x_wconf 86' lang='lat' dir='ltr'><strong>litteris</strong></span> <span class='ocrx_word' id='word_1_279' title='bbox 1291 2446 1575 2520; x_wconf 34' lang='lat' dir='ltr'><strong>saluto,&#39;et</strong></span> <span class='ocrx_word' id='word_1_280' title='bbox 1626 2466 1685 2513; x_wconf 81' lang='grc' dir='ltr'><strong>ιιι</strong></span> <span class='ocrx_word' id='word_1_281' title='bbox 1730 2461 2190 2529; x_wconf 83' lang='lat' dir='ltr'><strong>opportunitatem</strong></span> 
     </span>
    </p>
   </div>
   <div class='ocr_carea' id='block_1_40' title="bbox 605 2537 2197 2620">
    <p class='ocr_par' dir='ltr' id='par_1_40' title="bbox 605 2537 2197 2620">
     <span class='ocr_line' id='line_1_40' title="bbox 605 2537 2197 2620; baseline 0.013 -32"><span class='ocrx_word' id='word_1_282' title='bbox 605 2537 874 2593; x_wconf 85' lang='lat' dir='ltr'><strong>scribendi</strong></span> <span class='ocrx_word' id='word_1_283' title='bbox 903 2556 1007 2597; x_wconf 91' lang='lat' dir='ltr'><strong>non</strong></span> <span class='ocrx_word' id='word_1_284' title='bbox 1038 2543 1299 2615; x_wconf 74' lang='lat' dir='ltr'><strong>negligas,</strong></span> <span class='ocrx_word' id='word_1_285' title='bbox 1337 2546 1390 2602; x_wconf 92' lang='lat' dir='ltr'><strong>in</strong></span> <span class='ocrx_word' id='word_1_286' title='bbox 1427 2564 1534 2619; x_wconf 90' lang='lat' dir='ltr'><strong>quo</strong></span> <span class='ocrx_word' id='word_1_287' title='bbox 1553 2559 1776 2620; x_wconf 90' lang='lat' dir='ltr'><strong>questus</strong></span> <span class='ocrx_word' id='word_1_288' title='bbox 1814 2551 2197 2609; x_wconf 88' lang='lat' dir='ltr'><strong>sollicitudinis</strong></span> 
     </span>
    </p>
   </div>
   <div class='ocr_carea' id='block_1_41' title="bbox 605 2632 2191 2717">
    <p class='ocr_par' dir='ltr' id='par_1_41' title="bbox 605 2632 2191 2717">
     <span class='ocr_line' id='line_1_41' title="bbox 605 2632 2191 2717; baseline 0.012 -35"><span class='ocrx_word' id='word_1_289' title='bbox 605 2643 744 2685; x_wconf 69' lang='lat' dir='ltr'><strong>mete</strong></span> <span class='ocrx_word' id='word_1_290' title='bbox 788 2632 1057 2690; x_wconf 85' lang='lat' dir='ltr'><strong>revelatnr</strong></span> <span class='ocrx_word' id='word_1_291' title='bbox 1085 2638 1370 2696; x_wconf 86' lang='lat' dir='ltr'><strong>admoneo.</strong></span> <span class='ocrx_word' id='word_1_292' title='bbox 1398 2641 1533 2697; x_wconf 89' lang='lat' dir='ltr'><strong>Cum</strong></span> <span class='ocrx_word' id='word_1_293' title='bbox 1561 2644 1705 2698; x_wconf 88' lang='lat' dir='ltr'><strong>enim</strong></span> <span class='ocrx_word' id='word_1_294' title='bbox 1733 2645 1788 2700; x_wconf 91' lang='lat' dir='ltr'><strong>in</strong></span> <span class='ocrx_word' id='word_1_295' title='bbox 1823 2653 1873 2701; x_wconf 91' lang='lat' dir='ltr'><strong>te</strong></span> <span class='ocrx_word' id='word_1_296' title='bbox 1901 2647 2191 2717; x_wconf 89' lang='lat' dir='ltr'><strong>quamdam</strong></span> 
     </span>
    </p>
   </div>
   <div class='ocr_carea' id='block_1_42' title="bbox 606 2720 2191 2805">
    <p class='ocr_par' dir='ltr' id='par_1_42' title="bbox 606 2720 2191 2805">
     <span class='ocr_line' id='line_1_42' title="bbox 606 2720 2191 2805; baseline 0.013 -33"><span class='ocrx_word' id='word_1_297' title='bbox 606 2720 711 2773; x_wconf 89' lang='lat' dir='ltr'><strong>mei</strong></span> <span class='ocrx_word' id='word_1_298' title='bbox 739 2720 1321 2799; x_wconf 81' lang='lat' dir='ltr'><strong>ConstantinOpolitani</strong></span> <span class='ocrx_word' id='word_1_299' title='bbox 1362 2732 1597 2788; x_wconf 82' lang='lat' dir='ltr'><strong>habeant</strong></span> <span class='ocrx_word' id='word_1_300' title='bbox 1616 2735 1938 2804; x_wconf 92' lang='lat' dir='ltr'><strong>portionem,</strong></span> <span class='ocrx_word' id='word_1_301' title='bbox 1971 2737 2191 2805; x_wconf 89' lang='lat' dir='ltr'><strong>dignum</strong></span> 
     </span>
    </p>
   </div>
   <div class='ocr_carea' id='block_1_43' title="bbox 604 2820 2194 2896">
    <p class='ocr_par' dir='ltr' id='par_1_43' title="bbox 604 2820 2194 2896">
     <span class='ocr_line' id='line_1_43' title="bbox 604 2820 2194 2896; baseline 0.011 -31"><span class='ocrx_word' id='word_1_302' title='bbox 604 2825 708 2881; x_wconf 88' lang='lat' dir='ltr'><strong>pro</strong></span> <span class='ocrx_word' id='word_1_303' title='bbox 751 2820 1021 2873; x_wconf 89' lang='lat' dir='ltr'><strong>communi</strong></span> <span class='ocrx_word' id='word_1_304' title='bbox 1075 2821 1313 2878; x_wconf 88' lang='lat' dir='ltr'><strong>amicitia</strong></span> <span class='ocrx_word' id='word_1_305' title='bbox 1346 2835 1450 2888; x_wconf 88' lang='lat' dir='ltr'><strong>est,</strong></span> <span class='ocrx_word' id='word_1_306' title='bbox 1497 2834 1552 2880; x_wconf 89' lang='lat' dir='ltr'><strong>et</strong></span> <span class='ocrx_word' id='word_1_307' title='bbox 1599 2841 1699 2896; x_wconf 91' lang='lat' dir='ltr'><strong>pro</strong></span> <span class='ocrx_word' id='word_1_308' title='bbox 1739 2828 1905 2883; x_wconf 90' lang='lat' dir='ltr'><strong>totius</strong></span> <span class='ocrx_word' id='word_1_309' title='bbox 1940 2826 2194 2885; x_wconf 73' lang='lat' dir='ltr'><strong>Ecclesiae</strong></span> 
     </span>
    </p>
   </div>
   <div class='ocr_carea' id='block_1_44' title="bbox 607 2901 2194 2987">
    <p class='ocr_par' dir='ltr' id='par_1_44' title="bbox 607 2901 2194 2987">
     <span class='ocr_line' id='line_1_44' title="bbox 607 2901 2194 2987; baseline 0.013 -33"><span class='ocrx_word' id='word_1_310' title='bbox 607 2901 919 2972; x_wconf 82' lang='lat' dir='ltr'><strong>dilectione,</strong></span> <span class='ocrx_word' id='word_1_311' title='bbox 950 2908 1257 2965; x_wconf 88' lang='lat' dir='ltr'><strong>incessabili</strong></span> <span class='ocrx_word' id='word_1_312' title='bbox 1287 2920 1339 2967; x_wconf 91' lang='lat' dir='ltr'><strong>te</strong></span> <span class='ocrx_word' id='word_1_313' title='bbox 1379 2914 1563 2985; x_wconf 82' lang='lat' dir='ltr'><strong>vigore</strong></span> <span class='ocrx_word' id='word_1_314' title='bbox 1600 2917 1936 2987; x_wconf 88' lang='lat' dir='ltr'><strong>prospicere,</strong></span> <span class='ocrx_word' id='word_1_315' title='bbox 1968 2931 2037 2973; x_wconf 91' lang='lat' dir='ltr'><strong>ne</strong></span> <span class='ocrx_word' id='word_1_316' title='bbox 2065 2918 2194 2987; x_wconf 89' lang='lat' dir='ltr'><strong>quid</strong></span> 
     </span>
    </p>
   </div>
   <div class='ocr_carea' id='block_1_45' title="bbox 606 2994 2195 3082">
    <p class='ocr_par' dir='ltr' id='par_1_45' title="bbox 606 2994 2195 3082">
     <span class='ocr_line' id='line_1_45' title="bbox 606 2994 2195 3082; baseline 0.013 -35"><span class='ocrx_word' id='word_1_317' title='bbox 606 2994 779 3062; x_wconf 88' lang='lat' dir='ltr'><strong>possit</strong></span> <span class='ocrx_word' id='word_1_318' title='bbox 812 2997 877 3051; x_wconf 90' lang='lat' dir='ltr'><strong>de</strong></span> <span class='ocrx_word' id='word_1_319' title='bbox 919 3006 1064 3055; x_wconf 91' lang='lat' dir='ltr'><strong>statu</strong></span> <span class='ocrx_word' id='word_1_320' title='bbox 1106 3002 1230 3057; x_wconf 86' lang='lat' dir='ltr'><strong>fidei</strong></span> <span class='ocrx_word' id='word_1_321' title='bbox 1273 3019 1358 3059; x_wconf 90' lang='lat' dir='ltr'><strong>me</strong></span> <span class='ocrx_word' id='word_1_322' title='bbox 1384 3005 1571 3062; x_wconf 86' lang='lat' dir='ltr'><strong>latere.</strong></span> <span class='ocrx_word' id='word_1_323' title='bbox 1605 3008 1737 3075; x_wconf 66' lang='lat' dir='ltr'><strong>Quae</strong></span> <span class='ocrx_word' id='word_1_324' title='bbox 1769 3025 1899 3082; x_wconf 86' lang='lat' dir='ltr'><strong>ergo</strong></span> <span class='ocrx_word' id='word_1_325' title='bbox 1922 3025 2021 3081; x_wconf 86' lang='lat' dir='ltr'><strong>per</strong></span> <span class='ocrx_word' id='word_1_326' title='bbox 2057 3026 2195 3082; x_wconf 55' lang='lat' dir='ltr'><strong>prae-</strong></span> 
     </span>
    </p>
   </div>
   <div class='ocr_carea' id='block_1_46' title="bbox 2293 1904 3821 1975">
    <p class='ocr_par' dir='ltr' id='par_1_46' title="bbox 2293 1904 3821 1975">
     <span class='ocr_line' id='line_1_46' title="bbox 2293 1904 3821 1975; baseline -0.003 -15"><span class='ocrx_word' id='word_1_327' title='bbox 2293 1919 2416 1960; x_wconf 89' lang='lat' dir='ltr'><strong>nem</strong></span> <span class='ocrx_word' id='word_1_328' title='bbox 2447 1904 2669 1963; x_wconf 84' lang='lat' dir='ltr'><strong>Mariam</strong></span> <span class='ocrx_word' id='word_1_329' title='bbox 2700 1906 2935 1961; x_wconf 85' lang='lat' dir='ltr'><strong>hominis</strong></span> <span class='ocrx_word' id='word_1_330' title='bbox 2960 1907 3342 1961; x_wconf 87' lang='lat' dir='ltr'><strong>tantummodo</strong></span> <span class='ocrx_word' id='word_1_331' title='bbox 3392 1905 3628 1960; x_wconf 87' lang='lat' dir='ltr'><strong>credidit</strong></span> <span class='ocrx_word' id='word_1_332' title='bbox 3657 1905 3821 1975; x_wconf 84' lang='lat' dir='ltr'><strong>genitri-</strong></span> 
     </span>
    </p>
   </div>
   <div class='ocr_carea' id='block_1_47' title="bbox 2292 1994 3817 2067">
    <p class='ocr_par' dir='ltr' id='par_1_47' title="bbox 2292 1994 3817 2067">
     <span class='ocr_line' id='line_1_47' title="bbox 2292 1994 3817 2067; baseline -0.003 -16"><span class='ocrx_word' id='word_1_333' title='bbox 2292 2011 2432 2059; x_wconf 89' lang='lat' dir='ltr'><strong>cem,</strong></span> <span class='ocrx_word' id='word_1_334' title='bbox 2449 2005 2509 2050; x_wconf 89' lang='lat' dir='ltr'><strong>ttt</strong></span> <span class='ocrx_word' id='word_1_335' title='bbox 2528 1996 2689 2051; x_wconf 89' lang='lat' dir='ltr'><strong>aliam</strong></span> <span class='ocrx_word' id='word_1_336' title='bbox 2717 2011 3003 2067; x_wconf 84' lang='lat' dir='ltr'><strong>personam</strong></span> <span class='ocrx_word' id='word_1_337' title='bbox 3025 1998 3224 2059; x_wconf 83' lang='lat' dir='ltr'><strong>carnis,</strong></span> <span class='ocrx_word' id='word_1_338' title='bbox 3242 1996 3418 2051; x_wconf 88' lang='lat' dir='ltr'><strong>aliam</strong></span> <span class='ocrx_word' id='word_1_339' title='bbox 3437 1994 3817 2058; x_wconf 76' lang='lat' dir='ltr'><strong>facerctdeitatis,</strong></span> 
     </span>
    </p>
   </div>
   <div class='ocr_carea' id='block_1_48' title="bbox 2293 2087 3818 2151">
    <p class='ocr_par' dir='ltr' id='par_1_48' title="bbox 2293 2087 3818 2151">
     <span class='ocr_line' id='line_1_48' title="bbox 2293 2087 3818 2151; baseline -0.001 -10"><span class='ocrx_word' id='word_1_340' title='bbox 2293 2102 2392 2146; x_wconf 86' lang='lat' dir='ltr'><strong>nec</strong></span> <span class='ocrx_word' id='word_1_341' title='bbox 2418 2103 2581 2141; x_wconf 85' lang='lat' dir='ltr'><strong>unum</strong></span> <span class='ocrx_word' id='word_1_342' title='bbox 2606 2087 2882 2143; x_wconf 87' lang='lat' dir='ltr'><strong>Christum</strong></span> <span class='ocrx_word' id='word_1_343' title='bbox 2910 2090 2966 2143; x_wconf 90' lang='lat' dir='ltr'><strong>in</strong></span> <span class='ocrx_word' id='word_1_344' title='bbox 2994 2088 3169 2144; x_wconf 90' lang='lat' dir='ltr'><strong>Verbo</strong></span> <span class='ocrx_word' id='word_1_345' title='bbox 3200 2088 3322 2151; x_wconf 90' lang='lat' dir='ltr'><strong>Dei,</strong></span> <span class='ocrx_word' id='word_1_346' title='bbox 3351 2096 3411 2143; x_wconf 90' lang='lat' dir='ltr'><strong>et</strong></span> <span class='ocrx_word' id='word_1_347' title='bbox 3445 2103 3613 2143; x_wconf 87' lang='lat' dir='ltr'><strong>carne</strong></span> <span class='ocrx_word' id='word_1_348' title='bbox 3636 2088 3818 2147; x_wconf 78' lang='lat' dir='ltr'><strong>sentiret,</strong></span> 
     </span>
    </p>
   </div>
   <div class='ocr_carea' id='block_1_49' title="bbox 2292 2175 3822 2249">
    <p class='ocr_par' dir='ltr' id='par_1_49' title="bbox 2292 2175 3822 2249">
     <span class='ocr_line' id='line_1_49' title="bbox 2292 2175 3822 2249; baseline -0.003 -17"><span class='ocrx_word' id='word_1_349' title='bbox 2292 2176 2384 2232; x_wconf 88' lang='lat' dir='ltr'><strong>sed</strong></span> <span class='ocrx_word' id='word_1_350' title='bbox 2407 2177 2698 2247; x_wconf 90' lang='lat' dir='ltr'><strong>separatim</strong></span> <span class='ocrx_word' id='word_1_351' title='bbox 2723 2192 2787 2232; x_wconf 89' lang='lat' dir='ltr'><strong>ac</strong></span> <span class='ocrx_word' id='word_1_352' title='bbox 2815 2177 3117 2249; x_wconf 83' lang='lat' dir='ltr'><strong>sejunetum</strong></span> <span class='ocrx_word' id='word_1_353' title='bbox 3145 2178 3316 2232; x_wconf 90' lang='lat' dir='ltr'><strong>alium</strong></span> <span class='ocrx_word' id='word_1_354' title='bbox 3346 2176 3551 2232; x_wconf 85' lang='lat' dir='ltr'><strong>Filium</strong></span> <span class='ocrx_word' id='word_1_355' title='bbox 3581 2175 3690 2240; x_wconf 85' lang='lat' dir='ltr'><strong>Dei,</strong></span> <span class='ocrx_word' id='word_1_356' title='bbox 3708 2175 3822 2229; x_wconf 79' lang='lat' dir='ltr'><strong>alium</strong></span> 
     </span>
    </p>
   </div>
   <div class='ocr_carea' id='block_1_50' title="bbox 2294 2270 3823 2345">
    <p class='ocr_par' dir='ltr' id='par_1_50' title="bbox 2294 2270 3823 2345">
     <span class='ocr_line' id='line_1_50' title="bbox 2294 2270 3823 2345; baseline -0.006 -16"><span class='ocrx_word' id='word_1_357' title='bbox 2294 2273 2531 2329; x_wconf 88' lang='lat' dir='ltr'><strong>hominis</strong></span> <span class='ocrx_word' id='word_1_358' title='bbox 2584 2275 2940 2345; x_wconf 62' lang='lat' dir='ltr'><strong>praedicaret,</strong></span> <span class='ocrx_word' id='word_1_359' title='bbox 2982 2289 3104 2329; x_wconf 89' lang='lat' dir='ltr'><strong>cum</strong></span> <span class='ocrx_word' id='word_1_360' title='bbox 3141 2283 3404 2329; x_wconf 88' lang='lat' dir='ltr'><strong>manente</strong></span> <span class='ocrx_word' id='word_1_361' title='bbox 3450 2271 3569 2342; x_wconf 63' lang='lat' dir='ltr'><strong>illa}</strong></span> <span class='ocrx_word' id='word_1_362' title='bbox 3595 2270 3823 2325; x_wconf 80' lang='lat' dir='ltr'><strong>incommu-</strong></span> 
     </span>
    </p>
   </div>
   <div class='ocr_carea' id='block_1_51' title="bbox 2294 2360 3823 2435">
    <p class='ocr_par' dir='ltr' id='par_1_51' title="bbox 2294 2360 3823 2435">
     <span class='ocr_line' id='line_1_51' title="bbox 2294 2360 3823 2435; baseline -0.007 -14"><span class='ocrx_word' id='word_1_363' title='bbox 2294 2364 2478 2425; x_wconf 82' lang='lat' dir='ltr'><strong>tabilis</strong></span> <span class='ocrx_word' id='word_1_364' title='bbox 2510 2365 2670 2420; x_wconf 87' lang='lat' dir='ltr'><strong>Verbi</strong></span> <span class='ocrx_word' id='word_1_365' title='bbox 2694 2365 2952 2431; x_wconf 88' lang='lat' dir='ltr'><strong>essentia,</strong></span> <span class='ocrx_word' id='word_1_366' title='bbox 2983 2370 3102 2435; x_wconf 69' lang='lat' dir='ltr'><strong>quae</strong></span> <span class='ocrx_word' id='word_1_367' title='bbox 3132 2365 3181 2419; x_wconf 92' lang='lat' dir='ltr'><strong>ei</strong></span> <span class='ocrx_word' id='word_1_368' title='bbox 3228 2380 3359 2420; x_wconf 90' lang='lat' dir='ltr'><strong>cum</strong></span> <span class='ocrx_word' id='word_1_369' title='bbox 3387 2363 3552 2418; x_wconf 83' lang='lat' dir='ltr'><strong>Patre</strong></span> <span class='ocrx_word' id='word_1_370' title='bbox 3581 2371 3632 2417; x_wconf 90' lang='lat' dir='ltr'><strong>et</strong></span> <span class='ocrx_word' id='word_1_371' title='bbox 3676 2360 3823 2429; x_wconf 77' lang='lat' dir='ltr'><strong>Spiritu</strong></span> 
     </span>
    </p>
   </div>
   <div class='ocr_carea' id='block_1_52' title="bbox 2292 2450 3817 2525">
    <p class='ocr_par' dir='ltr' id='par_1_52' title="bbox 2292 2450 3817 2525">
     <span class='ocr_line' id='line_1_52' title="bbox 2292 2450 3817 2525; baseline -0.007 -16"><span class='ocrx_word' id='word_1_372' title='bbox 2292 2464 2480 2510; x_wconf 85' lang='lat' dir='ltr'><strong>sancto</strong></span> <span class='ocrx_word' id='word_1_373' title='bbox 2530 2455 2900 2525; x_wconf 83' lang='lat' dir='ltr'><strong>intemporalis</strong></span> <span class='ocrx_word' id='word_1_374' title='bbox 2950 2465 3115 2524; x_wconf 82' lang='lat' dir='ltr'><strong>atque</strong></span> <span class='ocrx_word' id='word_1_375' title='bbox 3159 2463 3439 2509; x_wconf 69' lang='lat' dir='ltr'><strong>comterna</strong></span> <span class='ocrx_word' id='word_1_376' title='bbox 3483 2461 3586 2516; x_wconf 90' lang='lat' dir='ltr'><strong>est,</strong></span> <span class='ocrx_word' id='word_1_377' title='bbox 3627 2451 3689 2504; x_wconf 87' lang='lat' dir='ltr'><strong>ita</strong></span> <span class='ocrx_word' id='word_1_378' title='bbox 3723 2450 3817 2501; x_wconf 76' lang='lat' dir='ltr'><strong>intra</strong></span> 
     </span>
    </p>
   </div>
   <div class='ocr_carea' id='block_1_53' title="bbox 2291 2538 3820 2616">
    <p class='ocr_par' dir='ltr' id='par_1_53' title="bbox 2291 2538 3820 2616">
     <span class='ocr_line' id='line_1_53' title="bbox 2291 2538 3820 2616; baseline -0.006 -17"><span class='ocrx_word' id='word_1_379' title='bbox 2291 2544 2536 2616; x_wconf 83' lang='lat' dir='ltr'><strong>virginea</strong></span> <span class='ocrx_word' id='word_1_380' title='bbox 2585 2544 2796 2605; x_wconf 83' lang='lat' dir='ltr'><strong>viscera</strong></span> <span class='ocrx_word' id='word_1_381' title='bbox 2829 2542 3066 2599; x_wconf 85' lang='lat' dir='ltr'><strong>Verbum</strong></span> <span class='ocrx_word' id='word_1_382' title='bbox 3116 2560 3247 2599; x_wconf 88' lang='lat' dir='ltr'><strong>caro</strong></span> <span class='ocrx_word' id='word_1_383' title='bbox 3296 2544 3374 2600; x_wconf 91' lang='lat' dir='ltr'><strong>sit</strong></span> <span class='ocrx_word' id='word_1_384' title='bbox 3427 2542 3644 2607; x_wconf 85' lang='lat' dir='ltr'><strong>factum,</strong></span> <span class='ocrx_word' id='word_1_385' title='bbox 3666 2538 3730 2594; x_wconf 89' lang='lat' dir='ltr'><strong>uti</strong></span> <span class='ocrx_word' id='word_1_386' title='bbox 3751 2553 3820 2590; x_wconf 87' lang='lat' dir='ltr'><strong>uno</strong></span> 
     </span>
    </p>
   </div>
   <div class='ocr_carea' id='block_1_54' title="bbox 2292 2630 3814 2707">
    <p class='ocr_par' dir='ltr' id='par_1_54' title="bbox 2292 2630 3814 2707">
     <span class='ocr_line' id='line_1_54' title="bbox 2292 2630 3814 2707; baseline -0.007 -16"><span class='ocrx_word' id='word_1_387' title='bbox 2292 2646 2585 2705; x_wconf 74' lang='lat' dir='ltr'><strong>conceptu,</strong></span> <span class='ocrx_word' id='word_1_388' title='bbox 2652 2651 2871 2706; x_wconf 90' lang='lat' dir='ltr'><strong>unoque</strong></span> <span class='ocrx_word' id='word_1_389' title='bbox 2921 2644 3081 2707; x_wconf 88' lang='lat' dir='ltr'><strong>partu</strong></span> <span class='ocrx_word' id='word_1_390' title='bbox 3132 2637 3326 2691; x_wconf 89' lang='lat' dir='ltr'><strong>eadem</strong></span> <span class='ocrx_word' id='word_1_391' title='bbox 3376 2635 3541 2705; x_wconf 81' lang='lat' dir='ltr'><strong>Virgo</strong></span> <span class='ocrx_word' id='word_1_392' title='bbox 3590 2630 3814 2688; x_wconf 62' lang='lat' dir='ltr'><strong>secundum</strong></span> 
     </span>
    </p>
   </div>
   <div class='ocr_carea' id='block_1_55' title="bbox 2296 2722 3817 2797">
    <p class='ocr_par' dir='ltr' id='par_1_55' title="bbox 2296 2722 3817 2797">
     <span class='ocr_line' id='line_1_55' title="bbox 2296 2722 3817 2797; baseline -0.007 -15"><span class='ocrx_word' id='word_1_393' title='bbox 2296 2727 2550 2782; x_wconf 88' lang='lat' dir='ltr'><strong>unionem</strong></span> <span class='ocrx_word' id='word_1_394' title='bbox 2596 2726 2878 2797; x_wconf 90' lang='lat' dir='ltr'><strong>utriusque</strong></span> <span class='ocrx_word' id='word_1_395' title='bbox 2930 2727 3286 2791; x_wconf 64' lang='lat' dir='ltr'><strong>substantiae,</strong></span> <span class='ocrx_word' id='word_1_396' title='bbox 3333 2734 3393 2782; x_wconf 87' lang='lat' dir='ltr'><strong>et</strong></span> <span class='ocrx_word' id='word_1_397' title='bbox 3437 2723 3623 2780; x_wconf 90' lang='lat' dir='ltr'><strong>ancilla</strong></span> <span class='ocrx_word' id='word_1_398' title='bbox 3664 2722 3817 2776; x_wconf 80' lang='lat' dir='ltr'><strong>Demint</strong></span> 
     </span>
    </p>
   </div>
   <div class='ocr_carea' id='block_1_56' title="bbox 2294 2812 3815 2896">
    <p class='ocr_par' dir='ltr' id='par_1_56' title="bbox 2294 2812 3815 2896">
     <span class='ocr_line' id='line_1_56' title="bbox 2294 2812 3815 2896; baseline -0.005 -23"><span class='ocrx_word' id='word_1_399' title='bbox 2294 2826 2460 2883; x_wconf 91' lang='lat' dir='ltr'><strong>esset,</strong></span> <span class='ocrx_word' id='word_1_400' title='bbox 2491 2827 2548 2873; x_wconf 90' lang='lat' dir='ltr'><strong>et</strong></span> <span class='ocrx_word' id='word_1_401' title='bbox 2582 2826 2776 2872; x_wconf 87' lang='lat' dir='ltr'><strong>mater.</strong></span> <span class='ocrx_word' id='word_1_402' title='bbox 2811 2817 2963 2885; x_wconf 88' lang='lat' dir='ltr'><strong>Quod</strong></span> <span class='ocrx_word' id='word_1_403' title='bbox 2996 2820 3159 2896; x_wconf 86' lang='lat' dir='ltr'><strong>etiam</strong></span> <span class='ocrx_word' id='word_1_404' title='bbox 3206 2816 3521 2881; x_wconf 74' lang='lat' dir='ltr'><strong>Elizabeth,</strong></span> <span class='ocrx_word' id='word_1_405' title='bbox 3550 2812 3815 2870; x_wconf 80' lang='lat' dir='ltr'><strong>sicutEran-</strong></span> 
     </span>
    </p>
   </div>
   <div class='ocr_carea' id='block_1_57' title="bbox 2294 2900 3813 2979">
    <p class='ocr_par' dir='ltr' id='par_1_57' title="bbox 2294 2900 3813 2979">
     <span class='ocr_line' id='line_1_57' title="bbox 2294 2900 3813 2979; baseline -0.006 -18"><span class='ocrx_word' id='word_1_406' title='bbox 2294 2907 2485 2979; x_wconf 84' lang='lat' dir='ltr'><strong>gelista</strong></span> <span class='ocrx_word' id='word_1_407' title='bbox 2508 2907 2767 2974; x_wconf 88' lang='lat' dir='ltr'><strong>declarat,</strong></span> <span class='ocrx_word' id='word_1_408' title='bbox 2793 2907 3078 2972; x_wconf 81' lang='lat' dir='ltr'><strong>intellexit,</strong></span> <span class='ocrx_word' id='word_1_409' title='bbox 3101 2918 3153 2963; x_wconf 89' lang='lat' dir='ltr'><strong>et</strong></span> <span class='ocrx_word' id='word_1_410' title='bbox 3176 2908 3318 2962; x_wconf 85' lang='lat' dir='ltr'><strong>dixit</strong></span> <span class='ocrx_word' id='word_1_411' title='bbox 3345 2925 3359 2960; x_wconf 92' lang='lat'>:</span> <span class='ocrx_word' id='word_1_412' title='bbox 3395 2926 3415 2960; x_wconf 86' lang='grc'><strong><em>‹</em></strong></span> <span class='ocrx_word' id='word_1_413' title='bbox 3443 2905 3593 2961; x_wconf 87' lang='lat' dir='ltr'><strong>Unde</strong></span> <span class='ocrx_word' id='word_1_414' title='bbox 3620 2904 3703 2957; x_wconf 88' lang='lat' dir='ltr'><strong>hoc</strong></span> <span class='ocrx_word' id='word_1_415' title='bbox 3725 2900 3813 2956; x_wconf 84' lang='lat' dir='ltr'><strong>mihi</strong></span> 
     </span>
    </p>
   </div>
   <div class='ocr_carea' id='block_1_58' title="bbox 2295 2989 3813 3067">
    <p class='ocr_par' dir='ltr' id='par_1_58' title="bbox 2295 2989 3813 3067">
     <span class='ocr_line' id='line_1_58' title="bbox 2295 2989 3813 3067; baseline -0.007 -13"><span class='ocrx_word' id='word_1_416' title='bbox 2295 3008 2357 3054; x_wconf 89' lang='lat' dir='ltr'><strong>ut</strong></span> <span class='ocrx_word' id='word_1_417' title='bbox 2397 2999 2578 3053; x_wconf 89' lang='lat' dir='ltr'><strong>veniat</strong></span> <span class='ocrx_word' id='word_1_418' title='bbox 2620 3007 2795 3053; x_wconf 88' lang='lat' dir='ltr'><strong>mater</strong></span> <span class='ocrx_word' id='word_1_419' title='bbox 2836 2998 3047 3053; x_wconf 89' lang='lat' dir='ltr'><strong>Domini</strong></span> <span class='ocrx_word' id='word_1_420' title='bbox 3079 2999 3181 3052; x_wconf 90' lang='lat' dir='ltr'><strong>mei</strong></span> <span class='ocrx_word' id='word_1_421' title='bbox 3209 3000 3274 3052; x_wconf 90' lang='lat' dir='ltr'><strong>ad</strong></span> <span class='ocrx_word' id='word_1_422' title='bbox 3309 2998 3442 3054; x_wconf 84' lang='lat' dir='ltr'><strong>me?</strong></span> <span class='ocrx_word' id='word_1_423' title='bbox 3472 3016 3490 3050; x_wconf 75' lang='grc' dir='ltr'>ι</span> <span class='ocrx_word' id='word_1_424' title='bbox 3524 2994 3658 3067; x_wconf 82' lang='lat' dir='ltr'><strong>(Luc.</strong></span> <span class='ocrx_word' id='word_1_425' title='bbox 3690 2989 3813 3058; x_wconf 59' lang='lat'><strong>1,53.)</strong></span> 
     </span>
    </p>
   </div>
   <div class='ocr_carea' id='block_1_59' title="bbox 609 3086 2194 3194">
    <p class='ocr_par' dir='ltr' id='par_1_59' title="bbox 609 3086 2193 3172">
     <span class='ocr_line' id='line_1_59' title="bbox 609 3086 2193 3172; baseline 0.013 -31"><span class='ocrx_word' id='word_1_426' title='bbox 609 3086 783 3143; x_wconf 88' lang='lat' dir='ltr'><strong>dictos</strong></span> <span class='ocrx_word' id='word_1_427' title='bbox 805 3091 886 3145; x_wconf 92' lang='lat' dir='ltr'><strong>vel</strong></span> <span class='ocrx_word' id='word_1_428' title='bbox 914 3093 981 3146; x_wconf 91' lang='lat' dir='ltr'><strong>ad</strong></span> <span class='ocrx_word' id='word_1_429' title='bbox 1004 3093 1450 3163; x_wconf 82' lang='lat' dir='ltr'><strong>gloriosissimum</strong></span> <span class='ocrx_word' id='word_1_430' title='bbox 1487 3100 1804 3172; x_wconf 90' lang='lat' dir='ltr'><strong>principem,</strong></span> <span class='ocrx_word' id='word_1_431' title='bbox 1837 3102 1920 3158; x_wconf 91' lang='lat' dir='ltr'><strong>vel</strong></span> <span class='ocrx_word' id='word_1_432' title='bbox 1951 3104 2017 3159; x_wconf 90' lang='lat' dir='ltr'><strong>ad</strong></span> <span class='ocrx_word' id='word_1_433' title='bbox 2044 3114 2193 3160; x_wconf 87' lang='lat' dir='ltr'><strong>tuam</strong></span> 
     </span>
    </p>
   </div>
   <div class='ocr_carea' id='block_1_60' title="bbox 2292 3086 3809 3194">
    <p class='ocr_par' dir='ltr' id='par_1_60' title="bbox 2298 3086 3809 3159">
     <span class='ocr_line' id='line_1_60' title="bbox 2298 3086 3809 3159; baseline -0.006 -15"><span class='ocrx_word' id='word_1_434' title='bbox 2298 3089 2552 3145; x_wconf 88' lang='lat' dir='ltr'><strong>Eutiches</strong></span> <span class='ocrx_word' id='word_1_435' title='bbox 2572 3104 2785 3158; x_wconf 90' lang='lat' dir='ltr'><strong>quoque</strong></span> <span class='ocrx_word' id='word_1_436' title='bbox 2816 3088 3005 3144; x_wconf 88' lang='lat' dir='ltr'><strong>eodem</strong></span> <span class='ocrx_word' id='word_1_437' title='bbox 3030 3087 3361 3159; x_wconf 88' lang='lat' dir='ltr'><strong>percellatur</strong></span> <span class='ocrx_word' id='word_1_438' title='bbox 3390 3086 3723 3145; x_wconf 77' lang='lat' dir='ltr'><strong>anathemate,</strong></span> <span class='ocrx_word' id='word_1_439' title='bbox 3749 3095 3809 3148; x_wconf 81' lang='lat' dir='ltr'><strong>qm</strong></span> 
     </span>
    </p>
   </div>
   <div class='ocr_carea' id='block_1_61' title="bbox 608 3152 2194 3256">
    <p class='ocr_par' dir='ltr' id='par_1_61' title="bbox 608 3152 2194 3256">
     <span class='ocr_line' id='line_1_61' title="bbox 1004 3152 2193 3172; baseline 0.008 -14"><span class='ocrx_word' id='word_1_440' title='bbox 1004 3152 1032 3163; x_wconf 64' lang='grc' dir='ltr'>ν</span> <span class='ocrx_word' id='word_1_441' title='bbox 1268 3152 1271 3153; x_wconf 39' lang='grc' dir='ltr'><em>ν</em></span> <span class='ocrx_word' id='word_1_442' title='bbox 1370 3152 1377 3153; x_wconf 37' lang='grc' dir='ltr'><em>κ</em></span> <span class='ocrx_word' id='word_1_443' title='bbox 1437 3152 1447 3153; x_wconf 39' lang='grc' dir='ltr'><em>κ</em></span> <span class='ocrx_word' id='word_1_444' title='bbox 1489 3152 1804 3172; x_wconf 54' lang='grc' dir='ltr'><strong>Γηητν--.</strong></span> <span class='ocrx_word' id='word_1_445' title='bbox 1850 3152 1920 3158; x_wconf 71' lang='grc'><strong>---</strong></span> <span class='ocrx_word' id='word_1_446' title='bbox 1952 3152 2017 3159; x_wconf 57' lang='grc' dir='ltr'><strong>κ-</strong></span> 
     </span>
     <span class='ocr_line' id='line_1_62' title="bbox 608 3176 2194 3256; baseline 0.012 -25"><span class='ocrx_word' id='word_1_447' title='bbox 608 3176 955 3237; x_wconf 86' lang='lat' dir='ltr'><strong>dilectionem</strong></span> <span class='ocrx_word' id='word_1_448' title='bbox 983 3186 1198 3256; x_wconf 89' lang='lat' dir='ltr'><strong>scripsi,</strong></span> <span class='ocrx_word' id='word_1_449' title='bbox 1232 3196 1290 3242; x_wconf 92' lang='lat' dir='ltr'><strong>ut</strong></span> <span class='ocrx_word' id='word_1_450' title='bbox 1332 3188 1618 3248; x_wconf 87' lang='lat' dir='ltr'><strong>celerrime</strong></span> <span class='ocrx_word' id='word_1_451' title='bbox 1662 3194 1943 3249; x_wconf 88' lang='lat' dir='ltr'><strong>tradantur</strong></span> <span class='ocrx_word' id='word_1_452' title='bbox 1976 3195 2194 3251; x_wconf 76' lang='lat' dir='ltr'><strong>effectui</strong></span> 
     </span>
    </p>
   </div>
   <div class='ocr_carea' id='block_1_62' title="bbox 2292 3152 3806 3256">
    <p class='ocr_par' dir='ltr' id='par_1_62' title="bbox 2298 3179 3806 3253">
     <span class='ocr_line' id='line_1_63' title="bbox 2298 3179 3806 3253; baseline -0.005 -16"><span class='ocrx_word' id='word_1_453' title='bbox 2298 3196 2397 3253; x_wconf 89' lang='lat' dir='ltr'><strong>per</strong></span> <span class='ocrx_word' id='word_1_454' title='bbox 2431 3181 2624 3252; x_wconf 91' lang='lat' dir='ltr'><strong>impios</strong></span> <span class='ocrx_word' id='word_1_455' title='bbox 2665 3190 2904 3236; x_wconf 85' lang='lat' dir='ltr'><strong>veterum</strong></span> <span class='ocrx_word' id='word_1_456' title='bbox 2928 3180 3307 3236; x_wconf 66' lang='lat' dir='ltr'><strong>haereticorum</strong></span> <span class='ocrx_word' id='word_1_457' title='bbox 3342 3179 3608 3234; x_wconf 85' lang='lat' dir='ltr'><strong>volutatus</strong></span> <span class='ocrx_word' id='word_1_458' title='bbox 3641 3185 3806 3230; x_wconf 71' lang='lat' dir='ltr'><strong>errores.</strong></span> 
     </span>
    </p>
   </div>
   <div class='ocr_carea' id='block_1_63' title="bbox 607 3273 2196 3356">
    <p class='ocr_par' dir='ltr' id='par_1_63' title="bbox 607 3273 2196 3356">
     <span class='ocr_line' id='line_1_64' title="bbox 607 3273 2196 3356; baseline 0.014 -34"><span class='ocrx_word' id='word_1_459' title='bbox 607 3273 927 3339; x_wconf 85' lang='lat' dir='ltr'><strong>opportunis</strong></span> <span class='ocrx_word' id='word_1_460' title='bbox 959 3278 1396 3346; x_wconf 81' lang='lat' dir='ltr'><strong>suggestionibus</strong></span> <span class='ocrx_word' id='word_1_461' title='bbox 1419 3281 1660 3337; x_wconf 84' lang='lat' dir='ltr'><strong>elabora.</strong></span> <span class='ocrx_word' id='word_1_462' title='bbox 1700 3284 1767 3339; x_wconf 88' lang='lat' dir='ltr'><strong>Et</strong></span> <span class='ocrx_word' id='word_1_463' title='bbox 1790 3286 2052 3356; x_wconf 83' lang='lat' dir='ltr'><strong>quidquid</strong></span> <span class='ocrx_word' id='word_1_464' title='bbox 2080 3286 2196 3343; x_wconf 85' lang='lat' dir='ltr'><strong>fue-</strong></span> 
     </span>
    </p>
   </div>
   <div class='ocr_carea' id='block_1_64' title="bbox 608 3358 2197 3444">
    <p class='ocr_par' dir='ltr' id='par_1_64' title="bbox 608 3358 2197 3444">
     <span class='ocr_line' id='line_1_65' title="bbox 608 3358 2197 3444; baseline 0.014 -32"><span class='ocrx_word' id='word_1_465' title='bbox 608 3358 704 3426; x_wconf 82' lang='lat' dir='ltr'><strong>rit,</strong></span> <span class='ocrx_word' id='word_1_466' title='bbox 731 3360 838 3416; x_wconf 87' lang='lat' dir='ltr'><strong>Deo</strong></span> <span class='ocrx_word' id='word_1_467' title='bbox 862 3365 1175 3433; x_wconf 83' lang='lat' dir='ltr'><strong>auxiliante,</strong></span> <span class='ocrx_word' id='word_1_468' title='bbox 1223 3369 1543 3439; x_wconf 89' lang='lat' dir='ltr'><strong>dispositum</strong></span> <span class='ocrx_word' id='word_1_469' title='bbox 1585 3375 1729 3430; x_wconf 84' lang='lat' dir='ltr'><strong>scire</strong></span> <span class='ocrx_word' id='word_1_470' title='bbox 1778 3392 1865 3431; x_wconf 90' lang='lat' dir='ltr'><strong>me</strong></span> <span class='ocrx_word' id='word_1_471' title='bbox 1902 3375 2087 3444; x_wconf 87' lang='lat' dir='ltr'><strong>facito,</strong></span> <span class='ocrx_word' id='word_1_472' title='bbox 2136 3387 2197 3434; x_wconf 88' lang='lat' dir='ltr'><strong>ut</strong></span> 
     </span>
    </p>
   </div>
   <div class='ocr_carea' id='block_1_65' title="bbox 609 3458 2193 3540">
    <p class='ocr_par' dir='ltr' id='par_1_65' title="bbox 609 3458 2193 3540">
     <span class='ocr_line' id='line_1_66' title="bbox 609 3458 2193 3540; baseline 0.013 -30"><span class='ocrx_word' id='word_1_473' title='bbox 609 3458 884 3524; x_wconf 82' lang='lat' dir='ltr'><strong>perductis</strong></span> <span class='ocrx_word' id='word_1_474' title='bbox 905 3460 957 3515; x_wconf 90' lang='lat' dir='ltr'><strong>in</strong></span> <span class='ocrx_word' id='word_1_475' title='bbox 980 3461 1226 3520; x_wconf 83' lang='lat' dir='ltr'><strong>effectum</strong></span> <span class='ocrx_word' id='word_1_476' title='bbox 1271 3467 1357 3523; x_wconf 90' lang='lat' dir='ltr'><strong>his</strong></span> <span class='ocrx_word' id='word_1_477' title='bbox 1383 3485 1502 3540; x_wconf 56' lang='lat' dir='ltr'><strong>quae</strong></span> <span class='ocrx_word' id='word_1_478' title='bbox 1533 3472 1926 3529; x_wconf 88' lang='lat' dir='ltr'><strong>rationabiliter</strong></span> <span class='ocrx_word' id='word_1_479' title='bbox 1943 3474 2193 3530; x_wconf 90' lang='lat' dir='ltr'><strong>ordinata</strong></span> 
     </span>
    </p>
   </div>
   <div class='ocr_carea' id='block_1_66' title="bbox 609 3549 2196 3627">
    <p class='ocr_par' dir='ltr' id='par_1_66' title="bbox 609 3549 2196 3627">
     <span class='ocr_line' id='line_1_67' title="bbox 609 3549 2196 3627; baseline 0.012 -27"><span class='ocrx_word' id='word_1_480' title='bbox 609 3556 756 3611; x_wconf 88' lang='lat' dir='ltr'><strong>sunt,</strong></span> <span class='ocrx_word' id='word_1_481' title='bbox 800 3564 903 3619; x_wconf 79' lang='lat' dir='ltr'><strong>pax</strong></span> <span class='ocrx_word' id='word_1_482' title='bbox 963 3549 1083 3608; x_wconf 81' lang='lat' dir='ltr'><strong>fidei</strong></span> <span class='ocrx_word' id='word_1_483' title='bbox 1122 3569 1494 3627; x_wconf 86' lang='lat' dir='ltr'><strong>canonumqne</strong></span> <span class='ocrx_word' id='word_1_484' title='bbox 1543 3561 1810 3626; x_wconf 89' lang='lat' dir='ltr'><strong>custodia,</strong></span> <span class='ocrx_word' id='word_1_485' title='bbox 1854 3569 1910 3616; x_wconf 89' lang='lat' dir='ltr'><strong>et</strong></span> <span class='ocrx_word' id='word_1_486' title='bbox 1951 3562 2196 3619; x_wconf 90' lang='lat' dir='ltr'><strong>securior</strong></span> 
     </span>
    </p>
   </div>
   <div class='ocr_carea' id='block_1_67' title="bbox 611 3638 2192 3711">
    <p class='ocr_par' dir='ltr' id='par_1_67' title="bbox 611 3638 2192 3711">
     <span class='ocr_line' id='line_1_68' title="bbox 611 3638 2192 3711; baseline 0.013 -21"><span class='ocrx_word' id='word_1_487' title='bbox 611 3638 811 3709; x_wconf 87' lang='lat' dir='ltr'><strong>ubique</strong></span> <span class='ocrx_word' id='word_1_488' title='bbox 856 3640 1118 3698; x_wconf 86' lang='lat' dir='ltr'><strong>habeatur</strong></span> <span class='ocrx_word' id='word_1_489' title='bbox 1163 3654 1221 3701; x_wconf 90' lang='lat' dir='ltr'><strong>et</strong></span> <span class='ocrx_word' id='word_1_490' title='bbox 1274 3646 1484 3703; x_wconf 82' lang='lat' dir='ltr'><strong>fortior.</strong></span> <span class='ocrx_word' id='word_1_491' title='bbox 1534 3650 1666 3705; x_wconf 86' lang='lat' dir='ltr'><strong>Data</strong></span> <span class='ocrx_word' id='word_1_492' title='bbox 1717 3668 1791 3707; x_wconf 79' lang='lat' dir='ltr'><strong>vtt</strong></span> <span class='ocrx_word' id='word_1_493' title='bbox 1830 3651 2192 3711; x_wconf 79' lang='lat' dir='ltr'><strong>Kalendarum</strong></span> 
     </span>
    </p>
   </div>
   <div class='ocr_carea' id='block_1_68' title="bbox 609 3727 1782 3803">
    <p class='ocr_par' dir='ltr' id='par_1_68' title="bbox 609 3727 1782 3803">
     <span class='ocr_line' id='line_1_69' title="bbox 609 3727 1782 3803; baseline 0.015 -22"><span class='ocrx_word' id='word_1_494' title='bbox 609 3727 759 3793; x_wconf 71' lang='lat' dir='ltr'><strong>Julii,</strong></span> <span class='ocrx_word' id='word_1_495' title='bbox 791 3731 1039 3803; x_wconf 83' lang='lat' dir='ltr'><strong>Upilione</strong></span> <span class='ocrx_word' id='word_1_496' title='bbox 1065 3736 1183 3791; x_wconf 89' lang='lat' dir='ltr'><strong>viro</strong></span> <span class='ocrx_word' id='word_1_497' title='bbox 1212 3737 1521 3797; x_wconf 89' lang='lat' dir='ltr'><strong>clarissimo</strong></span> <span class='ocrx_word' id='word_1_498' title='bbox 1539 3744 1782 3799; x_wconf 87' lang='lat' dir='ltr'><strong>co&#39;nsule.</strong></span> 
     </span>
    </p>
   </div>
   <div class='ocr_carea' id='block_1_69' title="bbox 1037 3827 1743 3891">
    <p class='ocr_par' dir='ltr' id='par_1_69' title="bbox 1037 3827 1743 3891">
     <span class='ocr_line' id='line_1_70' title="bbox 1037 3827 1743 3891; baseline 0.013 -9"><span class='ocrx_word' id='word_1_499' title='bbox 1037 3827 1174 3883; x_wconf 78' lang='lat' dir='ltr'><strong>XLI.</strong></span> <span class='ocrx_word' id='word_1_500' title='bbox 1201 3860 1272 3871; x_wconf 88' lang='lat'><strong>--</strong></span> <span class='ocrx_word' id='word_1_501' title='bbox 1298 3831 1380 3885; x_wconf 78' lang='lat' dir='ltr'><strong>Ad</strong></span> <span class='ocrx_word' id='word_1_502' title='bbox 1404 3831 1743 3891; x_wconf 54' lang='lat' dir='ltr'><strong>l’alatslinos.</strong></span> 
     </span>
    </p>
   </div>
   <div class='ocr_carea' id='block_1_70' title="bbox 682 3914 2125 3985">
    <p class='ocr_par' dir='ltr' id='par_1_70' title="bbox 682 3914 2125 3985">
     <span class='ocr_line' id='line_1_71' title="bbox 682 3914 2125 3985; baseline 0.016 -15"><span class='ocrx_word' id='word_1_503' title='bbox 682 3914 795 3973; x_wconf 72' lang='lat' dir='ltr'><strong>Leo</strong></span> <span class='ocrx_word' id='word_1_504' title='bbox 824 3920 891 3974; x_wconf 91' lang='lat' dir='ltr'><strong>ad</strong></span> <span class='ocrx_word' id='word_1_505' title='bbox 922 3920 1293 3980; x_wconf 68' lang='grc' dir='ltr'><strong>ΡΑιιεετιΝοε.</strong></span> <span class='ocrx_word' id='word_1_506' title='bbox 2124 3982 2125 3985; x_wconf 56' lang='grc' dir='ltr'><strong>η</strong></span> 
     </span>
    </p>
   </div>
   <div class='ocr_carea' id='block_1_71' title="bbox 684 4004 2196 4084">
    <p class='ocr_par' dir='ltr' id='par_1_71' title="bbox 684 4004 2196 4084">
     <span class='ocr_line' id='line_1_72' title="bbox 684 4004 2196 4084; baseline 0.013 -25"><span class='ocrx_word' id='word_1_507' title='bbox 684 4004 1043 4065; x_wconf 90' lang='lat' dir='ltr'><strong>Sollicitudini</strong></span> <span class='ocrx_word' id='word_1_508' title='bbox 1073 4028 1205 4068; x_wconf 75' lang='lat' dir='ltr'><strong>mete</strong></span> <span class='ocrx_word' id='word_1_509' title='bbox 1225 4030 1387 4084; x_wconf 91' lang='lat' dir='ltr'><strong>quam</strong></span> <span class='ocrx_word' id='word_1_510' title='bbox 1412 4017 1705 4073; x_wconf 88' lang='lat' dir='ltr'><strong>universali</strong></span> <span class='ocrx_word' id='word_1_511' title='bbox 1735 4018 1991 4077; x_wconf 80' lang='lat' dir='ltr'><strong>Ecclesiae</strong></span> <span class='ocrx_word' id='word_1_512' title='bbox 2022 4023 2196 4079; x_wconf 91' lang='lat' dir='ltr'><strong>omni-</strong></span> 
     </span>
    </p>
   </div>
   <div class='ocr_carea' id='block_1_72' title="bbox 598 4095 2192 4182">
    <p class='ocr_par' dir='ltr' id='par_1_72' title="bbox 598 4095 2192 4182">
     <span class='ocr_line' id='line_1_73' title="bbox 598 4095 2192 4182; baseline 0.013 -34"><span class='ocrx_word' id='word_1_513' title='bbox 598 4095 826 4167; x_wconf 80' lang='lat' dir='ltr'><strong>busque</strong></span> <span class='ocrx_word' id='word_1_514' title='bbox 874 4099 993 4168; x_wconf 85' lang='lat' dir='ltr'><strong>ejus</strong></span> <span class='ocrx_word' id='word_1_515' title='bbox 1037 4101 1164 4157; x_wconf 84' lang='lat' dir='ltr'><strong>tlliis</strong></span> <span class='ocrx_word' id='word_1_516' title='bbox 1189 4105 1380 4171; x_wconf 84' lang='lat' dir='ltr'><strong>debeo,</strong></span> <span class='ocrx_word' id='word_1_517' title='bbox 1410 4105 1698 4161; x_wconf 90' lang='lat' dir='ltr'><strong>multorum</strong></span> <span class='ocrx_word' id='word_1_518' title='bbox 1731 4108 1994 4166; x_wconf 87' lang='lat' dir='ltr'><strong>relatione</strong></span> <span class='ocrx_word' id='word_1_519' title='bbox 2037 4121 2192 4182; x_wconf 89' lang='lat' dir='ltr'><strong>pate-</strong></span> 
     </span>
    </p>
   </div>
   <div class='ocr_carea' id='block_1_73' title="bbox 615 4185 2194 4268">
    <p class='ocr_par' dir='ltr' id='par_1_73' title="bbox 615 4185 2194 4268">
     <span class='ocr_line' id='line_1_74' title="bbox 615 4185 2194 4268; baseline 0.009 -24"><span class='ocrx_word' id='word_1_520' title='bbox 615 4185 816 4244; x_wconf 74' lang='lat' dir='ltr'><strong>factum</strong></span> <span class='ocrx_word' id='word_1_521' title='bbox 838 4197 921 4244; x_wconf 87' lang='lat' dir='ltr'><strong>est</strong></span> <span class='ocrx_word' id='word_1_522' title='bbox 951 4190 1254 4248; x_wconf 90' lang='lat' dir='ltr'><strong>dilectionis</strong></span> <span class='ocrx_word' id='word_1_523' title='bbox 1284 4203 1481 4250; x_wconf 82' lang='lat' dir='ltr'><strong>vestrae</strong></span> <span class='ocrx_word' id='word_1_524' title='bbox 1504 4196 1701 4253; x_wconf 91' lang='lat' dir='ltr'><strong>animis</strong></span> <span class='ocrx_word' id='word_1_525' title='bbox 1734 4198 1988 4268; x_wconf 89' lang='lat' dir='ltr'><strong>quiddam</strong></span> <span class='ocrx_word' id='word_1_526' title='bbox 2029 4200 2194 4258; x_wconf 85' lang='lat' dir='ltr'><strong>otl&#39;en-</strong></span> 
     </span>
    </p>
   </div>
   <div class='ocr_carea' id='block_1_74' title="bbox 616 4276 2198 4363">
    <p class='ocr_par' dir='ltr' id='par_1_74' title="bbox 616 4276 2198 4363">
     <span class='ocr_line' id='line_1_75' title="bbox 616 4276 2198 4363; baseline 0.01 -29"><span class='ocrx_word' id='word_1_527' title='bbox 616 4276 786 4334; x_wconf 77' lang='lat' dir='ltr'><strong>sionis</strong></span> <span class='ocrx_word' id='word_1_528' title='bbox 812 4278 1040 4348; x_wconf 90' lang='lat' dir='ltr'><strong>illatum,</strong></span> <span class='ocrx_word' id='word_1_529' title='bbox 1079 4283 1205 4339; x_wconf 89' lang='lat' dir='ltr'><strong>dum</strong></span> <span class='ocrx_word' id='word_1_530' title='bbox 1261 4295 1350 4341; x_wconf 87' lang='lat' dir='ltr'><strong>aut</strong></span> <span class='ocrx_word' id='word_1_531' title='bbox 1381 4286 1635 4358; x_wconf 87' lang='lat' dir='ltr'><strong>imperiti,</strong></span> <span class='ocrx_word' id='word_1_532' title='bbox 1668 4298 1729 4344; x_wconf 91' lang='lat' dir='ltr'><strong>ut</strong></span> <span class='ocrx_word' id='word_1_533' title='bbox 1777 4300 2002 4363; x_wconf 87' lang='lat' dir='ltr'><strong>apparet</strong></span> <span class='ocrx_word' id='word_1_534' title='bbox 2031 4293 2198 4349; x_wconf 89' lang='lat' dir='ltr'><strong>inter-</strong></span> 
     </span>
    </p>
   </div>
   <div class='ocr_carea' id='block_1_75' title="bbox 614 4366 2192 4456">
    <p class='ocr_par' dir='ltr' id='par_1_75' title="bbox 614 4366 2192 4456">
     <span class='ocr_line' id='line_1_76' title="bbox 614 4366 2192 4456; baseline 0.011 -35"><span class='ocrx_word' id='word_1_535' title='bbox 614 4366 831 4438; x_wconf 65' lang='lat' dir='ltr'><strong>pretes,</strong></span> <span class='ocrx_word' id='word_1_536' title='bbox 864 4379 957 4425; x_wconf 89' lang='lat' dir='ltr'><strong>aut</strong></span> <span class='ocrx_word' id='word_1_537' title='bbox 1001 4372 1238 4445; x_wconf 80' lang='lat' dir='ltr'><strong>maligni,</strong></span> <span class='ocrx_word' id='word_1_538' title='bbox 1265 4378 1511 4446; x_wconf 72' lang='lat' dir='ltr'><strong>quaedam</strong></span> <span class='ocrx_word' id='word_1_539' title='bbox 1544 4395 1639 4436; x_wconf 85' lang='lat' dir='ltr'><strong>vos</strong></span> <span class='ocrx_word' id='word_1_540' title='bbox 1666 4381 1827 4437; x_wconf 88' lang='lat' dir='ltr'><strong>aliter</strong></span> <span class='ocrx_word' id='word_1_541' title='bbox 1874 4382 2192 4456; x_wconf 79' lang='lat' dir='ltr'><strong>intelligere,</strong></span> 
     </span>
    </p>
   </div>
   <div class='ocr_carea' id='block_1_76' title="bbox 615 4470 2194 4539">
    <p class='ocr_par' dir='ltr' id='par_1_76' title="bbox 615 4470 2194 4539">
     <span class='ocr_line' id='line_1_77' title="bbox 615 4470 2194 4539; baseline 0.011 -26"><span class='ocrx_word' id='word_1_542' title='bbox 615 4476 778 4539; x_wconf 68' lang='lat' dir='ltr'><strong>quam</strong></span> <span class='ocrx_word' id='word_1_543' title='bbox 810 4478 837 4516; x_wconf 88' lang='lat' dir='ltr'><strong>a</strong></span> <span class='ocrx_word' id='word_1_544' title='bbox 869 4479 955 4520; x_wconf 91' lang='lat' dir='ltr'><strong>me</strong></span> <span class='ocrx_word' id='word_1_545' title='bbox 981 4475 1107 4521; x_wconf 90' lang='lat' dir='ltr'><strong>sunt</strong></span> <span class='ocrx_word' id='word_1_546' title='bbox 1132 4470 1383 4538; x_wconf 62' lang='lat' dir='ltr'><strong>praedicta</strong></span> <span class='ocrx_word' id='word_1_547' title='bbox 1424 4472 1692 4539; x_wconf 87' lang='lat' dir='ltr'><strong>fecerunt,</strong></span> <span class='ocrx_word' id='word_1_548' title='bbox 1725 4490 1831 4531; x_wconf 91' lang='lat' dir='ltr'><strong>non</strong></span> <span class='ocrx_word' id='word_1_549' title='bbox 1859 4476 2100 4532; x_wconf 85' lang='lat' dir='ltr'><strong>valentes</strong></span> <span class='ocrx_word' id='word_1_550' title='bbox 2143 4477 2194 4531; x_wconf 91' lang='lat' dir='ltr'><strong>in</strong></span> 
     </span>
    </p>
   </div>
   <div class='ocr_carea' id='block_1_77' title="bbox 615 4537 2195 4636">
    <p class='ocr_par' dir='ltr' id='par_1_77' title="bbox 615 4537 2195 4636">
     <span class='ocr_line' id='line_1_78' title="bbox 615 4537 2195 4636; baseline 0.013 -31"><span class='ocrx_word' id='word_1_551' title='bbox 615 4537 866 4623; x_wconf 31' lang='lat' dir='ltr'><strong>Graecum,</strong></span> <span class='ocrx_word' id='word_1_552' title='bbox 889 4537 1160 4628; x_wconf 86' lang='lat' dir='ltr'><strong>eloquium</strong></span> <span class='ocrx_word' id='word_1_553' title='bbox 1191 4569 1315 4631; x_wconf 86' lang='lat' dir='ltr'><strong>apte</strong></span> <span class='ocrx_word' id='word_1_554' title='bbox 1336 4571 1392 4618; x_wconf 90' lang='lat' dir='ltr'><strong>et</strong></span> <span class='ocrx_word' id='word_1_555' title='bbox 1427 4567 1647 4636; x_wconf 88' lang='lat' dir='ltr'><strong>proprie</strong></span> <span class='ocrx_word' id='word_1_556' title='bbox 1666 4537 1856 4623; x_wconf 70' lang='lat' dir='ltr'><strong>Latina</strong></span> <span class='ocrx_word' id='word_1_557' title='bbox 1883 4569 2195 4635; x_wconf 86' lang='lat' dir='ltr'><strong>transferre,</strong></span> 
     </span>
    </p>
   </div>
   <div class='ocr_carea' id='block_1_78' title="bbox 617 4646 2197 4729">
    <p class='ocr_par' dir='ltr' id='par_1_78' title="bbox 617 4646 2197 4729">
     <span class='ocr_line' id='line_1_79' title="bbox 617 4646 2197 4729; baseline 0.015 -32"><span class='ocrx_word' id='word_1_558' title='bbox 617 4646 823 4713; x_wconf 76' lang='lat' dir='ltr'><strong>cumiu</strong></span> <span class='ocrx_word' id='word_1_559' title='bbox 874 4648 1032 4704; x_wconf 88' lang='lat' dir='ltr'><strong>rebus</strong></span> <span class='ocrx_word' id='word_1_560' title='bbox 1060 4651 1347 4708; x_wconf 86' lang='lat' dir='ltr'><strong>subtilibus</strong></span> <span class='ocrx_word' id='word_1_561' title='bbox 1378 4661 1433 4708; x_wconf 91' lang='lat' dir='ltr'><strong>et</strong></span> <span class='ocrx_word' id='word_1_562' title='bbox 1482 4656 1794 4714; x_wconf 69' lang='lat' dir='ltr'><strong>difﬁcilibus</strong></span> <span class='ocrx_word' id='word_1_563' title='bbox 1840 4658 2197 4729; x_wconf 78' lang='lat' dir='ltr'><strong>explicandis.</strong></span> 
     </span>
    </p>
   </div>
   <div class='ocr_carea' id='block_1_79' title="bbox 616 4735 2199 4821">
    <p class='ocr_par' dir='ltr' id='par_1_79' title="bbox 616 4735 2199 4821">
     <span class='ocr_line' id='line_1_80' title="bbox 616 4735 2199 4821; baseline 0.011 -34"><span class='ocrx_word' id='word_1_564' title='bbox 616 4735 704 4789; x_wconf 71' lang='lat' dir='ltr'><strong>vix</strong></span> <span class='ocrx_word' id='word_1_565' title='bbox 735 4737 835 4792; x_wconf 90' lang='lat' dir='ltr'><strong>sibi</strong></span> <span class='ocrx_word' id='word_1_566' title='bbox 869 4739 1034 4795; x_wconf 92' lang='lat' dir='ltr'><strong>etiam</strong></span> <span class='ocrx_word' id='word_1_567' title='bbox 1067 4742 1121 4796; x_wconf 89' lang='lat' dir='ltr'><strong>in</strong></span> <span class='ocrx_word' id='word_1_568' title='bbox 1145 4757 1243 4797; x_wconf 86' lang='lat' dir='ltr'><strong>sua</strong></span> <span class='ocrx_word' id='word_1_569' title='bbox 1271 4743 1453 4816; x_wconf 89' lang='lat' dir='ltr'><strong>lingua</strong></span> <span class='ocrx_word' id='word_1_570' title='bbox 1488 4746 1789 4817; x_wconf 89' lang='lat' dir='ltr'><strong>disputator</strong></span> <span class='ocrx_word' id='word_1_571' title='bbox 1812 4749 2043 4821; x_wconf 88' lang='lat' dir='ltr'><strong>quisque</strong></span> <span class='ocrx_word' id='word_1_572' title='bbox 2085 4752 2199 4807; x_wconf 84' lang='lat' dir='ltr'><strong>sut-</strong></span> 
     </span>
    </p>
   </div>
   <div class='ocr_carea' id='block_1_80' title="bbox 622 4827 2198 4910">
    <p class='ocr_par' dir='ltr' id='par_1_80' title="bbox 622 4827 2198 4910">
     <span class='ocr_line' id='line_1_81' title="bbox 622 4827 2198 4910; baseline 0.012 -30"><span class='ocrx_word' id='word_1_573' title='bbox 622 4827 785 4898; x_wconf 66' lang='lat' dir='ltr'><strong>ticiat.</strong></span> <span class='ocrx_word' id='word_1_574' title='bbox 815 4828 966 4896; x_wconf 89' lang='lat' dir='ltr'><strong>Quod</strong></span> <span class='ocrx_word' id='word_1_575' title='bbox 994 4840 1174 4889; x_wconf 90' lang='lat' dir='ltr'><strong>tamen</strong></span> <span class='ocrx_word' id='word_1_576' title='bbox 1204 4837 1344 4905; x_wconf 90' lang='lat' dir='ltr'><strong>apud</strong></span> <span class='ocrx_word' id='word_1_577' title='bbox 1375 4852 1462 4892; x_wconf 90' lang='lat' dir='ltr'><strong>me</strong></span> <span class='ocrx_word' id='word_1_578' title='bbox 1483 4853 1549 4893; x_wconf 89' lang='lat' dir='ltr'><strong>eo</strong></span> <span class='ocrx_word' id='word_1_579' title='bbox 1568 4837 1818 4910; x_wconf 88' lang='lat' dir='ltr'><strong>profecit,</strong></span> <span class='ocrx_word' id='word_1_580' title='bbox 1851 4849 1912 4896; x_wconf 91' lang='lat' dir='ltr'><strong>ut</strong></span> <span class='ocrx_word' id='word_1_581' title='bbox 1959 4845 2086 4899; x_wconf 91' lang='lat' dir='ltr'><strong>dum</strong></span> <span class='ocrx_word' id='word_1_582' title='bbox 2134 4860 2198 4899; x_wconf 90' lang='lat' dir='ltr'><strong>ea</strong></span> 
     </span>
    </p>
   </div>
   <div class='ocr_carea' id='block_1_81' title="bbox 620 4923 2195 5007">
    <p class='ocr_par' dir='ltr' id='par_1_81' title="bbox 620 4923 2195 5007">
     <span class='ocr_line' id='line_1_82' title="bbox 620 4923 2195 5007; baseline 0.011 -34"><span class='ocrx_word' id='word_1_583' title='bbox 620 4935 739 4987; x_wconf 69' lang='lat' dir='ltr'><strong>quae</strong></span> <span class='ocrx_word' id='word_1_584' title='bbox 753 4923 1019 4979; x_wconf 90' lang='lat' dir='ltr'><strong>catholica</strong></span> <span class='ocrx_word' id='word_1_585' title='bbox 1044 4925 1176 4982; x_wconf 84' lang='lat' dir='ltr'><strong>fides</strong></span> <span class='ocrx_word' id='word_1_586' title='bbox 1198 4929 1404 4999; x_wconf 90' lang='lat' dir='ltr'><strong>respuit</strong></span> <span class='ocrx_word' id='word_1_587' title='bbox 1424 4930 1806 5000; x_wconf 87' lang='lat' dir='ltr'><strong>improbitatis,</strong></span> <span class='ocrx_word' id='word_1_588' title='bbox 1833 4934 2195 5007; x_wconf 85' lang='lat' dir='ltr'><strong>intelligamus</strong></span> 
     </span>
    </p>
   </div>
   <div class='ocr_carea' id='block_1_82' title="bbox 621 5013 2204 5093">
    <p class='ocr_par' dir='ltr' id='par_1_82' title="bbox 621 5013 2204 5093">
     <span class='ocr_line' id='line_1_83' title="bbox 621 5013 2204 5093; baseline 0.013 -30"><span class='ocrx_word' id='word_1_589' title='bbox 621 5025 718 5065; x_wconf 84' lang='lat' dir='ltr'><strong>vos</strong></span> <span class='ocrx_word' id='word_1_590' title='bbox 744 5013 885 5069; x_wconf 84' lang='lat' dir='ltr'><strong>veris</strong></span> <span class='ocrx_word' id='word_1_591' title='bbox 909 5017 1196 5074; x_wconf 87' lang='lat' dir='ltr'><strong>amiciores</strong></span> <span class='ocrx_word' id='word_1_592' title='bbox 1243 5035 1384 5087; x_wconf 90' lang='lat' dir='ltr'><strong>esse,</strong></span> <span class='ocrx_word' id='word_1_593' title='bbox 1415 5038 1575 5092; x_wconf 86' lang='lat' dir='ltr'><strong>quam</strong></span> <span class='ocrx_word' id='word_1_594' title='bbox 1625 5024 1796 5093; x_wconf 85' lang='lat' dir='ltr'><strong>falsis,</strong></span> <span class='ocrx_word' id='word_1_595' title='bbox 1825 5036 1878 5081; x_wconf 91' lang='lat' dir='ltr'><strong>et</strong></span> <span class='ocrx_word' id='word_1_596' title='bbox 1930 5027 1981 5081; x_wconf 90' lang='lat' dir='ltr'><strong>id</strong></span> <span class='ocrx_word' id='word_1_597' title='bbox 2010 5029 2204 5084; x_wconf 87' lang='lat' dir='ltr'><strong>merito</strong></span> 
     </span>
    </p>
   </div>
   <div class='ocr_carea' id='block_1_83' title="bbox 626 5099 2201 5181">
    <p class='ocr_par' dir='ltr' id='par_1_83' title="bbox 626 5099 2201 5181">
     <span class='ocr_line' id='line_1_84' title="bbox 626 5099 2201 5181; baseline 0.009 -24"><span class='ocrx_word' id='word_1_598' title='bbox 626 5099 880 5167; x_wconf 83' lang='lat' dir='ltr'><strong>refutare,</strong></span> <span class='ocrx_word' id='word_1_599' title='bbox 897 5107 1040 5175; x_wconf 91' lang='lat' dir='ltr'><strong>quod</strong></span> <span class='ocrx_word' id='word_1_600' title='bbox 1056 5124 1122 5163; x_wconf 82' lang='lat' dir='ltr'><strong>ex</strong></span> <span class='ocrx_word' id='word_1_601' title='bbox 1150 5110 1386 5181; x_wconf 67' lang='lat' dir='ltr'><strong>antiqua:</strong></span> <span class='ocrx_word' id='word_1_602' title='bbox 1403 5113 2014 5172; x_wconf 79' lang='lat' dir='ltr'><strong>institutionedoctrinte</strong></span> <span class='ocrx_word' id='word_1_603' title='bbox 2038 5118 2201 5172; x_wconf 87' lang='lat' dir='ltr'><strong>etiam</strong></span> 
     </span>
    </p>
   </div>
   <div class='ocr_carea' id='block_1_84' title="bbox 626 5192 2204 5280">
    <p class='ocr_par' dir='ltr' id='par_1_84' title="bbox 626 5192 2204 5280">
     <span class='ocr_line' id='line_1_85' title="bbox 626 5192 2204 5280; baseline 0.011 -33"><span class='ocrx_word' id='word_1_604' title='bbox 626 5192 743 5264; x_wconf 80' lang='lat' dir='ltr'><strong>ipse</strong></span> <span class='ocrx_word' id='word_1_605' title='bbox 767 5194 1018 5255; x_wconf 80' lang='lat' dir='ltr'><strong>Euliehes</strong></span> <span class='ocrx_word' id='word_1_606' title='bbox 1037 5201 1353 5260; x_wconf 86' lang='lat' dir='ltr'><strong>detestatur.</strong></span> <span class='ocrx_word' id='word_1_607' title='bbox 1382 5205 1640 5273; x_wconf 83' lang='lat' dir='ltr'><strong>Quamvis</strong></span> <span class='ocrx_word' id='word_1_608' title='bbox 1668 5209 1814 5264; x_wconf 90' lang='lat' dir='ltr'><strong>enim</strong></span> <span class='ocrx_word' id='word_1_609' title='bbox 1834 5210 2058 5280; x_wconf 86' lang='lat' dir='ltr'><strong>cpistola</strong></span> <span class='ocrx_word' id='word_1_610' title='bbox 2086 5225 2204 5265; x_wconf 90' lang='lat' dir='ltr'><strong>mea</strong></span> 
     </span>
    </p>
   </div>
   <div class='ocr_carea' id='block_1_85' title="bbox 625 5287 2213 5372">
    <p class='ocr_par' dir='ltr' id='par_1_85' title="bbox 625 5287 2213 5372">
     <span class='ocr_line' id='line_1_86' title="bbox 625 5287 2213 5372; baseline 0.012 -28"><span class='ocrx_word' id='word_1_611' title='bbox 625 5287 692 5344; x_wconf 85' lang='lat' dir='ltr'><strong>ad</strong></span> <span class='ocrx_word' id='word_1_612' title='bbox 723 5300 923 5346; x_wconf 58' lang='lat' dir='ltr'><strong>sancte</strong></span> <span class='ocrx_word' id='word_1_613' title='bbox 936 5296 1209 5351; x_wconf 71' lang='lat' dir='ltr'><strong>memoria:</strong></span> <span class='ocrx_word' id='word_1_614' title='bbox 1233 5297 1549 5355; x_wconf 86' lang='lat' dir='ltr'><strong>Flavianum</strong></span> <span class='ocrx_word' id='word_1_615' title='bbox 1575 5301 1884 5372; x_wconf 84' lang='lat' dir='ltr'><strong>episcopum</strong></span> <span class='ocrx_word' id='word_1_616' title='bbox 1901 5303 2049 5369; x_wconf 84' lang='lat' dir='ltr'><strong>data,</strong></span> <span class='ocrx_word' id='word_1_617' title='bbox 2074 5306 2213 5365; x_wconf 69' lang='lat' dir='ltr'><strong>satis.</strong></span> 
     </span>
    </p>
   </div>
   <div class='ocr_carea' id='block_1_86' title="bbox 625 5381 2205 5466">
    <p class='ocr_par' dir='ltr' id='par_1_86' title="bbox 625 5381 2205 5466">
     <span class='ocr_line' id='line_1_87' title="bbox 625 5381 2205 5466; baseline 0.009 -29"><span class='ocrx_word' id='word_1_618' title='bbox 625 5381 727 5438; x_wconf 86' lang='lat' dir='ltr'><strong>sibi</strong></span> <span class='ocrx_word' id='word_1_619' title='bbox 765 5384 831 5439; x_wconf 88' lang='lat' dir='ltr'><strong>ad</strong></span> <span class='ocrx_word' id='word_1_620' title='bbox 880 5388 1367 5447; x_wconf 82' lang='lat' dir='ltr'><strong>manifestationem</strong></span> <span class='ocrx_word' id='word_1_621' title='bbox 1398 5394 1480 5449; x_wconf 91' lang='lat' dir='ltr'><strong>sui</strong></span> <span class='ocrx_word' id='word_1_622' title='bbox 1509 5394 1624 5465; x_wconf 88' lang='lat' dir='ltr'><strong>ipsa</strong></span> <span class='ocrx_word' id='word_1_623' title='bbox 1656 5392 1914 5461; x_wconf 89' lang='lat' dir='ltr'><strong>suftlciat,</strong></span> <span class='ocrx_word' id='word_1_624' title='bbox 1946 5412 2119 5466; x_wconf 90' lang='lat' dir='ltr'><strong>neque</strong></span> <span class='ocrx_word' id='word_1_625' title='bbox 2150 5398 2205 5452; x_wconf 86' lang='lat' dir='ltr'><strong>in</strong></span> 
     </span>
    </p>
   </div>
   <div class='ocr_carea' id='block_1_87' title="bbox 626 5472 2208 5557">
    <p class='ocr_par' dir='ltr' id='par_1_87' title="bbox 626 5472 2208 5557">
     <span class='ocr_line' id='line_1_88' title="bbox 626 5472 2208 5557; baseline 0.011 -32"><span class='ocrx_word' id='word_1_626' title='bbox 626 5472 806 5544; x_wconf 84' lang='lat' dir='ltr'><strong>aliquo</strong></span> <span class='ocrx_word' id='word_1_627' title='bbox 836 5485 929 5530; x_wconf 92' lang='lat' dir='ltr'><strong>aut</strong></span> <span class='ocrx_word' id='word_1_628' title='bbox 962 5480 1297 5548; x_wconf 85' lang='lat' dir='ltr'><strong>purgationis</strong></span> <span class='ocrx_word' id='word_1_629' title='bbox 1325 5491 1418 5537; x_wconf 91' lang='lat' dir='ltr'><strong>aut</strong></span> <span class='ocrx_word' id='word_1_630' title='bbox 1473 5485 1827 5554; x_wconf 77' lang='lat' dir='ltr'><strong>expositionis</strong></span> <span class='ocrx_word' id='word_1_631' title='bbox 1860 5485 2121 5557; x_wconf 84' lang='lat' dir='ltr'><strong>indigeat,</strong></span> <span class='ocrx_word' id='word_1_632' title='bbox 2152 5496 2208 5543; x_wconf 86' lang='lat' dir='ltr'><strong>et</strong></span> 
     </span>
    </p>
   </div>
   <div class='ocr_carea' id='block_1_88' title="bbox 629 5564 2205 5647">
    <p class='ocr_par' dir='ltr' id='par_1_88' title="bbox 629 5564 2205 5647">
     <span class='ocr_line' id='line_1_89' title="bbox 629 5564 2205 5647; baseline 0.009 -28"><span class='ocrx_word' id='word_1_633' title='bbox 629 5564 731 5619; x_wconf 90' lang='lat' dir='ltr'><strong>alia</strong></span> <span class='ocrx_word' id='word_1_634' title='bbox 763 5574 941 5623; x_wconf 91' lang='lat' dir='ltr'><strong>tamen</strong></span> <span class='ocrx_word' id='word_1_635' title='bbox 983 5582 1105 5623; x_wconf 92' lang='lat' dir='ltr'><strong>cum</strong></span> <span class='ocrx_word' id='word_1_636' title='bbox 1135 5572 1321 5627; x_wconf 88' lang='lat' dir='ltr'><strong>eadem</strong></span> <span class='ocrx_word' id='word_1_637' title='bbox 1372 5589 1490 5630; x_wconf 88' lang='lat' dir='ltr'><strong>mea</strong></span> <span class='ocrx_word' id='word_1_638' title='bbox 1520 5577 1721 5647; x_wconf 82' lang='lat' dir='ltr'><strong>scripta</strong></span> <span class='ocrx_word' id='word_1_639' title='bbox 1748 5579 2096 5644; x_wconf 86' lang='lat' dir='ltr'><strong>concordant,</strong></span> <span class='ocrx_word' id='word_1_640' title='bbox 2152 5577 2205 5633; x_wconf 91' lang='lat' dir='ltr'><strong>in</strong></span> 
     </span>
    </p>
   </div>
   <div class='ocr_carea' id='block_1_89' title="bbox 630 5656 2205 5740">
    <p class='ocr_par' dir='ltr' id='par_1_89' title="bbox 630 5656 2205 5740">
     <span class='ocr_line' id='line_1_90' title="bbox 630 5656 2205 5740; baseline 0.01 -31"><span class='ocrx_word' id='word_1_641' title='bbox 630 5656 821 5726; x_wconf 82' lang='lat' dir='ltr'><strong>quibus</strong></span> <span class='ocrx_word' id='word_1_642' title='bbox 841 5661 1094 5718; x_wconf 84' lang='lat' dir='ltr'><strong>similiter</strong></span> <span class='ocrx_word' id='word_1_643' title='bbox 1119 5664 1516 5735; x_wconf 72' lang='lat' dir='ltr'><strong>prmdicationis</strong></span> <span class='ocrx_word' id='word_1_644' title='bbox 1557 5684 1687 5725; x_wconf 71' lang='lat' dir='ltr'><strong>mea:</strong></span> <span class='ocrx_word' id='word_1_645' title='bbox 1712 5684 1905 5726; x_wconf 91' lang='lat' dir='ltr'><strong>sensus</strong></span> <span class='ocrx_word' id='word_1_646' title='bbox 1937 5669 1988 5725; x_wconf 93' lang='lat' dir='ltr'><strong>in</strong></span> <span class='ocrx_word' id='word_1_647' title='bbox 2017 5679 2205 5740; x_wconf 86' lang='lat' dir='ltr'><strong>aperto</strong></span> 
     </span>
    </p>
   </div>
   <div class='ocr_carea' id='block_1_90' title="bbox 632 5751 2202 5839">
    <p class='ocr_par' dir='ltr' id='par_1_90' title="bbox 632 5751 2202 5839">
     <span class='ocr_line' id='line_1_91' title="bbox 632 5751 2202 5839; baseline 0.005 -33"><span class='ocrx_word' id='word_1_648' title='bbox 632 5759 731 5806; x_wconf 78' lang='lat' dir='ltr'><strong>est.</strong></span> <span class='ocrx_word' id='word_1_649' title='bbox 756 5751 1144 5812; x_wconf 85' lang='lat' dir='ltr'><strong>Necessitatem</strong></span> <span class='ocrx_word' id='word_1_650' title='bbox 1163 5758 1305 5814; x_wconf 92' lang='lat' dir='ltr'><strong>cnim</strong></span> <span class='ocrx_word' id='word_1_651' title='bbox 1328 5759 1536 5815; x_wconf 84' lang='lat' dir='ltr'><strong>habens</strong></span> <span class='ocrx_word' id='word_1_652' title='bbox 1560 5760 2087 5826; x_wconf 65' lang='lat' dir='ltr'><strong>contrahaneticos,</strong></span> <span class='ocrx_word' id='word_1_653' title='bbox 2110 5762 2202 5839; x_wconf 83' lang='lat' dir='ltr'><strong>qui</strong></span> 
     </span>
    </p>
   </div>
   <div class='ocr_carea' id='block_1_91' title="bbox 2298 3268 3806 3345">
    <p class='ocr_par' dir='ltr' id='par_1_91' title="bbox 2298 3268 3806 3345">
     <span class='ocr_line' id='line_1_92' title="bbox 2298 3268 3806 3345; baseline -0.011 -15"><span class='ocrx_word' id='word_1_654' title='bbox 2298 3275 2515 3331; x_wconf 88' lang='lat' dir='ltr'><strong>tertium</strong></span> <span class='ocrx_word' id='word_1_655' title='bbox 2536 3274 2862 3345; x_wconf 84' lang='lat' dir='ltr'><strong>Apollinaris</strong></span> <span class='ocrx_word' id='word_1_656' title='bbox 2884 3274 3075 3345; x_wconf 84' lang='lat' dir='ltr'><strong>dogma</strong></span> <span class='ocrx_word' id='word_1_657' title='bbox 3097 3273 3320 3345; x_wconf 84' lang='lat' dir='ltr'><strong>delegit,</strong></span> <span class='ocrx_word' id='word_1_658' title='bbox 3339 3280 3402 3327; x_wconf 90' lang='lat' dir='ltr'><strong>ut</strong></span> <span class='ocrx_word' id='word_1_659' title='bbox 3426 3278 3610 3340; x_wconf 80' lang='lat' dir='ltr'><strong>negata</strong></span> <span class='ocrx_word' id='word_1_660' title='bbox 3631 3268 3806 3321; x_wconf 76' lang='lat' dir='ltr'><strong>humana</strong></span> 
     </span>
    </p>
   </div>
   <div class='ocr_carea' id='block_1_92' title="bbox 2295 3363 3805 3440">
    <p class='ocr_par' dir='ltr' id='par_1_92' title="bbox 2295 3363 3805 3440">
     <span class='ocr_line' id='line_1_93' title="bbox 2295 3363 3805 3440; baseline -0.007 -15"><span class='ocrx_word' id='word_1_661' title='bbox 2295 3370 2477 3425; x_wconf 87' lang='lat' dir='ltr'><strong>carnis</strong></span> <span class='ocrx_word' id='word_1_662' title='bbox 2507 3378 2671 3440; x_wconf 91' lang='lat' dir='ltr'><strong>atque</strong></span> <span class='ocrx_word' id='word_1_663' title='bbox 2708 3369 2904 3423; x_wconf 73' lang='lat' dir='ltr'><strong>anima:</strong></span> <span class='ocrx_word' id='word_1_664' title='bbox 2937 3369 3186 3434; x_wconf 89' lang='lat' dir='ltr'><strong>veritate,</strong></span> <span class='ocrx_word' id='word_1_665' title='bbox 3232 3377 3411 3424; x_wconf 91' lang='lat' dir='ltr'><strong>totum</strong></span> <span class='ocrx_word' id='word_1_666' title='bbox 3454 3363 3708 3421; x_wconf 87' lang='lat' dir='ltr'><strong>Dominum</strong></span> <span class='ocrx_word' id='word_1_667' title='bbox 3743 3370 3805 3410; x_wconf 87' lang='lat' dir='ltr'><strong>no-</strong></span> 
     </span>
    </p>
   </div>
   <div class='ocr_carea' id='block_1_93' title="bbox 2295 3457 3803 3516">
    <p class='ocr_par' dir='ltr' id='par_1_93' title="bbox 2295 3457 3803 3516">
     <span class='ocr_line' id='line_1_94' title="bbox 2295 3457 3803 3516; baseline -0.009 0"><span class='ocrx_word' id='word_1_668' title='bbox 2295 3470 2467 3516; x_wconf 90' lang='lat' dir='ltr'><strong>strum</strong></span> <span class='ocrx_word' id='word_1_669' title='bbox 2510 3459 2694 3516; x_wconf 80' lang='lat' dir='ltr'><strong>Jesum</strong></span> <span class='ocrx_word' id='word_1_670' title='bbox 2748 3459 3023 3516; x_wconf 88' lang='lat' dir='ltr'><strong>Christum</strong></span> <span class='ocrx_word' id='word_1_671' title='bbox 3075 3460 3234 3514; x_wconf 90' lang='lat' dir='ltr'><strong>unius</strong></span> <span class='ocrx_word' id='word_1_672' title='bbox 3279 3466 3628 3514; x_wconf 88' lang='lat' dir='ltr'><strong>asseratesse</strong></span> <span class='ocrx_word' id='word_1_673' title='bbox 3662 3457 3803 3504; x_wconf 68' lang='lat' dir='ltr'><strong>natura!</strong></span> 
     </span>
    </p>
   </div>
   <div class='ocr_carea' id='block_1_94' title="bbox 2297 3542 3809 3621">
    <p class='ocr_par' dir='ltr' id='par_1_94' title="bbox 2297 3542 3809 3621">
     <span class='ocr_line' id='line_1_95' title="bbox 2297 3542 3809 3621; baseline -0.009 -17"><span class='ocrx_word' id='word_1_674' title='bbox 2297 3559 2554 3621; x_wconf 89' lang='lat' dir='ltr'><strong>tanquam</strong></span> <span class='ocrx_word' id='word_1_675' title='bbox 2583 3550 2744 3605; x_wconf 81' lang='lat' dir='ltr'><strong>Verbi</strong></span> <span class='ocrx_word' id='word_1_676' title='bbox 2767 3552 2940 3606; x_wconf 87' lang='lat' dir='ltr'><strong>deitas</strong></span> <span class='ocrx_word' id='word_1_677' title='bbox 2982 3550 3095 3621; x_wconf 89' lang='lat' dir='ltr'><strong>ipsa</strong></span> <span class='ocrx_word' id='word_1_678' title='bbox 3131 3564 3189 3604; x_wconf 88' lang='lat' dir='ltr'><strong>se</strong></span> <span class='ocrx_word' id='word_1_679' title='bbox 3216 3551 3268 3605; x_wconf 91' lang='lat' dir='ltr'><strong>in</strong></span> <span class='ocrx_word' id='word_1_680' title='bbox 3291 3562 3514 3604; x_wconf 89' lang='lat' dir='ltr'><strong>carnem</strong></span> <span class='ocrx_word' id='word_1_681' title='bbox 3542 3542 3809 3605; x_wconf 67' lang='lat' dir='ltr'><strong>animamque</strong></span> 
     </span>
    </p>
   </div>
   <div class='ocr_carea' id='block_1_95' title="bbox 2295 3637 3805 3710">
    <p class='ocr_par' dir='ltr' id='par_1_95' title="bbox 2295 3637 3805 3710">
     <span class='ocr_line' id='line_1_96' title="bbox 2295 3637 3805 3710; baseline -0.008 -13"><span class='ocrx_word' id='word_1_682' title='bbox 2295 3640 2649 3708; x_wconf 87' lang='lat' dir='ltr'><strong>converterit,</strong></span> <span class='ocrx_word' id='word_1_683' title='bbox 2677 3648 2733 3695; x_wconf 91' lang='lat' dir='ltr'><strong>et</strong></span> <span class='ocrx_word' id='word_1_684' title='bbox 2754 3639 2962 3710; x_wconf 87' lang='lat' dir='ltr'><strong>concipi</strong></span> <span class='ocrx_word' id='word_1_685' title='bbox 2991 3653 3055 3694; x_wconf 92' lang='lat' dir='ltr'><strong>ac</strong></span> <span class='ocrx_word' id='word_1_686' title='bbox 3082 3638 3251 3705; x_wconf 88' lang='lat' dir='ltr'><strong>nasci,</strong></span> <span class='ocrx_word' id='word_1_687' title='bbox 3281 3637 3503 3701; x_wconf 90' lang='lat' dir='ltr'><strong>nutriri,</strong></span> <span class='ocrx_word' id='word_1_688' title='bbox 3530 3648 3588 3687; x_wconf 89' lang='lat' dir='ltr'><strong>ac</strong></span> <span class='ocrx_word' id='word_1_689' title='bbox 3606 3640 3805 3686; x_wconf 52' lang='lat' dir='ltr'><strong>crescere,</strong></span> 
     </span>
    </p>
   </div>
   <div class='ocr_carea' id='block_1_96' title="bbox 2297 3730 3805 3816">
    <p class='ocr_par' dir='ltr' id='par_1_96' title="bbox 2297 3730 3805 3816">
     <span class='ocr_line' id='line_1_97' title="bbox 2297 3730 3805 3816; baseline -0.009 -28"><span class='ocrx_word' id='word_1_690' title='bbox 2297 3731 2564 3804; x_wconf 78' lang='lat' dir='ltr'><strong>cruciﬁgi,</strong></span> <span class='ocrx_word' id='word_1_691' title='bbox 2601 3746 2666 3786; x_wconf 93' lang='lat' dir='ltr'><strong>ac</strong></span> <span class='ocrx_word' id='word_1_692' title='bbox 2708 3731 2868 3796; x_wconf 90' lang='lat' dir='ltr'><strong>mori,</strong></span> <span class='ocrx_word' id='word_1_693' title='bbox 2896 3730 3134 3800; x_wconf 88' lang='lat' dir='ltr'><strong>sepeliri,</strong></span> <span class='ocrx_word' id='word_1_694' title='bbox 3165 3745 3228 3785; x_wconf 92' lang='lat' dir='ltr'><strong>ac</strong></span> <span class='ocrx_word' id='word_1_695' title='bbox 3271 3740 3573 3816; x_wconf 79' lang='lat' dir='ltr'><strong>resurgere,</strong></span> <span class='ocrx_word' id='word_1_696' title='bbox 3597 3730 3646 3776; x_wconf 92' lang='lat' dir='ltr'><strong>et</strong></span> <span class='ocrx_word' id='word_1_697' title='bbox 3663 3730 3805 3816; x_wconf 55' lang='lat' dir='ltr'><strong>asceti-</strong></span> 
     </span>
    </p>
   </div>
   <div class='ocr_carea' id='block_1_97' title="bbox 2297 3806 3801 3887">
    <p class='ocr_par' dir='ltr' id='par_1_97' title="bbox 2297 3806 3801 3887">
     <span class='ocr_line' id='line_1_98' title="bbox 2297 3806 3801 3887; baseline -0.011 -9"><span class='ocrx_word' id='word_1_698' title='bbox 2297 3823 2426 3878; x_wconf 91' lang='lat' dir='ltr'><strong>dere</strong></span> <span class='ocrx_word' id='word_1_699' title='bbox 2457 3824 2509 3877; x_wconf 91' lang='lat' dir='ltr'><strong>in</strong></span> <span class='ocrx_word' id='word_1_700' title='bbox 2537 3822 2762 3887; x_wconf 65' lang='lat' dir='ltr'><strong>cretum,</strong></span> <span class='ocrx_word' id='word_1_701' title='bbox 2797 3830 2853 3878; x_wconf 90' lang='lat' dir='ltr'><strong>et</strong></span> <span class='ocrx_word' id='word_1_702' title='bbox 2897 3820 2948 3875; x_wconf 90' lang='lat' dir='ltr'><strong>in</strong></span> <span class='ocrx_word' id='word_1_703' title='bbox 2978 3820 3158 3879; x_wconf 87' lang='lat' dir='ltr'><strong>Patris</strong></span> <span class='ocrx_word' id='word_1_704' title='bbox 3183 3820 3433 3885; x_wconf 80' lang='lat' dir='ltr'><strong>dextera,</strong></span> <span class='ocrx_word' id='word_1_705' title='bbox 3462 3814 3593 3871; x_wconf 90' lang='lat' dir='ltr'><strong>unde</strong></span> <span class='ocrx_word' id='word_1_706' title='bbox 3618 3810 3673 3864; x_wconf 82' lang='lat' dir='ltr'><strong>ad</strong></span> <span class='ocrx_word' id='word_1_707' title='bbox 3707 3806 3801 3874; x_wconf 77' lang='lat' dir='ltr'><strong>judi-</strong></span> 
     </span>
    </p>
   </div>
   <div class='ocr_carea' id='block_1_98' title="bbox 2297 3903 3802 3998">
    <p class='ocr_par' dir='ltr' id='par_1_98' title="bbox 2297 3903 3802 3998">
     <span class='ocr_line' id='line_1_99' title="bbox 2297 3903 3802 3998; baseline -0.005 -26"><span class='ocrx_word' id='word_1_708' title='bbox 2297 3916 2500 3972; x_wconf 90' lang='lat' dir='ltr'><strong>candos</strong></span> <span class='ocrx_word' id='word_1_709' title='bbox 2527 3915 2677 3971; x_wconf 87' lang='lat' dir='ltr'><strong>vivos</strong></span> <span class='ocrx_word' id='word_1_710' title='bbox 2701 3924 2757 3969; x_wconf 90' lang='lat' dir='ltr'><strong>et</strong></span> <span class='ocrx_word' id='word_1_711' title='bbox 2782 3921 3024 3969; x_wconf 91' lang='lat' dir='ltr'><strong>mortuos</strong></span> <span class='ocrx_word' id='word_1_712' title='bbox 3052 3913 3248 3975; x_wconf 87' lang='lat' dir='ltr'><strong>veniet,</strong></span> <span class='ocrx_word' id='word_1_713' title='bbox 3274 3911 3573 3972; x_wconf 88' lang='lat' dir='ltr'><strong>considere,</strong></span> <span class='ocrx_word' id='word_1_714' title='bbox 3601 3903 3697 3973; x_wconf 81' lang='lat' dir='ltr'><strong>ejus</strong></span> <span class='ocrx_word' id='word_1_715' title='bbox 3727 3906 3802 3998; x_wconf 55' lang='lat' dir='ltr'><strong>if!&quot;</strong></span> 
     </span>
    </p>
   </div>
   <div class='ocr_carea' id='block_1_99' title="bbox 2299 3998 3800 4092">
    <p class='ocr_par' dir='ltr' id='par_1_99' title="bbox 2299 3998 3800 4092">
     <span class='ocr_line' id='line_1_100' title="bbox 2299 3998 3800 4092; baseline -0.01 -30"><span class='ocrx_word' id='word_1_716' title='bbox 2299 4016 2412 4062; x_wconf 90' lang='lat' dir='ltr'><strong>tum</strong></span> <span class='ocrx_word' id='word_1_717' title='bbox 2459 4007 2710 4062; x_wconf 70' lang='lat' dir='ltr'><strong>essentia:</strong></span> <span class='ocrx_word' id='word_1_718' title='bbox 2745 4004 2925 4072; x_wconf 89' lang='lat' dir='ltr'><strong>fuerit,</strong></span> <span class='ocrx_word' id='word_1_719' title='bbox 2973 4020 3093 4076; x_wconf 77' lang='lat' dir='ltr'><strong>qua:</strong></span> <span class='ocrx_word' id='word_1_720' title='bbox 3138 4002 3273 4059; x_wconf 90' lang='lat' dir='ltr'><strong>nihil</strong></span> <span class='ocrx_word' id='word_1_721' title='bbox 3302 4005 3498 4060; x_wconf 89' lang='lat' dir='ltr'><strong>horum</strong></span> <span class='ocrx_word' id='word_1_722' title='bbox 3545 3998 3593 4053; x_wconf 89' lang='lat' dir='ltr'><strong>in</strong></span> <span class='ocrx_word' id='word_1_723' title='bbox 3644 4006 3691 4092; x_wconf 70' lang='lat' dir='ltr'><strong>se</strong></span> <span class='ocrx_word' id='word_1_724' title='bbox 3723 3998 3800 4092; x_wconf 22' lang='lat' dir='ltr'><strong>stt-1.0</strong></span> 
     </span>
    </p>
   </div>
   <div class='ocr_carea' id='block_1_100' title="bbox 2298 4086 3794 4169">
    <p class='ocr_par' dir='ltr' id='par_1_100' title="bbox 2298 4086 3794 4169">
     <span class='ocr_line' id='line_1_101' title="bbox 2298 4086 3794 4169; baseline -0.013 -13"><span class='ocrx_word' id='word_1_725' title='bbox 2298 4100 2479 4156; x_wconf 89' lang='lat' dir='ltr'><strong>carnis</strong></span> <span class='ocrx_word' id='word_1_726' title='bbox 2522 4100 2753 4156; x_wconf 87' lang='lat' dir='ltr'><strong>veritate</strong></span> <span class='ocrx_word' id='word_1_727' title='bbox 2806 4099 3032 4169; x_wconf 89' lang='lat' dir='ltr'><strong>recepit,</strong></span> <span class='ocrx_word' id='word_1_728' title='bbox 3072 4098 3329 4169; x_wconf 88' lang='lat' dir='ltr'><strong>quoniam</strong></span> <span class='ocrx_word' id='word_1_729' title='bbox 3375 4103 3564 4153; x_wconf 88' lang='lat' dir='ltr'><strong>natura</strong></span> <span class='ocrx_word' id='word_1_730' title='bbox 3589 4086 3794 4157; x_wconf 80' lang='lat' dir='ltr'><strong>unigeniti.</strong></span> 
     </span>
    </p>
   </div>
   <div class='ocr_carea' id='block_1_101' title="bbox 2299 4175 3820 4273">
    <p class='ocr_par' dir='ltr' id='par_1_101' title="bbox 2299 4175 3820 4273">
     <span class='ocr_line' id='line_1_102' title="bbox 2299 4175 3820 4273; baseline -0.003 -25"><span class='ocrx_word' id='word_1_731' title='bbox 2299 4203 2492 4248; x_wconf 89' lang='lat' dir='ltr'><strong>natura</strong></span> <span class='ocrx_word' id='word_1_732' title='bbox 2508 4203 2590 4249; x_wconf 90' lang='lat' dir='ltr'><strong>est</strong></span> <span class='ocrx_word' id='word_1_733' title='bbox 2612 4192 2808 4258; x_wconf 83' lang='lat' dir='ltr'><strong>Patris,</strong></span> <span class='ocrx_word' id='word_1_734' title='bbox 2831 4203 3021 4247; x_wconf 88' lang='lat' dir='ltr'><strong>natura</strong></span> <span class='ocrx_word' id='word_1_735' title='bbox 3049 4203 3132 4248; x_wconf 73' lang='grc' dir='ltr'><strong>εει</strong></span> <span class='ocrx_word' id='word_1_736' title='bbox 3155 4192 3392 4263; x_wconf 85' lang='lat' dir='ltr'><strong>Spiritus</strong></span> <span class='ocrx_word' id='word_1_737' title='bbox 3409 4175 3820 4273; x_wconf 54' lang='lat' dir='ltr'><strong>sancti,simul‘l‘{°.</strong></span> 
     </span>
    </p>
   </div>
   <div class='ocr_carea' id='block_1_102' title="bbox 2300 4279 3794 4373">
    <p class='ocr_par' dir='ltr' id='par_1_102' title="bbox 2300 4279 3794 4373">
     <span class='ocr_line' id='line_1_103' title="bbox 2300 4279 3794 4373; baseline -0.006 -34"><span class='ocrx_word' id='word_1_738' title='bbox 2300 4285 2723 4356; x_wconf 89' lang='lat' dir='ltr'><strong>impassihiliter,</strong></span> <span class='ocrx_word' id='word_1_739' title='bbox 2760 4284 2920 4340; x_wconf 91' lang='lat' dir='ltr'><strong>simul</strong></span> <span class='ocrx_word' id='word_1_740' title='bbox 2964 4292 3047 4339; x_wconf 90' lang='lat' dir='ltr'><strong>est</strong></span> <span class='ocrx_word' id='word_1_741' title='bbox 3085 4280 3623 4373; x_wconf 78' lang='lat' dir='ltr'><strong>incommutabiliter,</strong></span> 
     </span>
    </p>
   </div>
   <div class='ocr_carea' id='block_1_103' title="bbox 2303 4357 3795 4442">
    <p class='ocr_par' dir='ltr' id='par_1_103' title="bbox 2303 4357 3795 4442">
     <span class='ocr_line' id='line_1_104' title="bbox 2303 4357 3795 4442; baseline -0.008 -11"><span class='ocrx_word' id='word_1_742' title='bbox 2303 4386 2467 4433; x_wconf 67' lang='lat' dir='ltr'><strong>terna:</strong></span> <span class='ocrx_word' id='word_1_743' title='bbox 2487 4376 2767 4431; x_wconf 88' lang='lat' dir='ltr'><strong>Trinitatis</strong></span> <span class='ocrx_word' id='word_1_744' title='bbox 2792 4376 3019 4431; x_wconf 90' lang='lat' dir='ltr'><strong>indivisa</strong></span> <span class='ocrx_word' id='word_1_745' title='bbox 3043 4376 3245 4442; x_wconf 87' lang='lat' dir='ltr'><strong>unitas,</strong></span> <span class='ocrx_word' id='word_1_746' title='bbox 3275 4385 3330 4431; x_wconf 90' lang='lat' dir='ltr'><strong>et</strong></span> <span class='ocrx_word' id='word_1_747' title='bbox 3348 4357 3795 4433; x_wconf 66' lang='lat' dir='ltr'><strong>consubstantialiltr</strong></span> 
     </span>
    </p>
   </div>
   <div class='ocr_carea' id='block_1_104' title="bbox 2301 4449 3793 4545">
    <p class='ocr_par' dir='ltr' id='par_1_104' title="bbox 2301 4449 3793 4545">
     <span class='ocr_line' id='line_1_105' title="bbox 2301 4449 3793 4545; baseline -0.011 -23"><span class='ocrx_word' id='word_1_748' title='bbox 2301 4467 2601 4539; x_wconf 62' lang='lat' dir='ltr'><strong>aequalitas.</strong></span> <span class='ocrx_word' id='word_1_749' title='bbox 2636 4466 2790 4524; x_wconf 89' lang='lat' dir='ltr'><strong>Unde</strong></span> <span class='ocrx_word' id='word_1_750' title='bbox 2833 4482 2891 4522; x_wconf 84' lang='lat' dir='ltr'><strong>se</strong></span> <span class='ocrx_word' id='word_1_751' title='bbox 2937 4469 3005 4524; x_wconf 93' lang='lat' dir='ltr'><strong>ab</strong></span> <span class='ocrx_word' id='word_1_752' title='bbox 3031 4467 3366 4539; x_wconf 81' lang='lat' dir='ltr'><strong>Apollinaris</strong></span> <span class='ocrx_word' id='word_1_753' title='bbox 3394 4449 3793 4545; x_wconf 84' lang='lat' dir='ltr'><strong>perversitate</strong></span> 
     </span>
    </p>
   </div>
   <div class='ocr_carea' id='block_1_105' title="bbox 2304 4552 3792 4643">
    <p class='ocr_par' dir='ltr' id='par_1_105' title="bbox 2304 4552 3792 4643">
     <span class='ocr_line' id='line_1_106' title="bbox 2304 4552 3792 4643; baseline -0.011 -28"><span class='ocrx_word' id='word_1_754' title='bbox 2304 4560 2503 4615; x_wconf 86' lang='lat' dir='ltr'><strong>retieus</strong></span> <span class='ocrx_word' id='word_1_755' title='bbox 2530 4559 2630 4615; x_wconf 90' lang='lat' dir='ltr'><strong>iste</strong></span> <span class='ocrx_word' id='word_1_756' title='bbox 2658 4559 2927 4623; x_wconf 86' lang='lat' dir='ltr'><strong>desciscit,</strong></span> <span class='ocrx_word' id='word_1_757' title='bbox 2958 4574 3025 4615; x_wconf 92' lang='lat' dir='ltr'><strong>ne</strong></span> <span class='ocrx_word' id='word_1_758' title='bbox 3050 4560 3406 4615; x_wconf 87' lang='lat' dir='ltr'><strong>convincatur</strong></span> <span class='ocrx_word' id='word_1_759' title='bbox 3438 4552 3792 4643; x_wconf 75' lang='lat' dir='ltr'><strong>deitatem</strong></span> 
     </span>
    </p>
   </div>
   <div class='ocr_carea' id='block_1_106' title="bbox 2301 4635 3791 4721">
    <p class='ocr_par' dir='ltr' id='par_1_106' title="bbox 2301 4635 3791 4721">
     <span class='ocr_line' id='line_1_107' title="bbox 2301 4635 3791 4721; baseline -0.015 -14"><span class='ocrx_word' id='word_1_760' title='bbox 2301 4651 2464 4707; x_wconf 91' lang='lat' dir='ltr'><strong>bilem</strong></span> <span class='ocrx_word' id='word_1_761' title='bbox 2496 4652 2718 4716; x_wconf 89' lang='lat' dir='ltr'><strong>sentire,</strong></span> <span class='ocrx_word' id='word_1_762' title='bbox 2746 4660 2908 4721; x_wconf 89' lang='lat' dir='ltr'><strong>atque</strong></span> <span class='ocrx_word' id='word_1_763' title='bbox 2952 4651 3259 4716; x_wconf 89' lang='lat' dir='ltr'><strong>mortalem,</strong></span> <span class='ocrx_word' id='word_1_764' title='bbox 3299 4660 3355 4706; x_wconf 92' lang='lat' dir='ltr'><strong>et</strong></span> <span class='ocrx_word' id='word_1_765' title='bbox 3387 4660 3553 4704; x_wconf 87' lang='lat' dir='ltr'><strong>tamen</strong></span> <span class='ocrx_word' id='word_1_766' title='bbox 3580 4635 3707 4693; x_wconf 86' lang='lat' dir='ltr'><strong>Verbi</strong></span> <span class='ocrx_word' id='word_1_767' title='bbox 3736 4635 3791 4681; x_wconf 84' lang='lat' dir='ltr'><strong>in-</strong></span> 
     </span>
    </p>
   </div>
   <div class='ocr_carea' id='block_1_107' title="bbox 2301 4731 3790 4809">
    <p class='ocr_par' dir='ltr' id='par_1_107' title="bbox 2301 4731 3790 4809">
     <span class='ocr_line' id='line_1_108' title="bbox 2301 4731 3790 4809; baseline -0.012 -9"><span class='ocrx_word' id='word_1_768' title='bbox 2301 4745 2537 4809; x_wconf 88' lang='lat' dir='ltr'><strong>carnati,</strong></span> <span class='ocrx_word' id='word_1_769' title='bbox 2567 4744 2618 4798; x_wconf 93' lang='lat' dir='ltr'><strong>id</strong></span> <span class='ocrx_word' id='word_1_770' title='bbox 2649 4751 2751 4807; x_wconf 91' lang='lat' dir='ltr'><strong>est,</strong></span> <span class='ocrx_word' id='word_1_771' title='bbox 2792 4741 2952 4797; x_wconf 91' lang='lat' dir='ltr'><strong>Verbi</strong></span> <span class='ocrx_word' id='word_1_772' title='bbox 2984 4752 3041 4796; x_wconf 91' lang='lat' dir='ltr'><strong>et</strong></span> <span class='ocrx_word' id='word_1_773' title='bbox 3082 4741 3265 4797; x_wconf 88' lang='lat' dir='ltr'><strong>carnis</strong></span> <span class='ocrx_word' id='word_1_774' title='bbox 3293 4754 3451 4797; x_wconf 92' lang='lat' dir='ltr'><strong>unam</strong></span> <span class='ocrx_word' id='word_1_775' title='bbox 3491 4732 3665 4790; x_wconf 87' lang='lat' dir='ltr'><strong>audens</strong></span> <span class='ocrx_word' id='word_1_776' title='bbox 3700 4731 3790 4809; x_wconf 73' lang='lat' dir='ltr'><strong>pm‘</strong></span> 
     </span>
    </p>
   </div>
   <div class='ocr_carea' id='block_1_108' title="bbox 2301 4808 3788 4901">
    <p class='ocr_par' dir='ltr' id='par_1_108' title="bbox 2301 4808 3788 4901">
     <span class='ocr_line' id='line_1_109' title="bbox 2301 4808 3788 4901; baseline -0.01 -11"><span class='ocrx_word' id='word_1_777' title='bbox 2301 4808 2554 4892; x_wconf 89' lang='lat' dir='ltr'><strong>nuntiare</strong></span> <span class='ocrx_word' id='word_1_778' title='bbox 2586 4843 2834 4890; x_wconf 89' lang='lat' dir='ltr'><strong>naturam</strong></span> <span class='ocrx_word' id='word_1_779' title='bbox 2855 4876 2870 4901; x_wconf 90' lang='lat'><strong>,</strong></span> <span class='ocrx_word' id='word_1_780' title='bbox 2901 4849 3006 4889; x_wconf 90' lang='lat' dir='ltr'><strong>non</strong></span> <span class='ocrx_word' id='word_1_781' title='bbox 3041 4833 3203 4889; x_wconf 89' lang='lat' dir='ltr'><strong>dubie</strong></span> <span class='ocrx_word' id='word_1_782' title='bbox 3233 4834 3286 4888; x_wconf 90' lang='lat' dir='ltr'><strong>in</strong></span> <span class='ocrx_word' id='word_1_783' title='bbox 3331 4823 3586 4887; x_wconf 64' lang='lat' dir='ltr'><strong>Manichati</strong></span> <span class='ocrx_word' id='word_1_784' title='bbox 3634 4825 3676 4871; x_wconf 76' lang='lat' dir='ltr'><strong>et</strong></span> <span class='ocrx_word' id='word_1_785' title='bbox 3698 4808 3788 4901; x_wconf 56' lang='lat' dir='ltr'><strong>lia&quot;</strong></span> 
     </span>
    </p>
   </div>
   <div class='ocr_carea' id='block_1_109' title="bbox 2302 4897 3769 4992">
    <p class='ocr_par' dir='ltr' id='par_1_109' title="bbox 2302 4897 3769 4992">
     <span class='ocr_line' id='line_1_110' title="bbox 2302 4897 3769 4992; baseline -0.011 -11"><span class='ocrx_word' id='word_1_786' title='bbox 2302 4928 2514 4982; x_wconf 84' lang='lat' dir='ltr'><strong>chionis</strong></span> <span class='ocrx_word' id='word_1_787' title='bbox 2544 4928 2738 4981; x_wconf 87' lang='lat' dir='ltr'><strong>transit</strong></span> <span class='ocrx_word' id='word_1_788' title='bbox 2763 4925 3052 4991; x_wconf 90' lang='lat' dir='ltr'><strong>insaniam,</strong></span> <span class='ocrx_word' id='word_1_789' title='bbox 3081 4933 3135 4978; x_wconf 90' lang='lat' dir='ltr'><strong>et</strong></span> <span class='ocrx_word' id='word_1_790' title='bbox 3173 4924 3512 4979; x_wconf 89' lang='lat' dir='ltr'><strong>mediatorcm</strong></span> <span class='ocrx_word' id='word_1_791' title='bbox 3544 4909 3623 4969; x_wconf 84' lang='lat' dir='ltr'><strong>Dei</strong></span> <span class='ocrx_word' id='word_1_792' title='bbox 3656 4912 3698 4957; x_wconf 75' lang='grc' dir='ltr'>ει</span> 
     </span>
    </p>
   </div>
   <div class='ocr_carea' id='block_1_110' title="bbox 2308 4984 3785 5083">
    <p class='ocr_par' dir='ltr' id='par_1_110' title="bbox 2308 4984 3785 5083">
     <span class='ocr_line' id='line_1_111' title="bbox 2308 4984 3785 5083; baseline -0.019 -8"><span class='ocrx_word' id='word_1_793' title='bbox 2308 5019 2512 5075; x_wconf 91' lang='lat' dir='ltr'><strong>minum</strong></span> <span class='ocrx_word' id='word_1_794' title='bbox 2544 5017 2815 5072; x_wconf 88' lang='lat' dir='ltr'><strong>hominem</strong></span> <span class='ocrx_word' id='word_1_795' title='bbox 2838 5014 3020 5072; x_wconf 71' lang='lat' dir='ltr'><strong>lesum</strong></span> <span class='ocrx_word' id='word_1_796' title='bbox 3048 5015 3320 5071; x_wconf 90' lang='lat' dir='ltr'><strong>Christum</strong></span> <span class='ocrx_word' id='word_1_797' title='bbox 3353 4999 3649 5069; x_wconf 86' lang='lat' dir='ltr'><strong>simulatorie</strong></span> <span class='ocrx_word' id='word_1_798' title='bbox 3668 4984 3785 5083; x_wconf 56' lang='lat' dir='ltr'><strong>creti“</strong></span> 
     </span>
    </p>
   </div>
   <div class='ocr_carea' id='block_1_111' title="bbox 2306 5086 3784 5184">
    <p class='ocr_par' dir='ltr' id='par_1_111' title="bbox 2306 5086 3784 5184">
     <span class='ocr_line' id='line_1_112' title="bbox 2306 5086 3784 5184; baseline 0.001 -19"><span class='ocrx_word' id='word_1_799' title='bbox 2306 5109 2620 5183; x_wconf 80' lang='lat' dir='ltr'><strong>egisse,nec</strong></span> <span class='ocrx_word' id='word_1_800' title='bbox 2650 5108 2945 5165; x_wconf 88' lang='lat' dir='ltr'><strong>humanum</strong></span> <span class='ocrx_word' id='word_1_801' title='bbox 2976 5105 3028 5160; x_wconf 89' lang='lat' dir='ltr'><strong>in</strong></span> <span class='ocrx_word' id='word_1_802' title='bbox 3060 5106 3175 5175; x_wconf 86' lang='lat' dir='ltr'><strong>ipso</strong></span> <span class='ocrx_word' id='word_1_803' title='bbox 3210 5121 3422 5176; x_wconf 90' lang='lat' dir='ltr'><strong>corpus,</strong></span> <span class='ocrx_word' id='word_1_804' title='bbox 3452 5097 3535 5156; x_wconf 83' lang='lat' dir='ltr'><strong>sed</strong></span> <span class='ocrx_word' id='word_1_805' title='bbox 3560 5086 3784 5184; x_wconf 36' lang='grc' dir='ltr'><strong>Ρδ³¹¹¹η³⁵ξν</strong></span> 
     </span>
    </p>
   </div>
   <div class='ocr_carea' id='block_1_112' title="bbox 2308 5180 3776 5271">
    <p class='ocr_par' dir='ltr' id='par_1_112' title="bbox 2308 5180 3776 5271">
     <span class='ocr_line' id='line_1_113' title="bbox 2308 5180 3776 5271; baseline -0.02 -13"><span class='ocrx_word' id='word_1_806' title='bbox 2308 5180 2427 5259; x_wconf 83' lang='lat' dir='ltr'><strong>cam</strong></span> <span class='ocrx_word' id='word_1_807' title='bbox 2456 5202 2703 5271; x_wconf 89' lang='lat' dir='ltr'><strong>corporis</strong></span> <span class='ocrx_word' id='word_1_808' title='bbox 2716 5201 2952 5270; x_wconf 89' lang='lat' dir='ltr'><strong>speciem</strong></span> <span class='ocrx_word' id='word_1_809' title='bbox 2979 5199 3149 5255; x_wconf 89' lang='lat' dir='ltr'><strong>oculis</strong></span> <span class='ocrx_word' id='word_1_810' title='bbox 3179 5198 3482 5269; x_wconf 88' lang='lat' dir='ltr'><strong>apparuisse</strong></span> <span class='ocrx_word' id='word_1_811' title='bbox 3505 5180 3776 5271; x_wconf 60' lang='lat' dir='ltr'><strong>cerncnllttﬂlo</strong></span> 
     </span>
    </p>
   </div>
   <div class='ocr_carea' id='block_1_113' title="bbox 2308 5260 3782 5378">
    <p class='ocr_par' dir='ltr' id='par_1_113' title="bbox 2308 5260 3782 5378">
     <span class='ocr_line' id='line_1_114' title="bbox 2308 5260 3782 5378; baseline -0.007 -35"><span class='ocrx_word' id='word_1_812' title='bbox 2308 5295 2441 5365; x_wconf 64' lang='lat' dir='ltr'><strong>Qum</strong></span> <span class='ocrx_word' id='word_1_813' title='bbox 2465 5260 2760 5363; x_wconf 75' lang='lat' dir='ltr'><strong>impietatis</strong></span> <span class='ocrx_word' id='word_1_814' title='bbox 2785 5290 3084 5356; x_wconf 86' lang='lat' dir='ltr'><strong>mendacia,</strong></span> <span class='ocrx_word' id='word_1_815' title='bbox 3111 5290 3365 5360; x_wconf 82' lang='lat' dir='ltr'><strong>quoniam</strong></span> <span class='ocrx_word' id='word_1_816' title='bbox 3391 5285 3507 5339; x_wconf 88' lang='lat' dir='ltr'><strong>olim</strong></span> <span class='ocrx_word' id='word_1_817' title='bbox 3526 5260 3782 5378; x_wconf 35' lang='lat' dir='ltr'><strong>ﬁdes-filii:</strong></span> 
     </span>
    </p>
   </div>
   <div class='ocr_carea' id='block_1_114' title="bbox 2307 5359 3779 5451">
    <p class='ocr_par' dir='ltr' id='par_1_114' title="bbox 2307 5359 3779 5451">
     <span class='ocr_line' id='line_1_115' title="bbox 2307 5359 3779 5451; baseline -0.02 -12"><span class='ocrx_word' id='word_1_818' title='bbox 2307 5359 2409 5442; x_wconf 81' lang='lat' dir='ltr'><strong>lica</strong></span> <span class='ocrx_word' id='word_1_819' title='bbox 2438 5359 2758 5445; x_wconf 78' lang='lat' dir='ltr'><strong>detestatur,</strong></span> <span class='ocrx_word' id='word_1_820' title='bbox 2786 5392 2844 5437; x_wconf 89' lang='lat' dir='ltr'><strong>et</strong></span> <span class='ocrx_word' id='word_1_821' title='bbox 2884 5382 3067 5438; x_wconf 83' lang='lat' dir='ltr'><strong>talium</strong></span> <span class='ocrx_word' id='word_1_822' title='bbox 3092 5359 3369 5451; x_wconf 84' lang='lat' dir='ltr'><strong>sacrilegia</strong></span> <span class='ocrx_word' id='word_1_823' title='bbox 3393 5362 3688 5433; x_wconf 81' lang='lat' dir='ltr'><strong>concordibus</strong></span> 
     </span>
    </p>
   </div>
   <div class='ocr_carea' id='block_1_115' title="bbox 2309 5445 3780 5583">
    <p class='ocr_par' dir='ltr' id='par_1_115' title="bbox 2309 5445 3780 5583">
     <span class='ocr_line' id='line_1_116' title="bbox 2309 5445 3780 5583; baseline -0.019 -48"><span class='ocrx_word' id='word_1_824' title='bbox 2309 5488 2479 5535; x_wconf 89' lang='lat' dir='ltr'><strong>totum</strong></span> <span class='ocrx_word' id='word_1_825' title='bbox 2532 5476 2790 5532; x_wconf 90' lang='lat' dir='ltr'><strong>mundum</strong></span> <span class='ocrx_word' id='word_1_826' title='bbox 2841 5474 3120 5531; x_wconf 88' lang='lat' dir='ltr'><strong>beatorum</strong></span> <span class='ocrx_word' id='word_1_827' title='bbox 3185 5471 3401 5527; x_wconf 88' lang='lat' dir='ltr'><strong>Patrum</strong></span> <span class='ocrx_word' id='word_1_828' title='bbox 3448 5445 3780 5583; x_wconf 42' lang='lat' dir='ltr'><strong>sunt.tl:|:ttat‘:::l</strong></span> 
     </span>
     <span class='ocr_line' id='line_1_117' title="bbox 2528 5559 3579 5583; baseline -0.022 0"><span class='ocrx_word' id='word_1_829' title='bbox 2528 5570 2559 5583; x_wconf 91' lang='lat'><strong>..</strong></span> <span class='ocrx_word' id='word_1_830' title='bbox 2723 5569 2733 5580; x_wconf 94' lang='lat'><strong>.</strong></span> <span class='ocrx_word' id='word_1_831' title='bbox 2938 5582 2941 5583; x_wconf 26' lang='grc' dir='ltr'><em>ν</em></span> <span class='ocrx_word' id='word_1_832' title='bbox 3108 5573 3223 5583; x_wconf 28' lang='grc' dir='ltr'><strong>μυ,</strong></span> <span class='ocrx_word' id='word_1_833' title='bbox 3366 5559 3579 5583; x_wconf 42' lang='lat' dir='ltr'><strong>Amm“</strong></span> 
     </span>
    </p>
   </div>
   <div class='ocr_carea' id='block_1_116' title="bbox 2308 5543 3775 5655">
    <p class='ocr_par' dir='ltr' id='par_1_116' title="bbox 2308 5543 3775 5655">
     <span class='ocr_line' id='line_1_118' title="bbox 2308 5543 3775 5655; baseline -0.024 -26"><span class='ocrx_word' id='word_1_834' title='bbox 2308 5570 2615 5633; x_wconf 85' lang='lat' dir='ltr'><strong>sententiis,</strong></span> <span class='ocrx_word' id='word_1_835' title='bbox 2646 5569 2954 5639; x_wconf 87' lang='lat' dir='ltr'><strong>quicunque</strong></span> <span class='ocrx_word' id='word_1_836' title='bbox 2984 5566 3057 5621; x_wconf 87' lang='lat' dir='ltr'><strong>illi</strong></span> <span class='ocrx_word' id='word_1_837' title='bbox 3103 5573 3231 5621; x_wconf 88' lang='lat' dir='ltr'><strong>sunt</strong></span> <span class='ocrx_word' id='word_1_838' title='bbox 3259 5565 3334 5619; x_wconf 84' lang='lat' dir='ltr'><strong>ita</strong></span> <span class='ocrx_word' id='word_1_839' title='bbox 3358 5547 3595 5620; x_wconf 78' lang='lat' dir='ltr'><strong>obczrcati,</strong></span> 
     </span>
    </p>
   </div>
   <div class='ocr_carea' id='block_1_117' title="bbox 2308 5634 3785 5745">
    <p class='ocr_par' dir='ltr' id='par_1_117' title="bbox 2308 5634 3785 5745">
     <span class='ocr_line' id='line_1_119' title="bbox 2308 5634 3785 5745; baseline 0.001 -27"><span class='ocrx_word' id='word_1_840' title='bbox 2308 5663 2452 5719; x_wconf 91' lang='lat' dir='ltr'><strong>mine</strong></span> <span class='ocrx_word' id='word_1_841' title='bbox 2479 5634 2724 5717; x_wconf 76' lang='lat' dir='ltr'><strong>veritatis</strong></span> <span class='ocrx_word' id='word_1_842' title='bbox 2753 5634 2936 5723; x_wconf 84' lang='lat' dir='ltr'><strong>alieni,</strong></span> <span class='ocrx_word' id='word_1_843' title='bbox 2965 5669 3022 5713; x_wconf 89' lang='lat' dir='ltr'><strong>nt</strong></span> <span class='ocrx_word' id='word_1_844' title='bbox 3046 5656 3221 5714; x_wconf 89' lang='lat' dir='ltr'><strong>Verbo</strong></span> <span class='ocrx_word' id='word_1_845' title='bbox 3263 5656 3354 5713; x_wconf 92' lang='lat' dir='ltr'><strong>Dei</strong></span> <span class='ocrx_word' id='word_1_846' title='bbox 3382 5670 3410 5710; x_wconf 87' lang='lat' dir='ltr'><strong>a</strong></span> <span class='ocrx_word' id='word_1_847' title='bbox 3439 5634 3785 5745; x_wconf 51' lang='grc' dir='ltr'><strong>ιεωρφνξξῗθξξξ</strong></span> 
     </span>
    </p>
   </div>
   <div class='ocr_carea' id='block_1_118' title="bbox 2309 5724 3770 5821">
    <p class='ocr_par' dir='ltr' id='par_1_118' title="bbox 2309 5724 3770 5821">
     <span class='ocr_line' id='line_1_120' title="bbox 2309 5724 3770 5821; baseline -0.026 -5"><span class='ocrx_word' id='word_1_848' title='bbox 2309 5754 2543 5821; x_wconf 58' lang='lat' dir='ltr'><strong>ultionis</strong></span> <span class='ocrx_word' id='word_1_849' title='bbox 2572 5755 2889 5819; x_wconf 82' lang='lat' dir='ltr'><strong>humanam,</strong></span> <span class='ocrx_word' id='word_1_850' title='bbox 2908 5752 2959 5806; x_wconf 90' lang='lat' dir='ltr'><strong>id</strong></span> <span class='ocrx_word' id='word_1_851' title='bbox 2980 5760 3063 5808; x_wconf 90' lang='lat' dir='ltr'><strong>est</strong></span> <span class='ocrx_word' id='word_1_852' title='bbox 3086 5747 3539 5819; x_wconf 37' lang='lat' dir='ltr'><strong>nostramtnegent</strong></span> <span class='ocrx_word' id='word_1_853' title='bbox 3559 5733 3691 5786; x_wconf 66' lang='lat' dir='ltr'><strong>inesse</strong></span> <span class='ocrx_word' id='word_1_854' title='bbox 3705 5724 3770 5767; x_wconf 60' lang='grc' dir='ltr'><strong>ηδ’</strong></span> 
     </span>
    </p>
   </div>
  </div>
