3968 6448
40 315 219 374 8‘2!-
1316 335 1802 409 BECRETALIUM
1832 336 2228 394 COLLECTIO.
3257 360 3376 425 8‘22:

36 434 149 480 tu
168 429 611 493 rant,osteudant
632 432 805 513 inquo
824 435 923 492 sibi
939 436 1301 498 Christianum
1320 460 1509 501 nomen
1529 462 1685 503 usurc
1711 456 1760 510 Α
1786 452 2015 508 veritate
2041 457 2222 512 carnis
2245 458 2496 514 oovoluta
2526 461 2719 530 pannis
2753 462 2975 522 infantia
3005 482 3111 522 non
3133 467 3360 537 jaceret.

39 530 264 589 pem,
291 532 343 575 et
365 538 487 577 cum
510 523 810 596 Evangelia.
827 529 1075 587 veritatis
1096 548 1198 601 qua
1217 535 1424 594 ratione
1442 537 1685 606 deitatis,
1789 541 1918 609 Sine
1932 541 2091 600 Verbi
2113 548 2349 616 potentia
2376 565 2482 604 non
2505 523 2792 608 adorarent
2816 555 2954 626 magi
2979 523 3201 626 puerum
3226 574 3373 615 novo.

39 621 205 665 aut
229 611 406 667 deitas
444 620 530 671 est
575 624 693 669 orta
739 616 857 672 sine
880 632 1061 675 carne.
1092 618 1148 675 Si
1186 624 1329 678 enim
1358 628 1541 697 negari
1580 644 1687 688 non
1788 631 1967 689 sidere
1996 635 2346 703 declaratum,
2370 650 2425 695 et
2450 642 2567 698 sine
2591 646 2820 700 veritate
2850 648 3030 702 carnis
3055 664 3159 703 non
3206 649 3365 719 jube-

48 712 289 768 potest
315 702 458 806 quo-ti
495 721 513 754 ι
549 702 945 806 Verbum-caro
972 709 1174 767 factum
1201 722 1304 781 cst,
1345 724 1397 770 et
1427 719 1692 775 habitavit
1789 732 1940 778 retur
1967 726 2245 783 transferri
2288 702 2341 785 in
2390 730 2681 805 Egyptum
2736 751 2889 806 puer,
2920 747 2976 794 et
3024 702 3368 799 abllerodis

48 790 150 900 it?
190 792 347 847 nobis
378 792 591 900 (diaria.
614 810 651 896 ι,
685 796 841 867 14),’›
870 798 943 900 ita
981 803 1164 873 negari
1189 820 1296 900 non
1323 816 1499 877 potest
1544 813 1689 900 quod
1788 818 2166 886 persecutione
2193 821 2437 879 subduci.
2464 790 2600 882 Sine
2624 790 2789 883 Verbi
2812 790 3371 900 potte'ntiawno-n'dice:

1789 880 1806 886 _
2582 880 2594 882 -
2813 880 3044 900 rem---“
3080 880 3184 887 η--.
3215 880 3371 891 ων...

52 880 255 938 Deus
281 892 399 937 erat
425 884 479 937 in
506 883 722 941 Christo
751 887 1004 944 mundum
1033 894 1389 951 reconcilians
1408 898 1532 953 sibi.
1559 899 1691 967 Quae
1788 915 1873 961 ret
1912 922 2014 962 vox
2044 907 2223 965 Patris
2260 912 2422 968 missa
2454 916 2518 968 de
2554 916 2713 982 ctelo,
2743 937 2761 969 ι
2796 919 2883 973 hic
2910 929 2991 974 est
3013 920 3180 976 Filius
3212 939 3371 979 meus

48 981 293 1025 autem
324 973 691 1086 reconciliatio
720 991 841 1034 esse
861 986 1053 1049 potest,
1083 997 1186 1051 qua
1219 985 1455 1042 humano
1500 992 1689 1060 generi
1788 996 2033 1061 dilectus,
2083 998 2137 1054 in
2191 1015 2299 1070 quo
2347 1004 2478 1059 mihi
2525 973 2821 1077 complacui
2852 1009 3064 1082 (Matth.
3098 1029 3182 1076 ιιι,
3214 1013 3361 1086 17),›

49 1061 669 1133 propitiareturDeus,
697 1067 798 1122 nisi
827 1070 1064 1125 omnium
1080 1086 1295 1129 causam
1312 1078 1577 1135 mediator
1592 1082 1690 1138 Dei
1789 1095 1845 1144 et
1887 1089 2005 1146 sine
2027 1090 2254 1147 veritate
2282 1095 2463 1151 carnis
2505 1112 2611 1152 non
2660 1109 3052 1167 protestaretur
3076 1102 3312 1160 Joannes
3348 1123 3365 1161 :

60 1154 457 1226 hominisque
481 1158 816 1229 susciperet?
843 1161 957 1228 Qua
986 1179 1114 1219 vero
1143 1167 1353 1225 ratione
1399 1173 1691 1231 veritatem
1795 1197 1816 1231 ι
1845 1177 1985 1235 Ecce
2032 1195 2204 1253 agnus
2244 1183 2360 1249 Dei,
2405 1200 2537 1241 ecce
2575 1188 2666 1259 qui
2723 1191 2860 1245 tollit
2909 1203 3129 1263 peccata
3182 1196 3367 1252 nmndi

59 1246 429 1303 mediatoris
455 1249 724 1320 impleret,
765 1254 867 1308 nisi
908 1255 999 1324 qui
1047 1256 1101 1310 in
1146 1257 1317 1314 forma
1340 1263 1484 1319 servi
1523 1267 1690 1334 parti—
1790 1267 1972 1335 (Joan.
2004 1286 2044 1337 ι,
2069 1246 2184 1339 é9).
2219 1291 2239 1325 ι
2281 1246 2410 1330 Sine
2461 1246 2623 1332 Verbi
2677 1246 2927 1350 potentia.
2980 1284 3368 1356 redintegratio

57 1348 233 1438 Eeps
263 1347 491 1394 essetet
529 1343 739 1397 nostri?
781 1351 840 1398 ut
862 1358 961 1414 per
989 1361 1152 1401 unum
1183 1364 1379 1416 novum
1417 1352 1685 1410 hominem
1787 1361 2063 1428 debilium,
2094 1372 2151 1420 et
2187 1365 2478 1424 viviﬁcatio
2518 1379 2874 1438 mortuorum,
2913 1383 2968 1429 et
2997 1375 3112 1430 sine
3140 1378 3370 1433 veritate

56 1421 259 1478 ﬁeret
284 1428 564 1483 renovatio
586 1432 891 1497 vetustatis,
920 1441 976 1487 et
1000 1436 1190 1499 mortis
1217 1437 1488 1505 vinculum
1530 1444 1688 1500 unius
1786 1454 1986 1519 carnis,
2013 1470 2112 1510 nec
2137 1455 2289 1512 cibus
2307 1456 2514 1528 jejuno,
2540 1475 2640 1517 nec
2682 1477 2907 1519 somnus
2936 1474 3081 1520 esset
3110 1481 3365 1522 necessa-
3435 1470 3445 1479 '

60 1516 553 1629 anfll'ifffligﬂf
588 1525 1141 1629 {Otllrflcwmdiniuj
1175 1538 1367 1596 morie.
1401 1532 1494 1600 qui
1538 1533 1686 1590 solus
1786 1544 1901 1601 rius
1948 1545 2186 1619 fatigato.
2232 1548 2513 1608 Postremo
2543 1554 2662 1610 sine
2688 1556 2848 1612 Verbi
2891 1560 3132 1629 potentia
3163 1578 3269 1616 non
3309 1577 3369 1618 se

64 1604 270 1669 {uorti
299 1605 434 1659 nihil
460 1606 645 1662 debuit
674 1610 1011 1667 solveretur?
1037 1613 1243 1672 Eﬁ‘usio
1266 1618 1412 1672 enim
1452 1636 1552 1690 pro
1604 1622 1676 1677 in-

1786 1604 2233 1692 Dominustatri
2276 1640 2622 1709 proﬁteretur
2646 1604 2928 1715 aequalem",
2973 1648 3092 1703 sine
3133 1652 3368 1707 veritate

60 1690 265 1760 iustis
293 1697 571 1768 sanguinis
590 1698 746 1768 justi,
768 1710 877 1756 tam
905 1712 1098 1774 potens
1114 1706 1298 1763 fuitad
1320 1709 1676 1781 privilegium,

2277 1690 2610 1709 r_-__-_-----.
2646 1690 2928 1715 mlum-.."
2973 1690 3092 1703 -.ην
3144 1690 3365 1707 nam..-

1784 1725 1968 1781 carnis
2015 1741 2119 1781 non
2150 1727 2289 1784 idem
2318 1730 2517 1786 diceret
2541 1731 2755 1789 Patrem
2781 1749 2905 1791 esse
2930 1735 3213 1806 majorem,
3241 1754 3365 1794 cum

63 1791 211 1839 ιίιῐη
246 1786 399 1843 dives
428 1789 492 1843 ad
522 1792 754 1869 meum"
786 1804 845 1849 ιη
887 1796 931 1851 Si
980 1796 1303 1855 “ﬂiVePSilas
1350 1802 1683 1871 captivorum
1712 1799 1759 1858 Β
1785 1814 2050 1871 catholica
2085 1816 2217 1872 ﬁdes
2245 1826 2533 1891 utrumque
2562 1821 2822 1891 suscipiat
2865 1786 3155 1895 utrumque
3183 1786 3367 1882 defen-

69 1876 145 1931 in
204 1877 619 1951 Redemptorem
672 1899 825 1939 suum
864 1886 1127 1954 crederet,
1157 1889 1362 1945 nullum
1400 1894 1680 1964 tyrannica

68 1969 321 2034 vincula
373 1974 687 2034 retinerent.
734 1979 988 2047 quoniam
1038 1982 1179 2038 sicut
1225 1984 1515 2048 Apostolus
1567 1987 1677 2043 ait:

74 2077 99 2110 ε
136 2057 253 2112 Ubi
278 2061 571 2118 abundavit
599 2078 902 2135 peccatum,
935 2073 1391 2140 superabundavit
1414 2086 1470 2131 et
1504 2079 1679 2149 gratia

67 2148 285 2218 (Rom.
317 2169 369 2219 v,
398 2152 512 2225 20),
548 2175 568 2209 ι
595 2166 797 2213 etcum
822 2161 923 2217 sub
949 2165 1156 2231 peccati
1202 2148 1523 2236 przejudicioi
1567 2172 1681 2227 nati

66 2248 426 2308 poteStatem
450 2248 757 2318 acceperint
795 2253 862 2305 ad
885 2252 1151 2323 justitiam
1179 2241 1520 2328 renascendi,
1546 2262 1682 2318 vali-

67 2331 224 2401 dius
258 2332 458 2391 factum
493 2346 580 2393 est
599 2338 796 2397 donum
820 2341 1088 2401 libertatis
1113 2360 1272 2416 quam
1298 2348 1534 2407 debitum
1566 2367 1681 2409 ser-

74 2427 319 2487 rjtutis.
341 2427 509 2513 Quam
535 2432 716 2503 itaque
743 2435 843 2497 sibi
873 2436 927 2491 in
958 2436 1117 2507 hujus
1144 2444 1468 2499 sacramenti
1493 2446 1680 2516 praesi-

69 2514 199 2578 dio
223 2507 723 2592 Spem‘relinquunt,
748 2527 913 2596 quiin
941 2527 1239 2595 Salvatoris
1257 2534 1427 2589 nostri
1453 2507 1678 2606 corpore

71 2617 308 2682 negant
332 2609 577 2669 humanae
601 2616 915 2674 substantia:
934 2621 1257 2678 veritatem?
1283 2623 1471 2679 Dicant
1493 2625 1545 2680 in
1570 2642 1679 2697 quo

78 2699 373 2756 sacriﬁcio
406 2706 758 2775 reconciliati,
790 2710 971 2765 dicant
998 2726 1105 2781 quo
1144 2714 1406 2785 sanguine
1447 2716 1557 2772 sint
1599 2732 1679 2773 re-

77 2790 337 2863 dempti.
381 2792 513 2861 Quis
555 2804 639 2852 est
686 2815 706 2850 ι
757 2800 849 2869 qui
909 2801 1130 2857 tradidit
1173 2805 1518 2876 semetipsum
1578 2822 1678 2878 pro

80 2885 258 2947 nobis
280 2885 626 2958 oblationem,
657 2898 711 2947 et
751 2891 981 2948 hostiam
1026 2893 1135 2950 Deo
1166 2896 1217 2951 in
1245 2897 1462 2953 odorem
1492 2900 1673 2955 suavi-

78 2975 228 3031 tatis
259 2973 477 3048 (Ep/trs.
504 2995 557 3046 ν,
589 2979 665 3047 2),
708 3001 726 3039 ι
770 2992 864 3038 aut
905 2984 1036 3055 quid
1083 3001 1319 3056 unquam
1350 2989 1675 3046 sacriﬁcium

77 3067 369 3130 sacratius
390 3067 509 3135 fuit,
533 3084 692 3140 quam
710 3073 851 3142 quod
873 3089 1034 3133 verus
1052 3076 1288 3149 pontifex
1319 3079 1472 3139 altari
1498 3082 1677 3145 crucis

1781 1905 1893 1969 dat,
1920 1920 2039 1975 quze
2060 1908 2354 1964 secundum
2383 1910 2767 1979 proprietatem
2790 1913 2985 1968 divina:
3006 1914 3364 1986 humanaque

1781 1996 2121 2064 substantiae,
2150 2013 2314 2053 unum
2358 1999 2452 2055 Dei
2479 2000 2674 2055 Filium
2703 2010 2758 2058 et
2785 2002 3058 2058 hominem
3085 2004 3261 2060 credit
3309 2012 3371 2064 et

1782 2083 2038 2140 Verbum.
2064 2085 2325 2154 Quamvis
2347 2104 2479 2161 ergo
2527 2092 2597 2147 ab
2641 2091 2733 2147 illo
2768 2093 2945 2160 initio,
2973 2111 3081 2165 quo
3109 2097 3161 2151 in
3203 2106 3367 2153 utero

1779 2173 2005 2245 virginis
2029 2173 2263 2232 Verbum
2284 2193 2415 2234 caro
2437 2178 2642 2236 factum
2661 2190 2765 2248 est,
2789 2183 2923 2239 nihil
2952 2201 3187 2256 unquam
3219 2187 3365 2244 inter

1781 2264 2017 2321 divinam
2047 2266 2443 2341 humanamque
2472 2273 2830 2329 substantiam
2862 2276 3143 2333 divisionis
3186 2281 3360 2335 exsti-

1782 2357 1927 2424 terit,
1958 2366 2017 2413 ut
2058 2373 2157 2429 per
2181 2362 2360 2417 omnia
2392 2362 2729 2421 incrementa
2753 2379 3011 2437 corporea
3038 2370 3198 2424 unius
3233 2386 3356 2441 per-

1779 2462 1927 2506 sonae
1977 2447 2177 2505 fuerint
2205 2451 2368 2507 totius
2392 2453 2648 2523 temporis
2681 2455 2943 2520 actiones,
2962 2464 3019 2511 et
3043 2457 3153 2526 ipsa
3182 2467 3373 2515 tamen.

1779 2553 1899 2608 qua;
1954 2539 2383 2611 inseparabiliter
2427 2541 2566 2599 facta
2617 2553 2744 2600 sunt
2812 2545 2956 2601 nulla
3007 2550 3360 2617 permistione

1779 2629 2191 2698 confundamus,
2227 2634 2322 2689 sed
2364 2634 2492 2706 quid
2529 2634 2683 2705 cujus
2723 2636 2911 2694 forma
2940 2638 3010 2693 sit
3039 2655 3105 2694 ex
3134 2656 3356 2710 cperunt

1778 2721 2038 2790 qualitate
2072 2724 2354 2790 sentimus.
2385 2739 2490 2781 nec
2513 2725 2697 2781 divina
2719 2727 2862 2782 enim
2888 2727 3139 2783 humanis
3166 2729 3360 2800 prmju-

1778 2813 1981 2877 dicant,
2009 2829 2108 2869 nec
2131 2815 2364 2870 humana
2391 2816 2607 2884 divinis,
2626 2833 2750 2873 cum
2770 2819 2841 2872 ita
2872 2818 2924 2873 in
2957 2820 3185 2891 idipsum
3211 2830 3374 2875 utram

1778 2921 1883 2977 que
1926 2916 2269 2974 concurrerat,
2302 2917 2364 2965 ut
2390 2909 2444 2964 in
2469 2910 2551 2965 eis
2570 2925 2669 2965 nec
2687 2912 2994 2982 proprietas
3024 2914 3370 2982 absumatur,

1780 3010 1880 3051 nec
1913 3011 2138 3065 persona
2167 2998 2521 3065 germinetur.
2553 2998 2747 3059 Dicant
2797 3002 2961 3073 igitur
2989 3002 3076 3059 isti
3127 3005 3360 3074 phanta-

1779 3089 1898 3144 stici
1935 3087 2249 3155 Christiani,
2280 3104 2401 3160 qua:
2445 3092 2747 3148 substantia
2781 3093 3077 3152 Salvatoris
3100 3095 3254 3151 aﬁixa
3287 3097 3365 3152 sit

79 3157 631 3227 perimmolationem
648 3179 757 3219 suae
777 3169 956 3222 carnis
974 3168 1519 3239 imposuit?Quamvis
1531 3175 1675 3231 enim
1703 3149 1748 3213 C
1778 3177 1944 3250 ligno,
1972 3195 2092 3249 quae
2117 3179 2352 3249 jacuerit
2378 3182 2434 3238 in
2472 3183 2743 3254 sepulcro,
2770 3194 2827 3240 et
2874 3186 3115 3267 revoluto
3165 3205 3358 3244 monu-

90 3268 112 3299 ι
156 3249 450 3306 multorum
475 3262 785 3310 sanctorum
819 3257 872 3312 in
894 3270 1183 3329 conspectu
1213 3262 1421 3318 Domini
1443 3267 1679 3335 pretiosa

84 3355 248 3402 mors
278 3339 441 3401 fuerit
467 3341 635 3416 (Psal.
669 3348 938 3420 cxv,15),
964 3369 983 3403 ι
1026 3350 1169 3406 illius
1222 3360 1402 3410 tamen
1451 3356 1679 3414 insontis

84 3433 325 3501 occisio,
366 3437 674 3508 prepitiatio
713 3437 814 3502 fuit
854 3442 1063 3498 mundi.
1093 3443 1366 3515 Accepere
1385 3446 1538 3516 justi,
1568 3464 1675 3506 non

83 3526 365 3588 dederunt
393 3543 640 3597 coronas,
664 3534 799 3588 etde
828 3531 1139 3592 fortitudine
1165 3538 1398 3594 ﬁdelium
1430 3541 1677 3610 exempla

83 3626 221 3687 n..ta
275 3627 400 3681 sunt
442 3620 715 3690 patientiae
757 3638 865 3678 non
914 3624 1050 3680 dona
1074 3624 1315 3695 justitite.
1367 3627 1680 3700 Singularcs

86 3709 300 3787 quippe
330 3710 381 3763 in
412 3712 635 3782 singulis
668 3724 867 3769 mortes
902 3713 1072 3781 fuere,
1104 3734 1203 3773 nec
1247 3718 1472 3776 alterius
1523 3722 1673 3792 quis—

86 3820 265 3874 quam
305 3804 545 3860 debitum
591 3822 691 3863 suo
739 3807 844 3862 line
876 3809 1162 3885 persolvit,
1188 3826 1313 3866 cum
1342 3811 1485 3867 inter
1534 3813 1673 3871 ﬁlios

1780 3272 1944 3327 menti
1970 3272 2164 3343 lapide,
2188 3287 2308 3343 quae
2333 3274 2492 3330 tertia
2521 3275 2608 3331 die
2641 3290 2769 3332 caro
2803 3277 3059 3342 surrexit,
3086 3278 3170 3333 vel
3201 3280 3357 3349 quale

1778 3363 1976 3432 corpus
2008 3359 2166 3417 Jesus
2191 3362 2576 3433 discipulorum
2606 3365 2742 3420 visui
2766 3365 2970 3422 clausis
2995 3367 3062 3421 ad
3087 3382 3183 3422 eos
3203 3368 3370 3444 ostiis.

1777 3450 2052 3525 ingressus
2087 3450 2365 3518 intulerit,
2392 3468 2514 3508 cum
2534 3454 2620 3509 -ad
2647 3454 2967 3527 abigendam
3012 3457 3353 3512 cernentium

1776 3540 2127 3597 difﬁdentiam
2184 3542 2380 3612 inspici
2426 3542 2618 3608 oculis,
2648 3545 2941 3617 digitisque
2989 3548 3232 3613 tractari,
3260 3563 3354 3619 pa-

1776 3639 1953 3689 tentes
1981 3631 2158 3687 adhuc
2188 3631 2391 3688 ﬁxuras
2436 3633 2711 3691 clavorum
2740 3643 2797 3690 et
2822 3650 3015 3693 recens
3043 3639 3350 3708 compuncti

1776 3723 1963 3780 lateris
1988 3724 2185 3782 vulnus
2212 3727 2472 3799 exigeret.
2504 3728 2583 3784 Ac
2613 3729 2659 3784 si
2706 3730 2758 3785 in
2790 3738 2937 3785 tanta
2970 3730 3085 3786 luce
3111 3731 3354 3786 veritatis

1777 3819 2031 3875 tenebras
2082 3834 2212 3876 suas
2261 3821 2517 3879 haeretica
2565 3822 2851 3878 obduratio
2915 3837 3022 3878 non
3073 3823 3349 3894 relinquit.

85 3899 376 3955 hominum
413 3917 553 3958 unus
572 3903 719 3966 solus
742 3903 998 3968 Dominus
1019 3915 1202 3964 noster
1239 3908 1397 3968 Jesus
1430 3912 1676 3970 Christus
1773 3907 2072 3965 Ostendant
2096 3912 2237 3968 unde
2271 3912 2378 3968 sibi
2406 3928 2555 3985 spem
2581 3914 2705 3969 vita:
2729 3914 3085 3984 polliceantur
3114 3924 3353 3980 aeternae,

84 3991 388 4058 exstiterit,
415 3993 470 4047 in
520 4010 626 4065 quo
650 4011 842 4051 omnes
891 3999 1157 4065 crucifixi,
1206 4016 1397 4059 omnes
1453 4007 1671 4072 mortui,
1774 4000 1839 4055 ad
1864 4015 2025 4071 quam
2041 4002 2140 4057 nisi
2157 4017 2254 4073 per
2277 4003 2628 4061 mediatorem
2648 4004 2739 4059 Dei
2768 4014 2823 4062 et
2853 4006 3154 4073 hominum,
3173 4006 3350 4061 homi-

84 4096 287 4139 omnes
311 4083 529 4154 sepulti,
556 4100 746 4142 omnes
766 4089 1073 4144 suntetiam
1092 4094 1358 4158 suscitali,
1385 4095 1452 4152 de
1476 4097 1672 4166 quibus
1773 4104 1895 4144 "em
1939 4089 2121 4151 Iesum
2169 4091 2447 4150 Chl'iSlllm
2501 4108 2608 4150 ηοη
2653 4098 2827 4166 I30“?st
2852 4096 3144 4166 Ρθτνθηίνί·
3182 4114 3201 4149 ‘
3233 4096 3366 4151 N0"

85 4172 210 4243 ipse
254 4173 506 4229 dicebat:
537 4194 556 4226 ι
588 4175 719 4231 Cum
752 4177 1019 4235 exaltatus
1041 4179 1213 4248 fuero,
1250 4185 1431 4239 omnia
1460 4188 1670 4241 traham
1772 4188 1857 4234 est
1900 4180 2044 4236 enim
2072 4181 2219 4239 aliud
2264 4199 2461 4240 nomen
2506 4185 2690 4241 datum
2734 4186 3040 4247 hominibus
3073 4187 3172 4242 sub
3213 4187 3371 4243 εαξιίλ

88 4265 157 4317 ad
197 4278 287 4318 me
341 4262 524 4335 (Joatt.
557 4282 655 4331 xu,
687 4266 799 4335 52).
840 4288 859 4322 ι
889 4268 1049 4327 Fides
1078 4274 1274 4329 etenim
1312 4290 1433 4329 vera
1473 4275 1674 4345 justiti-
1774 4271 1826 4324 in
1849 4287 1957 4342 quo
1979 4282 2225 4343 oporteat
2267 4275 2449 4333 salvos
2488 4274 2603 4336 ﬁeri
2629 4276 2768 4347 (Act.
2804 4292 2875 4340 nt,
2909 4276 3020 4348 12),
3068 4295 3088 4330 ι
3126 4293 3226 4333 nec
3269 4285 3365 4338 est.

84 4369 231 4411 cans
255 4355 468 4426 impios,
512 4367 567 4414 et
598 4374 790 4420 creans
824 4361 1003 4439 justus
1041 4363 1107 4423 ad
1152 4366 1500 4424 humanitatis
1560 4384 1671 4425 sua:
1773 4368 2069 4439 redemptio
2114 4369 2445 4440 captivitatis
2497 4370 2783 4435 ιιωηειηω,
2844 4371 2947 4425 υἱεῖ
2988 4371 3042 4425 in
3094 4371 3356 4440 sanguine

86 4453 269 4500 tracta
300 4445 618 4518 participem
667 4448 721 4503 in
773 4433 863 4506 illo
911 4453 1147 4522 exquirit
1179 4454 1427 4522 salutem,
1465 4457 1517 4512 in
1560 4472 1668 4528 quo
1693 4496 1744 4557 υ
1771 4456 1886 4527 ejus
1911 4433 2012 4527 qui
2029 4458 2177 4515 dedit
2211 4461 2557 4533 semetipsum
2590 4459 3009 4530 redemptionem
3038 4474 3137 4539 pro
3178 4459 3376 4521 omnia,

86 4533 203 4557 η.-
248 4535 405 4557 ,ψῃ
440 4550 493 4557 __
1027 4550 1038 4557 ,
1467 4546 1478 4557 .
1536 4546 1548 4557 .
1771 4549 1786 4557 -
1972 4549 2002 4557 -
2051 4552 2063 4557 -
2195 4552 2206 4557 -
2470 4552 2502 4557 --
2620 4553 2634 4557 -
2848 4553 2857 4557 -
3039 4552 3051 4557 -

82 4533 207 4588 solo
244 4535 409 4593 Ιιοιιιο
438 4550 497 4591 se
544 4536 747 4603 invenit
788 4539 1154 4607 innocentem,
1191 4542 1419 4598 liberum
1466 4546 1667 4605 habens
1693 4533 1744 4557 υ
1770 4549 1891 4606 bus.
1922 4549 2085 4618 sQui,
2107 4571 2127 4605 ι
2163 4552 2304 4609 sicut
2338 4552 2597 4623 pradicat
2620 4553 2812 4613 beatus
2832 4536 3140 4626 Apostolus,
3169 4570 3199 4604 ι
3220 4566 3353 4610 cum.

85 4640 189 4694 per
219 4625 450 4696 gratiam
476 4627 566 4683 Dei
591 4629 658 4685 de
677 4629 794 4700 ejus
822 4631 1062 4701 potentia
1088 4632 1339 4702 gloriari,
1359 4636 1449 4703 qui
1480 4645 1672 4697 contra,

85 4715 303 4770 hostem
345 4718 632 4786 superbum
667 4719 722 4775 in
752 4721 934 4777 carnis
976 4731 1169 4781 nostra:
1206 4724 1504 4783 humilitate
1538 4742 1668 4783 conc

85 4819 336 4872 gressus,
369 4807 451 4861 his
473 4809 752 4865 victoriam
778 4827 931 4867 suam
956 4813 1167 4880 tribuit,
1192 4816 1244 4870 in
1274 4832 1504 4886 quorum
1539 4833 1665 4874 cor-

1771 4640 1824 4695 in
1870 4639 2043 4696 forma
2072 4640 2167 4697 Dei
2197 4650 2344 4698 esset
2381 4658 2487 4697 non
2520 4642 2764 4712 rapinam
2801 4642 3096 4696 arbitratus
3120 4649 3363 4695 estesse

1770 4746 1830 4787 se
1883 4732 2144 4801 aequalem
2188 4733 2320 4799 Deo,
2355 4733 2449 4788 sed
2491 4732 2844 4802 semetipsum
2875 4730 3191 4788 exinanivit.
3230 4728 3354 4783 for.

1771 4836 1914 4875 mam
1942 4821 2102 4897 203
2127 4823 2267 4878 servi
2295 4823 2588 4893 accipiens,
2618 4822 2672 4876 in
2697 4816 3045 4875 similitudine
3070 4818 3373 4876 hominum

84 4910 221 4965 pore
254 4896 627 4965 triumphavit.
656 4899 914 4968 Quamvis
940 4916 1069 4975 ergo
1093 4904 1148 4960 in
1177 4920 1283 4961 uno
1318 4907 1545 4967 Domino
1570 4926 1666 4962 ιιι·
1768 4898 2040 4976 Γιιοιιιε,ἐι
2062 4896 2244 4968 habitu
2269 4912 2520 4967 inventus
2540 4920 2601 4965 ut
2620 4911 2799 4967 homo.
2825 4907 3137 4963 llumiliavit
3156 4914 3361 4961 semet-.

83 4997 204 5057 stro
222 4985 351 5059 Iesu
375 4987 590 5044 Christo
607 5007 733 5048 vero
759 4991 855 5061 Dei
880 5003 1041 5066 atque
1065 4996 1307 5053 hominis
1332 4998 1469 5059 Filio
1504 5000 1675 5065 Verbi
1772 5001 1969 5071 ipsum,
1995 5001 2168 5067 factus
2182 5003 2442 5058 obediens
2461 5016 2632 5073 usque
2647 5002 2712 5056 ad
2738 5009 2990 5063 mortem,
3008 5006 3234 5052 mortem
3255 5012 3364 5051 au-.

83 5090 136 5137 st
167 5080 349 5136 carnis
377 5098 479 5136 una
518 5100 746 5158 persona
778 5087 870 5154 sit,
899 5097 955 5143 et
1003 5098 1231 5165 utraque
1255 5095 1486 5153 essentia
1518 5111 1687 5155 com-_
1772 5099 1877 5146 tem
1903 5094 2096 5148 crucis.
2133 5093 2361 5163 Pmpter
2389 5095 2530 5164 quod
2560 5102 2615 5149 et
2639 5094 2779 5148 Deus
2813 5090 2960 5145 illum
2991 5088 3262 5151 cxallaVil.
3295 5097 3361 5151 9k

84 5186 285 5245 mones
322 5172 517 5227 habeat
545 5168 807 5243 actiones,
834 5177 1191 5250 intelligenda:
1217 5189 1562 5260 tamendsunt
1586 5184 1665 5256 ip:
1770 5182 1987 5239 domuit
2024 5183 2095 5238 illi
2134 5200 2325 5247 nomen
2361 5185 2500 5255 quod
2528 5193 2612 5239 est
2651 5199 2812 5254 super
2835 5197 2996 5237 omne
3035 5195 3255 5245 nomen,
3290 5189 3359 5242 ut.

83 5283 272 5322 serum
322 5284 545 5340 operum
592 5271 900 5341 qualitates,
937 5280 991 5330 et
1025 5275 1248 5349 sincera:
1278 5256 1663 5345 ﬁdei-contem-
1770 5277 1823 5339 in
1849 5279 2067 5334 nomine
2088 5277 2214 5334 Jesu
2241 5294 2399 5335 omne
2427 5294 2566 5349 genu
2592 5276 2863 5340 flectatur,
2891 5273 3212 5338 caelestium,
3239 5280 3348 5327 ιον-ε

84 5359 326 5429 platione
353 5364 680 5427 cernendum
713 5376 816 5430 est,
833 5368 899 5420 ad
925 5348 1403 5437 quzeiprovchatur
1444 5370 1676 5425 humili--

1777 5367 2044 5432 restrium,
2075 5377 2128 5422 et
2154 5348 2508 5431 infcrnorum,
2539 5374 2593 5420 et
2618 5364 2796 5419 omnis
2819 5364 2997 5434 lingua
3025 5361 3351 5461 conﬁteatur

88 5461 170 5504 Ias
191 5450 544 5520 inﬁrmitatis,
562 5465 617 5509 et
639 5456 704 5510 ad
728 5472 846 5527 qua!
866 5457 1155 5513 inclinetur
1176 5458 1402 5517 altitudo
1420 5460 1672 5525 virtutis.
1763 5460 1888 5528 quia
1918 5461 2176 5515 Dominus
2202 5458 2359 5513 Jesus
2379 5458 2628 5555 Christus
2658 5457 2710 5511 in
2740 5456 2907 5526 gloria
2939 5463 3022 5509 est
3049 5452 3142 5555 Dei
3161 5450 3358 5555 fallis.

88 5544 228 5612 Quid
267 5549 334 5601 sit
367 5549 509 5617 quod
536 5564 666 5605 caro
700 5551 816 5606 sine
839 5551 1017 5607 Verbo
1048 5567 1152 5607 nou
1182 5554 1314 5624 agit,
1343 5563 1397 5609 et
1432 5554 1560 5624 quid
1588 5555 1657 5611 sit
1765 5550 1980 5623 (Ephes.
2012 5568 2051 5607 tt
2078 5593 2092 5615 ,
2120 5551 2291 5621 6-H).
2328 5569 2346 5602 )
2397 5549 2654 5617 Quamvis
2704 5563 2834 5616 (³1·ῧο
2883 5561 3021 5600 “""5
3057 5544 3131 5599 ⁵η
3161 5541 3363 5601 Domi“

86 5636 226 5704 quod
255 5635 486 5693 Verbum
513 5640 626 5695 sine
648 5657 812 5697 carne
839 5657 944 5696 non
970 5641 1149 5696 eliicit.
1174 5641 1303 5698 Sine
1331 5642 1489 5699 Verbi
1514 5643 1659 5707 enim
1763 5660 1865 5698 nus
1897 5642 2052 5698 Jcsus
2078 5641 2344 5706 Christus,
2376 5650 2429 5695 et
2456 5657 2597 5696 verae
2630 5639 2848 5733 deitatis
2879 5649 3119 5705 vera‘que
3148 5634 3363 5733 Iniuria--.

85 5730 343 5797 potentia,
369 5745 465 5787 nec
495 5732 803 5804 conciperet
838 5732 1019 5802 Virgo,
1051 5748 1148 5788 uec
1198 5744 1434 5815 pareret,
1464 5743 1517 5791 et
1544 5735 1661 5800 sine
1765 5737 1947 5809 nijatis
1985 5737 2035 5791 in
2078 5736 2192 5821 ipso
2222 5749 2325 5788 una
2366 5748 2586 5817 prorsus
2625 5732 2916 5812 eademque
2957 5738 3185 5816 persona
3224 5730 3291 5777 sit
3316 5762 3363 5801 ,η
