  <div class='ocr_page' id='page_1' title='image "/cluster/home/n/w/nwhite01/storage/ocr_20150623/130/hvd.32044015471717/441.png"; bbox 0 0 3832 5364; ppageno 0'>
   <div class='ocr_carea' id='block_1_1' title="bbox 613 260 719 333">
    <p class='ocr_par' dir='ltr' id='par_1_1' title="bbox 613 260 719 333">
     <span class='ocr_line' id='line_1_1' title="bbox 613 260 719 333; baseline 0.066 -7"><span class='ocrx_word' id='word_1_1' title='bbox 613 260 719 333; x_wconf 63' lang='grc' dir='ltr'><strong>8ἳᾶ</strong></span> 
     </span>
    </p>
   </div>
   <div class='ocr_carea' id='block_1_2' title="bbox 1414 271 3717 362">
    <p class='ocr_par' dir='ltr' id='par_1_2' title="bbox 1414 271 3717 362">
     <span class='ocr_line' id='line_1_2' title="bbox 1414 271 3717 362; baseline 0.015 -37"><span class='ocrx_word' id='word_1_2' title='bbox 1414 271 1702 330; x_wconf 75' lang='lat' dir='ltr'><strong>APPEND.</strong></span> <span class='ocrx_word' id='word_1_3' title='bbox 1747 275 1839 331; x_wconf 70' lang='lat' dir='ltr'><strong>AD</strong></span> <span class='ocrx_word' id='word_1_4' title='bbox 1870 276 2044 334; x_wconf 64' lang='lat' dir='ltr'><strong>SEC.</strong></span> <span class='ocrx_word' id='word_1_5' title='bbox 2070 278 2159 333; x_wconf 76' lang='lat' dir='ltr'><strong>IX.</strong></span> <span class='ocrx_word' id='word_1_6' title='bbox 2203 306 2270 319; x_wconf 87' lang='lat'><strong>-—</strong></span> <span class='ocrx_word' id='word_1_7' title='bbox 2301 278 2553 337; x_wconf 78' lang='lat' dir='ltr'><strong>ISIDOBI</strong></span> <span class='ocrx_word' id='word_1_8' title='bbox 2595 281 3057 350; x_wconf 74' lang='lat' dir='ltr'><strong>MERCATORIS.</strong></span> <span class='ocrx_word' id='word_1_9' title='bbox 3664 308 3717 362; x_wconf 64' lang='lat' dir='ltr'><strong>Eii</strong></span> 
     </span>
    </p>
   </div>
   <div class='ocr_carea' id='block_1_3' title="bbox 608 374 3719 474">
    <p class='ocr_par' dir='ltr' id='par_1_3' title="bbox 608 374 3719 474">
     <span class='ocr_line' id='line_1_3' title="bbox 608 374 3719 474; baseline 0.013 -45"><span class='ocrx_word' id='word_1_10' title='bbox 608 388 786 450; x_wconf 86' lang='lat' dir='ltr'><strong>neque</strong></span> <span class='ocrx_word' id='word_1_11' title='bbox 821 374 981 445; x_wconf 68' lang='lat' dir='ltr'><strong>huius</strong></span> <span class='ocrx_word' id='word_1_12' title='bbox 1016 377 1274 436; x_wconf 88' lang='lat' dir='ltr'><strong>unitionis</strong></span> <span class='ocrx_word' id='word_1_13' title='bbox 1306 381 1550 442; x_wconf 89' lang='lat' dir='ltr'><strong>soliditas</strong></span> <span class='ocrx_word' id='word_1_14' title='bbox 1585 388 1689 444; x_wconf 89' lang='lat' dir='ltr'><strong>ulla</strong></span> <span class='ocrx_word' id='word_1_15' title='bbox 1729 393 1901 459; x_wconf 86' lang='lat' dir='ltr'><strong>possit</strong></span> <span class='ocrx_word' id='word_1_16' title='bbox 1933 394 2195 450; x_wconf 86' lang='lat' dir='ltr'><strong>divisione</strong></span> <span class='ocrx_word' id='word_1_17' title='bbox 2220 391 2271 450; x_wconf 79' lang='grc' dir='ltr'><strong>Α</strong></span> <span class='ocrx_word' id='word_1_18' title='bbox 2298 406 2374 447; x_wconf 66' lang='grc' dir='ltr'><strong>(ξω</strong></span> <span class='ocrx_word' id='word_1_19' title='bbox 2399 402 2455 448; x_wconf 91' lang='lat' dir='ltr'><strong>et</strong></span> <span class='ocrx_word' id='word_1_20' title='bbox 2486 394 2791 461; x_wconf 74' lang='lat' dir='ltr'><strong>apostolica:</strong></span> <span class='ocrx_word' id='word_1_21' title='bbox 2823 397 3102 467; x_wconf 71' lang='lat' dir='ltr'><strong>doctrinae,</strong></span> <span class='ocrx_word' id='word_1_22' title='bbox 3132 410 3193 455; x_wconf 92' lang='lat' dir='ltr'><strong>ut</strong></span> <span class='ocrx_word' id='word_1_23' title='bbox 3216 403 3384 471; x_wconf 80' lang='lat' dir='ltr'><strong>audio,</strong></span> <span class='ocrx_word' id='word_1_24' title='bbox 3410 408 3628 474; x_wconf 83' lang='lat' dir='ltr'><strong>resultare.</strong></span> <span class='ocrx_word' id='word_1_25' title='bbox 3648 432 3719 472; x_wconf 74' lang='lat' dir='ltr'><strong>en.</strong></span> 
     </span>
    </p>
   </div>
   <div class='ocr_carea' id='block_1_4' title="bbox 608 463 2190 549">
    <p class='ocr_par' dir='ltr' id='par_1_4' title="bbox 608 463 2190 549">
     <span class='ocr_line' id='line_1_4' title="bbox 608 463 2190 549; baseline 0.013 -30"><span class='ocrx_word' id='word_1_26' title='bbox 608 463 854 536; x_wconf 81' lang='lat' dir='ltr'><strong>sejuugi,</strong></span> <span class='ocrx_word' id='word_1_27' title='bbox 907 467 1289 528; x_wconf 81' lang='lat' dir='ltr'><strong>exaltatiouem</strong></span> <span class='ocrx_word' id='word_1_28' title='bbox 1344 484 1519 531; x_wconf 89' lang='lat' dir='ltr'><strong>tamen</strong></span> <span class='ocrx_word' id='word_1_29' title='bbox 1576 494 1681 549; x_wconf 91' lang='lat' dir='ltr'><strong>qua</strong></span> <span class='ocrx_word' id='word_1_30' title='bbox 1735 481 1883 536; x_wconf 92' lang='lat' dir='ltr'><strong>illum</strong></span> <span class='ocrx_word' id='word_1_31' title='bbox 1934 484 2190 540; x_wconf 82' lang='lat' dir='ltr'><strong>exaltavit</strong></span> 
     </span>
    </p>
   </div>
   <div class='ocr_carea' id='block_1_5' title="bbox 609 552 2188 645">
    <p class='ocr_par' dir='ltr' id='par_1_5' title="bbox 609 552 2188 645">
     <span class='ocr_line' id='line_1_5' title="bbox 609 552 2188 645; baseline 0.016 -36"><span class='ocrx_word' id='word_1_32' title='bbox 609 552 773 623; x_wconf 90' lang='lat' dir='ltr'><strong>Deus,</strong></span> <span class='ocrx_word' id='word_1_33' title='bbox 801 565 853 611; x_wconf 88' lang='lat' dir='ltr'><strong>et</strong></span> <span class='ocrx_word' id='word_1_34' title='bbox 883 558 1102 623; x_wconf 86' lang='lat' dir='ltr'><strong>donavit</strong></span> <span class='ocrx_word' id='word_1_35' title='bbox 1129 561 1202 617; x_wconf 80' lang='lat' dir='ltr'><strong>illi</strong></span> <span class='ocrx_word' id='word_1_36' title='bbox 1231 580 1425 622; x_wconf 86' lang='lat' dir='ltr'><strong>nomen</strong></span> <span class='ocrx_word' id='word_1_37' title='bbox 1451 571 1593 638; x_wconf 89' lang='lat' dir='ltr'><strong>quod</strong></span> <span class='ocrx_word' id='word_1_38' title='bbox 1618 581 1700 627; x_wconf 90' lang='lat' dir='ltr'><strong>est</strong></span> <span class='ocrx_word' id='word_1_39' title='bbox 1725 589 1886 645; x_wconf 85' lang='lat' dir='ltr'><strong>super</strong></span> <span class='ocrx_word' id='word_1_40' title='bbox 1907 592 2067 632; x_wconf 90' lang='lat' dir='ltr'><strong>omne</strong></span> <span class='ocrx_word' id='word_1_41' title='bbox 2092 594 2188 634; x_wconf 82' lang='lat' dir='ltr'><strong>no-</strong></span> 
     </span>
    </p>
   </div>
   <div class='ocr_carea' id='block_1_6' title="bbox 610 650 2183 734">
    <p class='ocr_par' dir='ltr' id='par_1_6' title="bbox 610 650 2183 734">
     <span class='ocr_line' id='line_1_6' title="bbox 610 650 2183 734; baseline 0.015 -33"><span class='ocrx_word' id='word_1_42' title='bbox 610 663 735 703; x_wconf 86' lang='lat' dir='ltr'><strong>men</strong></span> <span class='ocrx_word' id='word_1_43' title='bbox 767 650 1000 716; x_wconf 81' lang='lat' dir='ltr'><strong>excellit,</strong></span> <span class='ocrx_word' id='word_1_44' title='bbox 1031 654 1098 707; x_wconf 89' lang='lat' dir='ltr'><strong>ad</strong></span> <span class='ocrx_word' id='word_1_45' title='bbox 1129 670 1248 709; x_wconf 89' lang='lat' dir='ltr'><strong>eam</strong></span> <span class='ocrx_word' id='word_1_46' title='bbox 1287 658 1633 731; x_wconf 84' lang='lat' dir='ltr'><strong>intelligimus</strong></span> <span class='ocrx_word' id='word_1_47' title='bbox 1654 667 1924 734; x_wconf 88' lang='lat' dir='ltr'><strong>pertinere</strong></span> <span class='ocrx_word' id='word_1_48' title='bbox 1955 668 2183 726; x_wconf 89' lang='lat' dir='ltr'><strong>formam</strong></span> 
     </span>
    </p>
   </div>
   <div class='ocr_carea' id='block_1_7' title="bbox 609 741 2184 830">
    <p class='ocr_par' dir='ltr' id='par_1_7' title="bbox 609 741 2184 830">
     <span class='ocr_line' id='line_1_7' title="bbox 609 741 2184 830; baseline 0.017 -40"><span class='ocrx_word' id='word_1_49' title='bbox 609 754 730 807; x_wconf 75' lang='lat' dir='ltr'><strong>qua:</strong></span> <span class='ocrx_word' id='word_1_50' title='bbox 759 741 975 797; x_wconf 90' lang='lat' dir='ltr'><strong>ditanda</strong></span> <span class='ocrx_word' id='word_1_51' title='bbox 1002 754 1123 801; x_wconf 88' lang='lat' dir='ltr'><strong>erat</strong></span> <span class='ocrx_word' id='word_1_52' title='bbox 1164 756 1325 804; x_wconf 85' lang='lat' dir='ltr'><strong>tantae</strong></span> <span class='ocrx_word' id='word_1_53' title='bbox 1354 751 1762 820; x_wconf 87' lang='lat' dir='ltr'><strong>gloriﬁcationis</strong></span> <span class='ocrx_word' id='word_1_54' title='bbox 1789 771 2095 830; x_wconf 89' lang='lat' dir='ltr'><strong>augmento.</strong></span> <span class='ocrx_word' id='word_1_55' title='bbox 2129 762 2184 817; x_wconf 91' lang='lat' dir='ltr'><strong>In</strong></span> 
     </span>
    </p>
   </div>
   <div class='ocr_carea' id='block_1_8' title="bbox 607 828 2186 919">
    <p class='ocr_par' dir='ltr' id='par_1_8' title="bbox 607 828 2186 919">
     <span class='ocr_line' id='line_1_8' title="bbox 607 828 2186 919; baseline 0.018 -36"><span class='ocrx_word' id='word_1_56' title='bbox 607 828 781 887; x_wconf 89' lang='lat' dir='ltr'><strong>forma</strong></span> <span class='ocrx_word' id='word_1_57' title='bbox 817 836 1013 908; x_wconf 84' lang='lat' dir='ltr'><strong>quippe</strong></span> <span class='ocrx_word' id='word_1_58' title='bbox 1037 838 1131 894; x_wconf 87' lang='lat' dir='ltr'><strong>Dei</strong></span> <span class='ocrx_word' id='word_1_59' title='bbox 1157 843 1376 912; x_wconf 64' lang='lat' dir='ltr'><strong>aiqualis</strong></span> <span class='ocrx_word' id='word_1_60' title='bbox 1406 858 1524 902; x_wconf 88' lang='lat' dir='ltr'><strong>erat</strong></span> <span class='ocrx_word' id='word_1_61' title='bbox 1556 847 1721 905; x_wconf 86' lang='lat' dir='ltr'><strong>Filius</strong></span> <span class='ocrx_word' id='word_1_62' title='bbox 1752 828 1918 919; x_wconf 78' lang='lat' dir='ltr'><strong>Patri,</strong></span> <span class='ocrx_word' id='word_1_63' title='bbox 1954 865 2008 908; x_wconf 92' lang='lat' dir='ltr'><strong>et</strong></span> <span class='ocrx_word' id='word_1_64' title='bbox 2045 858 2186 914; x_wconf 87' lang='lat' dir='ltr'><strong>inter</strong></span> 
     </span>
    </p>
   </div>
   <div class='ocr_carea' id='block_1_9' title="bbox 606 923 2180 1005">
    <p class='ocr_par' dir='ltr' id='par_1_9' title="bbox 606 923 2180 1005">
     <span class='ocr_line' id='line_1_9' title="bbox 606 923 2180 1005; baseline 0.019 -31"><span class='ocrx_word' id='word_1_65' title='bbox 606 923 903 991; x_wconf 81' lang='lat' dir='ltr'><strong>genitorem</strong></span> <span class='ocrx_word' id='word_1_66' title='bbox 940 938 1105 999; x_wconf 89' lang='lat' dir='ltr'><strong>atque</strong></span> <span class='ocrx_word' id='word_1_67' title='bbox 1142 933 1474 1005; x_wconf 78' lang='lat' dir='ltr'><strong>unigenitum</strong></span> <span class='ocrx_word' id='word_1_68' title='bbox 1505 940 1649 1001; x_wconf 84' lang='lat' dir='ltr'><strong>nulla</strong></span> <span class='ocrx_word' id='word_1_69' title='bbox 1692 952 1811 998; x_wconf 86' lang='lat' dir='ltr'><strong>erat</strong></span> <span class='ocrx_word' id='word_1_70' title='bbox 1857 945 1912 1000; x_wconf 93' lang='lat' dir='ltr'><strong>in</strong></span> <span class='ocrx_word' id='word_1_71' title='bbox 1942 949 2180 1004; x_wconf 81' lang='lat' dir='ltr'><strong>essentia</strong></span> 
     </span>
    </p>
   </div>
   <div class='ocr_carea' id='block_1_10' title="bbox 603 1010 2184 1108">
    <p class='ocr_par' dir='ltr' id='par_1_10' title="bbox 603 1010 2184 1108">
     <span class='ocr_line' id='line_1_10' title="bbox 603 1010 2184 1108; baseline 0.02 -44"><span class='ocrx_word' id='word_1_72' title='bbox 603 1010 878 1082; x_wconf 84' lang='lat' dir='ltr'><strong>discretio,</strong></span> <span class='ocrx_word' id='word_1_73' title='bbox 910 1019 1052 1075; x_wconf 93' lang='lat' dir='ltr'><strong>nulla</strong></span> <span class='ocrx_word' id='word_1_74' title='bbox 1079 1022 1130 1076; x_wconf 92' lang='lat' dir='ltr'><strong>in</strong></span> <span class='ocrx_word' id='word_1_75' title='bbox 1161 1026 1444 1096; x_wconf 78' lang='lat' dir='ltr'><strong>majestate</strong></span> <span class='ocrx_word' id='word_1_76' title='bbox 1483 1030 1792 1099; x_wconf 87' lang='lat' dir='ltr'><strong>diversitas,</strong></span> <span class='ocrx_word' id='word_1_77' title='bbox 1838 1050 1940 1091; x_wconf 92' lang='lat' dir='ltr'><strong>nec</strong></span> <span class='ocrx_word' id='word_1_78' title='bbox 1979 1053 2077 1108; x_wconf 88' lang='lat' dir='ltr'><strong>per</strong></span> <span class='ocrx_word' id='word_1_79' title='bbox 2102 1040 2184 1094; x_wconf 84' lang='lat' dir='ltr'><strong>in-</strong></span> 
     </span>
    </p>
   </div>
   <div class='ocr_carea' id='block_1_11' title="bbox 602 1101 2182 1185">
    <p class='ocr_par' dir='ltr' id='par_1_11' title="bbox 602 1101 2182 1185">
     <span class='ocr_line' id='line_1_11' title="bbox 602 1101 2182 1185; baseline 0.02 -35"><span class='ocrx_word' id='word_1_80' title='bbox 602 1101 935 1159; x_wconf 88' lang='lat' dir='ltr'><strong>carnationis</strong></span> <span class='ocrx_word' id='word_1_81' title='bbox 1003 1112 1320 1180; x_wconf 88' lang='lat' dir='ltr'><strong>mysterium</strong></span> <span class='ocrx_word' id='word_1_82' title='bbox 1376 1116 1580 1185; x_wconf 88' lang='lat' dir='ltr'><strong>aliquid</strong></span> <span class='ocrx_word' id='word_1_83' title='bbox 1644 1120 1953 1178; x_wconf 79' lang='lat' dir='ltr'><strong>decesserat</strong></span> <span class='ocrx_word' id='word_1_84' title='bbox 1980 1101 2182 1182; x_wconf 44' lang='lat' dir='ltr'><strong>&#39;Verbo</strong></span> 
     </span>
    </p>
   </div>
   <div class='ocr_carea' id='block_1_12' title="bbox 600 1190 2183 1274">
    <p class='ocr_par' dir='ltr' id='par_1_12' title="bbox 600 1190 2183 1274">
     <span class='ocr_line' id='line_1_12' title="bbox 600 1190 2183 1274; baseline 0.021 -33"><span class='ocrx_word' id='word_1_85' title='bbox 600 1190 743 1259; x_wconf 84' lang='lat' dir='ltr'><strong>quod</strong></span> <span class='ocrx_word' id='word_1_86' title='bbox 766 1192 813 1246; x_wconf 93' lang='lat' dir='ltr'><strong>ei</strong></span> <span class='ocrx_word' id='word_1_87' title='bbox 845 1192 1021 1253; x_wconf 83' lang='lat' dir='ltr'><strong>Patris</strong></span> <span class='ocrx_word' id='word_1_88' title='bbox 1042 1215 1265 1259; x_wconf 91' lang='lat' dir='ltr'><strong>munere</strong></span> <span class='ocrx_word' id='word_1_89' title='bbox 1287 1206 1621 1265; x_wconf 83' lang='lat' dir='ltr'><strong>redderetur.</strong></span> <span class='ocrx_word' id='word_1_90' title='bbox 1651 1211 1845 1268; x_wconf 84' lang='lat' dir='ltr'><strong>Forma</strong></span> <span class='ocrx_word' id='word_1_91' title='bbox 1869 1224 2052 1272; x_wconf 88' lang='lat' dir='ltr'><strong>autem</strong></span> <span class='ocrx_word' id='word_1_92' title='bbox 2070 1233 2183 1274; x_wconf 75' lang='lat' dir='ltr'><strong>ser-</strong></span> 
     </span>
    </p>
   </div>
   <div class='ocr_carea' id='block_1_13' title="bbox 604 1280 2181 1381">
    <p class='ocr_par' dir='ltr' id='par_1_13' title="bbox 604 1280 2181 1381">
     <span class='ocr_line' id='line_1_13' title="bbox 604 1280 2181 1381; baseline 0.022 -49"><span class='ocrx_word' id='word_1_93' title='bbox 604 1280 651 1333; x_wconf 91' lang='lat' dir='ltr'><strong>vi</strong></span> <span class='ocrx_word' id='word_1_94' title='bbox 678 1297 774 1351; x_wconf 86' lang='lat' dir='ltr'><strong>per</strong></span> <span class='ocrx_word' id='word_1_95' title='bbox 798 1300 959 1354; x_wconf 90' lang='lat' dir='ltr'><strong>quam</strong></span> <span class='ocrx_word' id='word_1_96' title='bbox 988 1288 1332 1359; x_wconf 89' lang='lat' dir='ltr'><strong>impassibilis</strong></span> <span class='ocrx_word' id='word_1_97' title='bbox 1359 1297 1533 1355; x_wconf 87' lang='lat' dir='ltr'><strong>deitas</strong></span> <span class='ocrx_word' id='word_1_98' title='bbox 1556 1314 1951 1361; x_wconf 85' lang='lat' dir='ltr'><strong>sacramentum</strong></span> <span class='ocrx_word' id='word_1_99' title='bbox 1975 1323 2181 1381; x_wconf 73' lang='lat' dir='ltr'><strong>magna:</strong></span> 
     </span>
    </p>
   </div>
   <div class='ocr_carea' id='block_1_14' title="bbox 606 1371 2179 1469">
    <p class='ocr_par' dir='ltr' id='par_1_14' title="bbox 606 1371 2179 1469">
     <span class='ocr_line' id='line_1_14' title="bbox 606 1371 2179 1469; baseline 0.018 -45"><span class='ocrx_word' id='word_1_100' title='bbox 606 1371 827 1441; x_wconf 87' lang='lat' dir='ltr'><strong>pietatis</strong></span> <span class='ocrx_word' id='word_1_101' title='bbox 856 1376 1117 1449; x_wconf 87' lang='lat' dir='ltr'><strong>implevit,</strong></span> <span class='ocrx_word' id='word_1_102' title='bbox 1143 1382 1375 1440; x_wconf 88' lang='lat' dir='ltr'><strong>humana</strong></span> <span class='ocrx_word' id='word_1_103' title='bbox 1406 1388 1682 1448; x_wconf 90' lang='lat' dir='ltr'><strong>humilitas</strong></span> <span class='ocrx_word' id='word_1_104' title='bbox 1706 1402 1810 1459; x_wconf 89' lang='lat' dir='ltr'><strong>est,</strong></span> <span class='ocrx_word' id='word_1_105' title='bbox 1843 1405 1898 1450; x_wconf 85' lang='lat' dir='ltr'><strong>et</strong></span> <span class='ocrx_word' id='word_1_106' title='bbox 1921 1396 1976 1451; x_wconf 92' lang='lat' dir='ltr'><strong>in</strong></span> <span class='ocrx_word' id='word_1_107' title='bbox 2011 1371 2179 1469; x_wconf 69' lang='lat' dir='ltr'><strong>gloria</strong></span> 
     </span>
    </p>
   </div>
   <div class='ocr_carea' id='block_1_15' title="bbox 602 1458 2179 1560">
    <p class='ocr_par' dir='ltr' id='par_1_15' title="bbox 602 1458 2179 1560">
     <span class='ocr_line' id='line_1_15' title="bbox 602 1458 2179 1560; baseline 0.021 -48"><span class='ocrx_word' id='word_1_108' title='bbox 602 1458 795 1517; x_wconf 69' lang='lat' dir='ltr'><strong>divina:</strong></span> <span class='ocrx_word' id='word_1_109' title='bbox 808 1469 1092 1534; x_wconf 86' lang='lat' dir='ltr'><strong>potestatis</strong></span> <span class='ocrx_word' id='word_1_110' title='bbox 1104 1484 1290 1529; x_wconf 82' lang='lat' dir='ltr'><strong>evecta</strong></span> <span class='ocrx_word' id='word_1_111' title='bbox 1310 1484 1394 1532; x_wconf 88' lang='lat' dir='ltr'><strong>est</strong></span> <span class='ocrx_word' id='word_1_112' title='bbox 1410 1477 1459 1532; x_wconf 92' lang='lat' dir='ltr'><strong>in</strong></span> <span class='ocrx_word' id='word_1_113' title='bbox 1483 1486 1685 1536; x_wconf 86' lang='lat' dir='ltr'><strong>tantam</strong></span> <span class='ocrx_word' id='word_1_114' title='bbox 1708 1458 1969 1541; x_wconf 88' lang='lat' dir='ltr'><strong>unitatem</strong></span> <span class='ocrx_word' id='word_1_115' title='bbox 1984 1458 2050 1543; x_wconf 73' lang='lat' dir='ltr'><strong>ab</strong></span> <span class='ocrx_word' id='word_1_116' title='bbox 2063 1489 2179 1560; x_wconf 91' lang='lat' dir='ltr'><strong>ipso</strong></span> 
     </span>
    </p>
   </div>
   <div class='ocr_carea' id='block_1_16' title="bbox 602 1556 2181 1644">
    <p class='ocr_par' dir='ltr' id='par_1_16' title="bbox 602 1556 2181 1644">
     <span class='ocr_line' id='line_1_16' title="bbox 602 1556 2181 1644; baseline 0.021 -43"><span class='ocrx_word' id='word_1_117' title='bbox 602 1561 860 1621; x_wconf 88' lang='lat' dir='ltr'><strong>conceptu</strong></span> <span class='ocrx_word' id='word_1_118' title='bbox 887 1556 1111 1627; x_wconf 73' lang='lat' dir='ltr'><strong>virginis</strong></span> <span class='ocrx_word' id='word_1_119' title='bbox 1137 1561 1337 1619; x_wconf 88' lang='lat' dir='ltr'><strong>deitate</strong></span> <span class='ocrx_word' id='word_1_120' title='bbox 1369 1574 1423 1621; x_wconf 92' lang='lat' dir='ltr'><strong>et</strong></span> <span class='ocrx_word' id='word_1_121' title='bbox 1466 1572 1804 1629; x_wconf 82' lang='lat' dir='ltr'><strong>humanitate</strong></span> <span class='ocrx_word' id='word_1_122' title='bbox 1824 1556 2098 1644; x_wconf 67' lang='lat' dir='ltr'><strong>connexa,</strong></span> <span class='ocrx_word' id='word_1_123' title='bbox 2120 1586 2181 1634; x_wconf 90' lang='lat' dir='ltr'><strong>ut</strong></span> 
     </span>
    </p>
   </div>
   <div class='ocr_carea' id='block_1_17' title="bbox 600 1645 2175 1740">
    <p class='ocr_par' dir='ltr' id='par_1_17' title="bbox 600 1645 2175 1740">
     <span class='ocr_line' id='line_1_17' title="bbox 600 1645 2175 1740; baseline 0.022 -46"><span class='ocrx_word' id='word_1_124' title='bbox 600 1655 702 1697; x_wconf 90' lang='lat' dir='ltr'><strong>nec</strong></span> <span class='ocrx_word' id='word_1_125' title='bbox 729 1645 848 1700; x_wconf 88' lang='lat' dir='ltr'><strong>sine</strong></span> <span class='ocrx_word' id='word_1_126' title='bbox 876 1648 1089 1707; x_wconf 85' lang='lat' dir='ltr'><strong>homine</strong></span> <span class='ocrx_word' id='word_1_127' title='bbox 1117 1654 1314 1724; x_wconf 91' lang='lat' dir='ltr'><strong>divina,</strong></span> <span class='ocrx_word' id='word_1_128' title='bbox 1342 1675 1442 1717; x_wconf 89' lang='lat' dir='ltr'><strong>nec</strong></span> <span class='ocrx_word' id='word_1_129' title='bbox 1478 1664 1595 1718; x_wconf 88' lang='lat' dir='ltr'><strong>sine</strong></span> <span class='ocrx_word' id='word_1_130' title='bbox 1622 1664 1730 1722; x_wconf 88' lang='lat' dir='ltr'><strong>Deo</strong></span> <span class='ocrx_word' id='word_1_131' title='bbox 1754 1679 2046 1740; x_wconf 80' lang='lat' dir='ltr'><strong>agerentur</strong></span> <span class='ocrx_word' id='word_1_132' title='bbox 2072 1671 2175 1728; x_wconf 86' lang='lat' dir='ltr'><strong>hu-</strong></span> 
     </span>
    </p>
   </div>
   <div class='ocr_carea' id='block_1_18' title="bbox 2289 483 3719 575">
    <p class='ocr_par' dir='ltr' id='par_1_18' title="bbox 2289 483 3719 575">
     <span class='ocr_line' id='line_1_18' title="bbox 2289 483 3719 575; baseline 0.017 -39"><span class='ocrx_word' id='word_1_133' title='bbox 2289 483 2508 553; x_wconf 83' lang='lat' dir='ltr'><strong>gitando</strong></span> <span class='ocrx_word' id='word_1_134' title='bbox 2529 486 2878 544; x_wconf 86' lang='lat' dir='ltr'><strong>seditionibus</strong></span> <span class='ocrx_word' id='word_1_135' title='bbox 2900 490 3171 558; x_wconf 84' lang='lat' dir='ltr'><strong>civitates,</strong></span> <span class='ocrx_word' id='word_1_136' title='bbox 3198 495 3531 555; x_wconf 85' lang='lat' dir='ltr'><strong>eouturbando</strong></span> <span class='ocrx_word' id='word_1_137' title='bbox 3548 504 3719 575; x_wconf 49' lang='lat' dir='ltr'><strong>ecclesia,</strong></span> 
     </span>
    </p>
   </div>
   <div class='ocr_carea' id='block_1_19' title="bbox 2289 576 3721 664">
    <p class='ocr_par' dir='ltr' id='par_1_19' title="bbox 2289 576 3721 664">
     <span class='ocr_line' id='line_1_19' title="bbox 2289 576 3721 664; baseline 0.01 -35"><span class='ocrx_word' id='word_1_138' title='bbox 2289 590 2390 630; x_wconf 90' lang='lat' dir='ltr'><strong>nec</strong></span> <span class='ocrx_word' id='word_1_139' title='bbox 2410 576 2583 631; x_wconf 89' lang='lat' dir='ltr'><strong>solum</strong></span> <span class='ocrx_word' id='word_1_140' title='bbox 2612 576 2834 647; x_wconf 88' lang='lat' dir='ltr'><strong>injurias</strong></span> <span class='ocrx_word' id='word_1_141' title='bbox 2851 621 2865 646; x_wconf 92' lang='lat'><strong>,</strong></span> <span class='ocrx_word' id='word_1_142' title='bbox 2912 582 3010 638; x_wconf 90' lang='lat' dir='ltr'><strong>sed</strong></span> <span class='ocrx_word' id='word_1_143' title='bbox 3036 584 3201 639; x_wconf 90' lang='lat' dir='ltr'><strong>etiam</strong></span> <span class='ocrx_word' id='word_1_144' title='bbox 3226 587 3391 642; x_wconf 70' lang='lat' dir='ltr'><strong>caedes</strong></span> <span class='ocrx_word' id='word_1_145' title='bbox 3418 592 3663 664; x_wconf 66' lang='lat' dir='ltr'><strong>presbyteris</strong></span> <span class='ocrx_word' id='word_1_146' title='bbox 3681 614 3721 655; x_wconf 65' lang='grc' dir='ltr'><strong>η.</strong></span> 
     </span>
    </p>
   </div>
   <div class='ocr_carea' id='block_1_20' title="bbox 2288 667 3720 745">
    <p class='ocr_par' dir='ltr' id='par_1_20' title="bbox 2288 667 3720 745">
     <span class='ocr_line' id='line_1_20' title="bbox 2288 667 3720 745; baseline 0.017 -26"><span class='ocrx_word' id='word_1_147' title='bbox 2288 681 2393 736; x_wconf 90' lang='lat' dir='ltr'><strong>que</strong></span> <span class='ocrx_word' id='word_1_148' title='bbox 2441 667 2707 738; x_wconf 80' lang='lat' dir='ltr'><strong>episcopis</strong></span> <span class='ocrx_word' id='word_1_149' title='bbox 2758 669 3038 728; x_wconf 87' lang='lat' dir='ltr'><strong>inferendo</strong></span> <span class='ocrx_word' id='word_1_150' title='bbox 3060 714 3077 739; x_wconf 94' lang='lat'><strong>,</strong></span> <span class='ocrx_word' id='word_1_151' title='bbox 3105 683 3163 728; x_wconf 91' lang='lat' dir='ltr'><strong>ut</strong></span> <span class='ocrx_word' id='word_1_152' title='bbox 3202 690 3312 745; x_wconf 76' lang='lat' dir='ltr'><strong>pra:</strong></span> <span class='ocrx_word' id='word_1_153' title='bbox 3341 676 3503 735; x_wconf 85' lang='lat' dir='ltr'><strong>furore</strong></span> <span class='ocrx_word' id='word_1_154' title='bbox 3530 690 3574 737; x_wconf 81' lang='lat' dir='ltr'><strong>et</strong></span> <span class='ocrx_word' id='word_1_155' title='bbox 3600 690 3720 745; x_wconf 67' lang='lat' dir='ltr'><strong>mitia</strong></span> 
     </span>
    </p>
   </div>
   <div class='ocr_carea' id='block_1_21' title="bbox 2288 760 3722 837">
    <p class='ocr_par' dir='ltr' id='par_1_21' title="bbox 2288 760 3722 837">
     <span class='ocr_line' id='line_1_21' title="bbox 2288 760 3722 837; baseline 0.015 -26"><span class='ocrx_word' id='word_1_156' title='bbox 2288 760 2545 828; x_wconf 90' lang='lat' dir='ltr'><strong>propositi</strong></span> <span class='ocrx_word' id='word_1_157' title='bbox 2566 761 2753 827; x_wconf 87' lang='lat' dir='ltr'><strong>vestri,</strong></span> <span class='ocrx_word' id='word_1_158' title='bbox 2777 771 2832 817; x_wconf 91' lang='lat' dir='ltr'><strong>et</strong></span> <span class='ocrx_word' id='word_1_159' title='bbox 2856 763 3206 833; x_wconf 84' lang='lat' dir='ltr'><strong>professionis</strong></span> <span class='ocrx_word' id='word_1_160' title='bbox 3231 769 3347 824; x_wconf 89' lang='lat' dir='ltr'><strong>sitis</strong></span> <span class='ocrx_word' id='word_1_161' title='bbox 3370 769 3656 831; x_wconf 78' lang='lat' dir='ltr'><strong>immemores.</strong></span> <span class='ocrx_word' id='word_1_162' title='bbox 3667 780 3722 837; x_wconf 68' lang='lat' dir='ltr'><strong>[bi</strong></span> 
     </span>
    </p>
   </div>
   <div class='ocr_carea' id='block_1_22' title="bbox 2286 851 3723 939">
    <p class='ocr_par' dir='ltr' id='par_1_22' title="bbox 2286 851 3723 939">
     <span class='ocr_line' id='line_1_22' title="bbox 2286 851 3723 939; baseline 0.015 -36"><span class='ocrx_word' id='word_1_163' title='bbox 2286 861 2371 905; x_wconf 89' lang='lat' dir='ltr'><strong>est</strong></span> <span class='ocrx_word' id='word_1_164' title='bbox 2417 851 2600 921; x_wconf 90' lang='lat' dir='ltr'><strong>regula</strong></span> <span class='ocrx_word' id='word_1_165' title='bbox 2640 857 3069 913; x_wconf 89' lang='lat' dir='ltr'><strong>mansuetudinis</strong></span> <span class='ocrx_word' id='word_1_166' title='bbox 3097 867 3152 913; x_wconf 87' lang='lat' dir='ltr'><strong>et</strong></span> <span class='ocrx_word' id='word_1_167' title='bbox 3175 862 3391 931; x_wconf 85' lang='lat' dir='ltr'><strong>quietis,</strong></span> <span class='ocrx_word' id='word_1_168' title='bbox 3409 864 3489 919; x_wconf 89' lang='lat' dir='ltr'><strong>ubi</strong></span> <span class='ocrx_word' id='word_1_169' title='bbox 3519 866 3723 939; x_wconf 74' lang='lat' dir='ltr'><strong>longanimi-</strong></span> 
     </span>
    </p>
   </div>
   <div class='ocr_carea' id='block_1_23' title="bbox 2287 942 3722 1022">
    <p class='ocr_par' dir='ltr' id='par_1_23' title="bbox 2287 942 3722 1022">
     <span class='ocr_line' id='line_1_23' title="bbox 2287 942 3722 1022; baseline 0.013 -27"><span class='ocrx_word' id='word_1_170' title='bbox 2287 949 2371 996; x_wconf 88' lang='lat' dir='ltr'><strong>tas</strong></span> <span class='ocrx_word' id='word_1_171' title='bbox 2389 942 2682 1012; x_wconf 86' lang='lat' dir='ltr'><strong>patientiae,</strong></span> <span class='ocrx_word' id='word_1_172' title='bbox 2725 946 2813 1001; x_wconf 87' lang='lat' dir='ltr'><strong>ubi</strong></span> <span class='ocrx_word' id='word_1_173' title='bbox 2848 948 3211 1018; x_wconf 86' lang='lat' dir='ltr'><strong>tranquillitas</strong></span> <span class='ocrx_word' id='word_1_174' title='bbox 3237 953 3404 1022; x_wconf 88' lang='lat' dir='ltr'><strong>pacis,</strong></span> <span class='ocrx_word' id='word_1_175' title='bbox 3430 956 3508 1010; x_wconf 86' lang='lat' dir='ltr'><strong>ubi</strong></span> <span class='ocrx_word' id='word_1_176' title='bbox 3527 957 3722 1018; x_wconf 71' lang='lat' dir='ltr'><strong>limum.</strong></span> 
     </span>
    </p>
   </div>
   <div class='ocr_carea' id='block_1_24' title="bbox 2287 1034 3721 1116">
    <p class='ocr_par' dir='ltr' id='par_1_24' title="bbox 2287 1034 3721 1116">
     <span class='ocr_line' id='line_1_24' title="bbox 2287 1034 3721 1116; baseline 0.016 -31"><span class='ocrx_word' id='word_1_177' title='bbox 2287 1041 2398 1088; x_wconf 91' lang='lat' dir='ltr'><strong>tum</strong></span> <span class='ocrx_word' id='word_1_178' title='bbox 2443 1034 2745 1091; x_wconf 89' lang='lat' dir='ltr'><strong>dilectionis</strong></span> <span class='ocrx_word' id='word_1_179' title='bbox 2778 1045 2833 1091; x_wconf 89' lang='lat' dir='ltr'><strong>et</strong></span> <span class='ocrx_word' id='word_1_180' title='bbox 2859 1038 3158 1096; x_wconf 67' lang='lat' dir='ltr'><strong>tolerantiae</strong></span> <span class='ocrx_word' id='word_1_181' title='bbox 3186 1041 3475 1101; x_wconf 80' lang='lat' dir='ltr'><strong>fortitudo?</strong></span> <span class='ocrx_word' id='word_1_182' title='bbox 3500 1048 3598 1116; x_wconf 68' lang='lat' dir='ltr'><strong>Qua</strong></span> <span class='ocrx_word' id='word_1_183' title='bbox 3616 1059 3721 1110; x_wconf 67' lang='lat' dir='ltr'><strong>rosa</strong></span> 
     </span>
    </p>
   </div>
   <div class='ocr_carea' id='block_1_25' title="bbox 2285 1122 3722 1211">
    <p class='ocr_par' dir='ltr' id='par_1_25' title="bbox 2285 1122 3722 1211">
     <span class='ocr_line' id='line_1_25' title="bbox 2285 1122 3722 1211; baseline 0.013 -33"><span class='ocrx_word' id='word_1_184' title='bbox 2285 1122 2575 1195; x_wconf 86' lang='lat' dir='ltr'><strong>Evangelio</strong></span> <span class='ocrx_word' id='word_1_185' title='bbox 2603 1124 2804 1181; x_wconf 87' lang='lat' dir='ltr'><strong>Christi</strong></span> <span class='ocrx_word' id='word_1_186' title='bbox 2846 1137 2938 1183; x_wconf 90' lang='lat' dir='ltr'><strong>aut</strong></span> <span class='ocrx_word' id='word_1_187' title='bbox 2975 1132 3257 1199; x_wconf 86' lang='lat' dir='ltr'><strong>persuasio</strong></span> <span class='ocrx_word' id='word_1_188' title='bbox 3290 1135 3496 1193; x_wconf 81' lang='lat' dir='ltr'><strong>abduxit</strong></span> <span class='ocrx_word' id='word_1_189' title='bbox 3527 1150 3594 1194; x_wconf 86' lang='lat' dir='ltr'><strong>aut</strong></span> <span class='ocrx_word' id='word_1_190' title='bbox 3619 1158 3722 1211; x_wconf 66' lang='lat' dir='ltr'><strong>perge.</strong></span> 
     </span>
    </p>
   </div>
   <div class='ocr_carea' id='block_1_26' title="bbox 2283 1212 3721 1300">
    <p class='ocr_par' dir='ltr' id='par_1_26' title="bbox 2283 1212 3721 1300">
     <span class='ocr_line' id='line_1_26' title="bbox 2283 1212 3721 1300; baseline 0.017 -36"><span class='ocrx_word' id='word_1_191' title='bbox 2283 1212 2432 1268; x_wconf 89' lang='lat' dir='ltr'><strong>eutio</strong></span> <span class='ocrx_word' id='word_1_192' title='bbox 2466 1216 2783 1284; x_wconf 82' lang='lat' dir='ltr'><strong>separavit?</strong></span> <span class='ocrx_word' id='word_1_193' title='bbox 2809 1216 2895 1272; x_wconf 89' lang='lat' dir='ltr'><strong>vel</strong></span> <span class='ocrx_word' id='word_1_194' title='bbox 2942 1233 3062 1288; x_wconf 66' lang='lat' dir='ltr'><strong>quas</strong></span> <span class='ocrx_word' id='word_1_195' title='bbox 3101 1229 3249 1277; x_wconf 88' lang='lat' dir='ltr'><strong>tanta</strong></span> <span class='ocrx_word' id='word_1_196' title='bbox 3273 1225 3488 1280; x_wconf 58' lang='lat' dir='ltr'><strong>«exstitit</strong></span> <span class='ocrx_word' id='word_1_197' title='bbox 3529 1229 3721 1300; x_wconf 62' lang='grc' dir='ltr'><strong>ἀδεξίρὸωὼ</strong></span> 
     </span>
    </p>
   </div>
   <div class='ocr_carea' id='block_1_27' title="bbox 2282 1302 3720 1388">
    <p class='ocr_par' dir='ltr' id='par_1_27' title="bbox 2282 1302 3720 1388">
     <span class='ocr_line' id='line_1_27' title="bbox 2282 1302 3720 1388; baseline 0.019 -33"><span class='ocrx_word' id='word_1_198' title='bbox 2282 1302 2502 1369; x_wconf 87' lang='lat' dir='ltr'><strong>astutia,</strong></span> <span class='ocrx_word' id='word_1_199' title='bbox 2531 1313 2591 1358; x_wconf 93' lang='lat' dir='ltr'><strong>ut</strong></span> <span class='ocrx_word' id='word_1_200' title='bbox 2614 1305 2762 1361; x_wconf 85' lang='lat' dir='ltr'><strong>obliti</strong></span> <span class='ocrx_word' id='word_1_201' title='bbox 2785 1309 3190 1381; x_wconf 86' lang='lat' dir='ltr'><strong>prophetarum,</strong></span> <span class='ocrx_word' id='word_1_202' title='bbox 3223 1321 3281 1370; x_wconf 90' lang='lat' dir='ltr'><strong>et</strong></span> <span class='ocrx_word' id='word_1_203' title='bbox 3310 1318 3628 1388; x_wconf 82' lang='lat' dir='ltr'><strong>apostolorum,</strong></span> <span class='ocrx_word' id='word_1_204' title='bbox 3643 1327 3720 1383; x_wconf 64' lang='lat' dir='ltr'><strong>add</strong></span> 
     </span>
    </p>
   </div>
   <div class='ocr_carea' id='block_1_28' title="bbox 2282 1394 3721 1478">
    <p class='ocr_par' dir='ltr' id='par_1_28' title="bbox 2282 1394 3721 1478">
     <span class='ocr_line' id='line_1_28' title="bbox 2282 1394 3721 1478; baseline 0.014 -30"><span class='ocrx_word' id='word_1_205' title='bbox 2282 1394 2510 1465; x_wconf 81' lang='lat' dir='ltr'><strong>symboli</strong></span> <span class='ocrx_word' id='word_1_206' title='bbox 2544 1394 2820 1462; x_wconf 88' lang='lat' dir='ltr'><strong>salutaris,</strong></span> <span class='ocrx_word' id='word_1_207' title='bbox 2850 1407 2905 1454; x_wconf 89' lang='lat' dir='ltr'><strong>et</strong></span> <span class='ocrx_word' id='word_1_208' title='bbox 2930 1400 3287 1460; x_wconf 78' lang='lat' dir='ltr'><strong>confessionis</strong></span> <span class='ocrx_word' id='word_1_209' title='bbox 3318 1422 3423 1478; x_wconf 88' lang='lat' dir='ltr'><strong>qua</strong></span> <span class='ocrx_word' id='word_1_210' title='bbox 3453 1413 3721 1477; x_wconf 72' lang='lat' dir='ltr'><strong>pronuntians</strong></span> 
     </span>
    </p>
   </div>
   <div class='ocr_carea' id='block_1_29' title="bbox 2282 1486 3719 1574">
    <p class='ocr_par' dir='ltr' id='par_1_29' title="bbox 2282 1486 3719 1574">
     <span class='ocr_line' id='line_1_29' title="bbox 2282 1486 3719 1574; baseline 0.011 -33"><span class='ocrx_word' id='word_1_211' title='bbox 2282 1498 2466 1541; x_wconf 88' lang='lat' dir='ltr'><strong>coram</strong></span> <span class='ocrx_word' id='word_1_212' title='bbox 2489 1486 2673 1543; x_wconf 90' lang='lat' dir='ltr'><strong>multis</strong></span> <span class='ocrx_word' id='word_1_213' title='bbox 2693 1490 2920 1545; x_wconf 87' lang='lat' dir='ltr'><strong>testibus</strong></span> <span class='ocrx_word' id='word_1_214' title='bbox 2941 1505 3340 1552; x_wconf 90' lang='lat' dir='ltr'><strong>sacramentum</strong></span> <span class='ocrx_word' id='word_1_215' title='bbox 3362 1500 3719 1574; x_wconf 66' lang='lat' dir='ltr'><strong>baptismisascqi-</strong></span> 
     </span>
    </p>
   </div>
   <div class='ocr_carea' id='block_1_30' title="bbox 2282 1576 3717 1664">
    <p class='ocr_par' dir='ltr' id='par_1_30' title="bbox 2282 1576 3717 1664">
     <span class='ocr_line' id='line_1_30' title="bbox 2282 1576 3717 1664; baseline 0.014 -33"><span class='ocrx_word' id='word_1_216' title='bbox 2282 1576 2707 1642; x_wconf 88' lang='lat' dir='ltr'><strong>stis,diabolicis</strong></span> <span class='ocrx_word' id='word_1_217' title='bbox 2731 1595 2826 1636; x_wconf 85' lang='lat' dir='ltr'><strong>vos</strong></span> <span class='ocrx_word' id='word_1_218' title='bbox 2848 1581 3185 1641; x_wconf 89' lang='lat' dir='ltr'><strong>illusionibus</strong></span> <span class='ocrx_word' id='word_1_219' title='bbox 3208 1586 3532 1644; x_wconf 77' lang='lat' dir='ltr'><strong>subderetis?</strong></span> <span class='ocrx_word' id='word_1_220' title='bbox 3546 1591 3635 1658; x_wconf 80' lang='lat' dir='ltr'><strong>Quid</strong></span> <span class='ocrx_word' id='word_1_221' title='bbox 3646 1598 3717 1664; x_wconf 63' lang='lat' dir='ltr'><strong>ipsi</strong></span> 
     </span>
    </p>
   </div>
   <div class='ocr_carea' id='block_1_31' title="bbox 2278 1669 3709 1747">
    <p class='ocr_par' dir='ltr' id='par_1_31' title="bbox 2278 1669 3709 1747">
     <span class='ocr_line' id='line_1_31' title="bbox 2278 1669 3709 1747; baseline 0.014 -26"><span class='ocrx_word' id='word_1_222' title='bbox 2278 1681 2378 1723; x_wconf 84' lang='lat' dir='ltr'><strong>vos</strong></span> <span class='ocrx_word' id='word_1_223' title='bbox 2401 1676 2601 1724; x_wconf 66' lang='lat' dir='ltr'><strong>actura:</strong></span> <span class='ocrx_word' id='word_1_224' title='bbox 2628 1669 2843 1726; x_wconf 83' lang='lat' dir='ltr'><strong>fuerant</strong></span> <span class='ocrx_word' id='word_1_225' title='bbox 2874 1673 3117 1745; x_wconf 69' lang='lat' dir='ltr'><strong>ungulaa,</strong></span> <span class='ocrx_word' id='word_1_226' title='bbox 3159 1678 3292 1747; x_wconf 91' lang='lat' dir='ltr'><strong>quid</strong></span> <span class='ocrx_word' id='word_1_227' title='bbox 3328 1695 3461 1735; x_wconf 57' lang='lat' dir='ltr'><strong>saeva</strong></span> <span class='ocrx_word' id='word_1_228' title='bbox 3488 1689 3665 1745; x_wconf 69' lang='lat' dir='ltr'><strong>tarmen,</strong></span> <span class='ocrx_word' id='word_1_229' title='bbox 3684 1691 3709 1741; x_wconf 79' lang='lat' dir='ltr'><strong>si</strong></span> 
     </span>
    </p>
   </div>
   <div class='ocr_carea' id='block_1_32' title="bbox 603 1736 3709 1847">
    <p class='ocr_par' dir='ltr' id='par_1_32' title="bbox 603 1736 3709 1847">
     <span class='ocr_line' id='line_1_32' title="bbox 603 1736 3709 1847; baseline 0.018 -63"><span class='ocrx_word' id='word_1_230' title='bbox 603 1747 780 1796; x_wconf 86' lang='lat' dir='ltr'><strong>mana.</strong></span> <span class='ocrx_word' id='word_1_231' title='bbox 816 1736 1042 1812; x_wconf 88' lang='lat' dir='ltr'><strong>Propter</strong></span> <span class='ocrx_word' id='word_1_232' title='bbox 1073 1747 1215 1813; x_wconf 87' lang='lat' dir='ltr'><strong>quod</strong></span> <span class='ocrx_word' id='word_1_233' title='bbox 1266 1750 1406 1807; x_wconf 90' lang='lat' dir='ltr'><strong>sicut</strong></span> <span class='ocrx_word' id='word_1_234' title='bbox 1433 1754 1689 1813; x_wconf 88' lang='lat' dir='ltr'><strong>Dominus</strong></span> <span class='ocrx_word' id='word_1_235' title='bbox 1725 1736 2025 1830; x_wconf 78' lang='lat' dir='ltr'><strong>majestatis</strong></span> <span class='ocrx_word' id='word_1_236' title='bbox 2049 1762 2179 1820; x_wconf 75' lang='grc' dir='ltr'><strong>(Βοὶ-</strong></span> <span class='ocrx_word' id='word_1_237' title='bbox 2208 1765 2260 1829; x_wconf 75' lang='lat' dir='ltr'><strong>B</strong></span> <span class='ocrx_word' id='word_1_238' title='bbox 2284 1759 2353 1815; x_wconf 86' lang='lat' dir='ltr'><strong>ad</strong></span> <span class='ocrx_word' id='word_1_239' title='bbox 2380 1762 2790 1834; x_wconf 79' lang='lat' dir='ltr'><strong>expugnandam</strong></span> <span class='ocrx_word' id='word_1_240' title='bbox 2839 1764 2961 1822; x_wconf 91' lang='lat' dir='ltr'><strong>ﬁdei</strong></span> <span class='ocrx_word' id='word_1_241' title='bbox 3010 1777 3205 1825; x_wconf 73' lang='lat' dir='ltr'><strong>vestra:</strong></span> <span class='ocrx_word' id='word_1_242' title='bbox 3250 1771 3585 1847; x_wconf 73' lang='lat' dir='ltr'><strong>integritatem</strong></span> <span class='ocrx_word' id='word_1_243' title='bbox 3607 1786 3709 1831; x_wconf 63' lang='lat' dir='ltr'><strong>iam</strong></span> 
     </span>
    </p>
   </div>
   <div class='ocr_carea' id='block_1_33' title="bbox 602 1833 2179 1925">
    <p class='ocr_par' dir='ltr' id='par_1_33' title="bbox 602 1833 2179 1925">
     <span class='ocr_line' id='line_1_33' title="bbox 602 1833 2179 1925; baseline 0.02 -46"><span class='ocrx_word' id='word_1_244' title='bbox 602 1835 692 1881; x_wconf 89' lang='lat' dir='ltr'><strong>tur</strong></span> <span class='ocrx_word' id='word_1_245' title='bbox 711 1833 1018 1903; x_wconf 80' lang='lat' dir='ltr'><strong>cruciﬁxus,</strong></span> <span class='ocrx_word' id='word_1_246' title='bbox 1063 1838 1133 1893; x_wconf 87' lang='lat' dir='ltr'><strong>ita</strong></span> <span class='ocrx_word' id='word_1_247' title='bbox 1175 1843 1266 1912; x_wconf 90' lang='lat' dir='ltr'><strong>qui</strong></span> <span class='ocrx_word' id='word_1_248' title='bbox 1296 1859 1362 1899; x_wconf 80' lang='lat' dir='ltr'><strong>ex</strong></span> <span class='ocrx_word' id='word_1_249' title='bbox 1390 1850 1820 1919; x_wconf 86' lang='lat' dir='ltr'><strong>sempiternitate</strong></span> <span class='ocrx_word' id='word_1_250' title='bbox 1842 1856 2068 1925; x_wconf 77' lang='lat' dir='ltr'><strong>aequalis</strong></span> <span class='ocrx_word' id='word_1_251' title='bbox 2094 1866 2179 1913; x_wconf 91' lang='lat' dir='ltr'><strong>est</strong></span> 
     </span>
    </p>
   </div>
   <div class='ocr_carea' id='block_1_34' title="bbox 602 1918 2181 2018">
    <p class='ocr_par' dir='ltr' id='par_1_34' title="bbox 602 1918 2181 2018">
     <span class='ocr_line' id='line_1_34' title="bbox 602 1918 2181 2018; baseline 0.023 -47"><span class='ocrx_word' id='word_1_252' title='bbox 602 1918 731 1987; x_wconf 74' lang='lat' dir='ltr'><strong>Ded,</strong></span> <span class='ocrx_word' id='word_1_253' title='bbox 774 1923 971 1981; x_wconf 88' lang='lat' dir='ltr'><strong>dicitur</strong></span> <span class='ocrx_word' id='word_1_254' title='bbox 992 1930 1280 1990; x_wconf 84' lang='lat' dir='ltr'><strong>exaltatus.</strong></span> <span class='ocrx_word' id='word_1_255' title='bbox 1312 1935 1422 1994; x_wconf 88' lang='lat' dir='ltr'><strong>Nec</strong></span> <span class='ocrx_word' id='word_1_256' title='bbox 1452 1918 1676 1999; x_wconf 83' lang='lat' dir='ltr'><strong>interest</strong></span> <span class='ocrx_word' id='word_1_257' title='bbox 1703 1961 1769 2000; x_wconf 79' lang='lat' dir='ltr'><strong>ex</strong></span> <span class='ocrx_word' id='word_1_258' title='bbox 1797 1918 2181 2018; x_wconf 42' lang='lat' dir='ltr'><strong>qua-Christus</strong></span> 
     </span>
    </p>
   </div>
   <div class='ocr_carea' id='block_1_35' title="bbox 599 2012 2179 2104">
    <p class='ocr_par' dir='ltr' id='par_1_35' title="bbox 599 2012 2179 2104">
     <span class='ocr_line' id='line_1_35' title="bbox 599 2012 2179 2104; baseline 0.022 -41"><span class='ocrx_word' id='word_1_259' title='bbox 599 2012 901 2075; x_wconf 84' lang='lat' dir='ltr'><strong>substantia</strong></span> <span class='ocrx_word' id='word_1_260' title='bbox 932 2022 1259 2091; x_wconf 88' lang='lat' dir='ltr'><strong>nominetur,</strong></span> <span class='ocrx_word' id='word_1_261' title='bbox 1302 2044 1424 2085; x_wconf 92' lang='lat' dir='ltr'><strong>cum</strong></span> <span class='ocrx_word' id='word_1_262' title='bbox 1474 2032 1904 2104; x_wconf 88' lang='lat' dir='ltr'><strong>inseparabiliter</strong></span> <span class='ocrx_word' id='word_1_263' title='bbox 1924 2024 2179 2098; x_wconf 85' lang='lat' dir='ltr'><strong>manente</strong></span> 
     </span>
    </p>
   </div>
   <div class='ocr_carea' id='block_1_36' title="bbox 600 2103 2182 2205">
    <p class='ocr_par' dir='ltr' id='par_1_36' title="bbox 600 2103 2182 2205">
     <span class='ocr_line' id='line_1_36' title="bbox 600 2103 2182 2205; baseline 0.023 -49"><span class='ocrx_word' id='word_1_264' title='bbox 600 2103 807 2172; x_wconf 84' lang='lat' dir='ltr'><strong>unitate</strong></span> <span class='ocrx_word' id='word_1_265' title='bbox 833 2123 1093 2178; x_wconf 64' lang='lat' dir='ltr'><strong>personui,</strong></span> <span class='ocrx_word' id='word_1_266' title='bbox 1129 2117 1268 2173; x_wconf 87' lang='lat' dir='ltr'><strong>idem</strong></span> <span class='ocrx_word' id='word_1_267' title='bbox 1295 2123 1367 2176; x_wconf 87' lang='lat' dir='ltr'><strong>sit</strong></span> <span class='ocrx_word' id='word_1_268' title='bbox 1386 2132 1442 2177; x_wconf 92' lang='lat' dir='ltr'><strong>et</strong></span> <span class='ocrx_word' id='word_1_269' title='bbox 1468 2103 1611 2182; x_wconf 83' lang='lat' dir='ltr'><strong>totus</strong></span> <span class='ocrx_word' id='word_1_270' title='bbox 1635 2130 1868 2187; x_wconf 89' lang='lat' dir='ltr'><strong>hominis</strong></span> <span class='ocrx_word' id='word_1_271' title='bbox 1890 2131 2028 2189; x_wconf 90' lang='lat' dir='ltr'><strong>ﬁlius</strong></span> <span class='ocrx_word' id='word_1_272' title='bbox 2052 2149 2182 2205; x_wconf 86' lang='lat' dir='ltr'><strong>pro-</strong></span> 
     </span>
    </p>
   </div>
   <div class='ocr_carea' id='block_1_37' title="bbox 599 2200 2177 2290">
    <p class='ocr_par' dir='ltr' id='par_1_37' title="bbox 599 2200 2177 2290">
     <span class='ocr_line' id='line_1_37' title="bbox 599 2200 2177 2290; baseline 0.023 -45"><span class='ocrx_word' id='word_1_273' title='bbox 599 2200 722 2290; x_wconf 66' lang='lat' dir='ltr'><strong>pter</strong></span> <span class='ocrx_word' id='word_1_274' title='bbox 743 2210 984 2266; x_wconf 85' lang='lat' dir='ltr'><strong>carnem,</strong></span> <span class='ocrx_word' id='word_1_275' title='bbox 1013 2211 1068 2258; x_wconf 92' lang='lat' dir='ltr'><strong>et</strong></span> <span class='ocrx_word' id='word_1_276' title='bbox 1100 2214 1242 2263; x_wconf 86' lang='lat' dir='ltr'><strong>totus</strong></span> <span class='ocrx_word' id='word_1_277' title='bbox 1271 2209 1362 2266; x_wconf 88' lang='lat' dir='ltr'><strong>Dei</strong></span> <span class='ocrx_word' id='word_1_278' title='bbox 1408 2213 1576 2272; x_wconf 87' lang='lat' dir='ltr'><strong>Filius</strong></span> <span class='ocrx_word' id='word_1_279' title='bbox 1597 2229 1820 2290; x_wconf 85' lang='lat' dir='ltr'><strong>propter</strong></span> <span class='ocrx_word' id='word_1_280' title='bbox 1845 2237 2008 2278; x_wconf 89' lang='lat' dir='ltr'><strong>unam</strong></span> <span class='ocrx_word' id='word_1_281' title='bbox 2053 2200 2177 2281; x_wconf 79' lang='lat' dir='ltr'><strong>cum</strong></span> 
     </span>
    </p>
   </div>
   <div class='ocr_carea' id='block_1_38' title="bbox 601 2278 2179 2389">
    <p class='ocr_par' dir='ltr' id='par_1_38' title="bbox 601 2278 2179 2389">
     <span class='ocr_line' id='line_1_38' title="bbox 601 2278 2179 2389; baseline 0.025 -56"><span class='ocrx_word' id='word_1_282' title='bbox 601 2278 762 2339; x_wconf 82' lang='lat' dir='ltr'><strong>Patre</strong></span> <span class='ocrx_word' id='word_1_283' title='bbox 793 2287 1067 2346; x_wconf 84' lang='lat' dir='ltr'><strong>deitatem.</strong></span> <span class='ocrx_word' id='word_1_284' title='bbox 1103 2294 1374 2368; x_wconf 86' lang='lat' dir='ltr'><strong>Quidquid</strong></span> <span class='ocrx_word' id='word_1_285' title='bbox 1424 2318 1553 2376; x_wconf 86' lang='lat' dir='ltr'><strong>ergo</strong></span> <span class='ocrx_word' id='word_1_286' title='bbox 1598 2278 1654 2363; x_wconf 82' lang='lat' dir='ltr'><strong>in</strong></span> <span class='ocrx_word' id='word_1_287' title='bbox 1697 2278 1936 2381; x_wconf 71' lang='lat' dir='ltr'><strong>tempore</strong></span> <span class='ocrx_word' id='word_1_288' title='bbox 1968 2318 2179 2389; x_wconf 88' lang='lat' dir='ltr'><strong>accepit</strong></span> 
     </span>
    </p>
   </div>
   <div class='ocr_carea' id='block_1_39' title="bbox 599 2373 2175 2474">
    <p class='ocr_par' dir='ltr' id='par_1_39' title="bbox 599 2373 2175 2474">
     <span class='ocr_line' id='line_1_39' title="bbox 599 2373 2175 2474; baseline 0.021 -45"><span class='ocrx_word' id='word_1_289' title='bbox 599 2373 879 2442; x_wconf 87' lang='lat' dir='ltr'><strong>Christus,</strong></span> <span class='ocrx_word' id='word_1_290' title='bbox 931 2385 1223 2449; x_wconf 68' lang='lat' dir='ltr'><strong>secundum</strong></span> <span class='ocrx_word' id='word_1_291' title='bbox 1270 2373 1543 2450; x_wconf 81' lang='lat' dir='ltr'><strong>hominem</strong></span> <span class='ocrx_word' id='word_1_292' title='bbox 1592 2401 1820 2471; x_wconf 87' lang='lat' dir='ltr'><strong>accepit,</strong></span> <span class='ocrx_word' id='word_1_293' title='bbox 1849 2404 2042 2474; x_wconf 90' lang='lat' dir='ltr'><strong>cuique</strong></span> <span class='ocrx_word' id='word_1_294' title='bbox 2071 2373 2175 2462; x_wconf 68' lang='lat' dir='ltr'><strong>non</strong></span> 
     </span>
    </p>
   </div>
   <div class='ocr_carea' id='block_1_40' title="bbox 601 2465 2175 2561">
    <p class='ocr_par' dir='ltr' id='par_1_40' title="bbox 601 2465 2175 2561">
     <span class='ocr_line' id='line_1_40' title="bbox 601 2465 2175 2561; baseline 0.024 -45"><span class='ocrx_word' id='word_1_295' title='bbox 601 2465 788 2528; x_wconf 86' lang='lat' dir='ltr'><strong>habuit</strong></span> <span class='ocrx_word' id='word_1_296' title='bbox 810 2472 1182 2531; x_wconf 88' lang='lat' dir='ltr'><strong>conferuntur.</strong></span> <span class='ocrx_word' id='word_1_297' title='bbox 1208 2479 1341 2537; x_wconf 81' lang='lat' dir='ltr'><strong>Nam</strong></span> <span class='ocrx_word' id='word_1_298' title='bbox 1370 2488 1664 2544; x_wconf 88' lang='lat' dir='ltr'><strong>secundum</strong></span> <span class='ocrx_word' id='word_1_299' title='bbox 1694 2465 1990 2561; x_wconf 73' lang='lat' dir='ltr'><strong>potentiam</strong></span> <span class='ocrx_word' id='word_1_300' title='bbox 2015 2496 2175 2554; x_wconf 80' lang='lat' dir='ltr'><strong>Verbi</strong></span> 
     </span>
    </p>
   </div>
   <div class='ocr_carea' id='block_1_41' title="bbox 600 2557 2177 2651">
    <p class='ocr_par' dir='ltr' id='par_1_41' title="bbox 600 2557 2177 2651">
     <span class='ocr_line' id='line_1_41' title="bbox 600 2557 2177 2651; baseline 0.023 -42"><span class='ocrx_word' id='word_1_301' title='bbox 600 2557 968 2620; x_wconf 76' lang='lat' dir='ltr'><strong>indiﬂ‘ercuter</strong></span> <span class='ocrx_word' id='word_1_302' title='bbox 997 2572 1177 2625; x_wconf 88' lang='lat' dir='ltr'><strong>omnia</strong></span> <span class='ocrx_word' id='word_1_303' title='bbox 1219 2589 1338 2643; x_wconf 69' lang='lat' dir='ltr'><strong>qua:</strong></span> <span class='ocrx_word' id='word_1_304' title='bbox 1384 2580 1544 2635; x_wconf 82' lang='lat' dir='ltr'><strong>habet</strong></span> <span class='ocrx_word' id='word_1_305' title='bbox 1584 2557 1767 2651; x_wconf 75' lang='lat' dir='ltr'><strong>Pater,</strong></span> <span class='ocrx_word' id='word_1_306' title='bbox 1797 2586 1960 2643; x_wconf 89' lang='lat' dir='ltr'><strong>etiam</strong></span> <span class='ocrx_word' id='word_1_307' title='bbox 2009 2588 2177 2646; x_wconf 82' lang='lat' dir='ltr'><strong>Filius</strong></span> 
     </span>
    </p>
   </div>
   <div class='ocr_carea' id='block_1_42' title="bbox 599 2648 2174 2748">
    <p class='ocr_par' dir='ltr' id='par_1_42' title="bbox 599 2648 2174 2748">
     <span class='ocr_line' id='line_1_42' title="bbox 599 2648 2174 2748; baseline 0.023 -48"><span class='ocrx_word' id='word_1_308' title='bbox 599 2648 780 2717; x_wconf 86' lang='lat' dir='ltr'><strong>habet,</strong></span> <span class='ocrx_word' id='word_1_309' title='bbox 806 2664 860 2707; x_wconf 89' lang='lat' dir='ltr'><strong>et</strong></span> <span class='ocrx_word' id='word_1_310' title='bbox 883 2670 1001 2724; x_wconf 74' lang='lat' dir='ltr'><strong>qua:</strong></span> <span class='ocrx_word' id='word_1_311' title='bbox 1027 2661 1077 2714; x_wconf 91' lang='lat' dir='ltr'><strong>in</strong></span> <span class='ocrx_word' id='word_1_312' title='bbox 1112 2661 1280 2719; x_wconf 88' lang='lat' dir='ltr'><strong>forma</strong></span> <span class='ocrx_word' id='word_1_313' title='bbox 1310 2669 1449 2725; x_wconf 87' lang='lat' dir='ltr'><strong>servi</strong></span> <span class='ocrx_word' id='word_1_314' title='bbox 1488 2686 1517 2724; x_wconf 91' lang='lat' dir='ltr'><strong>a</strong></span> <span class='ocrx_word' id='word_1_315' title='bbox 1545 2671 1706 2731; x_wconf 91' lang='lat' dir='ltr'><strong>Patre</strong></span> <span class='ocrx_word' id='word_1_316' title='bbox 1731 2678 1959 2748; x_wconf 83' lang='lat' dir='ltr'><strong>accepit,</strong></span> <span class='ocrx_word' id='word_1_317' title='bbox 1988 2681 2174 2735; x_wconf 87' lang='lat' dir='ltr'><strong>eadem</strong></span> 
     </span>
    </p>
   </div>
   <div class='ocr_carea' id='block_1_43' title="bbox 601 2740 2177 2844">
    <p class='ocr_par' dir='ltr' id='par_1_43' title="bbox 601 2740 2177 2844">
     <span class='ocr_line' id='line_1_43' title="bbox 601 2740 2177 2844; baseline 0.023 -51"><span class='ocrx_word' id='word_1_318' title='bbox 601 2740 656 2793; x_wconf 92' lang='lat' dir='ltr'><strong>in</strong></span> <span class='ocrx_word' id='word_1_319' title='bbox 687 2741 857 2800; x_wconf 86' lang='lat' dir='ltr'><strong>forma</strong></span> <span class='ocrx_word' id='word_1_320' title='bbox 888 2748 1063 2806; x_wconf 83' lang='lat' dir='ltr'><strong>Patris</strong></span> <span class='ocrx_word' id='word_1_321' title='bbox 1088 2756 1252 2810; x_wconf 90' lang='lat' dir='ltr'><strong>etiam</strong></span> <span class='ocrx_word' id='word_1_322' title='bbox 1282 2759 1393 2828; x_wconf 89' lang='lat' dir='ltr'><strong>ipse</strong></span> <span class='ocrx_word' id='word_1_323' title='bbox 1419 2764 1669 2832; x_wconf 90' lang='lat' dir='ltr'><strong>donavit,</strong></span> <span class='ocrx_word' id='word_1_324' title='bbox 1723 2779 1777 2824; x_wconf 92' lang='lat' dir='ltr'><strong>et</strong></span> <span class='ocrx_word' id='word_1_325' title='bbox 1812 2771 1952 2825; x_wconf 89' lang='lat' dir='ltr'><strong>idem</strong></span> <span class='ocrx_word' id='word_1_326' title='bbox 1983 2773 2099 2844; x_wconf 89' lang='lat' dir='ltr'><strong>ipse</strong></span> <span class='ocrx_word' id='word_1_327' title='bbox 2122 2784 2177 2830; x_wconf 91' lang='lat' dir='ltr'><strong>et</strong></span> 
     </span>
    </p>
   </div>
   <div class='ocr_carea' id='block_1_44' title="bbox 600 2834 2173 2933">
    <p class='ocr_par' dir='ltr' id='par_1_44' title="bbox 600 2834 2173 2933">
     <span class='ocr_line' id='line_1_44' title="bbox 600 2834 2173 2933; baseline 0.022 -45"><span class='ocrx_word' id='word_1_328' title='bbox 600 2834 750 2890; x_wconf 87' lang='lat' dir='ltr'><strong>dives</strong></span> <span class='ocrx_word' id='word_1_329' title='bbox 762 2837 1052 2913; x_wconf 55' lang='lat' dir='ltr'><strong>ettpauper.</strong></span> <span class='ocrx_word' id='word_1_330' title='bbox 1072 2847 1247 2916; x_wconf 89' lang='lat' dir='ltr'><strong>Dives,</strong></span> <span class='ocrx_word' id='word_1_331' title='bbox 1265 2853 1387 2921; x_wconf 87' lang='lat' dir='ltr'><strong>quia</strong></span> <span class='ocrx_word' id='word_1_332' title='bbox 1408 2857 1491 2911; x_wconf 72' lang='lat' dir='ltr'><strong>«in</strong></span> <span class='ocrx_word' id='word_1_333' title='bbox 1505 2859 1770 2932; x_wconf 90' lang='lat' dir='ltr'><strong>principio</strong></span> <span class='ocrx_word' id='word_1_334' title='bbox 1782 2834 2173 2933; x_wconf 72' lang='lat' dir='ltr'><strong>eratVerbum,</strong></span> 
     </span>
    </p>
   </div>
   <div class='ocr_carea' id='block_1_45' title="bbox 599 2929 2176 3017">
    <p class='ocr_par' dir='ltr' id='par_1_45' title="bbox 599 2929 2176 3017">
     <span class='ocr_line' id='line_1_45' title="bbox 599 2929 2176 3017; baseline 0.022 -34"><span class='ocrx_word' id='word_1_335' title='bbox 599 2938 655 2984; x_wconf 87' lang='lat' dir='ltr'><strong>et</strong></span> <span class='ocrx_word' id='word_1_336' title='bbox 670 2929 904 2989; x_wconf 82' lang='lat' dir='ltr'><strong>Verbum</strong></span> <span class='ocrx_word' id='word_1_337' title='bbox 920 2949 1037 2993; x_wconf 89' lang='lat' dir='ltr'><strong>erat</strong></span> <span class='ocrx_word' id='word_1_338' title='bbox 1050 2945 1189 3009; x_wconf 90' lang='lat' dir='ltr'><strong>apud</strong></span> <span class='ocrx_word' id='word_1_339' title='bbox 1218 2944 1380 3001; x_wconf 90' lang='lat' dir='ltr'><strong>Deum</strong></span> <span class='ocrx_word' id='word_1_340' title='bbox 1399 2991 1412 3013; x_wconf 94' lang='lat'><strong>,</strong></span> <span class='ocrx_word' id='word_1_341' title='bbox 1430 2961 1487 3005; x_wconf 90' lang='lat' dir='ltr'><strong>et</strong></span> <span class='ocrx_word' id='word_1_342' title='bbox 1500 2952 1639 3008; x_wconf 88' lang='lat' dir='ltr'><strong>Deus</strong></span> <span class='ocrx_word' id='word_1_343' title='bbox 1652 2929 1769 3010; x_wconf 80' lang='lat' dir='ltr'><strong>erat</strong></span> <span class='ocrx_word' id='word_1_344' title='bbox 1784 2954 2039 3014; x_wconf 85' lang='lat' dir='ltr'><strong>Verbum.</strong></span> <span class='ocrx_word' id='word_1_345' title='bbox 2062 2929 2176 3017; x_wconf 85' lang='lat' dir='ltr'><strong>Hoc</strong></span> 
     </span>
    </p>
   </div>
   <div class='ocr_carea' id='block_1_46' title="bbox 595 3218 2177 3299">
    <p class='ocr_par' dir='ltr' id='par_1_46' title="bbox 595 3218 2177 3299">
     <span class='ocr_line' id='line_1_46' title="bbox 595 3218 2177 3299; baseline 0.02 -40"><span class='ocrx_word' id='word_1_346' title='bbox 595 3222 803 3278; x_wconf 87' lang='lat' dir='ltr'><strong>pauper</strong></span> <span class='ocrx_word' id='word_1_347' title='bbox 848 3227 994 3278; x_wconf 86' lang='lat' dir='ltr'><strong>vero,</strong></span> <span class='ocrx_word' id='word_1_348' title='bbox 1027 3218 1151 3285; x_wconf 88' lang='lat' dir='ltr'><strong>quia</strong></span> <span class='ocrx_word' id='word_1_349' title='bbox 1188 3238 1204 3270; x_wconf 82' lang='grc' dir='ltr'><strong>ι</strong></span> <span class='ocrx_word' id='word_1_350' title='bbox 1236 3219 1472 3279; x_wconf 86' lang='lat' dir='ltr'><strong>Verbum</strong></span> <span class='ocrx_word' id='word_1_351' title='bbox 1514 3241 1643 3283; x_wconf 89' lang='lat' dir='ltr'><strong>caro</strong></span> <span class='ocrx_word' id='word_1_352' title='bbox 1697 3228 1895 3286; x_wconf 82' lang='lat' dir='ltr'><strong>factum</strong></span> <span class='ocrx_word' id='word_1_353' title='bbox 1947 3243 2067 3299; x_wconf 88' lang='lat' dir='ltr'><strong>est,</strong></span> <span class='ocrx_word' id='word_1_354' title='bbox 2120 3244 2177 3290; x_wconf 91' lang='lat' dir='ltr'><strong>et</strong></span> 
     </span>
    </p>
   </div>
   <div class='ocr_carea' id='block_1_47' title="bbox 598 3300 2177 3390">
    <p class='ocr_par' dir='ltr' id='par_1_47' title="bbox 598 3300 2177 3390">
     <span class='ocr_line' id='line_1_47' title="bbox 598 3300 2177 3390; baseline 0.019 -36"><span class='ocrx_word' id='word_1_355' title='bbox 598 3300 859 3359; x_wconf 87' lang='lat' dir='ltr'><strong>habitavit</strong></span> <span class='ocrx_word' id='word_1_356' title='bbox 908 3308 961 3362; x_wconf 88' lang='lat' dir='ltr'><strong>in</strong></span> <span class='ocrx_word' id='word_1_357' title='bbox 999 3312 1154 3366; x_wconf 87' lang='lat' dir='ltr'><strong>nobis</strong></span> <span class='ocrx_word' id='word_1_358' title='bbox 1183 3314 1362 3383; x_wconf 84' lang='lat' dir='ltr'><strong>(Joan.</strong></span> <span class='ocrx_word' id='word_1_359' title='bbox 1414 3319 1598 3390; x_wconf 70' lang='lat'><strong>1,14).</strong></span> <span class='ocrx_word' id='word_1_360' title='bbox 1636 3342 1655 3375; x_wconf 75' lang='grc' dir='ltr'><strong>ι</strong></span> <span class='ocrx_word' id='word_1_361' title='bbox 1682 3323 1812 3390; x_wconf 72' lang='lat' dir='ltr'><strong>Qua:</strong></span> <span class='ocrx_word' id='word_1_362' title='bbox 1861 3334 2040 3381; x_wconf 89' lang='lat' dir='ltr'><strong>autem</strong></span> <span class='ocrx_word' id='word_1_363' title='bbox 2092 3336 2177 3384; x_wconf 92' lang='lat' dir='ltr'><strong>est</strong></span> 
     </span>
    </p>
   </div>
   <div class='ocr_carea' id='block_1_48' title="bbox 596 3388 2177 3497">
    <p class='ocr_par' dir='ltr' id='par_1_48' title="bbox 596 3388 2177 3497">
     <span class='ocr_line' id='line_1_48' title="bbox 596 3388 2177 3497; baseline 0.02 -53"><span class='ocrx_word' id='word_1_364' title='bbox 596 3388 713 3459; x_wconf 81' lang='lat' dir='ltr'><strong>ejus</strong></span> <span class='ocrx_word' id='word_1_365' title='bbox 731 3395 1045 3464; x_wconf 80' lang='lat' dir='ltr'><strong>exinanitio,</strong></span> <span class='ocrx_word' id='word_1_366' title='bbox 1076 3415 1261 3471; x_wconf 83' lang='lat' dir='ltr'><strong>quaeve</strong></span> <span class='ocrx_word' id='word_1_367' title='bbox 1285 3418 1597 3477; x_wconf 88' lang='lat' dir='ltr'><strong>paupertas,</strong></span> <span class='ocrx_word' id='word_1_368' title='bbox 1627 3414 1730 3468; x_wconf 83' lang='lat' dir='ltr'><strong>nisi</strong></span> <span class='ocrx_word' id='word_1_369' title='bbox 1755 3414 1942 3471; x_wconf 73' lang='lat' dir='ltr'><strong>formze</strong></span> <span class='ocrx_word' id='word_1_370' title='bbox 1963 3419 2177 3497; x_wconf 85' lang='lat' dir='ltr'><strong>servilis</strong></span> 
     </span>
    </p>
   </div>
   <div class='ocr_carea' id='block_1_49' title="bbox 599 3484 2172 3580">
    <p class='ocr_par' dir='ltr' id='par_1_49' title="bbox 599 3484 2172 3580">
     <span class='ocr_line' id='line_1_49' title="bbox 599 3484 2172 3580; baseline 0.021 -46"><span class='ocrx_word' id='word_1_371' title='bbox 599 3484 844 3553; x_wconf 88' lang='lat' dir='ltr'><strong>acceptio</strong></span> <span class='ocrx_word' id='word_1_372' title='bbox 868 3527 883 3550; x_wconf 88' lang='lat'><strong>,</strong></span> <span class='ocrx_word' id='word_1_373' title='bbox 912 3502 1011 3557; x_wconf 88' lang='lat' dir='ltr'><strong>per</strong></span> <span class='ocrx_word' id='word_1_374' title='bbox 1035 3506 1197 3560; x_wconf 90' lang='lat' dir='ltr'><strong>quam</strong></span> <span class='ocrx_word' id='word_1_375' title='bbox 1225 3494 1387 3552; x_wconf 88' lang='lat' dir='ltr'><strong>Verbi</strong></span> <span class='ocrx_word' id='word_1_376' title='bbox 1417 3499 1695 3569; x_wconf 87' lang='lat' dir='ltr'><strong>majestate</strong></span> <span class='ocrx_word' id='word_1_377' title='bbox 1722 3505 1923 3572; x_wconf 86' lang='lat' dir='ltr'><strong>velata,</strong></span> <span class='ocrx_word' id='word_1_378' title='bbox 1954 3490 2172 3580; x_wconf 85' lang='lat' dir='ltr'><strong>dispen-</strong></span> 
     </span>
    </p>
   </div>
   <div class='ocr_carea' id='block_1_50' title="bbox 598 3574 2173 3672">
    <p class='ocr_par' dir='ltr' id='par_1_50' title="bbox 598 3574 2173 3672">
     <span class='ocr_line' id='line_1_50' title="bbox 598 3574 2173 3672; baseline 0.022 -48"><span class='ocrx_word' id='word_1_379' title='bbox 598 3574 738 3628; x_wconf 90' lang='lat' dir='ltr'><strong>satio</strong></span> <span class='ocrx_word' id='word_1_380' title='bbox 778 3576 1027 3635; x_wconf 76' lang='lat' dir='ltr'><strong>humanze</strong></span> <span class='ocrx_word' id='word_1_381' title='bbox 1074 3582 1461 3655; x_wconf 89' lang='lat' dir='ltr'><strong>redemptionis</strong></span> <span class='ocrx_word' id='word_1_382' title='bbox 1489 3591 1708 3663; x_wconf 90' lang='lat' dir='ltr'><strong>impleta</strong></span> <span class='ocrx_word' id='word_1_383' title='bbox 1738 3605 1839 3652; x_wconf 90' lang='lat' dir='ltr'><strong>est.</strong></span> <span class='ocrx_word' id='word_1_384' title='bbox 1872 3597 2008 3672; x_wconf 84' lang='lat' dir='ltr'><strong>Nam</strong></span> <span class='ocrx_word' id='word_1_385' title='bbox 2040 3574 2173 3672; x_wconf 75' lang='lat' dir='ltr'><strong>quia</strong></span> 
     </span>
    </p>
   </div>
   <div class='ocr_carea' id='block_1_51' title="bbox 598 3664 2175 3762">
    <p class='ocr_par' dir='ltr' id='par_1_51' title="bbox 598 3664 2175 3762">
     <span class='ocr_line' id='line_1_51' title="bbox 598 3664 2175 3762; baseline 0.02 -46"><span class='ocrx_word' id='word_1_386' title='bbox 598 3664 864 3734; x_wconf 84' lang='lat' dir='ltr'><strong>captivata</strong></span> <span class='ocrx_word' id='word_1_387' title='bbox 893 3679 1091 3726; x_wconf 75' lang='lat' dir='ltr'><strong>nostra:</strong></span> <span class='ocrx_word' id='word_1_388' title='bbox 1128 3674 1321 3731; x_wconf 86' lang='lat' dir='ltr'><strong>resolvi</strong></span> <span class='ocrx_word' id='word_1_389' title='bbox 1366 3679 1647 3751; x_wconf 89' lang='lat' dir='ltr'><strong>originalia</strong></span> <span class='ocrx_word' id='word_1_390' title='bbox 1690 3686 1900 3743; x_wconf 90' lang='lat' dir='ltr'><strong>vincula</strong></span> <span class='ocrx_word' id='word_1_391' title='bbox 1920 3670 2044 3747; x_wconf 45' lang='lat' dir='ltr'><strong>.nou</strong></span> <span class='ocrx_word' id='word_1_392' title='bbox 2080 3707 2175 3762; x_wconf 90' lang='lat' dir='ltr'><strong>po-</strong></span> 
     </span>
    </p>
   </div>
   <div class='ocr_carea' id='block_1_52' title="bbox 599 3762 2176 3842">
    <p class='ocr_par' dir='ltr' id='par_1_52' title="bbox 599 3762 2176 3842">
     <span class='ocr_line' id='line_1_52' title="bbox 599 3762 2176 3842; baseline 0.02 -33"><span class='ocrx_word' id='word_1_393' title='bbox 599 3763 805 3827; x_wconf 89' lang='lat' dir='ltr'><strong>terant,</strong></span> <span class='ocrx_word' id='word_1_394' title='bbox 833 3769 886 3816; x_wconf 92' lang='lat' dir='ltr'><strong>et</strong></span> <span class='ocrx_word' id='word_1_395' title='bbox 923 3762 991 3817; x_wconf 88' lang='lat' dir='ltr'><strong>ab</strong></span> <span class='ocrx_word' id='word_1_396' title='bbox 1015 3765 1186 3823; x_wconf 86' lang='lat' dir='ltr'><strong>hostis</strong></span> <span class='ocrx_word' id='word_1_397' title='bbox 1218 3769 1443 3839; x_wconf 89' lang='lat' dir='ltr'><strong>imperio</strong></span> <span class='ocrx_word' id='word_1_398' title='bbox 1487 3775 1741 3842; x_wconf 83' lang='lat' dir='ltr'><strong>relaxari,</strong></span> <span class='ocrx_word' id='word_1_399' title='bbox 1774 3780 1878 3835; x_wconf 82' lang='lat' dir='ltr'><strong>nisi</strong></span> <span class='ocrx_word' id='word_1_400' title='bbox 1913 3783 2176 3840; x_wconf 77' lang='lat' dir='ltr'><strong>existeret</strong></span> 
     </span>
    </p>
   </div>
   <div class='ocr_carea' id='block_1_53' title="bbox 597 3846 2175 3943">
    <p class='ocr_par' dir='ltr' id='par_1_53' title="bbox 597 3846 2175 3943">
     <span class='ocr_line' id='line_1_53' title="bbox 597 3846 2175 3943; baseline 0.02 -43"><span class='ocrx_word' id='word_1_401' title='bbox 597 3846 760 3903; x_wconf 92' lang='lat' dir='ltr'><strong>homo</strong></span> <span class='ocrx_word' id='word_1_402' title='bbox 786 3852 957 3907; x_wconf 91' lang='lat' dir='ltr'><strong>nostri</strong></span> <span class='ocrx_word' id='word_1_403' title='bbox 988 3858 1202 3924; x_wconf 87' lang='lat' dir='ltr'><strong>generis</strong></span> <span class='ocrx_word' id='word_1_404' title='bbox 1224 3900 1239 3925; x_wconf 97' lang='lat'><strong>,</strong></span> <span class='ocrx_word' id='word_1_405' title='bbox 1287 3872 1593 3934; x_wconf 61' lang='lat' dir='ltr'><strong>nostraeque</strong></span> <span class='ocrx_word' id='word_1_406' title='bbox 1620 3878 1823 3923; x_wconf 86' lang='lat' dir='ltr'><strong>naturae</strong></span> <span class='ocrx_word' id='word_1_407' title='bbox 1845 3889 2001 3943; x_wconf 84' lang='lat' dir='ltr'><strong>quem</strong></span> <span class='ocrx_word' id='word_1_408' title='bbox 2032 3885 2175 3931; x_wconf 85' lang='lat' dir='ltr'><strong>vete-</strong></span> 
     </span>
    </p>
   </div>
   <div class='ocr_carea' id='block_1_54' title="bbox 597 3940 2176 4032">
    <p class='ocr_par' dir='ltr' id='par_1_54' title="bbox 597 3940 2176 4032">
     <span class='ocr_line' id='line_1_54' title="bbox 597 3940 2176 4032; baseline 0.018 -40"><span class='ocrx_word' id='word_1_409' title='bbox 597 3940 675 3994; x_wconf 85' lang='lat' dir='ltr'><strong>ris</strong></span> <span class='ocrx_word' id='word_1_410' title='bbox 724 3941 888 3997; x_wconf 90' lang='lat' dir='ltr'><strong>debiti</strong></span> <span class='ocrx_word' id='word_1_411' title='bbox 919 3946 1229 4017; x_wconf 69' lang='lat' dir='ltr'><strong>prmjudicia</strong></span> <span class='ocrx_word' id='word_1_412' title='bbox 1272 3968 1378 4007; x_wconf 91' lang='lat' dir='ltr'><strong>non</strong></span> <span class='ocrx_word' id='word_1_413' title='bbox 1413 3963 1676 4022; x_wconf 89' lang='lat' dir='ltr'><strong>tenerent,</strong></span> <span class='ocrx_word' id='word_1_414' title='bbox 1704 3969 1759 4014; x_wconf 91' lang='lat' dir='ltr'><strong>et</strong></span> <span class='ocrx_word' id='word_1_415' title='bbox 1789 3940 1879 4032; x_wconf 86' lang='lat' dir='ltr'><strong>qui</strong></span> <span class='ocrx_word' id='word_1_416' title='bbox 1913 3965 2176 4023; x_wconf 78' lang='lat' dir='ltr'><strong>immacu-</strong></span> 
     </span>
    </p>
   </div>
   <div class='ocr_carea' id='block_1_55' title="bbox 597 4032 2171 4125">
    <p class='ocr_par' dir='ltr' id='par_1_55' title="bbox 597 4032 2171 4125">
     <span class='ocr_line' id='line_1_55' title="bbox 597 4032 2171 4125; baseline 0.019 -39"><span class='ocrx_word' id='word_1_417' title='bbox 597 4032 709 4089; x_wconf 89' lang='lat' dir='ltr'><strong>lato</strong></span> <span class='ocrx_word' id='word_1_418' title='bbox 757 4038 1016 4107; x_wconf 80' lang='lat' dir='ltr'><strong>sanguine</strong></span> <span class='ocrx_word' id='word_1_419' title='bbox 1070 4055 1168 4097; x_wconf 89' lang='lat' dir='ltr'><strong>suo</strong></span> <span class='ocrx_word' id='word_1_420' title='bbox 1216 4044 1635 4119; x_wconf 78' lang='lat' dir='ltr'><strong>chirographum</strong></span> <span class='ocrx_word' id='word_1_421' title='bbox 1677 4051 1871 4111; x_wconf 87' lang='lat' dir='ltr'><strong>lethale</strong></span> <span class='ocrx_word' id='word_1_422' title='bbox 1914 4058 2171 4125; x_wconf 78' lang='lat' dir='ltr'><strong>dilueret,</strong></span> 
     </span>
    </p>
   </div>
   <div class='ocr_carea' id='block_1_56' title="bbox 597 4125 2174 4221">
    <p class='ocr_par' dir='ltr' id='par_1_56' title="bbox 597 4125 2174 4221">
     <span class='ocr_line' id='line_1_56' title="bbox 597 4125 2174 4221; baseline 0.018 -43"><span class='ocrx_word' id='word_1_423' title='bbox 597 4125 737 4180; x_wconf 88' lang='lat' dir='ltr'><strong>sicut</strong></span> <span class='ocrx_word' id='word_1_424' title='bbox 762 4128 831 4182; x_wconf 90' lang='lat' dir='ltr'><strong>ab</strong></span> <span class='ocrx_word' id='word_1_425' title='bbox 866 4128 1020 4186; x_wconf 89' lang='lat' dir='ltr'><strong>initio</strong></span> <span class='ocrx_word' id='word_1_426' title='bbox 1052 4144 1172 4189; x_wconf 87' lang='lat' dir='ltr'><strong>erat</strong></span> <span class='ocrx_word' id='word_1_427' title='bbox 1197 4135 1454 4195; x_wconf 89' lang='lat' dir='ltr'><strong>divinitus</strong></span> <span class='ocrx_word' id='word_1_428' title='bbox 1480 4144 1900 4211; x_wconf 72' lang='lat' dir='ltr'><strong>pmordinatum</strong></span> <span class='ocrx_word' id='word_1_429' title='bbox 1923 4190 1938 4215; x_wconf 93' lang='lat'><strong>,</strong></span> <span class='ocrx_word' id='word_1_430' title='bbox 1966 4159 2024 4204; x_wconf 91' lang='lat' dir='ltr'><strong>et</strong></span> <span class='ocrx_word' id='word_1_431' title='bbox 2050 4167 2174 4221; x_wconf 90' lang='lat' dir='ltr'><strong>pro-</strong></span> 
     </span>
    </p>
   </div>
   <div class='ocr_carea' id='block_1_57' title="bbox 594 4219 2171 4313">
    <p class='ocr_par' dir='ltr' id='par_1_57' title="bbox 594 4219 2171 4313">
     <span class='ocr_line' id='line_1_57' title="bbox 594 4219 2171 4313; baseline 0.018 -42"><span class='ocrx_word' id='word_1_432' title='bbox 594 4219 882 4288; x_wconf 89' lang='lat' dir='ltr'><strong>phetarum</strong></span> <span class='ocrx_word' id='word_1_433' title='bbox 908 4226 1141 4281; x_wconf 89' lang='lat' dir='ltr'><strong>oraculis</strong></span> <span class='ocrx_word' id='word_1_434' title='bbox 1162 4232 1601 4302; x_wconf 65' lang='lat' dir='ltr'><strong>praenuntiatum,</strong></span> <span class='ocrx_word' id='word_1_435' title='bbox 1640 4236 1713 4292; x_wconf 91' lang='lat' dir='ltr'><strong>ita</strong></span> <span class='ocrx_word' id='word_1_436' title='bbox 1750 4249 1833 4295; x_wconf 90' lang='lat' dir='ltr'><strong>est</strong></span> <span class='ocrx_word' id='word_1_437' title='bbox 1862 4239 1916 4295; x_wconf 90' lang='lat' dir='ltr'><strong>in</strong></span> <span class='ocrx_word' id='word_1_438' title='bbox 1939 4219 2171 4313; x_wconf 35' lang='lat' dir='ltr'><strong>plen—itu-</strong></span> 
     </span>
    </p>
   </div>
   <div class='ocr_carea' id='block_1_58' title="bbox 595 4310 2170 4402">
    <p class='ocr_par' dir='ltr' id='par_1_58' title="bbox 595 4310 2170 4402">
     <span class='ocr_line' id='line_1_58' title="bbox 595 4310 2170 4402; baseline 0.018 -38"><span class='ocrx_word' id='word_1_439' title='bbox 595 4310 722 4367; x_wconf 90' lang='lat' dir='ltr'><strong>dine</strong></span> <span class='ocrx_word' id='word_1_440' title='bbox 769 4314 1018 4383; x_wconf 73' lang='lat' dir='ltr'><strong>praeﬁniti</strong></span> <span class='ocrx_word' id='word_1_441' title='bbox 1069 4322 1323 4391; x_wconf 86' lang='lat' dir='ltr'><strong>temporis</strong></span> <span class='ocrx_word' id='word_1_442' title='bbox 1374 4324 1610 4395; x_wconf 85' lang='lat' dir='ltr'><strong>factum,</strong></span> <span class='ocrx_word' id='word_1_443' title='bbox 1654 4340 1715 4385; x_wconf 93' lang='lat' dir='ltr'><strong>ut</strong></span> <span class='ocrx_word' id='word_1_444' title='bbox 1753 4310 2170 4402; x_wconf 30' lang='lat' dir='ltr'><strong>mtiltis&#39;modis,</strong></span> 
     </span>
    </p>
   </div>
   <div class='ocr_carea' id='block_1_59' title="bbox 595 4402 2171 4489">
    <p class='ocr_par' dir='ltr' id='par_1_59' title="bbox 595 4402 2171 4489">
     <span class='ocr_line' id='line_1_59' title="bbox 595 4402 2171 4489; baseline 0.016 -33"><span class='ocrx_word' id='word_1_445' title='bbox 595 4402 894 4473; x_wconf 85' lang='lat' dir='ltr'><strong>signiﬁcata</strong></span> <span class='ocrx_word' id='word_1_446' title='bbox 943 4411 1230 4478; x_wconf 90' lang='lat' dir='ltr'><strong>promissio</strong></span> <span class='ocrx_word' id='word_1_447' title='bbox 1276 4413 1331 4469; x_wconf 90' lang='lat' dir='ltr'><strong>in</strong></span> <span class='ocrx_word' id='word_1_448' title='bbox 1387 4417 1477 4471; x_wconf 89' lang='lat' dir='ltr'><strong>diu</strong></span> <span class='ocrx_word' id='word_1_449' title='bbox 1540 4429 1913 4489; x_wconf 84' lang='lat' dir='ltr'><strong>exspectatum</strong></span> <span class='ocrx_word' id='word_1_450' title='bbox 1962 4426 2171 4481; x_wconf 79' lang='lat' dir='ltr'><strong>veniret</strong></span> 
     </span>
    </p>
   </div>
   <div class='ocr_carea' id='block_1_60' title="bbox 596 4495 2172 4583">
    <p class='ocr_par' dir='ltr' id='par_1_60' title="bbox 596 4495 2172 4583">
     <span class='ocr_line' id='line_1_60' title="bbox 596 4495 2172 4583; baseline 0.015 -34"><span class='ocrx_word' id='word_1_451' title='bbox 596 4495 868 4564; x_wconf 76' lang='lat' dir='ltr'><strong>effectura,</strong></span> <span class='ocrx_word' id='word_1_452' title='bbox 893 4515 994 4556; x_wconf 89' lang='lat' dir='ltr'><strong>nec</strong></span> <span class='ocrx_word' id='word_1_453' title='bbox 1023 4512 1203 4572; x_wconf 86' lang='lat' dir='ltr'><strong>posset</strong></span> <span class='ocrx_word' id='word_1_454' title='bbox 1224 4509 1676 4578; x_wconf 35' lang='lat' dir='ltr'><strong>esse&#39;ambiguum</strong></span> <span class='ocrx_word' id='word_1_455' title='bbox 1694 4515 1875 4583; x_wconf 66' lang='lat' dir='ltr'><strong>,‘qnod</strong></span> <span class='ocrx_word' id='word_1_456' title='bbox 1901 4517 2172 4575; x_wconf 85' lang='lat' dir='ltr'><strong>continuis</strong></span> 
     </span>
    </p>
   </div>
   <div class='ocr_carea' id='block_1_61' title="bbox 594 4588 2169 4667">
    <p class='ocr_par' dir='ltr' id='par_1_61' title="bbox 594 4588 2169 4667">
     <span class='ocr_line' id='line_1_61' title="bbox 594 4588 2169 4667; baseline 0.015 -26"><span class='ocrx_word' id='word_1_457' title='bbox 594 4588 1081 4661; x_wconf 87' lang='lat' dir='ltr'><strong>signiﬁcationibus</strong></span> <span class='ocrx_word' id='word_1_458' title='bbox 1128 4612 1341 4667; x_wconf 81' lang='lat' dir='ltr'><strong>semper</strong></span> <span class='ocrx_word' id='word_1_459' title='bbox 1383 4599 1558 4656; x_wconf 80' lang='lat' dir='ltr'><strong>fuerat</strong></span> <span class='ocrx_word' id='word_1_460' title='bbox 1589 4605 1914 4661; x_wconf 88' lang='lat' dir='ltr'><strong>nuntiatum.</strong></span> <span class='ocrx_word' id='word_1_461' title='bbox 1948 4608 2169 4664; x_wconf 83' lang='lat' dir='ltr'><strong>Destru-</strong></span> 
     </span>
    </p>
   </div>
   <div class='ocr_carea' id='block_1_62' title="bbox 596 4680 2172 4764">
    <p class='ocr_par' dir='ltr' id='par_1_62' title="bbox 596 4680 2172 4764">
     <span class='ocr_line' id='line_1_62' title="bbox 596 4680 2172 4764; baseline 0.016 -30"><span class='ocrx_word' id='word_1_462' title='bbox 596 4680 699 4736; x_wconf 81' lang='lat' dir='ltr'><strong>ctis</strong></span> <span class='ocrx_word' id='word_1_463' title='bbox 750 4683 932 4754; x_wconf 87' lang='lat' dir='ltr'><strong>itaque</strong></span> <span class='ocrx_word' id='word_1_464' title='bbox 973 4693 1050 4740; x_wconf 90' lang='lat' dir='ltr'><strong>tot</strong></span> <span class='ocrx_word' id='word_1_465' title='bbox 1080 4686 1394 4756; x_wconf 75' lang='lat' dir='ltr'><strong>hmresibus,</strong></span> <span class='ocrx_word' id='word_1_466' title='bbox 1426 4709 1546 4763; x_wconf 85' lang='lat' dir='ltr'><strong>quae</strong></span> <span class='ocrx_word' id='word_1_467' title='bbox 1593 4709 1690 4764; x_wconf 88' lang='lat' dir='ltr'><strong>per</strong></span> <span class='ocrx_word' id='word_1_468' title='bbox 1729 4708 1976 4754; x_wconf 90' lang='lat' dir='ltr'><strong>sanctam</strong></span> <span class='ocrx_word' id='word_1_469' title='bbox 2014 4701 2172 4758; x_wconf 88' lang='lat' dir='ltr'><strong>devo-</strong></span> 
     </span>
    </p>
   </div>
   <div class='ocr_carea' id='block_1_63' title="bbox 597 4771 2173 4857">
    <p class='ocr_par' dir='ltr' id='par_1_63' title="bbox 597 4771 2173 4857">
     <span class='ocr_line' id='line_1_63' title="bbox 597 4771 2173 4857; baseline 0.014 -33"><span class='ocrx_word' id='word_1_470' title='bbox 597 4771 799 4826; x_wconf 89' lang='lat' dir='ltr'><strong>tionem</strong></span> <span class='ocrx_word' id='word_1_471' title='bbox 829 4776 1231 4843; x_wconf 69' lang='lat' dir='ltr'><strong>prmsidentium</strong></span> <span class='ocrx_word' id='word_1_472' title='bbox 1264 4779 1483 4836; x_wconf 87' lang='lat' dir='ltr'><strong>Patrum</strong></span> <span class='ocrx_word' id='word_1_473' title='bbox 1514 4798 1543 4837; x_wconf 89' lang='lat' dir='ltr'><strong>a</strong></span> <span class='ocrx_word' id='word_1_474' title='bbox 1573 4801 1800 4857; x_wconf 89' lang='lat' dir='ltr'><strong>corpore</strong></span> <span class='ocrx_word' id='word_1_475' title='bbox 1827 4798 1953 4844; x_wconf 91' lang='lat' dir='ltr'><strong>sunt</strong></span> <span class='ocrx_word' id='word_1_476' title='bbox 1983 4791 2173 4845; x_wconf 88' lang='lat' dir='ltr'><strong>catho-</strong></span> 
     </span>
    </p>
   </div>
   <div class='ocr_carea' id='block_1_64' title="bbox 594 4862 2171 4944">
    <p class='ocr_par' dir='ltr' id='par_1_64' title="bbox 594 4862 2171 4944">
     <span class='ocr_line' id='line_1_64' title="bbox 594 4862 2171 4944; baseline 0.016 -30"><span class='ocrx_word' id='word_1_477' title='bbox 594 4862 712 4916; x_wconf 69' lang='lat' dir='ltr'><strong>licae</strong></span> <span class='ocrx_word' id='word_1_478' title='bbox 762 4864 985 4920; x_wconf 89' lang='lat' dir='ltr'><strong>unitatis</strong></span> <span class='ocrx_word' id='word_1_479' title='bbox 1049 4868 1303 4926; x_wconf 61' lang='lat' dir='ltr'><strong>abscissa}</strong></span> <span class='ocrx_word' id='word_1_480' title='bbox 1357 4888 1586 4944; x_wconf 87' lang='lat' dir='ltr'><strong>quaeque</strong></span> <span class='ocrx_word' id='word_1_481' title='bbox 1651 4878 1774 4934; x_wconf 89' lang='lat' dir='ltr'><strong>ideo</strong></span> <span class='ocrx_word' id='word_1_482' title='bbox 1825 4890 2075 4938; x_wconf 75' lang='lat' dir='ltr'><strong>extorres</strong></span> <span class='ocrx_word' id='word_1_483' title='bbox 2142 4899 2171 4937; x_wconf 86' lang='lat' dir='ltr'><strong>a</strong></span> 
     </span>
    </p>
   </div>
   <div class='ocr_carea' id='block_1_65' title="bbox 594 4951 2169 5039">
    <p class='ocr_par' dir='ltr' id='par_1_65' title="bbox 594 4951 2169 5039">
     <span class='ocr_line' id='line_1_65' title="bbox 594 4951 2169 5039; baseline 0.017 -34"><span class='ocrx_word' id='word_1_484' title='bbox 594 4951 812 5007; x_wconf 85' lang='lat' dir='ltr'><strong>Christo</strong></span> <span class='ocrx_word' id='word_1_485' title='bbox 840 4968 961 5010; x_wconf 88' lang='lat' dir='ltr'><strong>esse</strong></span> <span class='ocrx_word' id='word_1_486' title='bbox 1011 4975 1257 5018; x_wconf 88' lang='lat' dir='ltr'><strong>meruere</strong></span> <span class='ocrx_word' id='word_1_487' title='bbox 1283 5004 1297 5027; x_wconf 93' lang='lat'><strong>,</strong></span> <span class='ocrx_word' id='word_1_488' title='bbox 1341 4966 1466 5034; x_wconf 88' lang='lat' dir='ltr'><strong>quia</strong></span> <span class='ocrx_word' id='word_1_489' title='bbox 1494 4968 1655 5024; x_wconf 85' lang='lat' dir='ltr'><strong>Verbi</strong></span> <span class='ocrx_word' id='word_1_490' title='bbox 1706 4972 2134 5030; x_wconf 89' lang='lat' dir='ltr'><strong>incarnationem</strong></span> <span class='ocrx_word' id='word_1_491' title='bbox 2156 5016 2169 5039; x_wconf 92' lang='lat'><strong>,</strong></span> 
     </span>
    </p>
   </div>
   <div class='ocr_carea' id='block_1_66' title="bbox 594 5044 2173 5112">
    <p class='ocr_par' dir='ltr' id='par_1_66' title="bbox 594 5044 2173 5112">
     <span class='ocr_line' id='line_1_66' title="bbox 594 5044 2173 5112; baseline 0.014 -21"><span class='ocrx_word' id='word_1_492' title='bbox 594 5054 716 5111; x_wconf 59' lang='lat' dir='ltr'><strong>quae</strong></span> <span class='ocrx_word' id='word_1_493' title='bbox 746 5044 1034 5112; x_wconf 85' lang='lat' dir='ltr'><strong>singularis</strong></span> <span class='ocrx_word' id='word_1_494' title='bbox 1061 5059 1144 5104; x_wconf 90' lang='lat' dir='ltr'><strong>est</strong></span> <span class='ocrx_word' id='word_1_495' title='bbox 1184 5060 1329 5107; x_wconf 89' lang='lat' dir='ltr'><strong>recte</strong></span> <span class='ocrx_word' id='word_1_496' title='bbox 1358 5055 1699 5112; x_wconf 80' lang='lat' dir='ltr'><strong>credentium</strong></span> <span class='ocrx_word' id='word_1_497' title='bbox 1729 5060 1896 5112; x_wconf 86' lang='lat' dir='ltr'><strong>salus.</strong></span> <span class='ocrx_word' id='word_1_498' title='bbox 1929 5062 2173 5112; x_wconf 75' lang='lat' dir='ltr'><strong>fecerunt</strong></span> 
     </span>
    </p>
   </div>
   <div class='ocr_carea' id='block_1_67' title="bbox 2284 1854 3715 1939">
    <p class='ocr_par' dir='ltr' id='par_1_67' title="bbox 2284 1854 3715 1939">
     <span class='ocr_line' id='line_1_67' title="bbox 2284 1854 3715 1939; baseline 0.01 -31"><span class='ocrx_word' id='word_1_499' title='bbox 2284 1868 2422 1908; x_wconf 85' lang='lat' dir='ltr'><strong>vana</strong></span> <span class='ocrx_word' id='word_1_500' title='bbox 2458 1854 2835 1913; x_wconf 64' lang='lat' dir='ltr'><strong>haereticorum</strong></span> <span class='ocrx_word' id='word_1_501' title='bbox 2878 1871 3183 1918; x_wconf 89' lang='lat' dir='ltr'><strong>commenta</strong></span> <span class='ocrx_word' id='word_1_502' title='bbox 3219 1863 3578 1939; x_wconf 67' lang='lat' dir='ltr'><strong>valuere‘il’ro</strong></span> <span class='ocrx_word' id='word_1_503' title='bbox 3600 1868 3715 1923; x_wconf 60' lang='lat' dir='ltr'><strong>ﬁdem</strong></span> 
     </span>
    </p>
   </div>
   <div class='ocr_carea' id='block_1_68' title="bbox 2284 1946 3713 2019">
    <p class='ocr_par' dir='ltr' id='par_1_68' title="bbox 2284 1946 3713 2019">
     <span class='ocr_line' id='line_1_68' title="bbox 2284 1946 3713 2019; baseline 0.01 -21"><span class='ocrx_word' id='word_1_504' title='bbox 2284 1958 2447 2014; x_wconf 89' lang='lat' dir='ltr'><strong>agere</strong></span> <span class='ocrx_word' id='word_1_505' title='bbox 2480 1946 2723 2013; x_wconf 90' lang='lat' dir='ltr'><strong>creditis,</strong></span> <span class='ocrx_word' id='word_1_506' title='bbox 2766 1957 2821 2004; x_wconf 89' lang='lat' dir='ltr'><strong>et</strong></span> <span class='ocrx_word' id='word_1_507' title='bbox 2876 1947 2999 2005; x_wconf 90' lang='lat' dir='ltr'><strong>ﬁdei</strong></span> <span class='ocrx_word' id='word_1_508' title='bbox 3029 1953 3347 2019; x_wconf 87' lang='lat' dir='ltr'><strong>contraitis;</strong></span> <span class='ocrx_word' id='word_1_509' title='bbox 3373 1954 3591 2010; x_wconf 74' lang='lat' dir='ltr'><strong>Ecclesia:</strong></span> <span class='ocrx_word' id='word_1_510' title='bbox 3609 1958 3713 2013; x_wconf 60' lang='lat' dir='ltr'><strong>iam</strong></span> 
     </span>
    </p>
   </div>
   <div class='ocr_carea' id='block_1_69' title="bbox 2284 2038 3715 2107">
    <p class='ocr_par' dir='ltr' id='par_1_69' title="bbox 2284 2038 3715 2107">
     <span class='ocr_line' id='line_1_69' title="bbox 2284 2038 3715 2107; baseline 0.008 -16"><span class='ocrx_word' id='word_1_511' title='bbox 2284 2038 2611 2107; x_wconf 90' lang='lat' dir='ltr'><strong>armamini,</strong></span> <span class='ocrx_word' id='word_1_512' title='bbox 2656 2048 2711 2096; x_wconf 89' lang='lat' dir='ltr'><strong>et</strong></span> <span class='ocrx_word' id='word_1_513' title='bbox 2764 2048 2955 2096; x_wconf 86' lang='lat' dir='ltr'><strong>contra</strong></span> <span class='ocrx_word' id='word_1_514' title='bbox 3006 2042 3307 2100; x_wconf 80' lang='lat' dir='ltr'><strong>Ecclesiam</strong></span> <span class='ocrx_word' id='word_1_515' title='bbox 3361 2046 3715 2103; x_wconf 66' lang='lat' dir='ltr'><strong>dimicatileoii</strong></span> 
     </span>
    </p>
   </div>
   <div class='ocr_carea' id='block_1_70' title="bbox 2282 2131 3709 2209">
    <p class='ocr_par' dir='ltr' id='par_1_70' title="bbox 2282 2131 3709 2209">
     <span class='ocr_line' id='line_1_70' title="bbox 2282 2131 3709 2209; baseline 0.005 -24"><span class='ocrx_word' id='word_1_516' title='bbox 2282 2131 2577 2202; x_wconf 89' lang='lat' dir='ltr'><strong>prophetis,</strong></span> <span class='ocrx_word' id='word_1_517' title='bbox 2616 2133 2720 2191; x_wconf 89' lang='lat' dir='ltr'><strong>hoc</strong></span> <span class='ocrx_word' id='word_1_518' title='bbox 2762 2135 2831 2190; x_wconf 88' lang='lat' dir='ltr'><strong>ab</strong></span> <span class='ocrx_word' id='word_1_519' title='bbox 2868 2136 3234 2208; x_wconf 88' lang='lat' dir='ltr'><strong>evangelistis,</strong></span> <span class='ocrx_word' id='word_1_520' title='bbox 3281 2139 3383 2194; x_wconf 89' lang='lat' dir='ltr'><strong>hoc</strong></span> <span class='ocrx_word' id='word_1_521' title='bbox 3406 2140 3469 2194; x_wconf 90' lang='lat' dir='ltr'><strong>ab</strong></span> <span class='ocrx_word' id='word_1_522' title='bbox 3492 2140 3709 2209; x_wconf 59' lang='lat' dir='ltr'><strong>apostolat-</strong></span> 
     </span>
    </p>
   </div>
   <div class='ocr_carea' id='block_1_71' title="bbox 2282 2212 3713 2301">
    <p class='ocr_par' dir='ltr' id='par_1_71' title="bbox 2282 2212 3713 2301">
     <span class='ocr_line' id='line_1_71' title="bbox 2282 2212 3713 2301; baseline 0.004 -22"><span class='ocrx_word' id='word_1_523' title='bbox 2282 2224 2510 2290; x_wconf 88' lang='lat' dir='ltr'><strong>dicistis,</strong></span> <span class='ocrx_word' id='word_1_524' title='bbox 2542 2236 2602 2280; x_wconf 90' lang='lat' dir='ltr'><strong>ut</strong></span> <span class='ocrx_word' id='word_1_525' title='bbox 2646 2212 2907 2299; x_wconf 84' lang='lat' dir='ltr'><strong>negantes</strong></span> <span class='ocrx_word' id='word_1_526' title='bbox 2927 2228 3127 2285; x_wconf 88' lang='lat' dir='ltr'><strong>Christi</strong></span> <span class='ocrx_word' id='word_1_527' title='bbox 3157 2245 3405 2295; x_wconf 76' lang='lat' dir='ltr'><strong>carnem,</strong></span> <span class='ocrx_word' id='word_1_528' title='bbox 3431 2238 3481 2286; x_wconf 88' lang='lat' dir='ltr'><strong>et</strong></span> <span class='ocrx_word' id='word_1_529' title='bbox 3504 2233 3629 2301; x_wconf 81' lang='lat' dir='ltr'><strong>ipsam</strong></span> <span class='ocrx_word' id='word_1_530' title='bbox 3643 2232 3713 2285; x_wconf 60' lang='lat' dir='ltr'><strong>ius</strong></span> 
     </span>
    </p>
   </div>
   <div class='ocr_carea' id='block_1_72' title="bbox 2281 2316 3721 2390">
    <p class='ocr_par' dir='ltr' id='par_1_72' title="bbox 2281 2316 3721 2390">
     <span class='ocr_line' id='line_1_72' title="bbox 2281 2316 3721 2390; baseline 0.003 -19"><span class='ocrx_word' id='word_1_531' title='bbox 2281 2316 2570 2371; x_wconf 87' lang='lat' dir='ltr'><strong>essentiam</strong></span> <span class='ocrx_word' id='word_1_532' title='bbox 2624 2317 2862 2387; x_wconf 90' lang='lat' dir='ltr'><strong>passioni</strong></span> <span class='ocrx_word' id='word_1_533' title='bbox 2919 2320 3190 2390; x_wconf 87' lang='lat' dir='ltr'><strong>mortique</strong></span> <span class='ocrx_word' id='word_1_534' title='bbox 3245 2322 3559 2387; x_wconf 85' lang='lat' dir='ltr'><strong>subdentes,</strong></span> <span class='ocrx_word' id='word_1_535' title='bbox 3595 2322 3721 2375; x_wconf 68' lang='lat' dir='ltr'><strong>aliena</strong></span> 
     </span>
    </p>
   </div>
   <div class='ocr_carea' id='block_1_73' title="bbox 2281 2406 3720 2482">
    <p class='ocr_par' dir='ltr' id='par_1_73' title="bbox 2281 2406 3720 2482">
     <span class='ocr_line' id='line_1_73' title="bbox 2281 2406 3720 2482; baseline 0.003 -20"><span class='ocrx_word' id='word_1_536' title='bbox 2281 2406 2495 2464; x_wconf 76' lang='lat' dir='ltr'><strong>faciatis</strong></span> <span class='ocrx_word' id='word_1_537' title='bbox 2526 2417 2763 2464; x_wconf 91' lang='lat' dir='ltr'><strong>nostram</strong></span> <span class='ocrx_word' id='word_1_538' title='bbox 2787 2425 2816 2463; x_wconf 92' lang='lat' dir='ltr'><strong>a</strong></span> <span class='ocrx_word' id='word_1_539' title='bbox 2849 2425 2947 2466; x_wconf 90' lang='lat' dir='ltr'><strong>suo</strong></span> <span class='ocrx_word' id='word_1_540' title='bbox 2968 2421 3289 2481; x_wconf 88' lang='lat' dir='ltr'><strong>reparatore</strong></span> <span class='ocrx_word' id='word_1_541' title='bbox 3303 2422 3720 2482; x_wconf 45' lang='lat' dir='ltr'><strong>natumnatum”</strong></span> 
     </span>
    </p>
   </div>
   <div class='ocr_carea' id='block_1_74' title="bbox 2281 2497 3721 2572">
    <p class='ocr_par' dir='ltr' id='par_1_74' title="bbox 2281 2497 3721 2572">
     <span class='ocr_line' id='line_1_74' title="bbox 2281 2497 3721 2572; baseline 0.003 -22"><span class='ocrx_word' id='word_1_542' title='bbox 2281 2498 2423 2566; x_wconf 91' lang='lat' dir='ltr'><strong>quod</strong></span> <span class='ocrx_word' id='word_1_543' title='bbox 2449 2512 2584 2553; x_wconf 82' lang='lat' dir='ltr'><strong>crux</strong></span> <span class='ocrx_word' id='word_1_544' title='bbox 2623 2497 2833 2562; x_wconf 89' lang='lat' dir='ltr'><strong>intulit,</strong></span> <span class='ocrx_word' id='word_1_545' title='bbox 2862 2501 3005 2569; x_wconf 89' lang='lat' dir='ltr'><strong>quod</strong></span> <span class='ocrx_word' id='word_1_546' title='bbox 3029 2500 3213 2557; x_wconf 83' lang='lat' dir='ltr'><strong>lancea</strong></span> <span class='ocrx_word' id='word_1_547' title='bbox 3256 2502 3556 2565; x_wconf 79' lang='lat' dir='ltr'><strong>vulneravit,</strong></span> <span class='ocrx_word' id='word_1_548' title='bbox 3579 2505 3721 2572; x_wconf 67' lang='lat' dir='ltr'><strong>quodie</strong></span> 
     </span>
    </p>
   </div>
   <div class='ocr_carea' id='block_1_75' title="bbox 2278 2588 3721 2662">
    <p class='ocr_par' dir='ltr' id='par_1_75' title="bbox 2278 2588 3721 2662">
     <span class='ocr_line' id='line_1_75' title="bbox 2278 2588 3721 2662; baseline 0.004 -20"><span class='ocrx_word' id='word_1_549' title='bbox 2278 2588 2450 2659; x_wconf 90' lang='lat' dir='ltr'><strong>pulcri</strong></span> <span class='ocrx_word' id='word_1_550' title='bbox 2492 2588 2629 2659; x_wconf 83' lang='lat' dir='ltr'><strong>lapis</strong></span> <span class='ocrx_word' id='word_1_551' title='bbox 2674 2590 2911 2662; x_wconf 86' lang='lat' dir='ltr'><strong>suscepit</strong></span> <span class='ocrx_word' id='word_1_552' title='bbox 2937 2600 2992 2647; x_wconf 89' lang='lat' dir='ltr'><strong>et</strong></span> <span class='ocrx_word' id='word_1_553' title='bbox 3032 2592 3271 2648; x_wconf 89' lang='lat' dir='ltr'><strong>reddidit</strong></span> <span class='ocrx_word' id='word_1_554' title='bbox 3319 2593 3481 2650; x_wconf 88' lang='lat' dir='ltr'><strong>solum</strong></span> <span class='ocrx_word' id='word_1_555' title='bbox 3518 2592 3721 2661; x_wconf 64' lang='lat' dir='ltr'><strong>fuissentsi</strong></span> 
     </span>
    </p>
   </div>
   <div class='ocr_carea' id='block_1_76' title="bbox 2279 2678 3722 2749">
    <p class='ocr_par' dir='ltr' id='par_1_76' title="bbox 2279 2678 3722 2749">
     <span class='ocr_line' id='line_1_76' title="bbox 2279 2678 3722 2749; baseline 0 -16"><span class='ocrx_word' id='word_1_556' title='bbox 2279 2678 2474 2734; x_wconf 79' lang='lat' dir='ltr'><strong>divina:</strong></span> <span class='ocrx_word' id='word_1_557' title='bbox 2519 2680 2810 2749; x_wconf 65' lang='lat' dir='ltr'><strong>potentiae,</strong></span> <span class='ocrx_word' id='word_1_558' title='bbox 2858 2696 2965 2736; x_wconf 92' lang='lat' dir='ltr'><strong>non</strong></span> <span class='ocrx_word' id='word_1_559' title='bbox 3013 2682 3177 2741; x_wconf 85' lang='lat' dir='ltr'><strong>etiam</strong></span> <span class='ocrx_word' id='word_1_560' title='bbox 3201 2683 3512 2743; x_wconf 86' lang='lat' dir='ltr'><strong>humilitatis</strong></span> <span class='ocrx_word' id='word_1_561' title='bbox 3545 2678 3722 2736; x_wconf 70' lang='lat' dir='ltr'><strong>humana?</strong></span> 
     </span>
    </p>
   </div>
   <div class='ocr_carea' id='block_1_77' title="bbox 2279 2767 3722 2840">
    <p class='ocr_par' dir='ltr' id='par_1_77' title="bbox 2279 2767 3722 2840">
     <span class='ocr_line' id='line_1_77' title="bbox 2279 2767 3722 2840; baseline 0.003 -19"><span class='ocrx_word' id='word_1_562' title='bbox 2279 2767 2507 2838; x_wconf 88' lang='lat' dir='ltr'><strong>Propter</strong></span> <span class='ocrx_word' id='word_1_563' title='bbox 2534 2784 2693 2840; x_wconf 90' lang='lat' dir='ltr'><strong>quam</strong></span> <span class='ocrx_word' id='word_1_564' title='bbox 2724 2771 3015 2840; x_wconf 84' lang='lat' dir='ltr'><strong>Apostolus</strong></span> <span class='ocrx_word' id='word_1_565' title='bbox 3039 2773 3205 2828; x_wconf 85' lang='lat' dir='ltr'><strong>dicit:</strong></span> <span class='ocrx_word' id='word_1_566' title='bbox 3243 2791 3267 2824; x_wconf 74' lang='grc' dir='ltr'><strong>ι</strong></span> <span class='ocrx_word' id='word_1_567' title='bbox 3299 2773 3413 2830; x_wconf 84' lang='lat' dir='ltr'><strong>Non</strong></span> <span class='ocrx_word' id='word_1_568' title='bbox 3439 2774 3558 2828; x_wconf 87' lang='lat' dir='ltr'><strong>enim</strong></span> <span class='ocrx_word' id='word_1_569' title='bbox 3574 2773 3722 2826; x_wconf 59' lang='lat' dir='ltr'><strong>eruisse</strong></span> 
     </span>
    </p>
   </div>
   <div class='ocr_carea' id='block_1_78' title="bbox 2279 2856 3722 2932">
    <p class='ocr_par' dir='ltr' id='par_1_78' title="bbox 2279 2856 3722 2932">
     <span class='ocr_line' id='line_1_78' title="bbox 2279 2856 3722 2932; baseline 0.001 -21"><span class='ocrx_word' id='word_1_570' title='bbox 2279 2856 2625 2928; x_wconf 88' lang='lat' dir='ltr'><strong>Evangelium</strong></span> <span class='ocrx_word' id='word_1_571' title='bbox 2652 2858 2829 2931; x_wconf 84' lang='lat' dir='ltr'><strong>(Rom.</strong></span> <span class='ocrx_word' id='word_1_572' title='bbox 2866 2877 2905 2925; x_wconf 82' lang='grc' dir='ltr'><strong>ι,</strong></span> <span class='ocrx_word' id='word_1_573' title='bbox 2938 2861 3051 2931; x_wconf 77' lang='grc'><strong>16),</strong></span> <span class='ocrx_word' id='word_1_574' title='bbox 3085 2881 3103 2915; x_wconf 74' lang='grc' dir='ltr'><strong>ι</strong></span> <span class='ocrx_word' id='word_1_575' title='bbox 3137 2863 3402 2932; x_wconf 86' lang='lat' dir='ltr'><strong>quoniam</strong></span> <span class='ocrx_word' id='word_1_576' title='bbox 3443 2873 3618 2918; x_wconf 69' lang='lat' dir='ltr'><strong>noverat</strong></span> <span class='ocrx_word' id='word_1_577' title='bbox 3642 2860 3722 2931; x_wconf 64' lang='lat' dir='ltr'><strong>qui:</strong></span> 
     </span>
    </p>
   </div>
   <div class='ocr_carea' id='block_1_79' title="bbox 2279 2940 3721 3024">
    <p class='ocr_par' dir='ltr' id='par_1_79' title="bbox 2279 2940 3721 3024">
     <span class='ocr_line' id='line_1_79' title="bbox 2279 2940 3721 3024; baseline 0.001 -22"><span class='ocrx_word' id='word_1_578' title='bbox 2279 2945 2602 3004; x_wconf 88' lang='lat' dir='ltr'><strong>Christianis</strong></span> <span class='ocrx_word' id='word_1_579' title='bbox 2643 2948 2971 3019; x_wconf 90' lang='lat' dir='ltr'><strong>objicerctur</strong></span> <span class='ocrx_word' id='word_1_580' title='bbox 3001 2940 3359 3024; x_wconf 84' lang='lat' dir='ltr'><strong>cpprobrium</strong></span> <span class='ocrx_word' id='word_1_581' title='bbox 3396 2955 3459 3009; x_wconf 86' lang='lat' dir='ltr'><strong>ab</strong></span> <span class='ocrx_word' id='word_1_582' title='bbox 3491 2954 3670 3008; x_wconf 79' lang='lat' dir='ltr'><strong>inimicis.</strong></span> <span class='ocrx_word' id='word_1_583' title='bbox 3693 2951 3721 3004; x_wconf 75' lang='lat' dir='ltr'><strong>Et</strong></span> 
     </span>
    </p>
   </div>
   <div class='ocr_carea' id='block_1_80' title="bbox 2280 3036 3724 3111">
    <p class='ocr_par' dir='ltr' id='par_1_80' title="bbox 2280 3036 3724 3111">
     <span class='ocr_line' id='line_1_80' title="bbox 2280 3036 3724 3111; baseline 0.001 -21"><span class='ocrx_word' id='word_1_584' title='bbox 2280 3036 2402 3092; x_wconf 87' lang='lat' dir='ltr'><strong>ideo</strong></span> <span class='ocrx_word' id='word_1_585' title='bbox 2431 3038 2689 3094; x_wconf 90' lang='lat' dir='ltr'><strong>Dominus</strong></span> <span class='ocrx_word' id='word_1_586' title='bbox 2710 3041 3131 3111; x_wconf 87' lang='lat' dir='ltr'><strong>protestahatur,</strong></span> <span class='ocrx_word' id='word_1_587' title='bbox 3156 3043 3350 3099; x_wconf 87' lang='lat' dir='ltr'><strong>dicens</strong></span> <span class='ocrx_word' id='word_1_588' title='bbox 3378 3062 3394 3098; x_wconf 89' lang='lat'><strong>:</strong></span> <span class='ocrx_word' id='word_1_589' title='bbox 3435 3064 3453 3096; x_wconf 71' lang='grc' dir='ltr'><strong>ι</strong></span> <span class='ocrx_word' id='word_1_590' title='bbox 3484 3043 3566 3111; x_wconf 82' lang='lat' dir='ltr'><strong>Qui</strong></span> <span class='ocrx_word' id='word_1_591' title='bbox 3587 3056 3724 3096; x_wconf 62' lang='lat' dir='ltr'><strong>meus-</strong></span> 
     </span>
    </p>
   </div>
   <div class='ocr_carea' id='block_1_81' title="bbox 2275 3220 3722 3297">
    <p class='ocr_par' dir='ltr' id='par_1_81' title="bbox 2275 3220 3722 3297">
     <span class='ocr_line' id='line_1_81' title="bbox 2275 3220 3722 3297; baseline 0 -22"><span class='ocrx_word' id='word_1_592' title='bbox 2275 3220 2383 3275; x_wconf 85' lang='lat' dir='ltr'><strong>lum</strong></span> <span class='ocrx_word' id='word_1_593' title='bbox 2412 3236 2595 3278; x_wconf 81' lang='lat' dir='ltr'><strong>coram</strong></span> <span class='ocrx_word' id='word_1_594' title='bbox 2622 3221 2787 3278; x_wconf 84' lang='lat' dir='ltr'><strong>Patre</strong></span> <span class='ocrx_word' id='word_1_595' title='bbox 2811 3221 2931 3280; x_wconf 81' lang='lat' dir='ltr'><strong>meo</strong></span> <span class='ocrx_word' id='word_1_596' title='bbox 2960 3224 3177 3295; x_wconf 73' lang='lat' dir='ltr'><strong>(Matth.</strong></span> <span class='ocrx_word' id='word_1_597' title='bbox 3201 3243 3255 3292; x_wconf 66' lang='grc' dir='ltr'><strong>ι,</strong></span> <span class='ocrx_word' id='word_1_598' title='bbox 3284 3226 3403 3297; x_wconf 74' lang='lat'><strong>32).</strong></span> <span class='ocrx_word' id='word_1_599' title='bbox 3439 3247 3455 3280; x_wconf 84' lang='grc' dir='ltr'><strong>ι</strong></span> <span class='ocrx_word' id='word_1_600' title='bbox 3487 3226 3541 3282; x_wconf 79' lang='lat' dir='ltr'><strong>ili</strong></span> <span class='ocrx_word' id='word_1_601' title='bbox 3560 3224 3722 3280; x_wconf 76' lang='lat' dir='ltr'><strong>enimnon</strong></span> 
     </span>
    </p>
   </div>
   <div class='ocr_carea' id='block_1_82' title="bbox 2274 3312 3726 3387">
    <p class='ocr_par' dir='ltr' id='par_1_82' title="bbox 2274 3312 3726 3387">
     <span class='ocr_line' id='line_1_82' title="bbox 2274 3312 3726 3387; baseline 0.004 -21"><span class='ocrx_word' id='word_1_602' title='bbox 2274 3321 2432 3367; x_wconf 89' lang='lat' dir='ltr'><strong>erunt</strong></span> <span class='ocrx_word' id='word_1_603' title='bbox 2465 3312 2610 3386; x_wconf 88' lang='lat' dir='ltr'><strong>digni</strong></span> <span class='ocrx_word' id='word_1_604' title='bbox 2654 3313 2990 3371; x_wconf 85' lang='lat' dir='ltr'><strong>confessione</strong></span> <span class='ocrx_word' id='word_1_605' title='bbox 3020 3313 3139 3371; x_wconf 86' lang='lat' dir='ltr'><strong>Filii</strong></span> <span class='ocrx_word' id='word_1_606' title='bbox 3169 3327 3220 3372; x_wconf 89' lang='lat' dir='ltr'><strong>et</strong></span> <span class='ocrx_word' id='word_1_607' title='bbox 3261 3316 3466 3381; x_wconf 88' lang='lat' dir='ltr'><strong>Patris,</strong></span> <span class='ocrx_word' id='word_1_608' title='bbox 3490 3317 3632 3387; x_wconf 86' lang='lat' dir='ltr'><strong>quibus</strong></span> <span class='ocrx_word' id='word_1_609' title='bbox 3652 3324 3726 3365; x_wconf 62' lang='lat' dir='ltr'><strong>nunc</strong></span> 
     </span>
    </p>
   </div>
   <div class='ocr_carea' id='block_1_83' title="bbox 2275 3403 3729 3477">
    <p class='ocr_par' dir='ltr' id='par_1_83' title="bbox 2275 3403 3729 3477">
     <span class='ocr_line' id='line_1_83' title="bbox 2275 3403 3729 3477; baseline 0.001 -20"><span class='ocrx_word' id='word_1_610' title='bbox 2275 3417 2406 3459; x_wconf 92' lang='lat' dir='ltr'><strong>caro</strong></span> <span class='ocrx_word' id='word_1_611' title='bbox 2453 3403 2651 3460; x_wconf 90' lang='lat' dir='ltr'><strong>Christi</strong></span> <span class='ocrx_word' id='word_1_612' title='bbox 2694 3405 3072 3461; x_wconf 88' lang='lat' dir='ltr'><strong>verecundiam</strong></span> <span class='ocrx_word' id='word_1_613' title='bbox 3123 3406 3293 3471; x_wconf 82' lang='lat' dir='ltr'><strong>facit,</strong></span> <span class='ocrx_word' id='word_1_614' title='bbox 3354 3407 3729 3477; x_wconf 68' lang='lat' dir='ltr'><strong>probabuntquese</strong></span> 
     </span>
    </p>
   </div>
   <div class='ocr_carea' id='block_1_84' title="bbox 2277 3490 3732 3590">
    <p class='ocr_par' dir='ltr' id='par_1_84' title="bbox 2277 3490 3732 3590">
     <span class='ocr_line' id='line_1_84' title="bbox 2277 3490 3732 3590; baseline -0.004 -38"><span class='ocrx_word' id='word_1_615' title='bbox 2277 3496 2476 3552; x_wconf 89' lang='lat' dir='ltr'><strong>nullam</strong></span> <span class='ocrx_word' id='word_1_616' title='bbox 2499 3497 2566 3552; x_wconf 89' lang='lat' dir='ltr'><strong>de</strong></span> <span class='ocrx_word' id='word_1_617' title='bbox 2589 3498 2737 3569; x_wconf 82' lang='lat' dir='ltr'><strong>ligno</strong></span> <span class='ocrx_word' id='word_1_618' title='bbox 2762 3498 2941 3553; x_wconf 89' lang='lat' dir='ltr'><strong>crucis</strong></span> <span class='ocrx_word' id='word_1_619' title='bbox 2969 3499 3266 3569; x_wconf 87' lang='lat' dir='ltr'><strong>sumpsisse</strong></span> <span class='ocrx_word' id='word_1_620' title='bbox 3314 3501 3564 3563; x_wconf 88' lang='lat' dir='ltr'><strong>virtutem,</strong></span> <span class='ocrx_word' id='word_1_621' title='bbox 3580 3490 3732 3590; x_wconf 58' lang='lat' dir='ltr'><strong>quiqui</strong></span> 
     </span>
    </p>
   </div>
   <div class='ocr_carea' id='block_1_85' title="bbox 2278 3584 3731 3661">
    <p class='ocr_par' dir='ltr' id='par_1_85' title="bbox 2278 3584 3731 3661">
     <span class='ocr_line' id='line_1_85' title="bbox 2278 3584 3731 3661; baseline -0.008 -15"><span class='ocrx_word' id='word_1_622' title='bbox 2278 3589 2674 3661; x_wconf 65' lang='lat' dir='ltr'><strong>prmferendum</strong></span> <span class='ocrx_word' id='word_1_623' title='bbox 2710 3589 2978 3644; x_wconf 83' lang='lat' dir='ltr'><strong>frontibus</strong></span> <span class='ocrx_word' id='word_1_624' title='bbox 3005 3598 3378 3659; x_wconf 88' lang='lat' dir='ltr'><strong>acceperunt,</strong></span> <span class='ocrx_word' id='word_1_625' title='bbox 3424 3602 3629 3661; x_wconf 83' lang='lat' dir='ltr'><strong>promere</strong></span> <span class='ocrx_word' id='word_1_626' title='bbox 3648 3584 3731 3636; x_wconf 65' lang='lat' dir='ltr'><strong>labia</strong></span> 
     </span>
    </p>
   </div>
   <div class='ocr_carea' id='block_1_86' title="bbox 2275 3677 3731 3746">
    <p class='ocr_par' dir='ltr' id='par_1_86' title="bbox 2275 3677 3731 3746">
     <span class='ocr_line' id='line_1_86' title="bbox 2275 3677 3731 3746; baseline -0.005 -10"><span class='ocrx_word' id='word_1_627' title='bbox 2275 3682 2627 3736; x_wconf 88' lang='lat' dir='ltr'><strong>erubescunt.</strong></span> <span class='ocrx_word' id='word_1_628' title='bbox 2663 3679 2964 3742; x_wconf 86' lang='lat' dir='ltr'><strong>Declinate,</strong></span> <span class='ocrx_word' id='word_1_629' title='bbox 2999 3677 3113 3744; x_wconf 89' lang='lat' dir='ltr'><strong>ﬁlii,</strong></span> <span class='ocrx_word' id='word_1_630' title='bbox 3143 3680 3210 3733; x_wconf 92' lang='lat' dir='ltr'><strong>ab</strong></span> <span class='ocrx_word' id='word_1_631' title='bbox 3230 3680 3321 3735; x_wconf 84' lang='lat' dir='ltr'><strong>his</strong></span> <span class='ocrx_word' id='word_1_632' title='bbox 3349 3678 3731 3746; x_wconf 57' lang='lat' dir='ltr'><strong>diabolicisperm</strong></span> 
     </span>
    </p>
   </div>
   <div class='ocr_carea' id='block_1_87' title="bbox 2277 3763 3729 3835">
    <p class='ocr_par' dir='ltr' id='par_1_87' title="bbox 2277 3763 3729 3835">
     <span class='ocr_line' id='line_1_87' title="bbox 2277 3763 3729 3835; baseline -0.003 -9"><span class='ocrx_word' id='word_1_633' title='bbox 2277 3771 2551 3835; x_wconf 86' lang='lat' dir='ltr'><strong>sionibus,</strong></span> <span class='ocrx_word' id='word_1_634' title='bbox 2589 3768 2876 3824; x_wconf 81' lang='lat' dir='ltr'><strong>declinato.</strong></span> <span class='ocrx_word' id='word_1_635' title='bbox 2911 3767 3205 3825; x_wconf 84' lang='lat' dir='ltr'><strong>Veritatem</strong></span> <span class='ocrx_word' id='word_1_636' title='bbox 3226 3771 3323 3825; x_wconf 89' lang='lat' dir='ltr'><strong>Dei</strong></span> <span class='ocrx_word' id='word_1_637' title='bbox 3356 3770 3491 3825; x_wconf 86' lang='lat' dir='ltr'><strong>nulla</strong></span> <span class='ocrx_word' id='word_1_638' title='bbox 3530 3782 3599 3822; x_wconf 88' lang='lat' dir='ltr'><strong>res</strong></span> <span class='ocrx_word' id='word_1_639' title='bbox 3618 3763 3729 3817; x_wconf 53' lang='lat' dir='ltr'><strong>violat.</strong></span> 
     </span>
    </p>
   </div>
   <div class='ocr_carea' id='block_1_88' title="bbox 2274 3850 3733 3918">
    <p class='ocr_par' dir='ltr' id='par_1_88' title="bbox 2274 3850 3733 3918">
     <span class='ocr_line' id='line_1_88' title="bbox 2274 3850 3733 3918; baseline -0.003 -2"><span class='ocrx_word' id='word_1_640' title='bbox 2274 3864 2368 3918; x_wconf 90' lang='lat' dir='ltr'><strong>sed</strong></span> <span class='ocrx_word' id='word_1_641' title='bbox 2393 3862 2595 3916; x_wconf 89' lang='lat' dir='ltr'><strong>veritas</strong></span> <span class='ocrx_word' id='word_1_642' title='bbox 2622 3875 2719 3916; x_wconf 93' lang='lat' dir='ltr'><strong>nos</strong></span> <span class='ocrx_word' id='word_1_643' title='bbox 2757 3860 2856 3914; x_wconf 90' lang='lat' dir='ltr'><strong>nisi</strong></span> <span class='ocrx_word' id='word_1_644' title='bbox 2887 3860 2940 3914; x_wconf 86' lang='lat' dir='ltr'><strong>in</strong></span> <span class='ocrx_word' id='word_1_645' title='bbox 2973 3868 3157 3915; x_wconf 88' lang='lat' dir='ltr'><strong>nostra</strong></span> <span class='ocrx_word' id='word_1_646' title='bbox 3186 3876 3358 3917; x_wconf 84' lang='lat' dir='ltr'><strong>carne</strong></span> <span class='ocrx_word' id='word_1_647' title='bbox 3387 3876 3488 3916; x_wconf 91' lang='lat' dir='ltr'><strong>non</strong></span> <span class='ocrx_word' id='word_1_648' title='bbox 3508 3850 3733 3913; x_wconf 49' lang='lat' dir='ltr'><strong>salvam?</strong></span> 
     </span>
    </p>
   </div>
   <div class='ocr_carea' id='block_1_89' title="bbox 2276 3948 3732 4039">
    <p class='ocr_par' dir='ltr' id='par_1_89' title="bbox 2276 3948 3732 4039">
     <span class='ocr_line' id='line_1_89' title="bbox 2276 3948 3732 4039; baseline -0.008 -32"><span class='ocrx_word' id='word_1_649' title='bbox 2276 3953 2409 4007; x_wconf 80' lang='lat' dir='ltr'><strong>ritas</strong></span> <span class='ocrx_word' id='word_1_650' title='bbox 2435 3952 2635 4023; x_wconf 89' lang='lat' dir='ltr'><strong>quippe</strong></span> <span class='ocrx_word' id='word_1_651' title='bbox 2670 3950 2836 4018; x_wconf 90' lang='lat' dir='ltr'><strong>(sicut</strong></span> <span class='ocrx_word' id='word_1_652' title='bbox 2857 3951 3118 4020; x_wconf 87' lang='lat' dir='ltr'><strong>propheta</strong></span> <span class='ocrx_word' id='word_1_653' title='bbox 3160 3951 3260 4021; x_wconf 86' lang='lat' dir='ltr'><strong>ait)</strong></span> <span class='ocrx_word' id='word_1_654' title='bbox 3315 3953 3385 4007; x_wconf 86' lang='lat' dir='ltr'><strong>de</strong></span> <span class='ocrx_word' id='word_1_655' title='bbox 3432 3961 3559 4006; x_wconf 86' lang='lat' dir='ltr'><strong>terra</strong></span> <span class='ocrx_word' id='word_1_656' title='bbox 3599 3948 3732 4039; x_wconf 57' lang='lat' dir='ltr'><strong>ortaest</strong></span> 
     </span>
    </p>
   </div>
   <div class='ocr_carea' id='block_1_90' title="bbox 2276 4039 3731 4114">
    <p class='ocr_par' dir='ltr' id='par_1_90' title="bbox 2276 4039 3731 4114">
     <span class='ocr_line' id='line_1_90' title="bbox 2276 4039 3731 4114; baseline -0.003 -20"><span class='ocrx_word' id='word_1_657' title='bbox 2276 4039 2448 4114; x_wconf 79' lang='lat' dir='ltr'><strong>(Psal.</strong></span> <span class='ocrx_word' id='word_1_658' title='bbox 2480 4057 2699 4106; x_wconf 78' lang='lat' dir='ltr'><strong>Lxxxw,</strong></span> <span class='ocrx_word' id='word_1_659' title='bbox 2736 4041 2847 4111; x_wconf 64' lang='lat' dir='ltr'><strong>P2),</strong></span> <span class='ocrx_word' id='word_1_660' title='bbox 2885 4058 2903 4092; x_wconf 76' lang='grc' dir='ltr'><strong>ι</strong></span> <span class='ocrx_word' id='word_1_661' title='bbox 2933 4049 2987 4096; x_wconf 88' lang='lat' dir='ltr'><strong>et</strong></span> <span class='ocrx_word' id='word_1_662' title='bbox 3023 4041 3101 4098; x_wconf 89' lang='lat' dir='ltr'><strong>sic</strong></span> <span class='ocrx_word' id='word_1_663' title='bbox 3135 4041 3373 4098; x_wconf 88' lang='lat' dir='ltr'><strong>Verbum</strong></span> <span class='ocrx_word' id='word_1_664' title='bbox 3401 4041 3551 4095; x_wconf 77' lang='lat' dir='ltr'><strong>Maria</strong></span> <span class='ocrx_word' id='word_1_665' title='bbox 3573 4042 3731 4099; x_wconf 54' lang='lat' dir='ltr'><strong>coartat</strong></span> 
     </span>
    </p>
   </div>
   <div class='ocr_carea' id='block_1_91' title="bbox 2230 4123 3769 4188">
    <p class='ocr_par' dir='ltr' id='par_1_91' title="bbox 2230 4123 3769 4188">
     <span class='ocr_line' id='line_1_91' title="bbox 2230 4123 3769 4188; baseline -0.006 0"><span class='ocrx_word' id='word_1_666' title='bbox 2230 4158 2233 4161; x_wconf 88' lang='lat'><strong><em>-</em></strong></span> <span class='ocrx_word' id='word_1_667' title='bbox 2274 4143 2334 4188; x_wconf 91' lang='lat' dir='ltr'><strong>ut</strong></span> <span class='ocrx_word' id='word_1_668' title='bbox 2381 4131 2675 4188; x_wconf 89' lang='lat' dir='ltr'><strong>uniendam</strong></span> <span class='ocrx_word' id='word_1_669' title='bbox 2713 4130 2816 4186; x_wconf 90' lang='lat' dir='ltr'><strong>sibi</strong></span> <span class='ocrx_word' id='word_1_670' title='bbox 2849 4145 3069 4187; x_wconf 89' lang='lat' dir='ltr'><strong>carnem</strong></span> <span class='ocrx_word' id='word_1_671' title='bbox 3106 4131 3172 4186; x_wconf 89' lang='lat' dir='ltr'><strong>de</strong></span> <span class='ocrx_word' id='word_1_672' title='bbox 3214 4146 3315 4186; x_wconf 86' lang='lat' dir='ltr'><strong>sua</strong></span> <span class='ocrx_word' id='word_1_673' title='bbox 3365 4127 3626 4186; x_wconf 81' lang='lat' dir='ltr'><strong>substantia</strong></span> <span class='ocrx_word' id='word_1_674' title='bbox 3649 4123 3733 4176; x_wconf 63' lang='lat' dir='ltr'><strong>mar</strong></span> <span class='ocrx_word' id='word_1_675' title='bbox 3768 4134 3769 4179; x_wconf 64' lang='grc' dir='ltr'>ξ</span> 
     </span>
    </p>
   </div>
   <div class='ocr_carea' id='block_1_92' title="bbox 2274 4219 3733 4313">
    <p class='ocr_par' dir='ltr' id='par_1_92' title="bbox 2274 4219 3733 4313">
     <span class='ocr_line' id='line_1_92' title="bbox 2274 4219 3733 4313; baseline -0.012 -33"><span class='ocrx_word' id='word_1_676' title='bbox 2274 4232 2493 4290; x_wconf 89' lang='lat' dir='ltr'><strong>straret,</strong></span> <span class='ocrx_word' id='word_1_677' title='bbox 2539 4238 2642 4279; x_wconf 90' lang='lat' dir='ltr'><strong>nec</strong></span> <span class='ocrx_word' id='word_1_678' title='bbox 2669 4237 2791 4278; x_wconf 89' lang='lat' dir='ltr'><strong>cum</strong></span> <span class='ocrx_word' id='word_1_679' title='bbox 2830 4219 3133 4290; x_wconf 77' lang='lat' dir='ltr'><strong>adiectione</strong></span> <span class='ocrx_word' id='word_1_680' title='bbox 3158 4236 3429 4290; x_wconf 63' lang='lat' dir='ltr'><strong>personae,</strong></span> <span class='ocrx_word' id='word_1_681' title='bbox 3459 4234 3544 4274; x_wconf 90' lang='lat' dir='ltr'><strong>nec</strong></span> <span class='ocrx_word' id='word_1_682' title='bbox 3564 4224 3733 4313; x_wconf 61' lang='lat' dir='ltr'><strong>cuneu-</strong></span> 
     </span>
    </p>
   </div>
   <div class='ocr_carea' id='block_1_93' title="bbox 2273 4305 3733 4382">
    <p class='ocr_par' dir='ltr' id='par_1_93' title="bbox 2273 4305 3733 4382">
     <span class='ocr_line' id='line_1_93' title="bbox 2273 4305 3733 4382; baseline -0.008 -11"><span class='ocrx_word' id='word_1_683' title='bbox 2273 4316 2522 4371; x_wconf 87' lang='lat' dir='ltr'><strong>cuatioue</strong></span> <span class='ocrx_word' id='word_1_684' title='bbox 2545 4321 2772 4378; x_wconf 68' lang='lat' dir='ltr'><strong>natum,</strong></span> <span class='ocrx_word' id='word_1_685' title='bbox 2804 4312 3057 4382; x_wconf 87' lang='lat' dir='ltr'><strong>quoniam</strong></span> <span class='ocrx_word' id='word_1_686' title='bbox 3084 4310 3177 4382; x_wconf 89' lang='lat' dir='ltr'><strong>qui</strong></span> <span class='ocrx_word' id='word_1_687' title='bbox 3201 4321 3323 4366; x_wconf 88' lang='lat' dir='ltr'><strong>erat</strong></span> <span class='ocrx_word' id='word_1_688' title='bbox 3353 4312 3405 4366; x_wconf 92' lang='lat' dir='ltr'><strong>in</strong></span> <span class='ocrx_word' id='word_1_689' title='bbox 3435 4308 3582 4365; x_wconf 85' lang='lat' dir='ltr'><strong>forma</strong></span> <span class='ocrx_word' id='word_1_690' title='bbox 3604 4305 3733 4365; x_wconf 50' lang='lat' dir='ltr'><strong>Deam</strong></span> 
     </span>
    </p>
   </div>
   <div class='ocr_carea' id='block_1_94' title="bbox 2276 4394 3733 4475">
    <p class='ocr_par' dir='ltr' id='par_1_94' title="bbox 2276 4394 3733 4475">
     <span class='ocr_line' id='line_1_94' title="bbox 2276 4394 3733 4475; baseline -0.011 -15"><span class='ocrx_word' id='word_1_691' title='bbox 2276 4405 2485 4475; x_wconf 90' lang='lat' dir='ltr'><strong>accepit</strong></span> <span class='ocrx_word' id='word_1_692' title='bbox 2506 4404 2732 4460; x_wconf 86' lang='lat' dir='ltr'><strong>formam</strong></span> <span class='ocrx_word' id='word_1_693' title='bbox 2761 4401 2926 4469; x_wconf 89' lang='lat' dir='ltr'><strong>servi,</strong></span> <span class='ocrx_word' id='word_1_694' title='bbox 2957 4411 3017 4457; x_wconf 93' lang='lat' dir='ltr'><strong>ut</strong></span> <span class='ocrx_word' id='word_1_695' title='bbox 3044 4418 3184 4458; x_wconf 91' lang='lat' dir='ltr'><strong>unus</strong></span> <span class='ocrx_word' id='word_1_696' title='bbox 3227 4411 3393 4474; x_wconf 87' lang='lat' dir='ltr'><strong>atque</strong></span> <span class='ocrx_word' id='word_1_697' title='bbox 3435 4402 3555 4456; x_wconf 89' lang='lat' dir='ltr'><strong>idem</strong></span> <span class='ocrx_word' id='word_1_698' title='bbox 3577 4394 3733 4452; x_wconf 63' lang='lat' dir='ltr'><strong>inform</strong></span> 
     </span>
    </p>
   </div>
   <div class='ocr_carea' id='block_1_95' title="bbox 2206 4480 3732 4565">
    <p class='ocr_par' dir='ltr' id='par_1_95' title="bbox 2206 4480 3732 4565">
     <span class='ocr_line' id='line_1_95' title="bbox 2206 4480 3732 4565; baseline -0.005 -13"><span class='ocrx_word' id='word_1_699' title='bbox 2206 4483 2249 4543; x_wconf 77' lang='grc' dir='ltr'>Π</span> <span class='ocrx_word' id='word_1_700' title='bbox 2278 4508 2506 4565; x_wconf 89' lang='lat' dir='ltr'><strong>utraque</strong></span> <span class='ocrx_word' id='word_1_701' title='bbox 2554 4495 2626 4551; x_wconf 88' lang='lat' dir='ltr'><strong>sit</strong></span> <span class='ocrx_word' id='word_1_702' title='bbox 2659 4494 2910 4550; x_wconf 88' lang='lat' dir='ltr'><strong>Christus</strong></span> <span class='ocrx_word' id='word_1_703' title='bbox 2960 4484 3257 4549; x_wconf 80' lang='lat' dir='ltr'><strong>inclinante</strong></span> <span class='ocrx_word' id='word_1_704' title='bbox 3310 4510 3370 4550; x_wconf 92' lang='lat' dir='ltr'><strong>se</strong></span> <span class='ocrx_word' id='word_1_705' title='bbox 3421 4494 3522 4549; x_wconf 83' lang='lat' dir='ltr'><strong>Deo</strong></span> <span class='ocrx_word' id='word_1_706' title='bbox 3554 4501 3672 4557; x_wconf 73' lang='lat' dir='ltr'><strong>usque</strong></span> <span class='ocrx_word' id='word_1_707' title='bbox 3700 4480 3732 4533; x_wconf 65' lang='grc' dir='ltr'><strong>ιδ</strong></span> 
     </span>
    </p>
   </div>
   <div class='ocr_carea' id='block_1_96' title="bbox 2279 4572 3731 4656">
    <p class='ocr_par' dir='ltr' id='par_1_96' title="bbox 2279 4572 3731 4656">
     <span class='ocr_line' id='line_1_96' title="bbox 2279 4572 3731 4656; baseline -0.007 -13"><span class='ocrx_word' id='word_1_708' title='bbox 2279 4589 2462 4643; x_wconf 77' lang='lat' dir='ltr'><strong>inﬁma</strong></span> <span class='ocrx_word' id='word_1_709' title='bbox 2517 4586 2751 4641; x_wconf 91' lang='lat' dir='ltr'><strong>hominis</strong></span> <span class='ocrx_word' id='word_1_710' title='bbox 2778 4626 2792 4652; x_wconf 95' lang='lat'><strong>,</strong></span> <span class='ocrx_word' id='word_1_711' title='bbox 2843 4596 2899 4639; x_wconf 90' lang='lat' dir='ltr'><strong>et</strong></span> <span class='ocrx_word' id='word_1_712' title='bbox 2943 4587 3258 4656; x_wconf 81' lang='lat' dir='ltr'><strong>proliciente</strong></span> <span class='ocrx_word' id='word_1_713' title='bbox 3306 4585 3516 4641; x_wconf 89' lang='lat' dir='ltr'><strong>homine</strong></span> <span class='ocrx_word' id='word_1_714' title='bbox 3548 4592 3668 4649; x_wconf 76' lang='lat' dir='ltr'><strong>usque</strong></span> <span class='ocrx_word' id='word_1_715' title='bbox 3699 4572 3731 4623; x_wconf 59' lang='grc' dir='ltr'><strong>ιδ</strong></span> 
     </span>
    </p>
   </div>
   <div class='ocr_carea' id='block_1_97' title="bbox 2277 4668 3730 4746">
    <p class='ocr_par' dir='ltr' id='par_1_97' title="bbox 2277 4668 3730 4746">
     <span class='ocr_line' id='line_1_97' title="bbox 2277 4668 3730 4746; baseline -0.009 -12"><span class='ocrx_word' id='word_1_716' title='bbox 2277 4693 2486 4734; x_wconf 90' lang='lat' dir='ltr'><strong>summa</strong></span> <span class='ocrx_word' id='word_1_717' title='bbox 2517 4677 2760 4740; x_wconf 89' lang='lat' dir='ltr'><strong>deitatis,</strong></span> <span class='ocrx_word' id='word_1_718' title='bbox 2791 4677 3003 4731; x_wconf 88' lang='lat' dir='ltr'><strong>dicente</strong></span> <span class='ocrx_word' id='word_1_719' title='bbox 3027 4675 3283 4746; x_wconf 85' lang='lat' dir='ltr'><strong>Apostolo</strong></span> <span class='ocrx_word' id='word_1_720' title='bbox 3312 4691 3327 4730; x_wconf 91' lang='lat'><strong>:</strong></span> <span class='ocrx_word' id='word_1_721' title='bbox 3361 4695 3379 4728; x_wconf 73' lang='grc' dir='ltr'><strong>ι</strong></span> <span class='ocrx_word' id='word_1_722' title='bbox 3407 4676 3607 4744; x_wconf 78' lang='lat' dir='ltr'><strong>Quorum</strong></span> <span class='ocrx_word' id='word_1_723' title='bbox 3623 4668 3730 4722; x_wconf 60' lang='lat' dir='ltr'><strong>Patre</strong></span> 
     </span>
    </p>
   </div>
   <div class='ocr_carea' id='block_1_98' title="bbox 2277 4769 3729 4841">
    <p class='ocr_par' dir='ltr' id='par_1_98' title="bbox 2277 4769 3729 4841">
     <span class='ocr_line' id='line_1_98' title="bbox 2277 4769 3729 4841; baseline -0.001 -12"><span class='ocrx_word' id='word_1_724' title='bbox 2277 4783 2334 4829; x_wconf 91' lang='lat' dir='ltr'><strong>et</strong></span> <span class='ocrx_word' id='word_1_725' title='bbox 2352 4788 2418 4829; x_wconf 78' lang='lat' dir='ltr'><strong>ex</strong></span> <span class='ocrx_word' id='word_1_726' title='bbox 2434 4771 2626 4841; x_wconf 88' lang='lat' dir='ltr'><strong>quibus</strong></span> <span class='ocrx_word' id='word_1_727' title='bbox 2638 4771 2886 4826; x_wconf 88' lang='lat' dir='ltr'><strong>Christus</strong></span> <span class='ocrx_word' id='word_1_728' title='bbox 2907 4772 3199 4826; x_wconf 89' lang='lat' dir='ltr'><strong>secundum</strong></span> <span class='ocrx_word' id='word_1_729' title='bbox 3222 4787 3433 4827; x_wconf 87' lang='lat' dir='ltr'><strong>carnem</strong></span> <span class='ocrx_word' id='word_1_730' title='bbox 3448 4812 3462 4836; x_wconf 88' lang='lat'><strong>,</strong></span> <span class='ocrx_word' id='word_1_731' title='bbox 3485 4769 3729 4840; x_wconf 58' lang='grc' dir='ltr'><strong>(ιιιίθδιὲιῖῐῖτ</strong></span> 
     </span>
    </p>
   </div>
   <div class='ocr_carea' id='block_1_99' title="bbox 2277 4859 3722 4938">
    <p class='ocr_par' dir='ltr' id='par_1_99' title="bbox 2277 4859 3722 4938">
     <span class='ocr_line' id='line_1_99' title="bbox 2277 4859 3722 4938; baseline -0.007 -16"><span class='ocrx_word' id='word_1_732' title='bbox 2277 4867 2457 4922; x_wconf 87' lang='lat' dir='ltr'><strong>omnia</strong></span> <span class='ocrx_word' id='word_1_733' title='bbox 2482 4867 2624 4921; x_wconf 88' lang='lat' dir='ltr'><strong>Deus</strong></span> <span class='ocrx_word' id='word_1_734' title='bbox 2639 4866 2956 4921; x_wconf 87' lang='lat' dir='ltr'><strong>benedictus</strong></span> <span class='ocrx_word' id='word_1_735' title='bbox 2970 4867 3020 4920; x_wconf 88' lang='lat' dir='ltr'><strong>in</strong></span> <span class='ocrx_word' id='word_1_736' title='bbox 3034 4868 3228 4921; x_wconf 68' lang='lat' dir='ltr'><strong>saecula</strong></span> <span class='ocrx_word' id='word_1_737' title='bbox 3240 4866 3417 4938; x_wconf 84' lang='lat' dir='ltr'><strong>(Rom.</strong></span> <span class='ocrx_word' id='word_1_738' title='bbox 3432 4882 3501 4930; x_wconf 75' lang='lat' dir='ltr'><strong>II,</strong></span> <span class='ocrx_word' id='word_1_739' title='bbox 3513 4863 3574 4933; x_wconf 82' lang='grc'><strong>5).</strong></span> <span class='ocrx_word' id='word_1_740' title='bbox 3593 4859 3722 4912; x_wconf 55' lang='lat' dir='ltr'><strong>ilum</strong></span> 
     </span>
    </p>
   </div>
   <div class='ocr_carea' id='block_1_100' title="bbox 2508 4958 3673 5045">
    <p class='ocr_par' dir='ltr' id='par_1_100' title="bbox 2508 4958 3673 5045">
     <span class='ocr_line' id='line_1_100' title="bbox 2508 4958 3673 5045; baseline -0.006 -32"><span class='ocrx_word' id='word_1_741' title='bbox 2508 4958 2664 5013; x_wconf 79' lang='lat' dir='ltr'><strong>XLII.</strong></span> <span class='ocrx_word' id='word_1_742' title='bbox 2694 4990 2766 4999; x_wconf 92' lang='lat'><strong>—</strong></span> <span class='ocrx_word' id='word_1_743' title='bbox 2787 4959 2868 5012; x_wconf 80' lang='lat' dir='ltr'><strong>Ad</strong></span> <span class='ocrx_word' id='word_1_744' title='bbox 2898 4958 3274 5014; x_wconf 79' lang='lat' dir='ltr'><strong>Theodericum</strong></span> <span class='ocrx_word' id='word_1_745' title='bbox 3299 4961 3581 5030; x_wconf 77' lang='lat' dir='ltr'><strong>episcopum.</strong></span> <span class='ocrx_word' id='word_1_746' title='bbox 3667 5040 3673 5045; x_wconf 25' lang='grc'><strong><em>1</em></strong></span> 
     </span>
    </p>
   </div>
   <div class='ocr_carea' id='block_1_101' title="bbox 2348 5049 3702 5112">
    <p class='ocr_par' dir='ltr' id='par_1_101' title="bbox 2348 5049 3702 5112">
     <span class='ocr_line' id='line_1_101' title="bbox 2348 5049 3702 5112; baseline -0.007 -6"><span class='ocrx_word' id='word_1_747' title='bbox 2348 5052 2458 5106; x_wconf 69' lang='lat' dir='ltr'><strong>Leo</strong></span> <span class='ocrx_word' id='word_1_748' title='bbox 2485 5051 2831 5106; x_wconf 79' lang='lat' dir='ltr'><strong>TIIEODORICO</strong></span> <span class='ocrx_word' id='word_1_749' title='bbox 2858 5050 3112 5112; x_wconf 83' lang='lat' dir='ltr'><strong>episcopo</strong></span> <span class='ocrx_word' id='word_1_750' title='bbox 3138 5051 3205 5106; x_wconf 91' lang='lat' dir='ltr'><strong>de</strong></span> <span class='ocrx_word' id='word_1_751' title='bbox 3239 5051 3355 5107; x_wconf 87' lang='lat' dir='ltr'><strong>ﬁdei</strong></span> <span class='ocrx_word' id='word_1_752' title='bbox 3392 5049 3702 5112; x_wconf 45' lang='lat' dir='ltr'><strong>perseverantia.</strong></span> 
     </span>
    </p>
   </div>
  </div>
