3968 6450
44 392 222 446 825

1288 391 1773 454 DECRETALIUM
1804 392 2202 457 COLLECTIO.

3261 412 3365 467 8‘26

48 518 149 563 et
198 520 398 565 terram
421 509 594 581 (Psal.
627 526 815 577 cunt,
844 512 923 582 8).
948 530 966 563 ι
1001 511 1103 579 Qui
1148 513 1351 568 nullum
1379 528 1478 569 nos
1506 513 1560 568 in
1588 528 1688 568 no-
1721 521 1765 579 Α
1795 515 1868 570 ris
1887 515 2062 570 hostis
2091 517 2313 586 spiritus
2338 498 2607 583 falsitatis,
2637 534 2825 575 omnes
2847 520 2912 576 de
2941 521 3032 575 illo
3047 520 3157 590 jam
3179 526 3372 580 trium‘

44 602 243 657 su-is
287 599 545 656 fratribus
579 602 958 657 detrimentum
991 604 1258 658 sustinere
1291 604 1557 674 permisit,
1602 604 1696 658 sed

48 707 232 760 quae
295 700 481 748 nostro
540 693 690 763 prius
740 692 1039 748 ministerio
1081 694 1395 760 deﬁnierat,
1434 694 1697 749 universa:

49 779 471 838 fraternitatis
510 783 890 839 irretractabili
922 784 1156 839 ﬁrmavit
1183 798 1427 850 assensu,
1464 793 1525 838 ut
1568 798 1695 838 vere

53 884 107 924 τι
192 886 258 927 se
303 871 558 940 prodesse
585 871 914 931 ostenderit.
944 873 1091 941 quod
1143 874 1292 942 prius
1314 889 1344 927 a
1371 872 1547 943 prima
1579 886 1694 926 om-

52 959 261 1014 nium
284 961 410 1016 sede
439 960 727 1015 formatum
759 962 921 1016 totius
936 962 1229 1018 Christiani
1257 962 1690 1031 orbisjudicium

46 1049 425 1119 recepisset,
458 1062 518 1105 ut
539 1051 591 1105 in
621 1051 723 1106 hoc
750 1067 964 1122 quoque
990 1054 1165 1123 capite
1188 1053 1429 1107 membra
1457 1068 1690 1109 concor-

54 1138 255 1194 dent.
299 1140 359 1194 ln
409 1156 516 1210 quo
563 1143 792 1211 amplior
827 1142 982 1199 nobis
1012 1144 1065 1199 in
1108 1145 1208 1200 hac
1246 1160 1305 1200 re
1341 1144 1689 1216 ﬁtgaudendi

56 1231 366 1292 materia,
418 1233 543 1287 dum
597 1243 651 1287 et
702 1242 853 1288 tanto
908 1235 1080 1305 magis
1117 1237 1346 1306 perculit
1390 1237 1685 1299 inimicus,

58 1329 311 1389 quanto
371 1330 560 1377 contra
616 1323 817 1379 Christi
875 1325 1155 1382 ministros
1214 1342 1403 1383 servus
1451 1328 1689 1382 insurre-

58 1410 199 1466 xit.
236 1410 375 1465 Nam
420 1429 488 1468 ne
543 1414 771 1469 aliarum
819 1416 1026 1470 sedium
1080 1416 1149 1471 ab
1177 1433 1240 1472 ea
1270 1433 1433 1487 quam
1475 1418 1688 1473 caneris

60 1502 347 1557 omnium
370 1503 626 1559 Dominus
645 1506 830 1559 statuit
850 1507 1137 1575 praesidere
1165 1523 1462 1564 consensus
1489 1508 1686 1563 absen-

64 1596 239 1649 latio
279 1596 580 1662 videretur,
612 1605 707 1651 aut
758 1598 863 1671 alia
888 1592 1163 1682 ‘quaelihet’
1179 1599 1473 1669 subrepere
1501 1609 1685 1669 posset

64 1683 333 1739 adversa
364 1685 618 1755 suspicio,
664 1686 866 1758 inventi
895 1688 1045 1756 prius
1071 1689 1309 1757 suntqui
1356 1689 1421 1744 de
1465 1688 1683 1756 judiciis

62 1774 304 1829 nostris
352 1775 707 1845 ambigerem.
742 1776 808 1831 Et
840 1776 967 1831 dum
1006 1777 1245 1832 nonnulli
1291 1778 1360 1832 ad
1391 1779 1683 1834 dissensio-

1795 603 1962 672 pltare
1990 620 2094 659 non
2118 604 2333 661 dubium
2361 618 2446 664 est
2489 624 2624 678 quos
2668 609 2770 664 sibi
2801 608 3013 666 Veritas
3046 612 3363 669 vindicavit.

1795 691 1947 748 Nunc
2000 710 2219 764 prorsus
2258 697 2347 751 illa
2386 697 2759 767 Redemptoris
2792 701 2961 756 nostri
3000 702 3141 758 dicta
3197 721 3361 775 quam

1794 782 1904 838 sint
1938 783 2131 841 divinae
2164 786 2500 843 auctoritatis
2555 801 2808 858 apparet,
2855 790 2980 845 dum
3027 804 3216 851 contra
3269 798 3367 853 ho-

1792 878 1903 927 stes
1940 871 2064 928 ﬁdei
2114 874 2193 930 sic
2241 885 2525 947 aptantur,
2562 889 2618 932 ut
2646 880 2713 935 de
2750 883 2880 951 ipsis
2917 885 3163 940 dubitare
3206 887 3366 941 dictis

1791 979 1898 1019 non
1937 965 2117 1021 liceat.
2166 965 2344 1034 «Vos,
2394 969 2585 1039 inquit,
2639 988 2705 1028 ex
2754 984 2908 1042 patre
2949 975 3161 1033 diabolo
3212 978 3364 1032 estis.

1790 1052 1858 1106 Et
1926 1055 2191 1110 desideria
2259 1058 2432 1126 patris
2500 1044 2664 1115 vestri
2737 1063 2898 1119 vultis
2958 1066 3199 1135 implere.
3273 1066 3369 1121 Ille

1789 1146 2057 1200 homicida
2115 1147 2213 1201 fuit
2272 1150 2336 1202 ah
2392 1151 2565 1216 initio,
2617 1163 2671 1208 et
2717 1155 2768 1208 in
2819 1157 3049 1212 veritate
3096 1176 3204 1213 non
3258 1169 3367 1213 ste-

1790 1230 1883 1292 tit,
1917 1229 2041 1296 quia
2091 1229 2293 1283 veritas
2343 1231 2394 1284 in
2447 1246 2513 1288 eo
2557 1250 2662 1288 non
2709 1245 2811 1291 est.
2867 1237 3091 1303 Quando
3132 1241 3368 1310 loquitur

1786 1317 2145 1383 mendacium,
2176 1334 2242 1373 ex
2281 1322 2392 1375 suis
2421 1325 2649 1393 propriis
2678 1325 2914 1394 loquitur
2936 1368 2949 1390 ,
2978 1329 3101 1397 quia
3132 1330 3365 1385 mendax

1784 1418 1868 1463 est
1915 1417 1972 1464 et
2023 1419 2177 1479 pater
2232 1412 2351 1481 ejus
2401 1413 2593 1479 (Joun.
2643 1432 2758 1481 vni,
2807 1418 2933 1487 44).
2983 1438 3001 1471 ι
3045 1420 3189 1474 Nihil
3232 1436 3366 1492 ergo

1784 1499 2090 1555 mirandum
2123 1510 2228 1567 est,
2280 1506 2422 1571 quod
2467 1505 2520 1558 hi
2558 1506 2646 1573 qui
2684 1507 2736 1560 in
2773 1510 2998 1563 veritate
3044 1512 3135 1565 Dei
3167 1524 3365 1567 nostrte

1784 1598 1990 1643 natura:
2038 1592 2375 1647 mendacium
2421 1594 2798 1662 crediderunt,
2825 1599 2962 1665 patri
2995 1615 3094 1652 suo
3122 1610 3179 1653 et
3219 1601 3364 1655 circa

1784 1681 1885 1735 ista
1916 1683 2267 1748 concordant,
2297 1684 2556 1754 quidquid
2578 1687 2774 1754 visum,
2808 1691 3065 1761 quidquid
3095 1692 3365 1760 auditum,

1783 1772 2044 1842 quidquid
2096 1774 2327 1844 denique
2359 1786 2493 1832 teste
2529 1777 2822 1849 Evangelio
2862 1788 3062 1836 tacttun
3090 1793 3174 1837 est
3202 1792 3364 1851 atque

65 1878 193 1920 nes
248 1865 457 1920 incitati
522 1868 590 1922 ab
645 1876 869 1923 auctore
938 1870 1378 1926 contradictionis
1431 1871 1497 1925 ad
1545 1871 1678 1925 insa-

1788 1863 2060 1933 palpatum
2088 1865 2141 1920 in
2182 1867 2340 1921 unico
2387 1867 2479 1922 Dei
2509 1868 2666 1934 Filio,
2704 1885 2808 1924 non
2838 1871 2954 1941 ejus
2986 1870 3138 1939 cujus
3167 1875 3361 1942 proba-

65 1970 156 2009 na
187 1955 336 2011 bella
360 1957 686 2027 prosiliunt,
722 1959 788 2013 ad
834 1960 1007 2030 majus
1037 1959 1258 2026 bonum,
1314 1960 1516 2015 malum
1565 1959 1681 2030 ejus

66 2048 364 2118 auctore}
404 2050 568 2103 totius
632 2050 890 2106 bonitatis
950 2051 1293 2121 dispensante
1361 2061 1679 2122 proventum

63 2138 456 2192 convertitur.
498 2138 714 2195 Dulcius
766 2141 809 2194 si
859 2141 1076 2210 quidem
1126 2158 1346 2196 munera
1378 2143 1564 2213 gratiae
1600 2142 1682 2197 dio

64 2227 236 2281 vina:
270 2228 632 2297 proveniunt,
681 2232 895 2299 quoties
936 2245 1041 2285 non
1085 2232 1202 2286 sine
1250 2233 1462 2302 magnis
1512 2232 1678 2287 sudo-

70 2317 250 2372 ribus
298 2319 672 2387 acquiruntur.
715 2320 781 2374 Et
830 2323 1007 2378 minus
1062 2325 1260 2378 homnn
1320 2323 1490 2377 videri
1544 2321 1681 2377 solet

66 2424 203 2479 pax
235 2411 543 2466 continuata
577 2430 673 2481 per
700 2414 905 2478 otium,
929 2430 1089 2484 qnam
1130 2416 1336 2470 reddita
1364 2424 1486 2483 post
1528 2413 1680 2469 labo-

68 2516 240 2556 rem.
291 2503 406 2572 lpsa
430 2519 644 2573 quoque
692 2505 888 2560 veritas
936 2514 990 2560 et
1045 2506 1242 2561 clarius
1272 2506 1583 2570 renitescit,
1625 2513 1679 2560 et

66 2588 299 2645 fortius
327 2594 608 2660 retinetur,
632 2595 756 2648 dum
787 2610 906 2664 qua:
927 2596 1060 2651 fides
1089 2597 1239 2666 prius
1261 2598 1538 2661 docuerat,
1562 2596 1677 2653 lucc

73 2692 285 2751 postea
352 2686 679 2740 examinatio
732 2688 1098 2742 conﬁrmaret.
1151 2687 1374 2742 Multum
1447 2688 1679 2757 denique

76 2774 452 2831 ’sacerdotalis
519 2776 678 2832 oﬁicii
755 2779 1005 2833 meritum
1072 2778 1399 2848 Splendescit
1456 2779 1546 2833 ubi
1598 2778 1677 2833 sic

78 2879 435 2919 smunorum
474 2875 722 2921 servatur
749 2868 1072 2932 auctoritas,
1117 2876 1175 2920 ut
1205 2868 1258 2922 in
1284 2868 1427 2923 nullo
1444 2867 1678 2938 .inferio-

77 2958 215 3009 ‘rurn
247 2964 469 3024 putetur
499 2955 780 3011 imminuta
816 2956 1057 3012 libertas.
1083 2958 1147 3012 Et
1173 2958 1240 3012 ad
1269 2956 1525 3027 majorem
1555 2958 1673 3030 glo-

77 3047 234 3100 riam
260 3047 474 3116 proﬁcit
501 3046 624 3103 linis
653 3048 918 3103 examinis
961 3049 1174 3118 quando
1206 3049 1273 3103 ad
1303 3049 1406 3103 hoc
1435 3063 1495 3104 se
1523 3063 1677 3104 acce-

78 3138 136 3205 pi
150 3145 176 3189 ι
194 3130 490 3193 exercendi
517 3136 736 3206 ﬁducia,
761 3147 819 3192 ut
839 3138 1086 3193 vincatur
1104 3138 1424 3204 adversitas,
1443 3154 1509 3193 ne
1532 3139 1674 3213 quod

80 3246 194 3300 per
223 3248 286 3287 se
312 3233 572 3302 probatur
602 3235 889 3305 reprobum
921 3234 1120 3290 silentii
1151 3233 1464 3306 prarjudicio
1489 3235 1673 3290 videa-
1704 3219 1749 3281 (ἶ

81 3320 182 3374 tur
213 3337 561 3391 oppressum.
598 3323 820 3378 Exsulta
859 3323 1055 3395 igitur,
1098 3325 1418 3381 eharissime
1472 3324 1671 3389 frater,

80 3410 141 3464 in
170 3412 338 3466 unico
366 3406 474 3467 ﬁlio
500 3413 671 3467 victor
699 3414 935 3469 exsulta.
961 3413 1099 3469 Vicit
1133 3428 1229 3485 per
1253 3430 1353 3470 nos
1377 3414 1482 3480 ille,
1517 3413 1673 3482 cujus

79 3503 280 3556 carnis
301 3501 502 3557 veritas
528 3502 845 3574 negabatur,
868 3504 995 3559 vicit
1020 3520 1119 3575 per
1156 3519 1273 3569 nos,
1302 3512 1357 3559 et
1384 3520 1482 3575 pro
1520 3503 1674 3558 nobis

82 3584 179 3647 ille
206 3593 297 3646 cui
332 3592 576 3647 vicimus.
619 3590 864 3648 Secunda
888 3603 970 3648 est
996 3601 1118 3664 post
1145 3595 1431 3649 adventum
1460 3593 1674 3650 Domini

82 3680 206 3738 haec
254 3682 371 3736 orbi
422 3680 708 3737 festivitas.
753 3682 1042 3740 Redditum
1086 3685 1281 3740 saecqu
1314 3694 1397 3739 est
1424 3685 1676 3754 praedone

81 3781 369 3844 prostrato
402 3774 791 3840 incarnationis
815 3775 1008 3830 divina:
1039 3776 1375 3848 mysterium,
1404 3777 1548 3845 quod
1574 3776 1674 3830 hu-

85 3864 239 3917 mani
272 3866 486 3933 generis
509 3865 779 3930 inimicus,
812 3867 938 3935 quia
972 3865 1134 3922 rebus
1165 3867 1297 3937 ipsis
1319 3867 1534 3923 auferre
1566 3882 1673 3923 non

83 3955 325 4024 poterat,
356 3955 642 4010 calumniis
676 3956 1024 4012 obscurabat.
1054 3956 1305 4024 Quinimo
1329 3958 1396 4013 ab
1420 3957 1673 4014 incredu-

82 4044 267 4098 loruin
317 4044 479 4098 corde
516 4045 755 4114 perierat
806 4045 1110 4100 immortale
1157 4047 1493 4117 mysterium,
1546 4046 1672 4116 quia

85 4135 227 4190 nihil
279 4134 500 4204 prodest
551 4144 695 4189 tanta
743 4135 887 4191 salus
935 4135 1246 4203 incredulis,
1289 4138 1403 4207 ipsa
1435 4136 1675 4194 Veritate

85 4227 207 4279 snis
245 4226 457 4281 dicente
496 4226 774 4295 discipulis
806 4244 820 4279 :
859 4244 877 4277 ι
912 4226 1401 4292 Quicredideritet
1426 4229 1674 4299 baptiza-

88 4320 178 4370 tus
220 4302 419 4380 fuerit,
451 4314 630 4370 salvus
668 4315 813 4370 erit:
847 4317 939 4391 qui
982 4327 1161 4372 autem
1202 4333 1308 4372 non
1353 4320 1671 4386 crediderit,

84 4405 545 4462 cendemnabitur
565 4406 757 4476 (Marc.
785 4422 896 4471 xvi,
914 4406 1022 4475 16).
1048 4426 1067 4459 ι
1096 4405 1669 4478 Solisjuslitimjubar,

88 4498 275 4554 densis
292 4513 389 4568 per
407 4499 670 4555 orientem
700 4498 931 4553 Nestorii
956 4510 1011 4554 et
1030 4500 1330 4556 Eutichetis
1351 4502 1675 4557 nehulisim-

87 4591 356 4661 peditum,
402 4605 535 4659 pure
581 4590 649 4644 ab
680 4588 961 4646 occidente
1006 4592 1480 4661 reSplenduit,.ubi
1526 4608 1674 4649 eom-

88 4681 356 4736 mercium
392 4681 442 4734 in
474 4680 728 4750 apostolis
750 4690 803 4733 et
832 4680 1141 4736 doctoribus
1166 4681 1535 4751 principaliter
1559 4682 1672 4738 col-

90 4774 310 4837 locavit,
334 4774 584 4842 quamvis
613 4788 714 4827 ncc
743 4773 850 4826 illic
868 4789 1102 4842 unquam
1126 4773 1360 4829 defuisse
1375 4776 1675 4831 credendus

90 4867 185 4931 sit,
210 4879 319 4935 quo
357 4862 694 4918 confcssores
736 4864 837 4919 sibi
879 4864 1125 4935 egregios
1155 4866 1476 4921 reservavit.
1507 4865 1583 4920 Ita
1614 4877 1675 4921 ut

91 4957 220 5011 dum
276 4955 453 5009 denuo
495 4963 785 5009 conaretur
831 4954 1001 5009 hostis
1033 4955 1286 5024 antiquus
1316 4971 1413 5025 per
1450 4957 1671 5012 secundi

90 5045 393 5101 Pharaonis
434 5045 778 5113 impuenitens
817 5058 939 5109 cor,
977 5044 1101 5100 ﬁdei
1137 5042 1370 5101 Abraha:
1407 5062 1591 5102 semen
1620 5056 1677 5103 et

91 5140 232 5195 ﬁlios
255 5138 622 5206 exstinguere,
668 5138 777 5191 Deo
815 5136 1129 5200 miserante,
1161 5134 1531 5207 languescens,
1568 5138 1675 5195 nisi

93 5230 196 5287 sibi
228 5242 426 5284 nocere
462 5227 596 5282 nihil
621 5227 813 5296 possit.
846 5227 922 5282 De
962 5242 1068 5298 quo
1094 5237 1151 5282 et
1177 5227 1307 5282 illud
1334 5229 1675 5298 omnipotens

94 5318 396 5375 mirabilius
422 5318 548 5388 egit,
574 5319 699 5387 quia
730 5326 784 5371 et
806 5332 941 5388 quos
964 5317 1063 5373 sibi
1091 5319 1335 5375 conscius
1365 5320 1431 5374 ad
1460 5319 1674 5375 Israeli-

97 5412 188 5469 tici
218 5410 400 5482 populi
446 5410 604 5465 sedes
650 5409 938 5474 asciverat,
968 5425 1072 5464 non
1098 5424 1218 5463 cum
1250 5408 1551 5480 tyrannidis
1579 5403 1696 5463 au-'

98 5516 246 5561 ctore
273 5501 582 5567 submersit,
607 5501 702 5557 sed
725 5517 845 5556 cum
869 5516 968 5555 suo
997 5501 1193 5571 populo
1231 5503 1596 5572 congregavit,
1617 5511 1674 5558 et

98 5595 233 5649 sicut
255 5608 443 5648 revera
467 5608 525 5648 se
553 5593 773 5664 dignum
804 5601 857 5646 et
887 5591 984 5647 soli
1013 5591 1113 5646 sibi
1142 5593 1399 5661 possibile
1425 5592 1544 5648 fons
1572 5592 1674 5647 mi-

100 5685 407 5740 sericordia:
450 5693 693 5750 noverat,
722 5684 893 5739 vietos
940 5700 970 5738 a
996 5669 1180 5740 'nobis
1234 5684 1511 5761 nobiscum
1547 5682 1673 5739 fecit

102 5790 212 5834 esse
243 5777 499 5833 victuros.
525 5775 658 5832 Nam
687 5777 813 5834 dum
849 5776 995 5832 solus
1024 5791 1147 5833 vere
1177 5777 1245 5833 sit
1268 5776 1486 5832 humani
1509 5791 1671 5847 gene-

1699 4562 1750 4620 D

1784 1961 1894 2006 tum
1922 1962 2008 2007 est
2056 1964 2381 2022 asserentes,
2429 1957 2524 2011 sed
2569 1966 2848 2013 coactorum
2891 1967 2946 2013 et
2993 1961 3362 2017 coesscntialis

1779 2044 1925 2099 Patri
1953 2047 2120 2101 fuisse
2149 2048 2485 2115 substantiae,
2535 2050 2685 2119 quasi
2715 2060 2809 2105 aut
2837 2052 3134 2107 divinitatis
3170 2062 3363 2107 natura

1778 2138 1959 2193 crucis
2006 2137 2152 2209 ligno
2203 2142 2458 2195 transﬁxa
2502 2142 2593 2208 sit,
2643 2151 2736 2196 aut
2775 2142 3202 2199 inconvertibilis
3247 2159 3365 2199 cre-

1779 2245 1931 2286 scere
1957 2246 2053 2300 per
2080 2240 2293 2298 aetates,
2320 2242 2375 2287 et
2403 2233 2457 2287 in
2488 2233 2751 2303 sapientia
2780 2234 3062 2305 proﬁcere,
3098 2236 3362 2305 sapientia

1778 2322 2105 2393 sempiterna
2151 2324 2232 2379 vel
2278 2324 2469 2395 spiritu
2512 2327 2670 2391 Deus,
2715 2326 2807 2395 qui
2857 2328 3080 2397 spiritus
3104 2336 3205 2393 est,
3236 2326 3361 2380 sub-

1778 2410 1902 2467 inde
1936 2412 2131 2482 repleri
2173 2415 2390 2484 poterit.
2424 2416 2481 2470 ln
2529 2418 2634 2471 hoc
2656 2432 2871 2487 quoque
2893 2432 2952 2473 se
2977 2418 3170 2473 acerba
3202 2433 3360 2471 vesa-

1778 2502 1886 2568 nia,
1916 2519 1984 2559 ex
2013 2520 2122 2575 quo
2148 2517 2370 2562 alictore
2401 2509 2752 2578 processerit,
2785 2510 2983 2579 prodit,
3007 2510 3151 2580 quod
3185 2524 3359 2578 quan-

1778 2603 1890 2649 tum
1936 2597 1991 2650 in
2029 2612 2088 2652 se
2136 2607 2264 2664 estv‘,
2302 2600 2567 2656 universis
2598 2616 2794 2657 nocere
2840 2601 3046 2657 molita.
3096 2599 3230 2655 Nam
3268 2599 3358 2669 qui

1777 2702 1877 2744 nos
1920 2692 2294 2760 persequendo
2345 2690 2533 2748 aﬁlixit
2563 2733 2578 2757 ,
2635 2702 2864 2750 cazteros
2917 2693 2984 2748 ad
3034 2709 3357 2750 consensum

1775 2781 1994 2838 sceleris
2041 2783 2363 2854 impellendo
2421 2785 2754 2857 depravavit.
2805 2786 2912 2842 Sed
2946 2801 3046 2841 nec
3073 2802 3190 2852 nos,
3235 2786 3362 2841 licet

1776 2874 1828 2929 in
1873 2874 2099 2945 singulis
2146 2874 2402 2932 fratribus
2430 2917 2446 2943 ,
2487 2877 2613 2946 quia
2666 2878 2909 2933 membra
2961 2885 3155 2933 nostra,
3191 2885 3354 2941 sunt,

1775 2963 2134 3030 vulnerasset,
2181 2980 2210 3019 a
2241 2966 2467 3043 speciali,
2492 2966 2676 3023 dolore
2708 2966 2838 3023 fecit
2864 2975 3136 3037 exceptos,
3164 2966 3362 3037 quibus

1774 3066 1912 3106 nova
1949 3061 2005 3107 et
2038 3053 2281 3108 inaudita
2304 3095 2319 3119 ,
2362 3064 2524 3125 atque
2570 3054 2870 3110 incredibili
2903 3056 3127 3111 audacia
3159 3055 3360 3111 inferre

1776 3151 1965 3196 contra
1995 3157 2151 3197 suum
2181 3152 2342 3214 caput
2365 3154 2449 3200 est
2478 3144 2696 3201 molitus
2724 3145 2995 3217 injuriam.
3023 3146 3130 3202 Sed
3153 3147 3355 3201 utinam

1781 3234 1864 3288 vel
1892 3244 2013 3304 post
2057 3244 2135 3290 tot
2178 3237 2415 3306 pessima
2456 3237 2801 3307 resipiscens,
2830 3253 2937 3294 non
2972 3253 3071 3293 nos
3099 3237 3262 3293 etiam
3292 3239 3361 3292 de

1777 3340 1876 3380 suo
1934 3335 2153 3381 aeternae
2227 3327 2592 3382 damnationis
2660 3326 2939 3383 interitum
2999 3325 3356 3381 contristarit.

1736 3482 1739 3485 Α
1775 3415 1948 3482 Quam
1996 3431 2302 3471 mensuram
2352 3417 2575 3471 sceleris
2617 3416 2977 3487 prmterinisit,
3008 3416 3095 3471 cui
3127 3431 3226 3471 nec
3254 3417 3361 3470 hoc

1776 3506 2020 3564 sufﬁcere
2045 3508 2249 3578 potuit,
2284 3510 2426 3578 quod
2471 3524 2569 3564 nec
2601 3510 2734 3564 vivis
2766 3509 3058 3579 parcendo,
3090 3524 3191 3565 nec
3217 3524 3358 3563 mor-

1776 3597 1881 3651 tuis
1946 3598 2108 3652 etiam
2162 3598 2213 3651 in
2264 3599 2580 3669 sanguinem
2639 3597 2942 3652 innocentis
3005 3606 3060 3651 et
3104 3596 3357 3653 catholici

1775 3685 2074 3741 sacerdotis
2126 3686 2355 3756 pollutas
2397 3686 2720 3756 jampridem
2777 3686 3028 3741 abdicata
3086 3685 3352 3751 veritate,

1775 3786 1934 3846 atque
1979 3778 2272 3847 approbata
2310 3776 2581 3842 falsitate,
2635 3792 2825 3831 manus
2868 3776 3108 3841 intinxit,
3148 3784 3353 3830 etcum

1774 3867 2033 3937 scriptum
2075 3868 2192 3923 sit:
2235 3886 2254 3919 ‹
2288 3867 2388 3935 Qui
2415 3869 2529 3923 odit
2580 3868 2804 3922 fratrem
2854 3882 3032 3931 suum,
3085 3865 3356 3921 homicida

1774 3967 1858 4013 est
1889 3957 1936 4030 (Ι
1965 3957 2123 4012 Joan.
2175 3974 2211 4013 Il
2240 4000 2255 4025 ,
2289 3958 2377 4031 11)
2407 4000 2422 4024 ,
2463 3978 2482 4012 ι
2524 3959 2612 4014 ille
2648 3958 2789 4028 quod
2818 3959 2944 4015 odio
2965 3957 3075 4027 jam
3119 3956 3356 4022 fecisset,

1775 4049 2024 4104 addictus
2056 4060 2139 4105 est
2165 4090 2180 4115 ,
2210 4050 2454 4120 implevit
2480 4050 2755 4120 operibus,
2784 4050 2934 4119 quasi
2963 4065 3061 4104 nec
3094 4047 3352 4111 audisset,

1774 4153 1876 4194 nec
1925 4139 2068 4195 aliud
2119 4142 2261 4210 quod
2303 4140 2563 4196 Dominus
2610 4141 2687 4195 ait
2720 4157 2733 4193 :
2767 4158 2786 4191 ι
2829 4140 3029 4196 Discite
3056 4155 3085 4193 a
3119 4153 3205 4193 me
3229 4137 3355 4208 quia

1774 4228 1922 4285 mitis
1960 4247 2079 4286 sum
2126 4241 2179 4286 et
2208 4232 2424 4286 humilis
2469 4232 2651 4297 corde,
2705 4240 2761 4286 et
2788 4230 3072 4285 invenietis
3115 4229 3355 4298 requiem

1776 4323 2055 4377 animabus
2091 4324 2309 4399 vestris.
2348 4322 2543 4394 Jugum
2575 4323 2720 4377 enim
2752 4339 2932 4377 meum
2978 4337 3143 4377 suave
3167 4331 3271 4387 est,
3300 4330 3357 4378 et

1774 4430 1911 4470 onus
1945 4431 2121 4469 meum
2169 4415 2286 4470 leve
2331 4426 2415 4469 est
2459 4413 2676 4487 (Matt/4.
2706 4431 2781 4480 χι,
2821 4415 2912 4479 29,
2941 4414 3053 4483 30).
3090 4435 3110 4467 ι
3152 4413 3354 4484 Dignus

1774 4507 2023 4564 diabolici
2052 4509 2376 4578 praedicator
2399 4507 2602 4563 erroris
2645 4507 2928 4579 Egyptius
2973 4515 3216 4563 vastator
3259 4506 3353 4559 in-

1776 4608 1967 4655 ventus
1991 4611 2098 4665 est,
2119 4600 2244 4670 quia
2271 4609 2526 4670 tanquam
2539 4600 2868 4655 sazvissimus
2885 4611 3144 4671 tyrannus
3169 4597 3351 4653 Eccle-

1773 4688 1868 4743 siae
1888 4687 2148 4744 nefandas
2165 4689 2529 4758 blasphemias
2550 4705 2647 4759 per
2663 4689 2835 4744 violcn
2845 4697 2949 4743 tem
2971 4688 3348 4745 seditiosorum

1774 4780 2024 4844 turbam,
2074 4788 2129 4834 ct
2171 4794 2268 4848 per
2320 4789 2570 4835 cruentas
2626 4794 2816 4835 manus
2857 4778 3127 4842 militum,
3190 4792 3351 4831 vene-

1775 4871 1960 4925 randis
2012 4870 2175 4943 204
2224 4869 2485 4926 fratribus
2537 4871 2883 4940 imponebat,
2945 4877 3001 4924 et
3046 4884 3166 4923 cum
3219 4881 3351 4921 voce

1776 4962 1947 5017 nostri
1986 4961 2360 5030 Redemptoris
2388 4962 2660 5016 ﬁrmatum
2689 4961 2760 5017 sit
2803 4975 2967 5015 unum
2998 4958 3351 5025 eumdemque

1776 5053 2051 5109 homicidii
2096 5061 2152 5107 et
2192 5052 2441 5106 falsitatis
2468 5060 2765 5129 auctorem,
2812 5049 2899 5104 ille
2933 5048 3133 5118 pariter
3160 5055 3351 5100 utcun-

1776 5160 1882 5214 que
1917 5144 2225 5216 cpmplevit,
2250 5145 2402 5215 quasi
2433 5161 2536 5199 non
2562 5153 2622 5198 ut
2655 5151 2968 5206 caveantur,
3002 5141 3097 5196 sed
3145 5148 3201 5194 ut
3225 5153 3349 5207 per-

1775 5244 2057 5305 petrentur
2085 5235 2285 5305 scripta
2316 5236 2445 5299 sint,
2485 5235 2551 5289 ad
2579 5233 2895 5304 perditionis
2941 5247 3051 5288 suae
3076 5222 3351 5286 cumulum

1778 5330 1998 5383 trahens
2046 5342 2166 5398 qua:
2204 5329 2298 5382 Dei
2328 5327 2496 5381 Filius
2542 5326 2750 5381 monuit
2795 5325 2863 5379 ad
2904 5325 3165 5389 salutem;
3221 5322 3351 5376 illud

1776 5435 1990 5489 quoque
2015 5419 2176 5474 surda
2202 5419 2364 5475 nimis
2390 5433 2520 5473 aure
2546 5416 3025 5489 prmteriensquod
3070 5416 3137 5470 ab
3162 5414 3351 5470 eodem

1776 5509 2002 5565 Domino
2033 5509 2235 5563 dictum
2257 5516 2342 5562 est
2370 5526 2383 5562 :
2423 5527 2442 5559 ι
2480 5508 2623 5579 Ergo
2651 5507 2796 5578 quod
2836 5507 2945 5563 vidi
2974 5505 3112 5577 apud
3132 5505 3347 5558 Patrem

1776 5617 1951 5657 meum
1990 5602 2201 5671 loquor,
2218 5609 2274 5656 et
2295 5615 2391 5655 vos
2415 5615 2545 5669 ergo
2567 5599 2708 5669 quod
2739 5599 2950 5654 vidistis
2975 5596 3114 5667 apud
3134 5594 3351 5648 Patrem

1773 5701 2010 5749 vestrum
2041 5691 2217 5745 facitis
2246 5690 2427 5762 (Joan.
2460 5706 2577 5755 vm,
2606 5689 2718 5755 38).
2758 5710 2776 5742 ι
2809 5688 2975 5759 Igitur
2998 5688 3121 5742 dum
3151 5689 3349 5739 saneta:

1774 5771 2043 5830 memoria:
2066 5769 2319 5825 Flaviano
2345 5770 2508 5825 vitam
2551 5769 2832 5840 praiscntis
2851 5765 3032 5831 saeculi
3064 5762 3341 5819 moliretur
