3968 6456
615 409 718 464 827

1390 413 1677 469 APPEND.
1720 411 1813 467 AD
1845 409 2017 467 SEC.
2058 408 2147 464 IX.
2181 440 2250 449 —-
2285 408 2533 465 lSlDOlll
2564 411 3004 470 MERCATORIS

3759 415 3895 475 £28

606 523 828 580 auferre
873 540 932 581 se
967 540 1173 582 serente
1202 526 1326 581 vitae
1357 526 1476 581 luce
1522 525 1772 596 privavit.
1810 523 1945 579 Dum
1976 537 2071 579 vos
2115 522 2184 577 ab
2214 534 2259 593 Α
2286 531 2473 575 sancto
2504 522 2774 578 iudicante
2791 525 3076 595 quisquam
3098 539 3206 581 non
3232 526 3408 582 Vicwl'
3433 528 3608 594 “ire:
3635 543 3895 600 ‘f‘wmm

612 611 858 670 ecclesiis
881 616 1075 671 vestris
1112 625 1402 671 conaretur
1446 615 1736 686 expellere,
1781 628 1841 669 se
1865 628 1896 667 a
1918 612 2183 669 Christia-

613 719 805 760 norum
849 705 1073 778 collegio
1106 707 1422 779 segregavit.
1473 709 1609 762 Dum
1644 706 1809 762 trahit
1840 704 2099 776 plurimos
2131 711 2188 758 et

611 793 841 866 impellit
890 797 959 852 ad
1013 797 1217 852 erroris
1266 812 1577 863 assensum,
1632 795 1912 866 multiplici
1951 795 2184 849 animam

612 900 766 941 suam
796 888 1021 944 vulnere
1048 889 1331 955 sauciavit,
1389 891 1534 946 solus
1577 890 1719 944 ultra
1768 896 1956 944 omnes
1991 897 2047 943 et
2074 901 2189 958 per

606 990 820 1043 omnes,
862 993 927 1034 ac
970 994 1068 1049 pro
1098 980 1348 1036 omnibus
1373 995 1497 1037 reus
1539 982 1632 1052 qui
1656 995 1823 1036 causa
1865 988 2047 1035 reatus
2066 993 2186 1034 om-

610 1066 770 1123 nibus
804 1068 924 1124 fuit.
965 1070 1072 1125 Sed
1106 1060 1357 1127 licet‘his
1383 1080 1474 1125 tua
1510 1070 1825 1127 fraternitas
1871 1070 2040 1127 solido
2066 1070 2188 1125 cibo

611 1155 827 1213 ﬁrmata
873 1158 1114 1230 indigere
1159 1161 1382 1215 minime
1409 1161 1675 1227 videatur,
1709 1170 1883 1216 tamen
1910 1161 2051 1230 quod
2086 1175 2186 1213 nn-

613 1249 712 1304 stri
739 1248 843 1305 loci
866 1259 951 1306 est
977 1250 1262 1321 itnp‘lemus
1282 1251 1424 1307 circa
1454 1267 1640 1308 vocem
1666 1252 1895 1307 dicentis
1910 1250 2183 1320 Apostoli:

615 1355 635 1390 ι
676 1338 882 1395 Praeter
912 1355 980 1396 ea
1024 1356 1145 1411 quae
1191 1342 1532 1397 extrinsecus
1576 1352 1723 1406 sunt,
1779 1342 2035 1397 instantia
2067 1356 2187 1396 mea

607 1429 919 1497 quotidiana
972 1431 1281 1487 sollicitudo
1340 1434 1581 1488 omnium
1641 1432 2019 1489 Ecclesiarum.
2057 1432 2190 1499 Quis

608 1516 913 1574 inﬁrmatur
936 1528 992 1576 et
1019 1536 1119 1592 ego
1162 1537 1267 1577 non
1306 1522 1587 1577 inﬁrmor?
1620 1523 1741 1592 quis
1790 1522 2190 1577 scandalizatur

604 1616 663 1662 et
692 1623 793 1680 ego
819 1625 926 1664 non
951 1612 1114 1667 uror?
1142 1629 1160 1661 ι
1211 1610 1297 1682 (II
1333 1611 1454 1666 Cor.
1486 1627 1562 1678 ιι,
1582 1612 1672 1679 28,
1702 1611 1817 1683 29.)
1859 1611 1970 1668 Hoc
2000 1612 2189 1683 praeci-

606 1711 713 1766 pue
780 1701 1031 1768 praesenti
1093 1703 1378 1757 occasione
1430 1704 1705 1759 credimus
1765 1703 2184 1771 admonendum,

604 1785 775 1843 frater
822 1791 1161 1857 charissime,
1217 1801 1275 1847 ut
1319 1794 1749 1865 quotiescunque
1782 1794 1962 1849 divina
2011 1795 2186 1865 gratia

2278 609 2392 675 jam
2420 610 2622 665 vicerat
2644 611 2796 668 ﬁdes.
2825 612 2977 680 Quod
2998 623 3240 683 superest
3264 617 3638 682 exhortamur,
3667 627 3726 672 ut
3744 621 3897 689 quia

2287 697 2397 751 illic
2432 699 2719 756 nonnullas
2747 701 3054 757 Eutichiani
3084 718 3151 758 ac
3177 703 3481 762 Nestoriani
3509 708 3720 762 erroris
3750 708 3895 763 reii-

2285 789 2442 858 qui'as
2471 793 2820 862 cognovimus
2842 795 3185 860 remansisse,
3212 813 3358 854 nunc
3385 800 3556 855 etiam
3587 798 3718 855 Sedi
3743 816 3897 871 apo-

2287 881 2490 937 stolicae
2522 883 2843 941 collabores.
2876 884 3116 944 Victoria
3145 890 3288 945 enim
3316 907 3478 963 quam
3507 888 3657 948 Deus
3688 902 3894 950 uester

2287 985 2399 1026 sum
2420 971 2640 1027 donavit
2667 973 2944 1041 Ecclesiae,
2999 978 3237 1047 quandiu
3282 980 3337 1034 in
3379 981 3481 1036 hoc
3507 983 3717 1039 mundo
3754 1000 3899 1039 ver—

2287 1076 2491 1128 samur,
2536 1063 2663 1118 licet
2688 1064 2943 1121 ﬁduciam
2990 1068 3250 1139 majorem
3288 1071 3509 1139 tribuat,
3550 1089 3664 1129 non
3694 1085 3889 1132 tamen

2289 1150 2343 1204 in
2375 1160 2547 1207 totum
2579 1153 2994 1211 sollicitudinem
3034 1159 3270 1228 perimit,
3318 1174 3421 1216 nec
3448 1171 3511 1216 ut
3540 1164 3892 1220 donniamns

2289 1241 2484 1297 donata
2525 1253 2629 1311 est,
2658 1247 2754 1301 sed
2791 1257 2851 1302 ut
2876 1249 3094 1304 suavius
3133 1250 3465 1309 laboremus.
3497 1253 3661 1310 Unde
3689 1256 3747 1310 in
3775 1258 3891 1314 hoc

2287 1345 2502 1403 quoque
2530 1341 2634 1388 tua:
2659 1322 2948 1406 vigilantia:
2976 1338 3394 1397 sollicitudinem
3427 1343 3687 1400 volumus
3723 1346 3883 1416 adju-

2286 1423 2427 1488 vari,
2457 1433 2518 1478 ut
2549 1433 2639 1480 tua
2666 1427 2928 1484 relatione
2947 1443 3221 1498 currente,
3245 1434 3374 1505 quid
3404 1435 3547 1506 apud
3580 1436 3714 1492 illos
3756 1439 3890 1493 reli-

2287 1514 2463 1585 gionis
2485 1516 2728 1573 doctrina
2757 1519 3031 1578 Dominica
3061 1524 3340 1594 proficiat,
3384 1529 3750 1598 apostolicam
3777 1529 3883 1586 Se-

2287 1605 2410 1659 dem
2467 1605 2693 1663 festines
2735 1610 3040 1680 instruere,
3090 1624 3357 1685 quatenus
3405 1617 3553 1675 illius
3597 1620 3885 1692 religionis

2285 1697 2594 1753 sacerdotes
2636 1698 2692 1753 in
2722 1715 3043 1772 quocunque
3079 1720 3206 1761 usus
3247 1708 3485 1778 exegerit
3530 1708 3873 1778 adjuvemus.

2287 1785 2365 1840 De
2391 1787 2474 1841 his
2501 1803 2632 1844 vero
2680 1804 2799 1859 qua:
2829 1792 2883 1846 in
2915 1796 3227 1865 supradicto
3255 1799 3482 1855 concilio
3522 1800 3725 1857 illicita
3752 1818 3877 1858 coa-

604 1878 973 1949 ministrante,
1028 1883 1147 1940 illos
1177 1884 1269 1955 qui
1299 1883 1433 1940 foris
1477 1894 1603 1941 sunt
1632 1881 1782 1940 fonte
1809 1886 2066 1941 doctrina:
2094 1895 2188 1941 aut

2291 1883 2372 1930 tra
2402 1880 2740 1936 venerabiles
2768 1881 3014 1940 Nicaenos
3040 1901 3277 1943 canones
3299 1894 3741 1962 praesumptione
3765 1904 3871 1950 teu-

600 1973 1022 2043 submcrgimus,
1076 1986 1171 2031 aut
1198 1992 1512 2048 purgamus,
1545 1979 1598 2033 in
1626 1979 1773 2034 nullo
1805 1979 1874 2034 ab
1904 1979 2008 2034 illis
2050 1995 2184 2051 quas

604 2060 837 2131 Spiritus
858 2067 1029 2121 sancti
1047 2066 1299 2123 divinitas
1315 2069 1366 2122 in
1382 2068 1804 2124 Chalcedonensi
1833 2069 2059 2124 concilio
2070 2085 2189 2140 pros

604 2152 725 2205 tulit
746 2153 868 2207 fidei
899 2154 1097 2224 regulis
1126 2157 1457 2222 recedentes,
1490 2157 1631 2211 inter
1671 2166 1959 2227 utrumque
1979 2159 2187 2213 hostem

604 2239 828 2294 novella:
880 2241 1119 2311 perﬁdia:
1180 2259 1485 2300 sermonem
1542 2255 1785 2301 nostrum
1843 2262 1968 2302 cum
2034 2247 2184 2303 omni

603 2326 808 2381 cautela
829 2328 1136 2386 liberemus.
1168 2331 1284 2389 Non
1306 2334 1441 2405 jam,
1468 2338 1610 2407 quod
1639 2337 1802 2405 absit,
1833 2347 2090 2409 tanquam
2119 2343 2186 2396 de

602 2415 779 2472 dubiis
806 2419 1190 2490 disceptantes,
1237 2429 1331 2481 sed
1372 2428 1705 2484 auctoritate
1730 2444 1827 2484 sua
1879 2446 1998 2500 qua:
2050 2432 2188 2486 bene

600 2505 819 2562 deﬁnita
844 2519 968 2565 sunt
1004 2521 1331 2582 astruentes,
1361 2531 1483 2572 cum
1521 2528 1577 2573 ct
1604 2519 1659 2573 in
1696 2520 2003 2590 apostolica:
2029 2520 2186 2579 Sedis

600 2596 826 2665 epistola
875 2601 1166 2658 universali
1200 2616 1403 2663 sanctze
1452 2611 1643 2680 synodi
1697 2626 1924 2668 assensu
1970 2613 2185 2670 ﬁrmata

602 2696 749 2742 tanta
778 2690 973 2747 divinae
1000 2698 1337 2755 auctoritatis
1369 2702 1678 2757 testimonia
1703 2705 2016 2761 noverimus
2063 2720 2186 2762 esse

598 2791 874 2851 congesta,
906 2793 965 2839 ut
992 2786 1171 2843 nullus
1193 2798 1357 2859 queat
1398 2791 1627 2847 ulterius
1662 2792 1937 2862 dubitare,
1966 2797 2065 2851 nisi
2091 2798 2182 2868 qui

598 2868 920 2943 sibimetipsi
950 2890 1197 2933 errorum
1248 2883 1498 2939 tenebras
1524 2884 1726 2940 inferre
1751 2885 2020 2953 maluerit,
2061 2903 2184 2944 eum

598 2963 875 3032 synodalia
926 2982 1077 3036 gesta
1122 2970 1207 3024 vel
1251 2973 1449 3042 quibus
1492 2976 1726 3045 primum
1773 2978 2015 3033 deﬁnitio
2058 2979 2180 3037 ﬁdei

598 3053 794 3125 legitur
815 3071 936 3113 esse
969 3058 1222 3128 formata,
1247 3062 1334 3118 vel
1354 3065 1549 3134 quibus
1573 3066 1813 3137 praefata:
1837 3068 2032 3124 litterae
2057 3086 2185 3141 apo-

597 3144 803 3201 stolicte
832 3146 1009 3215 Sedis,
1051 3151 1215 3207 etiam
1242 3162 1345 3209 tuae
1374 3154 1729 3216 fraternitatis
1754 3161 1930 3216 studio
1952 3161 2184 3218 defensa)

2290 1972 2399 2020 tata
2427 1976 2552 2024 sunt
2597 1971 2665 2025 ad
2715 1970 2940 2028 fratrem
2967 1983 3024 2030 et
3049 1977 3357 2050 episcopum
3387 1988 3645 2037 nostrum
3698 1985 3865 2041 Antio-

2286 2057 2489 2113 chtenze
2541 2060 2686 2117 sedis
2729 2064 3011 2133 praesulem
3065 2068 3398 2139 scripsimus,
3452 2073 3783 2144 adjicicutcs
3817 2087 3868 2132 et

2288 2145 2417 2204 illud
2441 2151 2584 2221 quod
2614 2153 2770 2208 nobis
2791 2164 3017 2227 propter
3043 2158 3439 2229 improbitatem
3475 2167 3868 2224 monachorum

2287 2243 2640 2309 quorumdam
2679 2246 2950 2319 religionis
2996 2260 3190 2308 vestra:
3218 2255 3383 2311 verbo
3431 2259 3743 2326 mandasti,
3783 2277 3863 2331 per

2284 2334 2522 2391 vicarios
2550 2349 2769 2395 nostros
2792 2349 2847 2397 et
2872 2344 3181 2413 specialiter
3208 2355 3533 2417 statuentes,
3586 2361 3655 2407 ut
3682 2366 3875 2423 prater

2286 2424 2495 2482 Domini
2543 2432 2885 2500 sacerdotes,
2930 2436 3110 2493 nullus
3155 2438 3352 2495 audeat
3400 2442 3735 2511 prtedicare,
3783 2462 3875 2501 seu

2285 2520 2581 2576 monachus
2634 2523 2748 2579 sive
2801 2524 2890 2581 ille
2943 2528 3016 2583 sit
3067 2528 3240 2586 laicus
3292 2533 3582 2603 cujuslibet
3632 2538 3875 2595 scientia:

2285 2610 2501 2667 nomine
2544 2611 2818 2683 glorietur.
2855 2616 3002 2685 Quas
3052 2628 3229 2676 tamen
3256 2621 3465 2679 litteras
3494 2641 3596 2696 pro
3643 2627 3876 2683 utilitate

2285 2702 2604 2761 universalis
2666 2706 2921 2765 Ecclesiae
2986 2725 3085 2781 per
3142 2715 3459 2783 prmdictum
3527 2717 3766 2775 fratrem
3824 2734 3873 2776 et

2282 2794 2661 2866 coepiscopum
2699 2807 2945 2855 nostrum
2984 2801 3278 2860 Maximum
3328 2808 3396 2861 ad
3438 2809 3689 2864 omnium
3735 2812 3872 2866 voln-

2282 2896 2402 2939 mus
2428 2887 2714 2954 pervenire
2738 2890 3006 2957 notitiam,
3030 2901 3085 2949 et
3105 2895 3173 2949 ob
3190 2895 3289 2952 hoc
3318 2896 3369 2951 id
3398 2897 3657 2955 nolumus
3682 2917 3869 2957 earum

2281 2974 2556 3046 exemplar
2599 2976 2857 3047 adjicere,
2889 2982 3017 3052 quia
3047 2999 3168 3054 quae
3201 2988 3457 3056 pmdicto
3498 2990 3663 3045 fratri
3693 2992 3868 3062 injun-

2282 3063 2460 3120 ximus
2512 3081 2619 3122 non
2663 3069 2973 3128 dubitamus
3023 3073 3310 3146 implenda.
3377 3079 3446 3135 Et
3491 3081 3597 3137 alia
3656 3100 3865 3140 manu:

2281 3152 2424 3211 Deus
2448 3163 2499 3211 te
2526 3156 2849 3216 incolumem
2870 3164 3160 3232 custodiat,
3183 3165 3715 3239 fratercharissime.
3738 3173 3867 3229 Data

598 3246 747 3305 sum,
774 3248 830 3295 ει
868 3242 1102 3300 maxime
1129 3246 1197 3302 ad
1243 3247 1517 3318 piissimus
1560 3251 1831 3323 principes
1863 3254 2027 3309 ιοιίυε
2052 3271 2180 3309 con-
2207 3255 2251 3319 ρ
2281 3254 2475 3313 quarto
2502 3246 2625 3304 ldus
2652 3248 2831 3317 Junii,
2875 3252 3122 3325 Opilione
3149 3256 3265 3314 viro
3291 3259 3601 3320 clarissimo
3624 3268 3865 3322 consule.

595 3325 706 3382 cilii
744 3327 1027 3397 allocutio,
1061 3341 1139 3389 tot
1185 3335 1275 3400 sit,
1323 3339 1742 3408 praecedentium
1781 3339 1998 3397 Patrum
2028 3345 2179 3399 testi-

595 3419 794 3475 moniis
815 3422 1089 3491 roborata,
1108 3435 1189 3493 ut,
1208 3430 1455 3498 quamvis
1480 3432 1803 3502 imprudenti
1832 3451 1896 3490 ac
1919 3438 2179 3506 pertinaci
2226 3478 2227 3481 η

594 3508 797 3576 animo,
845 3511 889 3566 si
917 3521 1094 3569 tamen
1124 3531 1230 3571 non
1246 3515 1359 3586 jam
1394 3535 1516 3574 cum
1540 3522 1754 3596 diabolo
1786 3540 1885 3594 pro
1933 3541 2027 3581 sua
2075 3527 2177 3581 im-

594 3598 797 3668 pietate
842 3603 1130 3662 damnatus
1174 3617 1278 3675 est,
1318 3610 1533 3667 valeant
1584 3617 1830 3671 suadere.
1876 3617 2026 3674 Unde
2077 3620 2180 3678 hoc

594 3702 809 3759 quoque
829 3701 1017 3748 contra
1048 3695 1231 3753 hostes
1259 3698 1515 3757 Ecclesia:
1538 3705 1826 3774 providere
1855 3710 2178 3780 condignum

593 3787 699 3843 est,
737 3789 797 3835 ut
840 3783 922 3838 eis
960 3786 1161 3842 nullam
1210 3791 1575 3849 calumniandi
1622 3799 1983 3866 occasionem,
2036 3804 2179 3872 quod

595 3868 663 3922 ad
692 3884 793 3926 nos
821 3873 1033 3940 attinet,
1082 3878 1298 3948 penitus
1351 3882 1738 3955 relinquamus,
1795 3905 1895 3945 nec
1940 3868 2177 3964 unquam

593 3970 783 4018 contra
814 3962 1163 4025 Nestorianos
1209 3981 1304 4026 aut
1352 3974 1699 4034 Eutichianos
1752 3992 1971 4051 agentes
2023 3962 2175 4040 alteri

593 4063 781 4109 eorum
808 4052 1092 4111 videamur
1126 4066 1275 4129 terga
1303 4064 1552 4121 vertisse.
1592 4066 1701 4124 Sed
1730 4078 1988 4142 utrosque
2015 4074 2176 4130 Chri-

593 4140 664 4194 sti
694 4141 875 4199 hostes
900 4159 1052 4215 aequa
1082 4147 1238 4205 lance
1264 4151 1498 4211 vitemus
1524 4165 1685 4227 atque
1711 4140 2048 4218 damnemus.
2098 4164 2175 4221 lta

596 4241 655 4284 ut
695 4248 794 4287 nos
827 4238 1038 4303 quoties
1077 4240 1409 4298 audientium
1441 4248 1687 4316 quaelibet
1732 4253 1906 4320 poscit
1952 4255 2172 4322 utilitas,

591 4339 717 4378 cum
736 4326 1075 4399 dogmatibus
1103 4336 1314 4391 eorum'
1334 4338 1495 4411 digno
1524 4345 1866 4402 anathemate
1897 4351 2199 4420 promptis-A

591 4413 729 4469 sime
756 4425 920 4487 atque
953 4421 1353 4483 evidentissime
1396 4428 1676 4501 feriamus,
1729 4451 1798 4490 ne
1848 4438 1892 4492 si
1944 4454 1974 4491 a
2022 4440 2176 4496 nobis

592 4498 695 4561 hoc
721 4509 865 4577 quod
890 4510 1172 4570 obscurius
1198 4517 1315 4574 ﬁeri
1345 4520 1591 4578 videatur
1613 4498 1705 4581 aut
1731 4530 1935 4585 tardius
1957 4541 2175 4602 putetur

2561 3339 2738 3396 XLIII.
2776 3373 2846 3382 —-
2865 3345 2949 3399 Ad
2967 3344 3246 3405 lulianum
3274 3351 3594 3425 episcopum.

2352 3427 2464 3485 Leo
2489 3428 2718 3489 Juumo
2742 3436 3015 3509 episcopo.

2351 3516 2800 3578 Christianissimi
2842 3526 3103 3599 principis
3147 3531 3308 3589 ﬁdem
3343 3550 3483 3607 saepe
3516 3540 3867 3599 evidentissi-

2281 3608 2382 3662 mis
2415 3611 2761 3680 probavimus
2796 3616 3157 3688 documentis,
3215 3637 3281 3679 ac
3330 3627 3396 3682 de
3425 3640 3619 3686 nostro
3668 3636 3869 3705 gratias

2280 3714 2381 3770 ago
2403 3702 2496 3771 qui
2527 3703 2685 3760 talem
2719 3706 2970 3779 dignatus
2992 3719 3075 3767 est
3102 3714 3265 3771 rebus
3290 3717 3546 3776 humanis
3568 3702 3867 3782 concedere

2278 3806 2378 3861 pro
2423 3808 2520 3849 sua
2570 3795 2773 3866 pietate
2824 3810 3127 3871 rectorem,
3160 3807 3253 3876 qui
3283 3808 3409 3864 ﬁdei
3450 3814 3655 3871 Causas
3685 3827 3745 3871 et
3772 3820 3861 3872 rei-

2279 3884 2505 3954 publica:
2558 3903 2782 3948 summm
2814 3894 3106 3966 vigilantia:
3143 3903 3322 3958 studio
3354 3914 3622 3975 tueretur,
3658 3912 3858 3969 haereti-

2278 3990 2465 4031 corum
2523 3980 2746 4038 ausibus
2795 3997 3011 4057 semper
3057 3988 3348 4058 obsistens,
3399 4005 3455 4050 et
3501 3999 3646 4053 nihil
3681 4016 3861 4057 eorum

2279 4064 2502 4123 insania:
2530 4071 2820 4129 adversum
2870 4077 3192 4135 catholicam
3241 4083 3398 4139 ﬁdem
3444 4085 3617 4145 licere
3648 4095 3861 4163 pennit-

2281 4167 2418 4228 tetzs,
2453 4160 2610 4231 cujus
2648 4174 2769 4236 post
2802 4166 2970 4223 Deum
3012 4171 3290 4229 beneﬁciis
3320 4175 3425 4232 hoc
3444 4160 3707 4248 debetur,
3733 4185 3861 4254 quod

2276 4250 2800 4325 Hierosolymitanus
2827 4262 3111 4333 episcopus
3156 4276 3241 4321 est
3291 4280 3569 4340 receptus,
3600 4285 3658 4330 et
3689 4292 3863 4333 mona-

2275 4343 2407 4398 chos
2454 4359 2589 4414 quos
2617 4349 2845 4417 perﬁdia
2897 4352 3166 4411 heretica:
3207 4355 3461 4416 falsitatis
3490 4365 3775 4425 invaserat
3802 4370 3861 4424 ad

2276 4433 2564 4489 sanitatem
2589 4450 2817 4509 augusta
2841 4446 3141 4500 auctoritas
3172 4453 3464 4508 revocavit.
3487 4455 3616 4513 Mox
3662 4461 3859 4532 itaque,

2277 4533 2337 4577 ut
2359 4526 2541 4595 accepi
2568 4528 2825 4596 epistolas
2862 4540 2979 4589 tuas
3015 4536 3145 4592 talia
3169 4542 3529 4611 continentes,
3557 4565 3672 4604 non
3698 4526 3862 4606 solum

591 4596 841 4654 invitum.
881 4601 1034 4669 Quod
1062 4610 1308 4675 quamvis
1354 4614 1694 4683 prudentiam
1746 4628 1890 4676 tuam
1942 4596 2029 4678 res
2058 4626 2169 4695 ipsa
2197 4602 2250 4665 D
2277 4616 2466 4671 eadem
2493 4618 2600 4685 die:
2633 4622 2729 4677 53d
2754 4639 2919 4695 Prope
2945 4629 3136 4684 eadem
3166 4631 3253 4687 die
3282 4650 3609 4705 τεδυοηδυυι
3642 4645 3864 4699 "eadem

589 4689 881 4747 admonere
917 4694 1175 4764 sufﬁciat,
1210 4716 1351 4758 nunc
1382 4713 1558 4761 tamen
1591 4718 1643 4763 et
1672 4713 2040 4780 experimenta
2072 4716 2171 4771 do-

588 4790 837 4836 cuernnt.
882 4782 986 4839 Sed
1014 4788 1333 4847 benedictus
1361 4794 1501 4850 Deus
1531 4809 1720 4855 noster
1759 4803 1913 4875 cujus
1940 4805 2169 4861 invinci-

590 4868 715 4924 bilis
740 4872 942 4929 veritas
972 4875 1040 4929 ab
1069 4880 1215 4933 omni
1271 4882 1539 4943 haereseos
1572 4891 1778 4945 macula
1810 4894 2068 4949 mundum
2118 4907 2168 4952 te

589 4960 886 5016 secundum
943 4964 1098 5022 Sedis
1146 4973 1453 5041 apostolicae
1504 4976 1766 5046 judicium
1823 4988 2163 5054 monstravit,

588 5050 675 5103 cui
704 5050 917 5121 dignam
962 5059 1216 5116 retribuis
1250 5079 1349 5133 pro
1394 5073 1473 5122 tot
1514 5066 1787 5125 laboribus
1823 5075 2076 5142 gratiam,

591 5141 751 5195 talem
782 5155 832 5199 te
851 5148 1063 5216 qualem
1097 5153 1440 5222 probavimus
1487 5173 1550 5213 ac
1578 5162 1884 5230 probamus,
1919 5181 2016 5235 pro
2042 5168 2166 5221 uni-

590 5234 815 5291 versalis
852 5237 1105 5297 Ecclesiae
1134 5244 1447 5301 defensione
1471 5254 1791 5308 servaveris.
1844 5254 1977 5309 Nam
2023 5259 2164 5327 quod

588 5323 732 5380 Deus
760 5330 1002 5385 omnium
1032 5332 1483 5394 calumniosorum
1516 5341 1756 5398 fallacias
1783 5346 1965 5412 solvit,
1990 5348 2164 5403 maxi-

588 5427 733 5468 mam
761 5416 1055 5473 beatissimi
1091 5421 1234 5478 Petri
1258 5441 1442 5482 curam
1473 5445 1571 5499 pro
1589 5433 1744 5488 nobis
1770 5436 1976 5491 cunctis
1999 5424 2165 5509 agno-

587 5506 805 5571 scimus,
832 5511 923 5579 qui
942 5513 1252 5585 priusquam
1274 5522 1416 5577 sedis
1445 5523 1820 5592 suaejudieium
1847 5528 1898 5581 in
1925 5529 2047 5584 ﬁdei
2071 5530 2163 5586 de-

589 5594 831 5653 ﬁnitione
860 5600 1110 5667 ﬁrmavit,
1144 5622 1241 5661 nec
1286 5613 1426 5665 circa
1460 5615 1774 5684 cujusquam
1800 5628 2038 5673 vestrum
2068 5620 2160 5690 qui

590 5687 866 5743 nobiscum
936 5705 1036 5760 pro
1097 5698 1357 5754 catholica
1409 5702 1513 5759 ﬁde
1567 5704 1821 5762 laboratis
1871 5687 2158 5779 personam

590 5790 872 5847 reprobum
918 5783 1086 5839 videri
1123 5790 1383 5856 permisit,
1439 5794 1562 5862 quia
1593 5812 1689 5851 nec
1714 5809 1923 5866 poterat
1955 5800 2158 5871 Spiritu

2273 4712 2579 4777 maturavi,
2640 4723 2699 4767 ιιι
2739 4718 2942 4773 certior
2993 4719 3060 4773 de
3101 4725 3352 4781 omnibus
3391 4744 3512 4799 qua:
3564 4734 3863 4806 scripseras

2273 4800 2593 4859 reddideris.
2652 4804 2897 4863 Fratrem
2945 4810 3250 4870 Proteriutn
3288 4800 3704 4882 Alexandrinae.
3723 4824 3861 4884 urbis

2271 4894 2582 4965 episcopum
2612 4900 2851 4968 gratulor
2877 4904 3262 4964 satisfactionis
3302 4911 3490 4981 plenas
3516 4916 3590 4970 de
3622 4918 3735 4974 ﬁde
3770 4937 3855 4974 sua

2271 4986 2339 5038 ad
2398 5000 2496 5040 nos
2541 4985 2750 5044 litteras
2796 4991 3079 5060 direxisse,
3126 5006 3181 5051 et
3233 5000 3546 5067 manifeste,
3598 5010 3855 5076 quidnam

2269 5083 2452 5130 teneat
2502 5077 2790 5146 indicasse,
2844 5084 2927 5137 cui
2968 5100 3055 5140 me
3084 5087 3300 5159 dignam
3325 5095 3565 5163 gratiam
3611 5116 3715 5168 pro
3740 5102 3856 5156 ﬁdei

2268 5166 2437 5237 ipsius
2454 5169 2771 5228 sinceritate
2801 5190 3024 5232 necesse
3070 5188 3154 5234 est
3180 5192 3460 5251 przestare,
3506 5198 3568 5241 ut
3599 5166 3852 5247 honorem

2268 5259 2320 5312 in
2348 5260 2494 5315 nullo
2544 5276 2655 5317 sure
2678 5265 2871 5332 perdat
2909 5269 3172 5339 ecclesiae,
3228 5273 3372 5331 sedis
3421 5293 3536 5333 sua:
3578 5282 3851 5352 privilegia

2266 5359 2505 5419 paternae
2542 5354 2881 5423 antiquitatis
2920 5361 3169 5431 exemplo
3193 5402 3208 5429 ,
3245 5362 3403 5433 juxta
3436 5382 3711 5427 canonum
3749 5374 3848 5428 illis

2268 5437 2391 5493 bata
2445 5440 2568 5508 jura
2625 5446 2934 5514 possideat,
2991 5450 3058 5504 de
3110 5457 3396 5523 praesentis
3438 5460 3571 5515 anni
3625 5461 3848 5531 Pascha,

2268 5529 2410 5583 nulla
2437 5532 2701 5590 dubitatio
2734 5552 2854 5592 esse
2873 5540 3029 5595 nobis
3050 5545 3244 5612 potuit.
3278 5545 3386 5602 Sed
3406 5548 3474 5605 de
3500 5550 3686 5607 futuro
3709 5529 3845 5624 quod

2267 5619 2543 5688 Scivimus,
2571 5626 2713 5694 quod
2732 5626 3056 5700 Theophilus
3076 5634 3454 5695 Alexandrina:
3482 5644 3635 5698 urbis
3650 5619 3845 5715 episco-

2266 5730 2366 5784 pus
2388 5732 2528 5774 nono
2541 5718 2900 5779 Kalendarum
2914 5724 3173 5783 Maiarum
3189 5730 3292 5795 die,
3310 5734 3453 5803 quod
3484 5752 3754 5807 nunquam
3770 5740 3839 5794 ita

2267 5822 2295 5861 a
2325 5816 2565 5879 tempore
2611 5812 2898 5870 Dominieze
2936 5824 3348 5880 resurrectionis
3388 5827 3718 5885 celebratum
3761 5841 3840 5886 est
