3968 6450
138 471 267 526 829

1275 473 1768 533 DECRETALIUM
1808 473 2214 531 COLLECTIO.

3311 466 3416 532 830

130 591 388 646 credidit
414 584 812 647 ascri'hendum.
858 590 1010 649 Unde
1035 588 1316 648 sollicitius
1355 591 1605 663 congruit
1644 589 1728 644 in-
1757 593 1807 654 Α
1835 586 1990 650 sime,
2024 588 2075 641 in
2110 585 2252 642 nullo
2274 587 2438 642 debes
2471 588 2536 642 de
2568 596 2748 641 uestra
2787 586 3074 643 dilectione
3099 585 3345 643 dubitare
3368 586 3417 644 si

128 683 320 753 quiri,
347 692 404 737 ut
430 684 606 737 omnis
632 684 845 739 occasio
873 683 1090 739 tollatur
1112 683 1331 739 erroris.
1383 681 1519 736 Nam
1546 681 1600 735 in
1633 692 1732 734 no-

126 775 286 829 stris
338 773 621 829 annalibus
659 773 1018 829 Kalendarum
1075 772 1335 828 Maiarum
1391 773 1512 837 die,
1568 770 1734 841 aptis-

124 865 290 922 sime
338 881 367 919 a
403 864 650 920 Patrihus
707 866 904 920 nostris
958 873 1009 918 et
1068 864 1390 919 constitutus
1441 861 1635 933 legitur
1677 866 1733 914 et

1835 678 2111 748 prophetae
2134 677 2439 747 exemplum
2468 679 2713 747 sequaris
2740 688 2796 733 et
2818 680 2968 734 dicas
3011 696 3025 732 :
3054 698 3073 731 ‹
3104 677 3294 734 Nonne
3323 678 3415 747 qui

1834 776 1888 823 te
1913 770 2162 835 oderant,
2213 770 2455 835 Domine,
2486 771 2707 825 oderam
2740 771 2877 837 illos,
2906 781 2961 827 et
2987 785 3148 841 super
3169 770 3417 826 inimicos

1832 869 1954 917 tuos
1982 863 2365 918 tabescebam?
2402 883 2419 914 ι
2452 862 2622 933 (Psal.
2658 878 2922 929 cxxxvnt,
2957 862 3072 934 Si.)
3102 863 3208 918 Per
3233 864 3416 918 omnia

128 957 475 1013 celebratus.
508 957 584 1012 Ac
613 973 679 1011 ne
708 957 790 1011 vel
823 957 963 1026 apud
1009 972 1126 1018 nos,
1161 955 1244 1009 vel
1273 954 1411 1025 apud
1441 951 1731 1009 orientales
1788 1024 1797 1029 .
1830 950 1975 1004 enim
2016 949 2138 1005 volo
2175 961 2227 1007 te
2270 966 2390 1007 esse
2433 953 2816 1018 certissimum,
2864 954 3005 1024 quod
3054 954 3195 1008 sicut
3237 969 3415 1009 meam

128 1056 408 1104 nascatur
452 1062 518 1102 ex
572 1048 671 1101 hac
726 1056 880 1116 parte
930 1046 1242 1111 diversitas,
1295 1046 1398 1100 hoc
1442 1041 1731 1098 instantius

130 1151 338 1195 nostra
368 1140 585 1196 nomine
621 1155 743 1193 cum
788 1138 1251 1193 Christianissimo
1290 1136 1530 1207 principe
1570 1147 1730 1203 agere

129 1243 238 1288 tua
273 1234 527 1303 dignetur
552 1231 789 1287 dilectio.
838 1230 1097 1298 Quamvis
1136 1240 1189 1284 et
1230 1230 1344 1301 ipse
1367 1228 1727 1285 clementissi-

126 1342 269 1381 mus
311 1325 564 1396 princeps
615 1338 674 1379 se
714 1323 1057 1394 inquisitione
1100 1322 1485 1378 sollicitissima
1538 1334 1726 1376 curam

124 1416 288 1471 hanc
325 1414 597 1487 Egyptiis
625 1414 925 1485 delegasset
954 1413 1067 1467 suis
1089 1413 1354 1483 episcopis
1378 1412 1626 1482 dignatus
1655 1411 1727 1465 sit

124 1506 405 1562 indicare.
452 1503 742 1575 Epistolam
765 1519 895 1559 sane
935 1518 1110 1557 meam
1138 1503 1204 1558 ad
1231 1501 1725 1557 Chalcedonensem

118 1598 408 1668 synodum
463 1597 641 1652 datam
697 1595 1054 1666 prtesentibus
1105 1594 1371 1664 episcOpis
1413 1600 1468 1648 et
1511 1592 1725 1648 clericis

117 1689 337 1744 lectam
389 1689 554 1745 fuisse
595 1688 701 1745 tuis
727 1687 968 1759 epistolis
1011 1687 1273 1741 retulisse.
1327 1685 1432 1740 Sed
1459 1700 1627 1755 usque
1655 1683 1723 1739 ad

122 1778 270 1833 illud
305 1780 597 1850 capitulum
627 1793 733 1849 quo
761 1793 822 1833 ea
854 1793 974 1849 qn:e
1003 1778 1068 1833 de
1099 1779 1204 1832 ﬁde
1238 1786 1360 1832 acta
1390 1785 1536 1842 sunt,
1569 1791 1722 1832 meus

120 1868 352 1921 videtur
372 1868 616 1923 ﬁrmasse
637 1883 952 1923 consensus.
985 1866 1136 1922 Unde
1165 1868 1389 1923 miratus
1415 1883 1553 1931 sum,
1578 1867 1720 1938 quod

1829 1039 2240 1094 aestimationem
2270 1040 2490 1095 illaesam
2533 1042 3067 1112 cupiopermanere,
3101 1042 3175 1097 ita
3205 1053 3331 1115 opto
3364 1053 3416 1099 te

1828 1143 2043 1199 quoque
2076 1131 2128 1184 in
2150 1131 2401 1185 omnibus
2425 1131 2951 1201 irreprehensibilem
2979 1133 3226 1203 reperiri.
3269 1135 3415 1189 PRE—

1827 1219 2002 1275 dictus
2028 1229 2207 1275 autem
2236 1230 2294 1276 ut
2329 1222 2397 1278 ab
2440 1223 2586 1277 omni
2633 1222 2939 1294 suSpieione
2980 1224 3251 1279 contraria
3278 1224 3417 1280 liter

1828 1324 2105 1382 appareat,
2123 1314 2251 1384 quid
2278 1314 2328 1368 in
2358 1314 2622 1370 Eutichen
2644 1316 3066 1373 anathematizet
3097 1334 3163 1373 ac
3193 1319 3415 1375 damnet

1825 1404 2110 1460 evidenter
2133 1406 2403 1471 ostendat,
2440 1415 2497 1461 et
2532 1408 2585 1462 in
2629 1407 3031 1464 damnationem
3079 1411 3281 1466 erroris
3311 1426 3409 1466 ex-

1825 1496 2021 1566 pressi,
2068 1504 2272 1552 remota
2316 1498 2463 1552 omni
2504 1497 2842 1554 dubitatione
2882 1498 3208 1555 subscribat.
3251 1500 3329 1555 lta
3354 1508 3410 1556 ut

1823 1586 2275 1644 Chalcedonensis
2289 1588 2516 1660 symboli
2534 1589 2901 1645 deﬁnitionem
2917 1590 2983 1647 de
3005 1591 3129 1657 ﬁde,
3146 1591 3230 1646 cui
3245 1593 3409 1647 etiam

1824 1676 2040 1734 dilectio
2067 1688 2154 1733 tua
2176 1679 2565 1736 subscribendo
2590 1681 2885 1748 consensit,
2909 1690 2963 1737 et
3001 1698 3162 1753 quam
3195 1693 3410 1754 aposto-

1821 1768 1941 1826 licze
1991 1769 2149 1827 Sedis
2200 1771 2437 1826 ﬁrmavit
2483 1773 2781 1828 auctoritas
2827 1776 3150 1843 proﬁteatur
3201 1790 3264 1830 se
3313 1791 3412 1847 per

1825 1860 2004 1916 smnia
2065 1869 2445 1928 servaturum,
2502 1860 2711 1929 adjecta
2761 1862 3121 1931 suscriptione
3179 1864 3411 1934 pr0prize

118 1958 346 2028 reliqua
375 1974 495 2028 quae
525 1967 709 2014 secuta
741 1958 975 2024 fuerunt,
1007 1972 1113 2013 non
1148 1958 1354 2029 pariter
1390 1958 1442 2013 in
1471 1959 1715 2013 notitiam
1753 1943 1794 2002 Β
1822 1965 2032 2015 manus.
2065 1966 2187 2022 quae
2215 1951 2271 2005 in
2316 1950 2546 2008 εεοιθείθ
2586 1945 2897 2008 ΟΙιΐῖειῘεὶηο
2919 1953 3115 2023 ρυρυιο
3141 1965 3410 2025 Ρΐίιξεειιιθ

117 2065 327 2104 eorum
364 2050 560 2119 quibus
605 2059 730 2104 sunt
769 2047 903 2105 lecta
939 2050 1146 2119 prolata
1172 2048 1302 2114 sint,
1336 2050 1720 2104 cummaxime

114 2142 391 2196 omnibus
431 2141 765 2196 innotescere
813 2140 1106 2206 debuisset,
1161 2141 1462 2211 improbum
1503 2155 1533 2194 a
1564 2142 1719 2196 nobis

118 2234 401 2288 ambitum
445 2243 688 2288 notatum
734 2233 919 2297 fuisse,
972 2242 1029 2288 et
1073 2234 1227 2289 novis
1282 2234 1721 2304 nsurpationibus

117 2326 447 2388 constituta,
493 2325 770 2390 inviolata,
818 2334 877 2380 ut
923 2339 1136 2395 semper
1161 2325 1494 2395 scripsimus,
1531 2341 1716 2381 serva-

118 2428 344 2471 rentur.
393 2418 457 2472 Et
498 2417 605 2486 jam
656 2419 1031 2489 presbyterum
1084 2432 1244 2488 quem
1303 2419 1503 2474 asseris
1551 2418 1718 2475 fuisse

112 2508 434 2567 discussum
472 2509 809 2580 gratulamur
834 2509 1139 2579 cognitione
1168 2509 1350 2564 habita
1383 2509 1435 2563 in
1468 2509 1719 2566 omnibus

116 2598 302 2652 fuisse
329 2610 631 2669 purgatum.
681 2597 974 2670 Epistulam
1001 2614 1215 2669 quoque
1252 2600 1316 2653 ad
1357 2599 1716 2656 Christianis-

115 2690 325 2744 sinnnn
354 2690 650 2761 principem
678 2691 891 2745 noveris
914 2707 1000 2745 me
1030 2692 1244 2747 misisse
1266 2692 1318 2745 in
1350 2709 1453 2763 qua
1488 2692 1561 2747 illi
1596 2709 1714 2765 gra-

117 2783 231 2835 tias
257 2783 367 2852 egi,
391 2784 514 2851 quia
543 2798 728 2837 curam
760 2784 889 2838 ntihi
920 2798 1071 2837 suam
1113 2794 1221 2838 tam
1252 2800 1348 2854 pro
1379 2785 1503 2840 ﬁdei
1551 2802 1714 2841 causa

115 2886 291 2937 quam
320 2886 417 2939 pro
438 2872 726 2926 securitate
753 2871 1058 2943 reipublic.e
1078 2872 1328 2944 dignatus
1349 2882 1431 2929 est
1454 2874 1711 2931 indicare.

1822 2040 2105 2107 recitetur,
2133 2050 2194 2096 ut
2217 2056 2315 2112 pro
2343 2042 2609 2098 catholica
2638 2043 2762 2110 ﬁde,
2793 2058 2969 2113 neque
2995 2060 3094 2101 nos
3138 2046 3411 2117 negligen-

1823 2137 1939 2194 tes,
1990 2145 2167 2201 neque
2194 2132 2309 2201 ipsa
2338 2132 2528 2187 umbra
2574 2141 2858 2202 suspectus
2900 2133 3187 2190 habeatur.
3231 2135 3333 2203 Qui
3362 2135 3410 2191 si

1820 2220 1874 2275 in
1906 2222 2094 2279 eadem
2124 2223 2393 2294 pravitate
2428 2225 2731 2293 perdurans
2768 2226 3051 2296 pneceptis
3098 2226 3408 2283 salubribus

1819 2326 2011 2381 parere
2052 2312 2304 2376 noluerit,
2343 2314 2669 2368 sententiam
2714 2316 2901 2386 synodi
2930 2315 3407 2387 Chalcedonensis,

1818 2399 1972 2468 cujus
2000 2401 2407 2459 deﬁnitionibus
2440 2404 2686 2470 resultat,
2736 2407 2978 2477 recipiet.
3024 2409 3159 2463 Data
3186 2409 3408 2479 quinto-

1817 2491 2027 2547 decimo
2047 2492 2319 2549 Kalendas
2342 2494 2561 2564 Aprilis,
2620 2495 2788 2567 gloria
2820 2496 3116 2569 Maioriano
3138 2500 3406 2575 Augusto.

1817 2581 2060 2638 consule.

2275 2671 2435 2729 XLV.
2467 2705 2538 2715 —
2570 2676 2652 2731 Ad
2677 2678 2935 2736 eumdem.

1884 2758 1995 2815 Leo
2021 2761 2303 2832 episcopus
2323 2765 2604 2822 Auarouo
2632 2769 2907 2840 episcopo.

1886 2852 1941 2907 Si
1972 2855 2128 2910 ﬁrmo
2159 2856 2694 2929 incommutabilique
2721 2863 3000 2932 proposito
3039 2864 3258 2922 dilectio
3311 2874 3404 2925 tua

112 2960 302 3016 Aliam
329 2977 545 3032 quoque
581 2964 649 3018 ad
688 2978 787 3019 nos
830 2963 1113 3035 epistolam
1162 2964 1308 3020 dedit
1349 2966 1715 3022 interveniens
1812 2960 2000 3001 “mm
2032 2948 2222 3019 3mm“
2264 2950 2572 3006 communis
2624 2953 2931 3020 habuisse"
2974 2956 3109 3010 nihil
3158 2957 3405 3026 prorem”

113 3071 222 3124 pro
252 3054 504 3110 Anatolio
541 3056 827 3128 episeopo,
879 3065 938 3111 ut
992 3057 1161 3111 nostri
1212 3057 1287 3112 illi
1324 3058 1485 3112 animi
1539 3059 1713 3130 gratia
1811 3039 1954 3130 quod
1998 3037 2159 3092 ullam
2208 3041 2540 3098 attxictatcm
2595 3044 2689 3098 tibi
2735 3044 3029 3115 ingereret,
3080 3049 3400 3107 exstitisset.

114 3145 452 3214 pnebeatur,
478 3145 730 3213 quoniam
757 3145 1152 3201 correctionem
1182 3145 1298 3214 ejus
1326 3127 1609 3216 permittit,
1656 3156 1711 3204 et

1817 3127 1926 3184 Non
1963 3133 2109 3186 enim
2138 3133 2352 3188 sinelat
2396 3136 2559 3202 ratio,
2590 3145 2651 3190 ut
2679 3135 2796 3206 ejus
2824 3139 3146 3194 eharitatem
3169 3156 3397 3212 sperne-

117 3239 177 3291 in
201 3238 456 3292 omnibus
485 3237 885 3294 satisfacturum
934 3253 1052 3294 esse
1098 3254 1219 3310 quae
1249 3239 1316 3293 ad
1364 3240 1487 3295 ﬁdei
1516 3240 1706 3295 obser-

116 3332 363 3385 vantiam
406 3332 769 3402 pertinentur,
796 3331 1031 3402 pollicet.
1068 3332 1198 3387 Data
1226 3333 1413 3403 quinto
1452 3332 1577 3388 ldus
1615 3332 1707 3388 Ja-

116 3424 322 3490 nuarii,
356 3422 478 3478 Etio
497 3432 553 3477 et
576 3425 765 3479 Studia
802 3423 933 3477 viris
957 3424 1274 3479 clarissimis
1300 3424 1633 3479 consulibus.

117 3514 308 3571 XLIV.
350 3545 420 3556 ~—
447 3514 529 3569 Ad
570 3515 870 3569 Anatolium
917 3517 1213 3587 episcomtm
1261 3533 1355 3587 per
1415 3515 1707 3572 Patricium

665 3588 946 3640 diaconum
978 3590 1156 3641 missa.

189 3676 374 3733 Lectis
404 3677 710 3732 dilectionis
735 3685 838 3730 tua:
880 3675 1077 3732 litteris
1107 3692 1243 3746 quas
1272 3691 1369 3747 per
1399 3676 1566 3731 ﬁliuni
1606 3692 1709 3732 no.

120 3777 295 3824 struat
334 3767 628 3823 Patricium
679 3768 964 3822 diaconum
1012 3767 1300 3835 direxisti,
1341 3767 1577 3823 intellexi
1612 3768 1708 3825 tibi

122 3861 359 3916 stadium
385 3874 517 3914 mete
542 3858 921 3915 sollicitudinis
948 3858 1252 3930 displicere,
1281 3875 1388 3930 qua
1413 3861 1705 3917 secundum

122 3952 458 4008 Dominicam
488 3952 832 4017 eharitatem,
878 3967 1041 4022 quam
1071 3953 1238 4009 tibi.a
1288 3953 1444 4009 nobis
1469 3954 1707 4025 impendi

124 4044 512 4115 experimentis
542 4043 792 4114 plurimis
820 4044 1154 4114 approbasti,
1212 4044 1277 4100 de
1328 4046 1584 4100 cavendis
1622 4045 1709 4102 his

123 4136 213 4206 qui
242 4136 549 4190 communis
599 4134 720 4191 ﬁdei
756 4134 1053 4190 adversarii
1081 4136 1394 4192 dicerentur
1426 4137 1705 4204 admonui,

124 4238 189 4279 ne
214 4226 283 4280 ad
326 4226 701 4297 negligentiam
737 4228 966 4283 rectoris
996 4227 1316 4293 referretur,
1346 4227 1391 4283 si
1422 4228 1708 4299 quisquam

125 4316 176 4370 in
205 4314 447 4371 Ecclesia
476 4316 744 4372 catholica
769 4331 832 4371 ea
875 4318 1167 4387 praedicare
1193 4327 1547 4388 praesumeret
1590 4335 1710 4391 qute

124 4410 503 4465 hereticorum
527 4411 776 4468 sensibus
815 4412 1185 4468 convenirent.
1219 4410 1371 4479 Quod
1402 4419 1587 4467 utrum
1615 4426 1710 4467 ve-

124 4502 325 4557 raciter
357 4500 502 4557 fama
545 4501 779 4571 iactaret
822 4502 1128 4560 dilectionis
1176 4512 1283 4558 tua:
1330 4504 1708 4574 inquirendum

117 4590 323 4660 judicio
369 4590 634 4662 delegavi.
692 4592 878 4665 Neque
928 4594 980 4648 in
1026 4594 1206 4666 aliquo
1246 4595 1507 4650 honorent
1559 4605 1708 4650 tuum

121 4682 255 4748 tesi,
286 4682 372 4737 cui
422 4683 757 4740 discutienda
803 4702 865 4740 ea
910 4699 1030 4755 quae
1078 4686 1144 4739 ad
1175 4702 1261 4741 me
1293 4696 1448 4741 erant
1496 4686 1703 4758 perlata

118 4774 394 4840 commisi,
449 4784 509 4830 ut
544 4776 755 4832 scilicet
798 4775 1011 4831 Atticus
1060 4776 1360 4848 presbyter,
1394 4791 1555 4847 quem
1577 4776 1706 4831 talia

119 4866 323 4921 audere
356 4880 735 4936 cognoveram,
794 4867 896 4922 nisi
924 4866 1186 4942 perfecta
1243 4884 1301 4924 se
1338 4868 1709 4924 satisfactione

119 4970 427 5031 purgasset,
455 4967 510 5014 et
553 4975 660 5014 non
689 4958 862 5013 solum
903 4975 1037 5015 voce
1066 4960 1373 5027 luereticos,
1419 4962 1514 5017 sed
1540 4961 1708 5017 etiam

119 5048 354 5121 propriae
382 5063 576 5103 manus
608 5048 1004 5119 subscriptione
1033 5050 1361 5115 damnasset,
1400 5066 1431 5104 a
1459 5064 1706 5105 commu-

121 5140 302 5196 nionis
342 5141 513 5209 gratia
560 5149 707 5196 esset
749 5140 976 5196 alienus.
1032 5140 1133 5209 Qui
1186 5142 1387 5213 scripta
1441 5142 1709 5198 mittendo

123 5232 300 5287 dubia:
326 5232 446 5287 ﬁdei
484 5243 539 5288 et
574 5231 929 5304 professionis
973 5234 1193 5303 incerta:
1220 5234 1561 5292 conﬁrmavit
1597 5250 1709 5290 ma-

124 5326 207 5397 gis
233 5340 397 5396 quant
438 5325 593 5380 diluit
612 5326 869 5399 quidquid
900 5327 965 5382 ad
989 5343 1086 5382 nos
1110 5329 1176 5383 de
1203 5343 1270 5383 eo
1312 5326 1453 5382 fama
1474 5327 1710 5398 pertule-

125 5429 228 5475 rat.
283 5417 416 5474 Cnm
447 5418 492 5474 si
541 5420 928 5475 conscientiam
980 5436 1132 5475 suam
1183 5420 1440 5477 voluisset
1482 5421 1710 5491 probare

126 5512 416 5576 sinceram,
445 5528 549 5567 non
577 5512 837 5567 Entichen
860 5511 960 5567 sibi
984 5512 1226 5567 odiosmn
1250 5512 1433 5576 fuisse,
1453 5512 1546 5568 sed
1566 5514 1708 5583 quod

128 5603 407 5673 perﬁdiam
444 5604 613 5675 ipsius
644 5604 956 5676 rcprobaret
977 5613 1138 5674 atque
1175 5603 1478 5672 damnaret,
1510 5606 1710 5661 debue-

130 5705 211 5750 rat
236 5695 504 5759 conﬁteri,
537 5695 662 5765 quia
704 5696 848 5751 aliud
890 5706 1017 5751 sunt
1056 5695 1303 5750 humanae
1354 5696 1518 5751 etiam
1568 5698 1710 5753 inter

129 5786 420 5842 catholicos
472 5788 798 5855 simultates,
851 5786 997 5842 aliud
1052 5786 1336 5851 diabolici,
1395 5804 1531 5859 quos
1576 5790 1708 5845 ﬁdes

132 5877 395 5935 catholica
424 5880 647 5935 damnat
697 5894 931 5937 errores.
982 5880 1048 5936 Et
1108 5881 1249 5949 ideo,
1300 5881 1471 5937 frater
1502 5882 1709 5941 charis--

1267 6003 1301 6025 Δ

1736 4648 1787 4709 Ι)

1813 3236 1926 3275 rem
1956 3236 2116 3290 quam
2153 3238 2341 3279 amore
2369 3226 2519 3295 pacis
2558 3235 2615 3283 et
2659 3228 2840 3284 studio
2866 3233 3186 3300 reparanda:
3214 3234 3405 3290 catho‘

1810 3308 1929 3365 lica:
1958 3312 2078 3366 lidei
2108 3311 2253 3367 inter
2282 3313 2396 3383 ipsa
2420 3316 2763 3386 episcopatus
2784 3319 3087 3375 rudimenta
3110 3319 3398 3393 juvissem,

1806 3401 2029 3457 obstans
2073 3403 2126 3480 in
2157 3404 2543 3464 ecclesiasticis
2580 3409 2728 3464 curis
2760 3409 2919 3466 talem
2946 3411 3149 3468 habere
3175 3429 3401 3471 consor-

1810 3507 1940 3560 tem,
1970 3503 2029 3548 ut
2050 3495 2179 3550 mihi
2208 3496 2274 3552 de
2300 3500 2505 3556 sanctis
2526 3504 2951 3572 przecursoribus
2967 3507 3094 3571 tuis,
3123 3523 3222 3564 nec
3241 3508 3398 3566 Joan-

1808 3585 1892 3640 nis
1921 3586 2210 3655 specialem
2242 3590 2625 3662 c0piosamque
2666 3594 2992 3663 doctrinam,
3025 3613 3125 3653 nec
3154 3602 3394 3657 aucturi-

1808 3685 1972 3732 tatem
1997 3678 2185 3743 Attici,
2215 3695 2317 3735 nec
2351 3680 2673 3738 industriam
2702 3683 2900 3751 Procli,
2934 3703 3034 3743 nec
3064 3689 3223 3744 lldem
3251 3690 3394 3747 beati

1808 3766 2053 3823 Flaviani
2082 3769 2271 3825 deesse
2317 3772 2598 3839 sentirem,
2638 3782 2693 3830 et
2715 3775 2788 3829 ita
2816 3778 3010 3833 studiis
3040 3778 3144 3834 tuis
3187 3789 3396 3847 ,uterer,

1809 3866 1868 3911 ut
1895 3856 2071 3914 nullus
2096 3860 2322 3916 auderet
2356 3860 2439 3914 rel
2482 3860 2606 3917 ﬁdei
2650 3864 2929 3921 catholicae
2958 3868 3225 3924 resultare
3247 3910 3260 3934 ,
3314 3872 3399 3927 vel

1809 3951 2041 4008 Nicaenis
2070 3953 2453 4010 venerabilinm
2482 3953 2702 4012 Patrum
2736 3959 2935 4029 regulis
2963 3962 3255 4017 contraire.
3290 3965 3397 4019 Sed

1809 4059 1931 4099 cum
1961 4043 2015 4099 in
2044 4043 2296 4114 injuriam
2334 4060 2626 4115 canonum,
2656 4057 2717 4103 ut
2749 4050 2998 4121 agnoscis
3020 4090 3035 4118 ,
3067 4051 3157 4107 illa
3191 4062 3394 4108 tentata

1809 4146 1936 4192 sunt
1985 4153 2106 4208 qua:
2149 4139 2399 4195 omnibus
2449 4140 2695 4197 ecclesiis
2751 4143 3067 4199 scandalum
3102 4146 3396 4201 maximum

1809 4237 2149 4300 generarent,
2178 4231 2307 4301 quid
2330 4231 2510 4302 aptius
2543 4246 2609 4287 ac
2634 4233 2930 4290 modestius
2965 4234 3206 4292 facerem
3233 4253 3398 4307 quam

1810 4328 1870 4374 ut
1922 4327 1974 4375 te
2026 4320 2260 4392 primum
2316 4331 2375 4377 ut
2420 4324 2490 4379 ab
2546 4323 2675 4379 hac'
2707 4324 3005 4383 intentione
3065 4327 3394 4396 discederes,

1811 4410 2292 4489 fraternoaninto
2357 4413 2539 4469 missis
2600 4413 2798 4471 litteris
2862 4416 3260 4474 admonerem?
3311 4420 3394 4475 Ad

1810 4519 1948 4573 quas
1968 4519 2087 4557 cum
2120 4518 2226 4559 non
2258 4505 2609 4572 rescriberes,
2641 4505 2756 4576 ipse
2789 4521 2820 4561 a
2844 4506 3098 4577 colloquii
3130 4509 3234 4564 mei
3263 4524 3394 4563 con-

1811 4595 1980 4650 sortio
2005 4593 2166 4666 205
2179 4596 2464 4665 separasti.
2485 4595 2724 4667 Denique
2741 4595 2983 4664 indejam
3000 4598 3162 4665 tacui,
3182 4600 3274 4654 sed
3290 4599 3397 4655 cle-

1811 4687 2150 4741 mentissimo
2163 4685 2391 4757 principi
2414 4686 2621 4742 custodi
2645 4687 2770 4743 ﬁdei
2790 4687 3061 4758 frequenti
3087 4689 3393 4744 litterarum

1811 4776 2126 4847 petitionem
2156 4778 2433 4849 suggessi,
2469 4785 2528 4832 ut
2552 4793 2651 4849 pro
2689 4793 2825 4848 pace
2851 4777 3204 4834 ecclesiarum
3232 4795 3395 4849 quam

1815 4866 1909 4921 tibi
1937 4867 2173 4922 maxime
2214 4868 2475 4939 prodesse
2517 4869 2839 4941 cognoscis,
2884 4869 3001 4925 hate
3028 4885 3148 4940 qua:
3177 4886 3322 4925 nunc
3363 4884 3395 4926 τι

1812 4959 2100 5016 dilectione
2150 4960 2294 5016 facta
2343 4970 2469 5016 sunt
2517 4960 2893 5032 implerentur.
2947 4962 3048 5017 Cui
3094 4961 3397 5019 ineﬁ‘abiles

1813 5052 2017 5123 gratias
2058 5067 2192 5125 ago,
2236 5054 2378 5124 quod
2422 5055 2717 5110 secundum
2762 5054 3120 5111 eruditionem
3153 5056 3392 5126 Spiritus

1811 5147 1986 5202 sancti
2006 5187 2021 5212 ,
2054 5145 2207 5216 cujus
2231 5160 2315 5203 est
2343 5148 2542 5204 virtute
2566 5148 2914 5220 plenissimus
2940 5153 3259 5208 sacerdotali
3305 5154 3389 5209 di-

1812 5248 2012 5310 gnatur
2053 5240 2272 5296 studere
2323 5240 2660 5308 concordize,
2707 5241 2888 5298 sciens
2950 5243 3055 5298 sibi
3112 5247 3392 5303 orationes

1812 5328 2225 5401 supplicantium
2248 5330 2520 5402 copiosius
2546 5331 2857 5402 profuturas
2876 5373 2891 5399 ,
2921 5334 2967 5388 si
3007 5334 3196 5390 famuli
3229 5336 3389 5391 unius

1813 5419 2023 5475 Domini
2070 5419 2124 5475 in
2173 5418 2320 5474 nullo
2368 5419 2478 5475 sint
2523 5436 2555 5474 a
2587 5435 2711 5475 vera
2762 5422 2913 5492 pacis
2956 5423 3163 5479 unitate
3199 5424 3383 5485 divisi.

1813 5510 1967 5578 Quod
1997 5526 2125 5582 ergo
2161 5509 2214 5565 in
2245 5509 2842 5581 Constantinopolitana
2868 5512 3108 5571 Ecclesia
3137 5516 3386 5586 quaedam

1811 5602 1866 5657 in
1887 5602 2083 5659 ofﬁciis
2112 5602 2432 5657 clericorum
2475 5614 2720 5659 correcta
2757 5603 3063 5676 signiﬁcas,
3094 5614 3155 5661 ut
3183 5607 3387 5663 etenim

1809 5694 2185 5766 presbyterum
2254 5693 2309 5749 in
2384 5694 2612 5766 gratiam
2673 5704 2819 5750 tuam
2887 5694 3393 5768 aﬁectationemque

1810 5786 2151 5842 revocaveris
2168 5786 2534 5853 ,etAndream
2562 5788 2927 5845 archidiaconi
2953 5789 3167 5846 actione
3178 5790 3395 5848 submo-

1811 5881 1977 5949 veris,
2006 5880 2165 5938 nobis
2188 5880 2453 5953 placuisse
2497 5881 2773 5950 rescribo,
2806 5882 2933 5954 quia
2975 5881 3390 5940 aestimationem
