3968 6446
639 440 739 497 851

1476 427 1765 484 APPEND.
1800 426 1889 480 AD
1919 424 2093 482 SASC.
2121 426 2211 482 lX.
2243 452 2310 462 —
2347 420 2595 476 lb‘iDUlli
2624 421 3063 483 MERCATORIS
3742 429 3815 484 852

639 565 810 618 tuam,
840 559 897 604 ut
930 547 1202 620 optabam,
1232 546 1522 617 plurimum
1548 545 1706 617 erigit
1737 553 1899 615 atque
1928 558 2206 600 eommen-
2236 552 2283 610 Α
2311 544 2524 601 sinebat
2568 545 2738 609 ratio,
2776 553 2842 597 ut
2868 545 2959 617 qui
2987 544 3245 598 unitatem
3274 540 3552 597 catholica:
3580 542 3687 598 fidei
3713 546 3813 603 dole-

639 647 767 709 dat,
795 652 849 698 et
874 641 1069 697 merito
1094 646 1217 710 post
1242 637 1634 694 correctionem
1665 637 1720 691 in
1745 636 2073 693 oblivionem
2114 636 2208 690 de-

640 735 855 791 ducitur
907 732 1049 801 quod
1105 728 1515 799 reprehensioni
1563 726 1857 783 obnoxium
1906 724 2208 789 videbatur,

638 842 760 881 cum
790 822 1164 879 iimreticorum
1196 819 1541 889 provectione
1581 827 1638 872 et
1685 824 1885 871 sancta:
1936 815 2212 870 memoria:

637 914 879 970 Flaviani
908 912 1106 983 injuria
1132 910 1441 980 gravaveris
1468 923 1589 978 qua:
1608 922 1752 963 nunc
1782 904 1943 961 simul
1970 906 2038 960 ab
2063 904 2211 961 omni

634 1005 931 1064 offensione
959 1016 1082 1059 cum
1111 1002 1221 1066 tui,
1251 1010 1310 1056 ut
1337 999 1509 1065 volui,
1555 998 1715 1053 laude
1743 1004 2058 1062 cessarunt,
2085 996 2212 1066 quia

635 1098 691 1153 in
731 1095 976 1151 ordinem
1018 1108 1173 1147 suum
1217 1106 1339 1161 qua:
1383 1090 1598 1145 fuerant
1647 1090 1861 1144 turbata
1911 1088 2207 1143 redierunt.

633 1187 906 1241 Andream
949 1198 1080 1238 sane
1127 1182 1219 1252 qui
1266 1180 1659 1236 rationabiliter
1717 1174 2086 1234 archidiaconi
2130 1184 2213 1232 est

638 1276 885 1346 privatus
914 1272 1125 1336 ofﬁcio,
1161 1280 1215 1325 et
1247 1268 1522 1324 Eufratem
1553 1270 1644 1339 qui
1692 1277 1893 1323 sanetae
1939 1266 2213 1321 memoriae

632 1365 911 1427 Flaviani,
942 1371 1003 1417 ut
1043 1360 1320 1430 comperi,
1362 1360 1637 1430 improbus
1666 1357 1877 1413 exstitit
1902 1365 2210 1421 accusator,

634 1456 679 1511 si
704 1452 1134 1525 professionibus
1156 1450 1466 1520 plenissime
1493 1448 1737 1517 scriptis,
1765 1462 1871 1502 non
1897 1446 2076 1500 minus
2110 1445 2213 1499 Eu-

645 1545 941 1599 ticltianam
966 1542 1210 1596 haeresim
1244 1555 1403 1608 quam
1454 1538 1831 1593 Nestorianum
1882 1534 2214 1590 exsecrabile

634 1634 831 1704 dogma
860 1632 1253 1695 condemnant,
1292 1629 1547 1699 quoniam
1592 1628 1750 1682 venia
1794 1637 1879 1682 est
1907 1627 2211 1696 praestanda

634 1724 896 1779 correctis
924 1762 939 1789 ,
982 1721 1327 1792 presbyteros
1369 1719 1747 1785 consecrabis,
1799 1729 1857 1772 ut
1905 1719 2007 1774 sibi
2044 1733 2211 1773 reme-

632 1814 780 1869 dium
844 1813 1123 1870 catholica:
1190 1810 1315 1865 ﬁdei
1369 1811 1608 1866 sentiant
1671 1808 1973 1878 profuisse,
2031 1808 2205 1863 eiecto

2312 637 2441 693 bant
2465 638 2532 693 ab
2561 636 2830 693 haereticis
2854 636 3017 690 fuisse
3046 635 3319 689 turbatam
3350 648 3459 687 non
3483 633 3813 693 cxsultanterin

2312 727 2583 799 integrum
2612 727 2839 782 rediisse
2861 726 3174 798 gauderem.
3220 724 3341 780 Hoc
3371 733 3550 780 autem
3577 740 3669 781 non
3693 727 3813 784 solum

2313 818 2382 872 ab
2425 818 2543 886 ipso
2577 817 2903 871 beatissima:
2926 814 3281 872 confessionis
3328 813 3550 881 eli'ectu,
3584 816 3668 872 sed
3701 820 3812 874 etiam

2311 922 2374 961 ex
2406 906 2645 979 epistolis
2666 907 2801 961 meis
2820 922 2953 978 quas
2971 917 3093 975 post
3112 905 3348 960 reditum
3379 918 3614 960 meorum
3642 907 3698 962 ad
3719 907 3812 964 Coo-

2311 995 2799 1065 stantinopolitante
2845 994 2996 1050 urbis
3042 994 3347 1049 antistitem
3396 993 3554 1059 dedi,
3582 995 3814 1062 potuissetis

2310 1100 2636 1157 agnoscere,
2665 1087 2711 1142 si
2739 1085 2894 1141 vobis
2943 1086 3357 1156 responsionem
3402 1085 3547 1141 sedis
3586 1088 3813 1155 apostolica

2311 1176 2653 1233 manifestare
2693 1176 2970 1231 voluisset.
3003 1175 3084 1232 Ne
3109 1190 3238 1246 ergo
3291 1190 3397 1245 per
3429 1174 3672 1246 malignos
3706 1177 3814 1233 inter-

2308 1279 2488 1338 pretes
2537 1266 2831 1323 dubitabile
2875 1266 3139 1331 videatur,
3189 1277 3379 1321 utrum
3425 1280 3544 1335 qua:
3585 1266 3632 1321 in
3671 1270 3812 1338 synodo

2315 1358 2742 1414 Chalcedonensi
2772 1374 2867 1429 per
2897 1359 3155 1413 unitatem
3185 1346 3431 1414 vestram
3456 1358 3522 1413 de
3551 1357 3643 1413 ﬁde
3675 1367 3812 1414 statuta

2311 1457 2467 1515 sunt,
2498 1449 2808 1520 approbem.
2838 1448 2949 1505 Hoc
2979 1450 3046 1505 ad
3073 1464 3264 1507 omnes
3293 1449 3502 1506 fratres
3532 1457 3583 1505 et
3606 1451 3808 1521 coepim-

2310 1558 2407 1612 pos
2436 1551 2653 1598 nostros
2705 1543 2796 1612 qui
2853 1544 3114 1613 praedicto
3182 1544 3425 1600 concilio
3499 1545 3809 1610 interfusum,

2311 1634 2515 1703 scripta
2544 1633 2741 1699 direxi,
2764 1649 2882 1703 qua:
2908 1634 3343 1704 gloriosissimus
3366 1642 3424 1689 et
3448 1634 3810 1690 clementissimus

2311 1724 2588 1793 princeps,
2620 1723 2760 1778 sicut
2784 1723 3026 1792 poposci,
3058 1723 3109 1777 in
3137 1723 3390 1777 notitiam
3418 1733 3643 1778 vestram
3667 1724 3809 1777 mittere

2312 1827 2410 1881 pro
2437 1811 2720 1867 catholica:
2756 1812 2878 1868 ﬁdei
2913 1826 3099 1868 amore
3129 1812 3471 1883 dignabitur,
3493 1822 3553 1867 ut
3579 1822 3628 1868 et
3647 1811 3805 1868 fratem

631 1903 883 1976 primitus
913 1911 968 1957 et
994 1902 1222 1973 probato
1247 1901 1340 1969 qui
1370 1900 1740 1955 archidiaconi
1771 1897 2008 1955 ofﬁcium
2038 1898 2208 1969 possit
2238 1908 2282 1969 Β
2310 1903 2633 1977 universitas
2652 1942 2667 1969 ,
2696 1912 2752 1959 et
2777 1904 3019 1958 omnium
3074 1905 3315 1960 ﬁdelium
3364 1906 3530 1962 corda
3566 1918 3804 1977 cognoscant

632 1993 893 2065 implere,
941 1993 994 2048 id
1024 2001 1137 2058 est,
1167 2008 1327 2062 quem
1374 1991 1521 2047 nulla
1568 2007 1804 2061 unquam
1830 1992 2212 2061 praedictarum

632 2084 969 2155 inipietatum
1001 2081 1141 2137 fama
1174 2082 1512 2152 resperserit.
1538 2081 1735 2141 .Czeteri
1782 2096 1911 2137 vero
1942 2096 2078 2149 quos
2117 2096 2214 2151 par

633 2182 819 2229 reatus
848 2173 1184 2236 involverat,
1214 2172 1259 2225 si
1283 2172 1498 2225 veniam
1531 2172 1692 2225 simili
1720 2169 2055 2240 professione
2089 2186 2212 2224 cum

632 2265 1008 2323 satisfactione
1028 2266 1324 2334 deposcunt
1344 2304 1359 2329 ,
1385 2264 1499 2318 suis
1518 2263 1797 2318 ordinibus
1822 2262 2207 2327 reformentur,

632 2357 719 2413 liis
751 2366 960 2412 tantum
1003 2357 1072 2411 ad
1117 2356 1418 2411 officiorum
1451 2355 1737 2423 primatum
1785 2353 2034 2407 admissis
2079 2367 2213 2421 quos

634 2443 703 2503 ab
724 2447 869 2502 omni
892 2461 1079 2502 errore
1101 2446 1301 2501 liberos
1328 2443 1495 2499 fuisse
1518 2444 1841 2499 constiterit.
1865 2443 2010 2496 illam
2034 2453 2212 2497 autem

638 2538 853 2610 cuipam
883 2554 1045 2610 quam
1073 2539 1139 2595 dc
1168 2539 1410 2609 augenda
1454 2546 1722 2607 potestate
1752 2534 1946 2598 aliena,
1974 2544 2033 2588 ut
2068 2548 2214 2587 asse-

630 2631 730 2698 ris,
761 2631 1139 2686 adhortatione
1160 2639 1511 2686 contraxeras
1537 2626 1813 2705 efficacius
1838 2635 2000 2695 atque
2030 2625 2211 2679 since-

632 2724 749 2779 rius
794 2734 887 2778 tua
933 2722 1176 2778 charitas
1203 2721 1480 2783 diluisset,
1509 2719 1552 2774 si
1584 2716 1726 2787 quod
1758 2716 1953 2770 tentari
1980 2714 2098 2769 sine
2123 2725 2210 2768 tua

630 2816 907 2872 voluntate
929 2831 1037 2871 non
1059 2816 1261 2885 potuit,
1288 2830 1393 2868 non
1418 2817 1483 2868 ad
1511 2828 1604 2867 sua
1634 2804 2209 2867 clericorum'eonsiiia

631 2896 1035 2971 transtulisses,
1067 2905 1191 2975 quia
1219 2905 1357 2958 sicut
1386 2904 1437 2957 in
1481 2903 1622 2956 mala
1666 2901 1917 2956 suasione
1947 2899 2211 2968 delinqui-

633 3005 743 3062 tur,
776 2995 851 3050 ita
880 3003 933 3049 et
964 2994 1018 3048 in
1050 2993 1189 3048 mala
1217 2992 1571 3047 consensione
1615 3000 1891 3060 peccatur.
1944 2988 2048 3042 Sed
2082 3004 2206 3059 gra-

635 3093 746 3140 tum
785 3083 951 3151 mihi,
979 3081 1152 3138 frater
1179 3082 1529 3145 ciiarissime,
1555 3091 1639 3135 est
1657 3121 1672 3146 ,
1700 3081 1844 3149 quod
1872 3078 2089 3133 dilectio
2121 3087 2209 3132 tua

632 3173 920 3247 proﬁtetur
965 3172 1066 3229 sibi
1112 3171 1433 3242 displicere,
1476 3170 1618 3239 quod
1646 3179 1772 3222 tunc
1803 3168 1964 3223 etiam
1997 3167 2208 3236 placere

2312 2008 2397 2049 me
2420 2010 2527 2049 non
2557 1976 2728 2050 solum
2756 2010 2855 2064 per
2878 1994 3081 2052 fratres
3110 1997 3203 2067 qui
3232 1998 3413 2053 vicem
3445 2011 3613 2051 meam
3638 1976 3800 2053 exsecuti

2311 2094 2437 2142 sunt
2455 2126 2469 2151 ,
2503 2086 2596 2141 sed
2622 2087 2787 2142 etiam
2827 2103 2925 2157 per
2952 2088 3406 2158 approbationem
3433 2098 3686 2160 gestorum
3704 2103 3801 2157 syno-

2312 2175 2511 2231 dalium
2553 2176 2827 2247 prOpriam
2874 2178 3153 2233 vobiscum
3199 2178 3395 2234 iniisse
3468 2178 3748 2234 sententiam
3774 2178 3803 2231 in

2311 2267 2423 2323 sola
2452 2268 2701 2324 videlicet
2743 2268 2870 2323 ﬁdei
2902 2283 3067 2324 causa
3114 2269 3259 2339 quod
3297 2284 3443 2339 smpe
3469 2268 3717 2324 dicendum
3736 2278 3804 2327 est,

2310 2365 2529 2426 propter
2554 2372 2716 2427 quam
2760 2357 3012 2429 generale
3057 2357 3353 2413 concilium
3407 2367 3461 2413 et
3511 2372 3573 2411 ex
3619 2366 3806 2428 precepts

2310 2445 2741 2503 Christianorum
2767 2448 3069 2519 principum
3091 2490 3105 2514 ,
3131 2458 3186 2504 et
3205 2465 3273 2504 ex
3298 2464 3563 2504 consensu
3586 2449 3803 2519 apostolica

2312 2533 2469 2590 Sedis
2516 2535 2717 2606 placuit
2744 2537 3081 2608 congregari,
3116 2538 3393 2593 damnatis
3436 2538 3678 2592 haereticis
3699 2536 3805 2605 quisi

2313 2628 2539 2699 congrui
2571 2642 2693 2683 esse
2725 2627 3053 2694 voluissent,
3088 2628 3231 2682 nulla
3261 2630 3480 2699 penitus
3519 2626 3735 2683 resideret
3762 2625 3803 2678 de

2310 2734 2434 2774 vera
2482 2719 2696 2774 Domini
2745 2721 2912 2774 nostri
2961 2712 3088 2775 Jesu
3130 2718 3335 2775 Christi
3386 2720 3715 2775 incarnatione
3744 2717 3802 2769 du-

2309 2809 2519 2865 bitatio.
2552 2809 2703 2866 Unde
2734 2811 2778 2865 si
2811 2811 2934 2880 quis
2980 2826 3218 2880 unquam
3265 2806 3435 2866 au‘sus
3484 2810 3629 2865 fuerit
3649 2806 3714 2862 vel
3739 2804 3803 2859 Ne

2309 2898 2531 2955 storiani
2563 2897 2841 2969 perfidiam
2890 2899 3026 2954 tueri
3052 2940 3067 2966 ,
3102 2885 3182 2954 vel
3210 2900 3514 2955 Euticbetis
3555 2913 3613 2953 ac
3637 2894 3804 2952 Dioscori

2310 2995 2531 3065 impium
2555 2991 2747 3065 dogma
2780 2993 3101 3058 defendere,
3147 2996 3201 3047 et
3244 3010 3275 3047 a
3330 2991 3688 3048 catholicorum
3709 3001 3801 3041 con-

2310 3084 2563 3140 munione
2594 3093 2890 3147 resecetur,
2923 3096 3021 3136 nec
3060 3082 3257 3137 habeat
3308 3080 3428 3151 ejus
3480 3078 3692 3148 corporis
3726 3088 3801 3144 par-

2311 3172 2705 3248 ticipationem,
2761 3174 2914 3244 cujus
2960 3174 3192 3244 abnegat
3237 3175 3546 3229 veritatem.
3594 3171 3655 3225 De
3685 3175 3799 3221 custo-

638 3282 744 3322 non
774 3265 974 3321 debuit.
1010 3263 1222 3320 Sufficit
1251 3264 1303 3318 in
1335 3264 1522 3333 gratia:
1565 3261 1868 3317 communis
1900 3275 2203 3330 regressum
2234 3254 2279 3315 C
2310 3267 2519 3323 diendis
2556 3282 2770 3338 quoque
2805 3274 3116 3321 sanctorum
3160 3263 3386 3318 Patrum
3422 3260 3640 3321 statutis,
3661 3270 3739 3328 qua:
3761 3253 3794 3304 in

632 3353 899 3426 professio
943 3353 1248 3409 dilectionis
1311 3362 1449 3417 tua),
1500 3360 1555 3406 et
1606 3350 1884 3405 attestatio
1950 3349 2209 3419 principis

631 3443 960 3510 Christiani,
993 3459 1061 3500 ne
1110 3445 1195 3499 cui
1241 3444 1398 3498 detur
1428 3441 1581 3496 tarda
1632 3442 1933 3503 correctio,
1982 3441 2066 3495 cui
2101 3451 2207 3494 tam

631 3537 958 3592 venerabilis
986 3546 1226 3591 assertor
1270 3534 1520 3591 accessit.
1556 3534 1855 3604 Abjicialur
1881 3535 2095 3603 penitus
2130 3532 2207 3587 in-

634 3630 874 3686 concessi
918 3628 1057 3699 juris
1110 3628 1201 3698 qui
1234 3628 1623 3683 dissensionem
1673 3624 1875 3680 fecerat
1920 3625 2204 3694 appetitus.

635 3720 919 3777 Sufﬁciant
943 3720 1139 3775 limites
1167 3735 1302 3793 quos
1336 3727 1646 3774 sanctorum
1676 3714 1894 3771 Patrum
1920 3717 2207 3787 providen-

635 3811 860 3865 tissima'
879 3809 1093 3863 decreta
1122 3817 1447 3878 posuerunt,
1484 3817 1542 3863 ut
1570 3808 1749 3877 quieta
1775 3807 1845 3863 sit
1867 3808 1979 3862 suis
2005 3807 2211 3861 meritis

635 3910 691 3955 et
715 3900 953 3968 antiquis
981 3900 1279 3969 privilegiis
1322 3899 1555 3971 dignitas
1580 3899 1819 3953 omnium
1868 3898 2209 3952 sacerdotum

640 4000 963 4055 renovetur,
1006 3998 1062 4044 et
1118 4000 1331 4044 maneat
1387 3991 1438 4043 in
1488 3999 1542 4045 te
1592 3984 1883 4043 Dominicae
1931 3990 2212 4044 citat-italis

636 4081 878 4146 affectio,
917 4083 984 4136 ad
1013 4090 1175 4152 Quam
1209 4081 1550 4137 dilectionem
1582 4091 1728 4136 tuam
1779 4083 1974 4153 saepius
2018 4083 2212 4138 cohor-

640 4182 783 4227 tatus
808 4188 925 4226 sum
957 4188 1080 4226 cum
1112 4170 1281 4227 fratre
1306 4180 1357 4227 et
1386 4172 1704 4243 coepiscopo
1732 4182 1915 4227 nostro
1961 4172 2206 4236 Juliano,

636 4264 728 4334 qui
742 4279 1080 4320 communem
1093 4264 1319 4335 gratiam
1334 4280 1545 4335 semper
1554 4266 1935 4335 Optavit,cqjus
1951 4267 2211 4321 industria

636 4368 691 4414 et
719 4358 1105 4414 sollicitudines
1134 4369 1237 4414 tua:
1268 4356 1667 4423 relevabuntur,
1695 4368 1750 4413 et
1783 4358 1913 4414 fides
1943 4358 2209 4413 catholica

638 4451 929 4506 munietur.
985 4448 1158 4520 Super
1201 4450 1379 4504 omnia
1428 4458 1607 4505 autem
1658 4442 1896 4505 fraterna
1945 4450 2210 4505 cbaritate

638 4543 828 4598 hortor
859 4552 915 4599 et
944 4558 1167 4607 moneo,
1199 4552 1257 4597 ut
1289 4559 1349 4598 ea
1382 4558 1500 4613 quae
1529 4543 1594 4596 ad
1623 4542 1851 4612 gloriam
1884 4543 1966 4598 vel
1996 4544 2062 4597 ad
2089 4558 2205 4597 mu-

638 4633 818 4687 nimen
860 4632 1128 4703 pertinent
1159 4631 1507 4687 sacerdotalis
1534 4631 1699 4686 ofﬁcii
1740 4631 2081 4686 Niczcnorum
2110 4649 2204 4687 ca-

638 4740 837 4777 nonum
867 4723 1184 4779 universalis
1212 4721 1464 4779 Ecclesiae
1486 4740 1674 4794 pacein
1699 4725 1969 4778 servantia
1994 4725 2210 4780 decreta

638 4813 928 4869 custodias.
963 4813 1054 4869 Sic
1082 4816 1227 4869 enim
1259 4814 1397 4869 inter
1435 4813 1645 4870 Domini
1694 4818 2004 4871 sacerdotes
2034 4818 2210 4873 invio-

638 4900 744 4957 lata
792 4904 1028 4960 charitas
1072 4903 1445 4974 permanebit,
1497 4905 1540 4960 si
1585 4905 1803 4974 paribus
1852 4906 2046 4963 studiis
2091 4921 2211 4975 quae

639 5004 763 5047 sunt
801 5011 828 5049 a
862 4997 1062 5051 sanctis
1090 4996 1342 5052 Patribus
1368 4997 1659 5051 constituta
1680 5038 1695 5064 ,
1735 5010 2036 5056 serventur.
2073 4999 2210 5054 Data

640 5094 835 5153 quarto
862 5085 1127 5140 Kalendas
1155 5085 1331 5155 Junii,
1369 5086 1488 5142 Etio
1514 5099 1570 5142 et
1594 5086 1784 5143 Studio
1816 5088 1950 5144 viris
1979 5089 2214 5146 clarissi—

641 5173 744 5227 mis
782 5174 1107 5229 consulibus.

640 5276 826 5359 XLVi.
850 5315 921 5324 —
942 5285 1022 5339 Ad
1044 5287 1344 5359 Iuvenalem
1370 5286 1910 5359 Ilierosolymitanum
1931 5302 1977 5344 et
2001 5300 2213 5346 cwleros

717 5357 981 5429 episcopos
1007 5358 1095 5426 qui
1127 5359 1181 5410 in
1203 5368 1386 5412 sancta
1416 5357 2047 5429 synodo'Chalcedonensi
2086 5377 2210 5415 con—

711 5428 909 5497 gregati
945 5425 1177 5495 fuerunt.
1445 5425 1461 5429 ⁷
1486 5454 1496 5463 ·

711 5538 940 5593 Omnem
970 5538 1185 5607 quidem
1231 5540 1625 5596 fraternitatem
1659 5550 1894 5597 vestram
1926 5558 2083 5598 nosse
2113 5559 2217 5597 non

643 5631 856 5702 ambigo
885 5631 1252 5687 deﬁnitionem
1280 5642 1482 5689 sanetae
1514 5635 1742 5707 synodi,
1774 5651 1893 5705 quae
1928 5635 1995 5690 ob
2020 5634 2221 5691 conﬁr-

643 5721 935 5777 mationem
981 5722 1105 5777 ﬁdei
1155 5722 1209 5778 in
1237 5722 1663 5781 Chaicedonensi
1706 5727 1923 5783 civitate
1948 5726 2213 5783 celebrata

645 5816 762 5879 est,
790 5822 902 5869 toto
925 5815 1083 5871 corde
1138 5830 1224 5873 me
1266 5815 1431 5874 fuisse
1480 5820 1840 5889 complexum.
1891 5820 2022 5889 Quia
2070 5820 2209 5875 nulla

2311 3361 2516 3430 synodo
2532 3359 2746 3415 Nicaena
2762 3357 3159 3414 inviolabiitbus
3179 3362 3305 3411 Sunt
3329 3355 3436 3410 ﬁxa
3461 3352 3666 3410 decretis
3680 3347 3800 3401 eiset-

2311 3453 2549 3508 vantiam
2582 3463 2774 3508 vestra:
2805 3451 3108 3507 sanctitatis
3145 3450 3445 3515 admoneo,
3482 3455 3537 3500 ut
3560 3434 3666 3514 jura
3685 3436 3796 3525 eccle-

2311 3548 2515 3605 siarum
2561 3548 2699 3603 sicut
2737 3547 2805 3601 ab
2860 3545 2965 3600 illis
2995 3544 3098 3599 5i8
3141 3541 3400 3599 Pa'tr'tbus
3432 3529 3801 3615 divinitus'iuspi-

2313 3649 2429 3693 rata
2469 3646 2597 3692 sunt
2632 3636 2876 3690 ordinata
2908 3642 3281 3704 permaneant.
3331 3630 3472 3686 Nihil
3508 3627 3703 3682 alienum
3733 3620 3799 3671 im-

2326 3727 2527 3798 probus
2547 3724 2783 3780 ambitus
2807 3724 3188 3794 concupiscat,
3213 3737 3318 3777 nec
3340 3736 3437 3791 per
3456 3716 3654 3774 alterius
3672 3711 3802 3763 imum-

2311 3817 2567 3871 nitionem
2585 3831 2739 3871 suum
2762 3813 2959 3884 aliquis
2978 3818 3566 3883 quaerataugmentum.
3586 3803 3795 3889 Quantus-

2314 3905 2442 3960 libet
2462 3907 2605 3960 enim
2633 3904 2836 3959 exortis
2867 3902 3366 3959 assensionibusse
3393 3901 3607 3954 instruat
3624 3889 3798 3945 vanitatis

2312 3999 2493 4064 elatio,
2521 4007 2577 4054 et
2598 3999 2868 4068 appetitus
2894 4011 3019 4052 suos
3039 3994 3395 4052 conciliorum
3418 3989 3628 4047 aestimet
3644 3977 3795 4072 notitiae

2314 4065 2679 4153 roborandos,
2707 4087 2979 4142 inﬁrmum
3015 4096 3175 4156 atque
3208 4084 3428 4139 irritant
3475 4080 3570 4135 erit
3613 4065 3795 4143 quidqui“

2314 4198 2343 4236 a
2374 4182 2752 4252 pnedietorum
2798 4179 3100 4235 canonibus
3136 4174 3489 4246 discreparit,
3537 4177 3721 4238 quorum

2312 4272 2451 4343 gulis
2478 4270 2769 4343 apostolica
2801 4254 2969 4325 Sedes
3009 4283 3172 4338 quam
3213 4272 3520 4321 reverenter
3543 4260 3795 4342 utatur

2313 4375 2527 4436 ptorum
2571 4377 2845 4425 meorum,
2874 4361 3073 4437 quibus
3127 4343 3680 4423 Constantinopolitaui
3707 4346 3794 4440 antl-

2313 4457 2454 4511 stitis
2481 4464 2706 4511 conatus
2736 4453 2904 4524 repuii
2930 4450 3128 4522 poterit
3164 4449 3426 4505 sanctitas
3454 4453 3613 4498 vestra
3637 4436 3795 4490 lectione

2312 4562 2669 4618 cognoscere,
2719 4561 2805 4602 me
2849 4543 3141 4599 auxiliante
3194 4541 3423 4596 Domino
3470 4533 3796 4593 nostroicm‘

2318 4637 2527 4692 tholicze
2569 4634 2692 4691 ﬁdei
2723 4643 2778 4690 et
2804 4636 3151 4704 paternarum
3185 4631 3527 4686 traditionum
3550 4634 3653 4711 esss
3671 4618 3792 4711 C_‘_‘§‘°‘_

2316 4731 2458 4786 dem.
2509 4728 2645 4783 Data
2688 4727 3005 4782 duodecimo
3050 4724 3320 4780 Kalendas
3369 4718 3587 4793 Aprilis,
3625 4704 3794 4778 Opilioﬂc

2315 4823 2431 4877 viro
2457 4820 2759 4877 clarissimo
2785 4817 3029 4874 consule.

2420 4929 2624 4986 XLVII.
2650 4961 2721 4971 —
2745 4930 2825 4984 Ad
2880 4928 3188 5011 Juvenalem
3252 4919 3724 4991 Hierosolymilanm

2946 5015 3267 5070 episcopum.

2390 5094 2641 5166 Acceptis
2685 5057 2991 5147 dilectionis
3024 5057 3132 5142 tuze
3163 5087 3356 5141 litteris
3378 5094 3503 5153 quas
3539 5074 3597 5130 ad
3632 5057 3790 5166 melii"

2320 5189 2488 5245 nostri
2518 5152 2761 5241 Andreas
2806 5183 3109 5254 presbyter,
3142 5188 3197 5233 et
3224 5152 3415 5232 Petrus
3454 5152 3788 5258 diaconus

2320 5279 2537 5343 lerunt,
2575 5249 3041 5347 gavisus-quidem
3087 5285 3237 5331 sum,
3284 5264 3422 5337 quod
3457 5260 3518 5316 ad
3538 5249 3789 5347 episcopallls

2321 5369 2398 5423 tui
2430 5338 2612 5423 sedem
2646 5364 2821 5419 redire
2840 5338 3127 5424 licuisset;
3178 5357 3271 5413 sed
3310 5344 3652 5411 conﬂuentibus
3676 5338 3713 5387 in

2320 5457 2687 5512 cordationem
2723 5452 2974 5510 omnibus
3004 5463 3124 5520 qua:
3152 5457 3202 5500 Ic
3228 5462 3323 5516 per
3347 5439 3579 5515 quosdam
3603 5428 3785 5520 emes-“fl”

2320 5549 2569 5604 laborare
2614 5546 2892 5609 fecerunt,
2940 5515 3084 5597 dOI—lii
3132 5515 3505 5595 adversitatum
3547 5515 3781 5619 ιυέξιςιξηξξξι

2322 5641 2610 5709 metipsum
2640 5639 2733 5692 tibi
2784 5636 2950 5691 fuisse
2974 5633 3262 5689 materiam
3280 5673 3294 5697 ,
3321 5640 3376 5686 et
3402 5604 3780 5709 resistendi

2323 5695 2835 5785 ticis.constantiam
2866 5724 3169 5796 perdidisse
3188 5764 3202 5790 ,
3226 5722 3319 5792 qui
3341 5716 3577 5776 aestimant
3599 5711 3681 5756 non

2324 5773 2442 5785 ην...
2476 5773 2835 5784 ν....-.....-...,.,
2869 5773 3166 5796 ,ηηηηη
3189 5773 3202 5790 ν
3233 5773 3318 5792 τη
3729 5776 3735 5784 _
3765 5773 3773 5779 ν

2322 5818 2416 5873 tibi
2446 5818 2669 5873 liberum
2720 5826 2775 5870 ut
2826 5830 2917 5870 eos
2974 5813 3174 5871 audeas
3222 5812 3554 5882 redarguere,
3591 5799 3692 5861 quos
3713 5773 3775 5829 ubi
