3968 6448
131 345 263 402 835

1343 350 1832 411 DECRETALIUM
1870 351 2276 417 COLLECTIO.

3329 377 3435 433 854

116 453 384 512 liberum
416 464 477 511 ut
505 470 600 513 eos
624 457 824 516 audeas
849 459 1202 532 redarguere,
1242 478 1379 535 quos
1401 465 1495 521 tibi
1526 465 1736 539 profes-
1759 470 1808 529 Α
1835 465 2077 523 omnium
2118 469 2288 526 vitam
2309 512 2324 540 ,
2382 478 2589 549 recepit
2640 479 2884 535 omnium
2914 495 3171 551 causam,
3219 493 3274 541 et
3323 489 3434 544 vim

122 563 245 602 sus
269 548 346 603 sis
368 548 420 602 in
442 563 541 605 suo
560 565 749 606 errore
777 551 1061 622 placuisse.
1086 554 1269 610 Beatae
1296 556 1440 610 enim
1468 557 1746 612 memori:e
1844 558 2047 613 veteris
2080 559 2462 634 chirographi,
2512 548 2656 637 quod
2707 570 2854 627 solus
2903 572 3047 629 inter
3093 589 3284 634 omnes
3324 594 3437 636 non

119 634 395 694 Flaviani
429 640 811 697 condemnatio
836 652 892 697 et
918 643 1555 718 impiissimi.Eutychetis
1588 663 1741 703 rece-

120 730 279 800 ptio,
310 734 457 802 quod
486 734 588 789 nisi
620 735 831 791 Domini
863 738 1034 793 nostri
1059 737 1185 795 Jesu
1217 738 1419 795 Christi
1445 740 1741 797 secundum

123 839 372 880 carnem
407 828 624 897 negatio
655 827 792 883 fuit?
814 846 977 901 quam
1009 833 1124 902 ipse
1146 833 1338 903 grandi
1367 834 1740 890 misericordia

122 931 244 971 sua
296 915 429 973 fecit
459 919 657 976 resolvi
693 936 817 976 cum
864 923 1240 980 detestandum
1272 925 1400 979 illud
1456 926 1741 995 Ephesinae

122 1008 339 1078 synodi
382 1007 649 1077 judicium
683 1011 757 1066 ita
813 1023 1001 1070 sancta
1034 1015 1493 1073 Chalcedonensis
1542 1019 1734 1090 synodi

119 1100 475 1156 auctoritate
516 1101 818 1170 destruxit,
867 1113 925 1159 ut
972 1106 1179 1160 nullum
1231 1107 1651 1177 depravatorum
1711 1123 1740 1162 a

120 1190 390 1246 remedio
418 1194 775 1251 correctionis
807 1206 1039 1252 arceret.
1071 1196 1226 1253 Unde
1257 1200 1382 1268 quia
1410 1201 1461 1255 in
1495 1210 1738 1272 tempore

124 1281 499 1355 indulgentiae
525 1286 959 1358 resipiscentiam
990 1291 1161 1360 magis
1185 1306 1347 1360 quam
1380 1292 1739 1361 pertinaciam

126 1371 428 1444 delegisti,
468 1375 541 1430 ita
571 1379 777 1446 gaudeo
825 1389 879 1435 te
929 1380 1211 1436 caelestem
1248 1384 1521 1451 expetisse
1571 1382 1741 1438 medi-

122 1464 356 1534 cinam,
382 1477 443 1522 ut
466 1467 589 1524 fidei
617 1470 687 1526 ab
708 1464 986 1529 haereticis
1009 1474 1335 1545 impugnatm
1362 1477 1578 1530 tandem
1610 1491 1737 1547 pos-

119 1556 219 1612 sis
256 1572 380 1614 esse
410 1559 685 1617 defensor.
739 1561 999 1631 Quamvis
1045 1566 1188 1622 enim
1222 1567 1349 1621 nulli
1396 1568 1737 1623 sacerdotum

118 1646 307 1707 liceat
350 1654 563 1709 nescire
594 1656 738 1727 quod
768 1658 1050 1726 prmdicat.
1082 1659 1349 1727 Quoniam
1399 1660 1490 1732 qui
1526 1661 1738 1731 ignorat

120 1741 507 1814 ignorabitur,
536 1746 960 1805 inexcusabilior
992 1759 1171 1806 tamen
1220 1763 1305 1807 est
1332 1753 1590 1807 omnibus
1635 1752 1737 1806 im-

1844 645 2060 714 debuit,
2092 664 2192 720 pro
2216 654 2471 711 omnibus
2500 658 2761 714 solvendo
2781 664 3061 719 vacuavit:
3089 674 3149 721 ut
3169 667 3315 723 sicut
3332 684 3435 740 per

1843 738 2004 794 unius
2052 749 2261 797 reatum
2291 760 2483 803 omnes
2529 747 2659 805 facti
2711 750 2927 808 fuerant
2969 738 3437 827 peccatores,_ita

1840 845 1941 900 per
1983 832 2143 888 unius
2190 835 2557 895 innocentiam
2608 846 2800 900 Omnes
2856 846 3049 903 fierent
3092 851 3433 912 innocentes.

1841 918 1970 976 lnde
2001 921 2056 976 in
2107 923 2356 982 homines
2399 941 2652 987 manante
2684 932 2891 1002 iustitia
2928 938 3019 994 ubi
3063 950 3148 996 est
3198 943 3433 1003 humana

1841 1022 2094 1083 suscepta
2125 1025 2343 1073 natura.
2370 1019 2524 1077 Nulla
2547 1024 2693 1081 enim
2720 1029 2931 1085 ratione
2964 1042 3120 1088 extra
3155 1037 3326 1092 nostri
3348 1046 3435 1094 est

1841 1105 2084 1174 corporis
2102 1109 2213 1162 veri
2223 1117 2406 1177 tatem,
2429 1113 2495 1168 de
2513 1130 2620 1184 quo
2642 1120 2971 1190 evangelista
2995 1126 3432 1194 praedicationem

1840 1195 2101 1254 inchoans
2152 1200 2325 1256 dicit:
2362 1223 2380 1256 ‹
2416 1205 2579 1261 Liber
2632 1215 2999 1279 generationis
3051 1219 3179 1276 Jesu
3231 1222 3435 1280 Christi

1839 1289 1933 1345 nui
1966 1292 2171 1360 nat-sti,
2210 1296 2303 1352 mu
2349 1300 2623 1358 Abraham
2672 1285 2893 1377 (’Mauh.
2944 1328 2995 1378 ι,
3044 1315 3121 1384 1).
3160 1338 3179 1371 ι
3224 1319 3291 1374 Ει
3340 1322 3433 1391 qui

1841 1380 2200 1441 Samaritana:
2232 1391 2446 1446 mulieri
2476 1405 2833 1465 protestatur,
2866 1406 3124 1472 quoniam
3171 1409 3318 1465 salus
3364 1427 3432 1468 ex

1836 1470 2039 1529 Judazis
2064 1485 2147 1530 est
2169 1517 2184 1542 ,
2226 1479 2365 1533 beati
2396 1481 2547 1538 Pauli
2573 1489 2801 1556 apostoli
2825 1470 3165 1551 consonante
3186 1498 3435 1555 doctrina

1838 1582 1959 1622 cum
1992 1570 2125 1625 dicit
2165 1590 2178 1625 :
2219 1593 2237 1625 ι
2271 1573 2512 1641 Quorum
2562 1590 2749 1650 patres
2778 1592 2832 1638 ct
2858 1600 2924 1641 ex
2956 1589 3156 1658 quibus
3184 1590 3437 1649 Christus

1838 1664 2137 1719 secundum
2165 1681 2417 1736 carnem,
2450 1672 2541 1741 qui
2569 1683 2653 1728 est
2694 1690 2858 1745 super
2889 1681 3069 1735 omnia
3101 1682 3243 1740 Deus
3270 1684 3436 1742 bene-

1836 1746 2016 1806 dictus
2046 1752 2099 1807 in
2130 1755 2324 1811 smcula
2358 1757 2531 1828 (Rom.
2565 1778 2617 1817 ix
2641 1804 2656 1827 ,
2684 1763 2762 1834 5).
2796 1786 2814 1817 ι
2872 1767 3119 1840 Itemque
3148 1775 3215 1828 ad
3244 1774 3434 1832 Timo-

115 1837 334 1905 peritis
360 1839 588 1908 quilibet
630 1839 1021 1915 Hierosolymis
1059 1846 1309 1900 habitans
1356 1844 1729 1909 Christianus,
1760 1827 1810 1887 Β
1841 1843 2025 1897 theum
2062 1861 2074 1897 :
2112 1862 2130 1895 ι
2169 1844 2460 1916 Memento,
2493 1851 2691 1922 inquit,
2723 1854 2906 1913 Jesum
2934 1861 3211 1919 Christum
3241 1880 3433 1922 resur-

117 1927 233 1999 qui
261 1929 333 1984 ad
361 1933 791 2015 cognoscendam
822 1934 1081 1990 virtutem
1113 1935 1391 2007 Evangelii
1421 1952 1526 1993 non
1560 1935 1735 1992 solum

118 2022 463 2093 paginarum
492 2024 757 2097 eloquiis,
788 2028 880 2082 sed
930 2029 1169 2098 ipsorum
1210 2028 1451 2084 locorum
1501 2029 1735 2085 testim0«

120 2112 246 2168 niis
277 2114 545 2181 eruditur;
577 2126 633 2172 et
666 2117 809 2187 quod
841 2117 968 2173 alibi
1002 2133 1107 2173 non
1140 2118 1266 2173 licet
1297 2136 1405 2174 non
1438 2119 1620 2185 credi,
1659 2118 1733 2174 ibi

118 2216 248 2258 non
278 2213 458 2275 potest
484 2222 589 2262 non
626 2208 819 2263 videri.
852 2208 991 2276 Quid
1020 2208 1233 2265 laborat
1263 2209 1572 2265 intellectus
1592 2250 1607 2276 ,
1640 2210 1733 2266 ubi

119 2305 221 2351 est
248 2296 508 2368 magister
532 2300 820 2370 aspectus?
847 2301 913 2356 Et
941 2318 1040 2357 cur
1077 2301 1217 2357 lecta
1264 2303 1348 2358 vel
1392 2303 1574 2357 audita
1606 2308 1733 2356 sunt

116 2385 337 2453 dubia,
390 2389 483 2445 ubi
555 2406 614 2446 se
663 2390 748 2447 vel
797 2391 936 2448 visui
1002 2405 1057 2447 et
1115 2392 1281 2448 tactui
1347 2402 1425 2448 tot
1482 2393 1733 2448 humanae

117 2475 329 2534 salutis
385 2479 635 2552 ingerunt
693 2483 1076 2539 sacramenta?
1134 2482 1300 2551 Quasi
1360 2485 1427 2539 ad
1490 2483 1731 2554 singulos

116 2586 381 2644 quosque
436 2584 756 2633 cunctantes
829 2578 1089 2633 Dominus
1158 2577 1337 2633 adhuc
1404 2593 1535 2633 voce
1607 2591 1732 2633 cor-

118 2677 302 2733 porea
361 2674 551 2723 utatur
608 2676 665 2724 et
708 2669 855 2725 dicat
898 2686 911 2723 :
964 2687 982 2720 ι
1018 2668 1156 2738 Quid
1204 2669 1403 2725 turbati
1458 2671 1622 2737 estis,
1676 2687 1731 2737 ei

119 2767 309 2822 quare
362 2757 720 2828 cogitationes
788 2761 1093 2817 ascendunt
1152 2760 1207 2817 in
1270 2761 1435 2816 corda
1510 2755 1731 2818 vestra?

116 2842 331 2902 Videte
397 2864 592 2906 manus
650 2866 831 2920 meas,
884 2861 941 2907 et
989 2852 1152 2923 pedes
1204 2868 1386 2919 meos,
1435 2854 1560 2924 quia
1617 2854 1729 2923 ipse

120 2953 238 3009 ego
271 2954 415 2995 sum.
469 2939 694 3013 Palpate
724 2955 782 2998 et
812 2943 995 2999 videte
1019 2984 1034 3010 ,
1086 2944 1213 3014 quia
1249 2945 1473 3014 spiritus
1503 2960 1626 3000 ossa
1674 2952 1729 3000 et

117 3045 357 3086 carnem
407 3046 512 3088 non
559 3033 725 3090 habet
769 3034 912 3091 sicut
958 3050 1043 3090 me
1079 3035 1275 3091 videtis
1336 3036 1539 3090 habere
1568 3034 1726 3106 (Luc.

117 3137 283 3190 xxxv,
334 3123 442 3191 38,
488 3124 601 3192 59).
660 3145 678 3178 ι
732 3124 899 3183 Utere
945 3141 1110 3197 ergo,
1162 3126 1332 3181 frater
1374 3126 1722 3194 cbarissime,

122 3214 510 3272 invictissimis
538 3218 819 3274 catholica:
852 3218 975 3273 fidei
1005 3220 1377 3286 documentis,
1408 3228 1462 3274 et
1492 3235 1725 3290 evange-

122 3305 384 3364 listarum
408 3311 851 3379 praedicationem
883 3320 1195 3367 sanctorum
1226 3312 1469 3368 locorum
1490 3354 1505 3377 ,
1532 3315 1582 3367 in
1606 3314 1724 3383 qui-

116 3402 229 3458 bus
258 3402 438 3473 degis,
472 3403 851 3461 testificatione
880 3405 1130 3462 defende.
1168 3406 1326 3476 Apud
1350 3414 1403 3461 te
1444 3415 1527 3461 est
1556 3405 1723 3462 Beth-

116 3492 331 3562 lebem,
369 3496 425 3550 in
468 3511 573 3566 qua
606 3496 854 3552 salutifer
883 3497 1158 3553 Davidicae
1182 3497 1405 3569 virginis
1444 3506 1631 3568 partus
1664 3496 1723 3553 il-

115 3584 298 3652 luxit,
343 3598 504 3657 quem
533 3586 842 3643 obvolutum
896 3589 1091 3658 pannis
1140 3589 1283 3643 inter
1326 3589 1606 3658 angustias
1636 3589 1717 3644 di-

115 3677 360 3733 versorii
395 3692 639 3751 praesepe
667 3680 925 3750 suscepit.
960 3679 1117 3750 Apud
1147 3690 1198 3734 te
1233 3686 1316 3734 est
1344 3678 1614 3733 declarata
1651 3679 1721 3735 ab

116 3769 357 3842 angelis,
385 3769 606 3826 adorata
633 3785 663 3825 a
692 3770 885 3839 magis,
909 3778 965 3826 et
994 3785 1089 3840 per
1114 3770 1409 3825 multorum
1434 3770 1717 3825 infantium

114 3873 331 3918 mortes
362 3860 430 3916 ab
457 3859 668 3917 Herode
704 3864 930 3933 qumsita
963 3860 1262 3918 Salvatoris
1290 3861 1539 3915 infantia.
1563 3860 1720 3930 Apud

117 3965 176 4010 te
201 3962 289 4010 est
313 3954 404 4008 ubi
429 3953 659 4024 pueritia
686 3953 800 4022 ejus
826 3954 1084 4019 adolevit,
1104 3955 1192 4010 ubi
1219 3953 1583 4011 adolescentia
1604 3969 1719 4008 ma-

115 4051 331 4112 turuit,
364 4056 419 4103 et
449 4062 545 4119 per
569 4048 750 4103 omnia
780 4048 1116 4103 incrementa
1158 4062 1420 4118 corporea
1452 4047 1507 4101 in
1536 4047 1718 4103 virum

111 4140 425 4214 perfectum
449 4141 556 4195 veri
583 4141 817 4196 hominis
838 4149 1031 4196 natura
1054 4141 1287 4212 proficit,
1318 4157 1422 4196 non
1449 4142 1567 4198 sine
1593 4140 1717 4198 cibo

112 4231 482 4297 eruditionis,
512 4247 619 4286 non
666 4232 784 4287 sine
820 4248 1011 4287 somno
1040 4234 1273 4303 quietis,
1308 4250 1414 4288 non
1445 4234 1562 4288 sine
1589 4232 1716 4288 ﬂetu

113 4321 529 4387 miserationis,
582 4338 681 4379 nec
736 4324 854 4379 sine
922 4339 1122 4394 pavore
1176 4324 1505 4380 formidinis.
1563 4323 1717 4379 Unus

113 4413 268 4469 enim
298 4422 463 4484 atque
506 4412 646 4470 idem
693 4423 775 4470 est
809 4416 901 4486 qui
930 4423 986 4470 et
1016 4417 1069 4470 in
1114 4415 1212 4471 Dei
1256 4416 1429 4473 forma
1457 4426 1717 4487 operatus

114 4515 206 4563 cst
255 4506 518 4561 miracula
568 4523 761 4577 magna
817 4506 1072 4573 virtutis,
1123 4517 1177 4563 et
1238 4509 1292 4562 in
1339 4507 1513 4562 forma
1571 4508 1715 4563 servi

115 4599 294 4656 subiit
320 4599 579 4653 saevitiam
604 4599 891 4670 passionis.
928 4599 1043 4655 Hoc
1071 4600 1163 4654 tibi
1197 4600 1311 4671 ipsa
1342 4616 1476 4656 crux
1515 4599 1716 4655 indesi-

117 4700 320 4748 nenter
350 4690 607 4761 loquitur,
656 4692 759 4746 hoc
799 4691 936 4762 lapis
975 4691 1177 4748 clamat
1220 4692 1493 4763 sepulcri,
1526 4692 1579 4746 in
1606 4707 1716 4763 quo

116 4782 388 4838 Dominus
410 4782 646 4836 humana
676 4782 987 4838 conditione
1008 4780 1201 4852 jacuit,
1223 4784 1368 4839 etde
1393 4799 1503 4854 quo
1531 4783 1715 4840 divina

116 4874 367 4944 potentia
397 4873 715 4938 resurrexit,
732 4884 930 4929 etcum
954 4873 1021 4927 ad
1047 4883 1284 4929 montem
1313 4873 1510 4930 Oliveti
1536 4874 1715 4929 locum

119 4964 464 5021 ascensionis
497 4973 856 5020 veneraturus
882 4964 1117 5030 accedis,
1141 4980 1210 5020 an
1234 4980 1340 5020 non
1371 4966 1461 5021 illa
1492 4981 1595 5021 vox
1622 4981 1717 5020 an-

116 5058 296 5131 gelica
325 5058 378 5111 in
412 5067 504 5111 tuo
539 5042 770 5111 resultat
798 5058 1005 5124 auditu,
1034 5073 1140 5129 qua
1168 5058 1472 5116 elevatioue
1500 5059 1715 5116 Domini

118 5140 467 5220 stupentibus
489 5146 724 5202 dicitur:
754 5166 772 5199 ι
804 5145 919 5201 Viri
947 5147 1155 5205 Galilaei
1177 5189 1193 5214 ,
1225 5149 1356 5219 quid
1383 5150 1544 5205 statis
1577 5149 1716 5221 aspi-

119 5242 334 5297 cientes
382 5239 435 5293 in
472 5238 704 5305 calum,
746 5239 835 5295 hic
862 5238 1019 5296 Jesus
1061 5241 1155 5310 qui
1199 5253 1511 5313 assumptus
1556 5250 1641 5298 est
1683 5259 1717 5299 a

122 5332 310 5398 vobis,
343 5332 422 5386 sic
451 5333 633 5387 veniet
666 5332 1124 5403 quemadmodum
1163 5333 1380 5390 vidistis
1413 5342 1630 5390 euntem
1659 5334 1715 5388 in

121 5423 323 5480 caelum
350 5424 489 5493 (Act.
518 5439 561 5490 ι,
593 5422 719 5495 ll)?
756 5443 776 5476 ι
814 5423 1010 5478 Veram
1044 5424 1208 5495 igitur
1240 5424 1445 5480 Christi
1489 5440 1718 5496 genera-

121 5518 330 5573 tionem
358 5530 492 5570 crux
512 5530 642 5571 vera
666 5516 987 5583 confirmat,
1013 5519 1270 5589 quoniam
1305 5518 1425 5591 ipse
1446 5519 1501 5574 in
1526 5528 1715 5576 nostra

123 5623 292 5665 carne
323 5608 567 5662 nascitur
595 5607 685 5676 qui
718 5608 774 5662 in
804 5618 993 5664 nostra
1017 5608 1378 5680 crucifigitur,
1418 5624 1540 5681 quae
1566 5610 1714 5667 nullo

125 5700 527 5758 interveniente
574 5709 836 5771 peccato,
882 5701 988 5757 nisi
1017 5701 1212 5759 fuisset
1259 5702 1429 5758 nostri
1462 5703 1711 5773 generis,

123 5808 235 5851 non
263 5792 548 5863 -potuisset
602 5807 722 5848 esse
777 5794 1044 5850 mortalis.
1079 5792 1151 5851 Ut
1198 5803 1380 5851 autem
1428 5805 1712 5865 repararet

488 5887 738 5948 Pauor.
807 5886 971 5948 CXX
986 5887 1069 5948 ἶ.

1748 4566 1795 4625 D

1842 1934 2050 1990 rexisse
2070 1951 2098 1989 a
2118 1940 2349 1995 mortuis
2373 1956 2438 1996 ex
2463 1945 2672 2002 semine
2696 1948 2862 2005 David
2887 1955 3184 2011 secundum
3208 1972 3429 2015 carnem

1839 2022 1923 2093 (11
1964 2024 2098 2081 Tim.
2152 2043 2224 2093 ιι,
2272 2029 2348 2100 8).
2390 2051 2409 2084 ι
2454 2031 2580 2090 Hzcc
2620 2048 2798 2093 autem
2846 2041 3086 2099 cbaritas
3113 2047 3335 2116 quantis
3375 2056 3436 2106 et

1837 2116 1962 2171 novi
1984 2127 2039 2172 et
2065 2116 2272 2175 Veteris
2295 2122 2625 2181 Tcstamenti
2654 2131 3074 2190 auctoritatibus
3098 2136 3429 2203 declaretur,

1836 2221 1935 2276 pro
1982 2210 2307 2280 antiquitate
2355 2217 2646 2273 sacerdotii
2686 2220 2770 2274 tui
2814 2222 3098 2280 evidenter
3147 2231 3432 2297 agnoscis,

1836 2311 1959 2351 cum
1993 2297 2128 2354 fides
2150 2299 2373 2358 Patrum
2400 2314 2454 2359 et
2474 2307 2678 2378 scripta
2701 2325 2820 2365 mea
2841 2312 2909 2366 ad
2933 2324 3138 2370 sancta:
3159 2320 3435 2376 memoria:

1833 2388 2151 2446 Flavianum
2188 2394 2344 2461 data,
2384 2412 2615 2468 quorum
2667 2404 2995 2459 mentionem
3044 2406 3161 2478 ipse
3212 2409 3433 2479 fecisti,

1835 2483 2047 2554 adjecta
2096 2487 2418 2546 universalis
2463 2493 2651 2562 synodi
2692 2495 3106 2556 confirmatione
3134 2500 3430 2559 sufficiant.

1837 2576 1989 2633 Unde
2010 2580 2325 2651 prospicere
2354 2593 2573 2655 oportet
2602 2586 2948 2645 dilectionem
2973 2580 3119 2647 tuam
3143 2608 3211 2649 ue
3240 2605 3433 2651 contra

1833 2670 2222 2741 redemptionis
2243 2689 2308 2730 ac
2348 2676 2461 2746 spei
2490 2688 2692 2734 nostra:
2723 2678 2994 2737 ineffabile
3024 2697 3431 2744 sacramentum

1832 2763 1973 2820 ullus
2000 2765 2393 2823 obniurmuret.
2424 2768 2553 2834 Sed,
2578 2773 2623 2827 si
2648 2774 2739 2843 qui
2780 2785 2907 2831 sunt
2949 2778 3041 2848 qui
3088 2779 3289 2850 adhuc,
3337 2793 3434 2839 aut

1833 2852 2137 2925 ignorantia
2170 2857 2428 2930 caligant,
2468 2870 2563 2916 aut
2590 2864 2948 2934 perversitate
2974 2868 3309 2941 discordant,
3333 2889 3431 2930 eo-

1831 2963 1951 3003 rum
2000 2964 2230 3019 quorum
2263 2953 2318 3007 in
2351 2952 2595 3009 Ecclesia
2647 2956 2743 3011 Dei
2773 2959 3069 3027 apostolica
3118 2962 3223 3018 fuit
3254 2973 3310 3020 et
3348 2974 3435 3022 est

1831 3039 1978 3096 clara
2006 3043 2254 3100 doctrina
2302 3052 2726 3108 auctoritatibus
2756 3053 3120 3121 instruantur,
3154 3068 3211 3115 et
3247 3060 3315 3116 de
3343 3061 3430 3118 in-

1832 3135 2154 3190 carnatione
2184 3135 2346 3192 Verbi
2380 3139 2473 3193 Dei
2508 3140 2625 3197 lucc
2656 3159 2754 3199 nos
2777 3147 3002 3203 credere
3028 3149 3171 3219 quod
3204 3150 3279 3206 illi
3312 3168 3433 3210 cre-

1830 3226 2018 3283 didere
2047 3241 2415 3300 cognoscant,
2449 3250 2627 3304 neque
2650 3252 2708 3291 se
2730 3247 2885 3293 extra
2916 3256 3116 3312 corpus
3140 3243 3346 3302 Christi
3371 3248 3428 3303 in

1829 3334 1937 3390 quo
1991 3327 2311 3378 commortui
2343 3336 2398 3380 et
2447 3332 2883 3387 comresuscilati
2911 3349 3101 3390 sumus
3126 3352 3223 3392 sua
3253 3339 3427 3395 obdu-

1828 3411 2043 3468 ratione
2077 3415 2453 3482 constituant,
2483 3420 2609 3487 quia
2640 3435 2738 3477 nec
2763 3422 2940 3493 pietas
2962 3424 3122 3492 fidei,
3153 3442 3255 3483 nec
3285 3430 3429 3486 ratio

1825 3505 2021 3573 recipit
2048 3509 2407 3575 sacramenti,
2451 3518 2630 3567 utaut
2664 3512 2717 3567 in
2746 3528 2843 3569 sna
2872 3516 3111 3573 essentia
3143 3520 3425 3589 passibilis

1824 3594 1991 3652 fuerit
2030 3596 2236 3665 deitas,
2286 3609 2382 3655 aut
2428 3600 2483 3657 in
2549 3612 2753 3660 nostrae
2805 3615 3014 3662 naturze
3071 3613 3424 3681 susceptione

1824 3688 2049 3743 mentita
2077 3690 2151 3745 sit
2176 3691 2398 3747 veritas.
2421 3693 2752 3751 Particulam
2774 3696 3069 3756 Dominica:
3095 3704 3275 3758 crucis
3297 3720 3421 3761 cum

1824 3776 2051 3847 eulogiis
2096 3779 2405 3838 dilectionis
2449 3793 2648 3840 vestrae
2677 3797 3007 3846 veneranter
3034 3794 3243 3863 accepi.
3288 3794 3424 3851 Data

1823 3866 1999 3938 pridie
2026 3866 2207 3924 Nonas
2240 3869 2617 3941 Septembris,
2647 3876 2771 3932 Etio
2812 3886 2866 3934 et
2901 3879 3093 3936 Studio
3130 3883 3265 3940 viris
3308 3885 3424 3943 cla-

1824 3958 2060 4015 rissimis
2084 3963 2420 4019 consulibus.

1822 4068 2243 4160 ποθνχινιιει
2284 4104 2355 4160 π-
2391 4073 2650 4160 Ερὶειοζα.
2669 4079 2922 4138 Ravenm‘i
2962 4084 3291 4160 aliorumque
3309 4090 3422 4160 epi-

1890 4158 2168 4231 scoporum
2184 4142 2475 4231 [gallorum
2504 4152 2590 4231 iud
2617 4149 2845 4231 Leonem
2875 4172 3091 4231 papam,
3138 4142 3277 4227 [id'eii

1890 4226 2047 4279 quam
2083 4213 2153 4265 ad
2180 4212 2448 4271 Orientem
2480 4219 2671 4274 direxit
2719 4212 2902 4278 Iaudes
2945 4212 3254 4284 dicentium.

1891 4322 2122 4379 Domino
2147 4341 2273 4381 vere
2308 4341 2518 4395 sancto,
2550 4332 2746 4387 merito
2771 4334 2826 4388 in
2860 4336 3079 4393 Christo
3102 4338 3422 4398 beatissimo

1817 4423 1874 4470 et
1917 4417 2217 4485 apostolico
2269 4422 2475 4477 honore
2522 4427 2835 4482 venerando
2870 4444 3022 4500 papae
3064 4431 3254 4499 Leoni,
3310 4433 3422 4489 Ra-

1823 4507 2073 4571 vennius,
2126 4507 2405 4575 Rusticus,
2463 4512 2750 4582 Venerius,
2804 4518 3216 4587 Constantinus,
3251 4522 3421 4578 Maxi-

1821 4613 1967 4663 mus,
2007 4598 2353 4668 Armatarus,
2382 4605 2596 4672 Florus,
2625 4607 2882 4674 Gavinus,
2914 4611 3251 4680 Valerianus,
3282 4614 3418 4671 Con-

1822 4690 2078 4756 stantius,
2107 4691 2410 4761 Nestorius,
2438 4696 2725 4766 Maximus,
2757 4700 3057 4772 Asdepius.
3088 4703 3220 4760 Item
3245 4705 3415 4762 Maxi-

1821 4796 1963 4848 mus,
2014 4782 2204 4852 Ursus,
2258 4786 2574 4859 Ingenulus,
2625 4791 2831 4859 Justus,
2888 4794 3153 4860 Valerius,
3209 4798 3415 4870 Super-

1823 4883 2037 4941 ventus,
2066 4874 2409 4948 Crisaphius,
2440 4880 2725 4951 Fonteius,
2768 4884 3076 4953 Petronius,
3119 4889 3410 4961 llydacius,

1822 4961 2099 5033 Etherius,
2149 4965 2375 5035 Glalius,
2430 4971 2695 5037 Euticius,
2755 4974 3077 5045 Fraternus,
3119 4976 3410 5048 Venturus,

1821 5052 2119 5125 Eugenius,
2179 5058 2441 5127 Hilarius,
2493 5062 2687 5130 Verus,
2732 5064 3031 5133 Amandus,
3082 5068 3411 5138 Gerontius,

1821 5142 2227 5213 Proculeianus,
2247 5148 2512 5217 Julianus,
2552 5152 2850 5223 llelladius,
2895 5158 3264 5225 Amcntarius,
3301 5160 3408 5217 Ho-

1820 5244 2065 5302 noratus,
2097 5239 2410 5311 Hepartius,
2441 5243 2720 5315 Amenius,
2753 5247 3023 5315 Dinatius,
3058 5250 3324 5308 Maximus
3354 5262 3410 5309 ct

1820 5325 2164 5391 Hernantius,
2203 5331 2493 5389 Palladius.

1888 5420 2102 5478 Perlata
2132 5426 2199 5481 ad
2240 5441 2338 5481 nos
2367 5427 2595 5496 epistola
2632 5429 2986 5489 beatitudinis
3024 5446 3215 5492 vestrae
3240 5451 3405 5507 quam

1818 5514 1884 5571 ad
1908 5515 2183 5572 Orientem
2210 5534 2308 5589 pro
2332 5521 2613 5577 catholicae
2654 5521 2775 5578 fidei
2822 5526 3125 5583 assertione
3154 5528 3404 5594 misistis,

1818 5617 2158 5678 optassemus
2207 5622 2262 5668 ct
2302 5614 2487 5669 statim
2530 5617 2852 5687 apostolatui
2910 5630 3093 5676 vestro
3138 5637 3234 5690 pro
3291 5630 3403 5677 tam

1819 5699 2084 5757 innnenso
2120 5718 2343 5760 munere
2374 5706 2671 5776 gratiarum
2707 5709 2973 5765 actionem
3026 5710 3250 5777 referre,
3298 5713 3404 5770 nisi

1820 5792 1977 5850 nobis
2027 5792 2397 5853 difﬁcultatem
2444 5814 2550 5869 qua
2597 5799 2650 5855 in
2690 5816 2854 5856 unum
2891 5801 3140 5858 celeriter
3168 5818 3274 5860 non
3304 5819 3401 5877 po-

2047 5910 2055 5935 ι
2886 5896 2965 5961 27
