3968 6446
654 273 761 345 E35

1488 262 1920 375 'ﬂfnuii'so
1955 280 2127 339 διες.
2164 278 2258 336 ut.
2288 261 2358 321 4-
2389 278 2655 349 lSlDORl
2678 277 3115 356 uenenonts
3754 291 3822 347 me
3872 261 3873 293 ι

656 401 858 458 tuimus
908 400 1220 465 convenire,
1259 398 1342 455 vel
1392 400 1563 470 spatia
1593 392 1789 469 quibus
1814 413 1847 453 a
1877 396 2031 451 nobis
2056 394 2234 466 dispa-
2263 405 2309 464 Α
2339 390 2455 447 licxe
2487 388 2632 459 Sedi,
2671 392 2809 446 unde
2843 390 3115 461 religionis
3161 404 3381 458 nostrm,
3415 396 3631 468 propitio
3653 397 3822 471 Christo,

656 494 760 548 rati
786 500 973 547 sumus
1001 491 1157 560 longa
1187 495 1457 543 terrarum
1488 495 1794 543 nostrarum
1824 502 1944 557 qua:
1973 486 2025 541 in
2058 488 2232 559 regio-

656 583 814 637 nibus
830 581 1048 643 nostris,
1066 587 1260 649 praeter
1280 579 1740 643 consuetudinem,
1760 574 1860 632 fuit
1888 578 2234 649 intemperies

655 674 938 731 attulisset.
968 674 1064 727 Det
1089 682 1217 740 ergo
1235 670 1566 740 apostolatus
1587 677 1768 725 vester
1797 677 1994 724 nostrae
2015 670 2230 724 veniam

656 763 917 826 tarditati,
948 774 1069 833 quin
1115 777 1219 816 non
1249 762 1363 815 otio
1386 769 1502 823 aut
1536 759 1990 827 dissimulatione,
2038 760 2131 815 sed
2168 760 2233 816 de

654 862 802 909 certa
835 853 1159 907 necessitate
1184 851 1481 915 descendit,
1506 865 1731 923 quaeque
1764 864 1793 905 a
1835 850 1989 906 nobis
2013 851 2114 906 etsi
2143 865 2235 906 ee-

656 943 885 998 leritatis
923 943 1153 1013 gratiam
1209 942 1449 1007 abstulit,
1493 940 1797 997 exsultandi
1840 948 2019 996 tamen
2068 951 2235 996 mate-

655 1036 792 1089 riam
821 1032 1036 1090 auferre
1083 1046 1189 1088 non
1238 1034 1431 1104 potuit.
1494 1032 1842 1087 Exsultamus
1873 1031 2055 1101 itaque
2080 1028 2232 1087 Chri-

656 1130 832 1184 stiane
860 1129 1091 1198 poptt'l0\
1112 1128 1265 1183 tectis
1307 1126 1658 1181 beatitudinis
1698 1135 1891 1180 vestra:
1936 1125 2149 1190 litteris,
2179 1132 2237 1179 et

654 1220 897 1275 omnium
924 1218 1282 1273 instructiooe
1320 1217 1613 1288 patefacta,
1657 1230 1847 1271 omnes
1870 1216 2008 1269 intra
2031 1214 2235 1269 Gallias

655 1312 974 1367 constitutos
1001 1308 1274 1364 exsultare
1314 1322 1437 1363 mox
1468 1306 1713 1369 fecimus,
1740 1306 1985 1361 dolentes
2032 1306 2237 1376 pariter

654 1417 755 1471 pro
786 1401 869 1456 his
895 1401 1173 1456 uobiscum
1198 1400 1311 1468 qui,
1341 1398 1619 1454 catholica:
1651 1396 1771 1451 ﬁdei
1806 1396 2006 1450 lumine
2035 1395 2233 1450 dereli-

655 1503 765 1557 cto,
787 1508 1035 1548 errorum
1084 1491 1333 1547 tenebras
1371 1491 1696 1546 inciderunt.
1747 1487 1879 1556 Quae
1901 1489 2235 1559 apostolatus

656 1588 822 1643 vestri
875 1588 1098 1658 scripta,
1157 1589 1227 1642 ita
1280 1596 1338 1641 ut
1378 1586 1678 1658 symbolum
1722 1585 1841 1640 lldei
1882 1586 2126 1656 quisquis
2152 1601 2237 1641 re-

654 1680 976 1751 demptionis
1014 1690 1348 1737 sacramenta
1394 1697 1496 1736 non
1547 1679 1787 1753 negligit,
1830 1679 2023 1735 tabulis
2057 1679 2234 1735 cordis

2335 483 2455 539 l’ons
2500 494 2556 539 et
2603 485 2752 553 origo
2784 485 3041 549 manavit,
3074 486 3369 540 antistitem
3397 487 3625 541 dederit:
3652 502 3824 560 petentes

2332 576 2496 631 etiam
2555 585 2613 629 ut
2678 577 2861 629 datum
2920 592 3348 646 concessumque
3411 594 3593 633 munus
3637 584 3823 651 pontiﬁcii

2332 668 2496 723 vestri
2527 668 2833 739 longissima
2862 670 2927 722 ad
2963 669 3374 724 aediﬁcationem
3402 669 3717 727 ecclesiarum
3745 694 3825 731 sua-

2333 774 2452 815 rum
2485 766 2643 813 aetatc
2695 758 2990 813 custodiat.
3036 757 3143 811 Nos
3178 768 3360 813 autem
3410 759 3510 813 etsi
3541 760 3733 829 impares
3755 780 3825 819 nte-

2336 851 2476 913 ritis,
2506 850 2653 921 paris
2686 859 2864 904 tamen
2897 849 3042 915 ﬁdei,
3072 850 3114 904 si
3158 852 3284 920 quid
3324 850 3492 921 (quod
3528 852 3669 924 absit)
3700 864 3825 911 contra

2335 942 2631 998 Ecclesium
2660 942 2983 997 catholicam
3024 942 3249 1011 profana
3280 939 3618 997 infestatione
3643 952 3824 1009 tentetur,

2332 1034 2506 1108 parati
2539 1050 2743 1097 smnus,
2772 1032 3112 1088 confortante
3153 1032 3403 1095 Domino,
3440 1047 3555 1086 cum
3582 1033 3824 1090 beatitudine

2334 1135 2536 1187 Vestra,
2570 1142 2667 1197 pro
2700 1125 2924 1179 veritate
2972 1125 3092 1179 ﬁdei
3127 1125 3338 1178 animas
3371 1135 3580 1179 nostras
3606 1138 3826 1195 ponerem

2335 1221 2497 1275 vitam
2558 1220 2696 1273 hanc
2772 1218 2980 1273 auctori
3039 1218 3230 1273 salutis
3296 1228 3500 1272 nostra:
3556 1229 3606 1273 et
3662 1219 3825 1291 Largitori

2335 1312 2654 1365 zelernitatis
2691 1311 3020 1380 impendere.
3050 1309 3118 1364 Et
3149 1310 3257 1363 alia
3294 1327 3458 1363 manu
3495 1324 3513 1361 :
3553 1309 3645 1369 Ora
3669 1328 3825 1381 prome,

2336 1404 2553 1458 domine
2587 1402 2898 1457 beatissime
2944 1403 3137 1457 merito
3173 1410 3225 1458 et
3264 1403 3568 1473 apostolico
3597 1404 3757 1457 honore
3774 1421 3825 1459 rr-

2336 1495 2573 1549 neramle
2624 1509 2812 1564 papa:
2871 1492 3123 1550 Rusticus
3181 1494 3507 1565 episcopus,
3561 1496 3823 1566 apostolatui»

2339 1592 2485 1639 tuum
2528 1586 2580 1639 in
2623 1584 2869 1651 Domino,
2903 1587 3229 1651 venerande,
3263 1586 3466 1649 saluto,
3507 1593 3555 1639 el
3585 1594 3634 1639 ut
3668 1586 3826 1656 digneris

2338 1693 2436 1747 pro
2471 1694 2557 1733 me
2584 1694 2743 1733 orare
2772 1678 2996 1749 supplex
3028 1693 3175 1749 rogo.
3212 1676 3477 1733 Venerius
3503 1694 3515 1731 :
3542 1676 3611 1732 Te
3636 1677 3821 1734 dominum

654 1772 925 1844 ascripsit,
957 1782 1011 1828 et
1046 1775 1219 1829 tenaci
1251 1789 1360 1844 quo
1387 1773 1453 1827 ad
1491 1771 1902 1827 conl‘uudendos
1949 1771 2233 1827 baeretico—
2263 1772 2309 1841 Β
2336 1769 2390 1823 in
2414 1769 2631 1824 Christo
2672 1785 2871 1834 meum,
2913 1771 3381 1836 reverendissime,
3417 1769 3606 1831 saluto,
3646 1778 3690 1822 et
3718 1770 3822 1821 utili-

658 1878 774 1919 rum
819 1879 1035 1920 errores
1074 1866 1318 1935 paratior
1364 1865 1420 1918 ﬁt
1477 1863 1753 1919 memoriae
1812 1863 2228 1918 commendavit.

657 1957 809 2012 Multi
863 1958 1045 2028 itaque
1104 1957 1156 2011 in
1214 1971 1279 2012 ea
1327 1957 1532 2026 pariter
1575 1955 1871 2031 gaudentes
1900 1952 2233 2007 exsultantes

655 2057 1083 2121 recognoverunt
1133 2048 1252 2103 ﬁdei
1293 2062 1404 2102 suae
1446 2061 1686 2106 sensum,
1725 2054 1778 2100 et
1828 2046 1900 2099 ita
1940 2057 2234 2113 sesemper

652 2150 717 2196 ex
751 2141 1041 2196 traditione
1072 2147 1292 2210 paterna
1322 2137 1585 2200 tenuisse,
1619 2146 1676 2190 ttt
1698 2143 1876 2190 vester
1903 2133 2233 2205 apostolatus

652 2236 901 2305 exposuit
925 2233 1050 2303 jure
1100 2232 1370 2287 laetantur.
1423 2229 1671 2285 Nonnulli
1711 2228 2053 2283 sollicitiores
2082 2226 2228 2288 facti,

651 2329 1003 2387 beatitudinis
1052 2336 1244 2384 vestra:
1294 2325 1661 2380 admonitione
1725 2330 1996 2393 percepta,
2060 2319 2233 2374 modis

630 2424 903 2479 omnibus
952 2437 1011 2478 se
1060 2420 1398 2494 gratulantur
1449 2420 1761 2483 instructos,
1813 2418 2099 2486 datumque
2131 2416 2230 2468 sibi

652 2514 992 2571 occasionem
1014 2512 1269 2583 gaudent,
1317 2525 1422 2582 qua
1461 2508 1628 2565 libere
1658 2525 1719 2562 ac
1747 2507 2088 2571 ﬁdimialitcr,
2118 2504 2232 2559 sur-

654 2607 901 2678 fragante
952 2605 1115 2657 etiam
1162 2601 1468 2673 apostolica:
1519 2597 1675 2654 Sedis
1730 2598 2075 2660 auctoritate,
2123 2596 2234 2650 elo-

654 2708 908 2770 quantur,
941 2706 996 2753 et
1029 2697 1223 2751 asserit
1260 2696 1628 2765 unusquisque
1682 2694 1822 2763 quod
1867 2692 2057 2747 credit.
2103 2689 2233 2756 Quis

656 2802 835 2847 autem
872 2791 1193 2863 apostolatui
1220 2798 1400 2845 vestro
1428 2804 1525 2858 pro
1548 2789 1651 2843 hoc
1675 2796 1823 2843 tanto
1848 2800 2067 2841 munere
2089 2784 2233 2856 quod

632 2896 764 2938 ’non
790 2882 961 2937 solum
985 2880 1208 2939 Gallias,
1238 2880 1330 2933 sed
1353 2888 1522 2933 totum
1553 2880 1808 2933 mundum
1838 2877 1981 2931 velut
2015 2876 2234 2946 quibus-

657 2975 777 3029 dam
826 2972 1239 3043 pretiosissimis
1267 2971 1496 3043 gemtnis
1523 2970 1752 3034 ornavit,
1789 2969 1977 3039 dignas
2001 2968 2235 3023 aestimet

652 3063 857 3134 gratias
882 3074 1040 3133 posse
1067 3062 1344 3131 persolvi?
1377 3060 1643 3116 Doctrlnte
1674 3068 1794 3128 post
1834 3059 1999 3114 Detnn
2039 3069 2232 3113 vestra:

2334 1861 2514 1932 goeris
2563 1875 2660 1931 pro
2701 1876 2784 1915 me
2830 1874 2987 1915 orare
3042 1860 3264 1931 supplex
3323 1875 3477 1931 rogo.
3533 1860 3821 1915 Constantinus

2333 1955 2619 2025 episcopus
2647 1973 2658 2008 :
2689 1953 3084 2009 Beatitudinem
3129 1969 3367 2010 veStram
3414 1953 3603 2009 saluto.
3647 1952 3822 2008 Similiter

2332 2055 2386 2102 et
2432 2063 2619 2102 onmcs
2646 2048 2879 2118 episcopi
2906 2048 3257 2118 suprascripti
3283 2046 3656 2104 salutaverunt.

2335 2152 2518 2219 XLIX.
2550 2190 2617 2231 -έ
2647 2158 2880 2229 Epistola
2924 2156 3111 2231 Leonis
3151 2159 3219 2215 ad
3262 2176 3442 2215 omnes
3488 2159 3720 2231 episcopos
3746 2155 3824 2213 Csi-

2583 2230 2776 2284 liarunt
2809 2231 2871 2283 de
2910 2230 3247 2283 dmnuotioue
3283 2230 3652 2284 Ira’retiwrum.

2403 2319 2513 2374 Leo
2551 2319 2846 2386 lineatam,
2898 2318 3158 2385 Rusrtco,
3199 2320 3477 2387 Veneno,
3518 2320 3821 2383 Cossrtsuso,

2335 2411 2585 2478 Mutuo,
2634 2414 3022 2476 ARIENTARIO,
3064 2413 3278 2479 FLono,
3335 2413 3539 2478 Suro,
3579 2413 3818 2475 Vttzutso,

2335 2504 2732 2570 CONSTANTINO,
2768 2504 3059 2567 NECTABIO,
3094 2505 3335 2573 Mutuo,
3375 2511 3626 2571 Assumo,
3660 2506 3820 2567 Munia,

2336 2598 2518 2664 l'nso,
2560 2599 2857 2659 iNGENUl.0,
2895 2597 3094 2666 Jusro,
3139 2599 3485 2665 Varenum,
3536 2597 3818 2657 Surenam,

2334 2691 2641 2754 CitlSAPliiO,
2684 2691 2953 2756 FONTEIO,
2997 2691 3297 2757 PETRONIO,
3338 2691 3604 2755 llrbsmo',
3642 2689 3819 2749 Erunto.
3880 2686 3881 2701 ‘

2338 2783 2599 2845 Piniano,
2641 2782 2913 2846 EL‘TICEO,
2958 2780 3285 2849 Faustum,
3328 2782 3609 2845 Veneno,
3644 2781 3820 2841 Evocat,
3880 2846 3881 2849 η

2336 2872 2601 2938 Ηιωιιιο,
2648 2877 2792 2930 Vaco
2817 2916 2831 2941 ,
2869 2875 3481 2942 Ausuno,’Gsnosrto,
3522 2875 3818 2935 PIOCULEMSO,

2335 2964 2593 3043 Jt'uqso,
2637 2965 2941 3033 lleuamo,
2993 2968 3393 3033 Antrcnnnto,
3448 2966 3728 3030 HONORATO,
3757 2964 3818 3018 HE-

2338 3077 2556 3127 PABTlU,
2596 3061 2827 3125 AMENIO,
2868 3061 3120 3129 DINATIO,
3160 3062 3485 3129 Murmure,
3523 3062 3818 3119 Hansmtoet

658 3156 817 3211 debet
849 3154 1041 3218 ﬁdelis,
1089 3162 1146 3207 ut
1189 3161 1504 3209 constanter
1532 3161 1714 3208 teneat
1738 3152 1881 3222 quod
1934 3149 2188 3205 credebat
2217 3166 2231 3216 ;
2263 3154 2308 3221 ο
2342 3154 2610 3208 Ρικιιδλυιο
2649 3155 2918 3226 episcopis
2956 3170 3053 3229 pcr
3089 3154 3293 3210 Gallias
3328 3150 3640 3212 constitutis.

653 3245 813 3299 debet
837 3244 1003 3298 etiam
1035 3242 1282 3306 inﬁdelis,
1329 3251 1442 3297 uta
1477 3241 1701 3313 perﬁdia
1750 3256 1849 3296 sua
1878 3241 2061 3311 agnita
2092 3241 2237 3295 reri-

662 3347 776 3395 tate
814 3338 1078 3403 discedat,
1107 3350 1163 3391 et
1192 3337 1502 3408 apostolicae
1529 3335 1884 3391 institutionis
1912 3332 2031 3392 luce
2052 3331 2235 3404 periu-

653 3446 746 3488 sus
771 3430 977 3487 erroris
1020 3429 1104 3485 sui
1156 3428 1413 3484 tenebras
1459 3427 1819 3499 derelinquat,
1850 3426 2131 3497 magisque
2158 3440 2239 3480 se-

653 3531 850 3594 quatur
900 3532 953 3579 et
998 3522 1183 3579 credat
1230 3521 1374 3592 quod
1424 3535 1522 3593 per
1575 3535 1639 3577 os
1686 3529 1925 3577 vestrum
1980 3518 2237 3574 Dominus

656 3621 840 3668 uoster
861 3612 1020 3669 Iesus
1048 3612 1297 3668 Christus
1343 3613 1410 3668 de
1454 3621 1801 3668 sacramento
1850 3610 2236 3667 incarnationis

655 3718 766 3761 suae
791 3703 970 3769 docet,
999 3716 1160 3774 quam
1192 3704 1244 3759 id
1296 3713 1477 3760 teneat
1511 3706 1655 3775 quod
1705 3704 1949 3760 diabolus
1989 3705 2237 3758 humanae

652 3795 843 3851 salutis
864 3804 919 3852 et
943 3796 1190 3852 veritatis
1210 3795 1464 3852 inimicus
1490 3796 1676 3852 stillat.
1696 3794 2049 3866 Optassemus
2071 3795 2234 3849 etiam

650 3887 718 3942 ad
746 3886 913 3942 ﬁlium
962 3896 1205 3943 vestrum
1253 3887 1701 3958 gloriosissimum
1747 3901 1809 3941 ac
1858 3884 2234 3941 ﬁdelissimum

651 3965 947 4049 principem
968 3980 1386 4050 supereamdem
1413 3994 1633 4033 causam
1662 3977 1873 4033 litteras
1893 3966 2019 4032 dare
2042 3978 2237 4047 quibus

665 4070 1107 4140 congratulantes
1137 4070 1263 4126 ﬁdei
1312 4069 1502 4139 ipsius,
1539 4067 1862 4124 humilitatis
1897 4081 2110 4138 quoque
2147 4080 2238 4123 no-

658 4167 786 4215 stra:
820 4157 1231 4214 sollicitudinem
1287 4174 1393 4229 qua
1439 4174 1535 4215 vos
1600 4159 1655 4213 in
1708 4157 1923 4214 Christo
1961 4156 2238 4229 sequimur

656 4250 1028 4319 proderemus,
1057 4253 1156 4307 nisi
1188 4251 1257 4306 ad
1299 4268 1397 4307 nos
1445 4253 1510 4307 de
1539 4252 1889 4308 orientalibus
1914 4250 2102 4305 nuntio
2125 4265 2238 4325 per-

652 4341 766 4395 iato
802 4339 914 4396 ﬁeri
960 4342 1062 4397 hoc
1092 4344 1310 4398 minimc
1340 4344 1707 4399 necessarium
1760 4351 2089 4415 putaremus.
2135 4341 2237 4395 Me-

650 4433 778 4488 ritis
799 4441 976 4490 autem
1000 4435 1326 4505 apostolatus
1354 4436 1518 4490 vestri
1543 4436 1662 4506 pios
1691 4436 1941 4490 domintts
1965 4433 2233 4505 priestitit,

2410 3246 2759 3315 Optassemus
2802 3245 3015 3321 quidem
3064 3245 3427 3302 fraternitatis
3473 3257 3646 3303 vestrm
3683 3243 3816 3296 litteras

2339 3352 2405 3392 eo
2428 3348 2668 3408 tempore
2694 3354 2799 3407 quo
2827 3338 3195 3408 proruiseratis
3224 3340 3494 3410 accipere,
3522 3348 3569 3391 ut
3591 3332 3816 3407 proiecturis

2338 3428 2407 3483 ad
2442 3427 2719 3484 Orientem
2755 3428 3011 3484 fratribus
3043 3430 3259 3494 nostris,
3291 3446 3429 3501 quos
3472 3429 3533 3482 ad
3562 3432 3747 3483 sanctam
3767 3437 3812 3492 sy-

2338 3521 2536 3575 nodum
2566 3520 2683 3575 vicc
2728 3528 2909 3575 nostra
2954 3535 3052 3591 pro
3106 3524 3395 3579 catholica:
3435 3521 3548 3577 ﬁdei
3598 3515 3814 3573 defensione

2337 3612 2653 3676 direximus,
2690 3612 2855 3668 etiam
2904 3623 3089 3671 i‘éSil‘fB
3126 3615 3411 3671 sentcntim
3435 3609 3670 3688 professio
3690 3607 3812 3679 iunge

2338 3714 2507 3760 retur.
2559 3706 2664 3761 Sed
2706 3721 2828 3760 cum
2880 3716 3049 3761 multa
3090 3707 3373 3763 obstacula
3409 3707 3694 3778 in0pinatam
3717 3695 3814 3753 nobis

2339 3793 2617 3857 intulerint
2642 3796 2975 3862 tarditatem,
3024 3797 3323 3868 quamlibet
3355 3814 3504 3854 seras
3523 3804 3573 3853 et
3596 3793 3667 3849 diu
3690 3800 3812 3854 ωερε·

2338 3894 2510 3941 elatas
2537 3886 2789 3957 epistolas
2819 3902 2914 3959 per
2940 3886 3161 3945 fratrem
3190 3898 3239 3943 et
3269 3890 3625 3960 coepiscopum
3647 3889 3812 3937 nostrum

2336 3974 2647 4047 lngcnulum
2678 3987 2955 4061 gratanter
2986 3980 3316 4049 accepimus,
3347 3995 3539 4053 easque
3563 3991 3662 4032 cum
3681 3968 3811 4044 gaudio

2339 4057 2700 4124 recensentes
2724 4070 3092 4139 probavimus,
3123 4071 3257 4126 sicut
3289 4072 3675 4130 conﬁdebamus,
3695 4057 3811 4116 erudit

2340 4160 2487 4215 tione
2518 4157 2751 4231 Spiritus
2788 4163 2960 4216 sancti
3007 4163 3283 4219 caelestem
3332 4165 3387 4220 in
3433 4162 3573 4219 vobis
3599 4152 3809 4229 vigeretlo-

2337 4250 2590 4318 etrinam,
2640 4266 2802 4323 quam
2868 4254 2921 4308 in
2981 4253 3331 4311 orientalibus
3388 4253 3612 4311 ecclesiis
3647 4242 3805 4302 versum

2336 4340 2507 4397 hostis
2558 4343 2782 4414 antiqui,
2823 4358 2920 4415 per
2967 4359 3061 4400 cos
3088 4360 3225 4416 quos
3268 4361 3521 4418 sequaces
3557 4357 3660 4398 suos
3680 4332 3807 4405 teperit

2339 4428 2545 4487 falsitas
2589 4434 2814 4507 fatigare
2869 4443 3061 4491 conata
3119 4447 3238 4501 est,
3274 4452 3396 4492 cum
3443 4432 3668 4491 catholica
3708 4424 3805 4481 iiilcs,

653 4534 713 4578 ut
735 4525 981 4581 lueresim
1000 4524 1111 4597 jam
1143 4526 1231 4580 diu
1257 4528 1470 4581 occulte
1514 4528 1769 4579 nutritam
1807 4527 2004 4579 vestris
2027 4534 2231 4593 tcmpo-
2266 4514 2313 4577 Ι)
2340 4538 2460 4594 quae
2499 4525 2643 4580 nulla
2680 4527 2759 4581 sui
2788 4536 2870 4581 est
2922 4534 3074 4598 parte
3114 4530 3408 4594 mutabilis,
3440 4543 3526 4601 per
3548 4527 3665 4596 ipsas
3687 4518 3808 4572 adter-

650 4619 805 4671 ribus
826 4617 1098 4687 proderet.
1123 4617 1204 4671 Ad
1233 4617 1442 4671 laudem
1462 4618 1604 4672 enim
1634 4617 2012 4670 sollicitudinis
2039 4627 2233 4670 vestrre

653 4709 905 4777 pertinet,
945 4709 1088 4777 quod
1136 4708 1398 4763 malorum
1440 4725 1593 4763 error
1625 4711 1792 4763 latere
1819 4726 1922 4764 non
1953 4712 2143 4779 potuit,
2172 4726 2233 4763 ae

652 4803 902 4871 gloriosa:
933 4801 1055 4855 lldei
1089 4802 1353 4856 redundat
1389 4806 1531 4870 quod
1554 4816 1721 4871 prava
1765 4803 2042 4871 persuasio
2076 4802 2237 4869 parti.

654 4897 823 4964 eipes,
853 4902 946 4948 aut
970 4908 1076 4949 non
1101 4895 1323 4959 invenit,
1349 4904 1437 4947 aut
1466 4895 1709 4948 luventOs
1732 4895 1936 4948 amisit.
1961 4894 2236 4963 Respiciat

656 4991 840 5058 itaque
859 4988 1234 5043 conservando
1263 4988 1620 5067 apostolatum
1648 4998 1887 5043 vestrum
1922 4987 2238 5042 misericors

658 5078 917 5132 Dominus
941 5075 1243 5133 Ecclesium
1281 5093 1432 5132 suam
1470 5085 1580 5131 toto
1611 5078 1744 5133 orbe
1773 5070 2043 5131 diffusam.
2072 5072 2236 5129 Vobis

655 5169 800 5223 enim
827 5169 901 5222 ita
936 5169 1363 5239 invigilantibus,
1413 5176 1466 5223 et
1495 5167 1546 5222 hi
1578 5168 1669 5239 qui
1695 5178 1880 5222 curam
1908 5166 2100 5219 anima:
2128 5179 2237 5217 sum

655 5268 853 5331 gerunt
907 5258 1248 5315 sollicitiores
1295 5259 1348 5313 in
1394 5260 1499 5314 ﬁde
1552 5260 1886 5322 redduntur,
1935 5268 1990 5312 et
2035 5257 2088 5311 hi
2144 5255 2236 5325 qui

654 5351 815 5423 paulo
843 5351 1055 5407 desides
1090 5358 1217 5405 sunt
1242 5390 1256 5415 ,
1297 5359 1445 5404 tanto
1484 5351 1551 5404 ad
1598 5350 2014 5405 sollicitudinem
2038 5362 2233 5401 accen-

654 5446 856 5499 duntur
883 5440 1145 5512 exemplo.
1191 5439 1343 5507 Quod
1386 5455 1482 5495 nos
1525 5450 1652 5494 ante
1676 5440 1863 5495 oculos
1900 5453 2115 5508 semper
2142 5440 2237 5493 ha-

655 5536 869 5600 bentes,
894 5544 1001 5588 non
1029 5532 1337 5588 desinemus
1362 5533 1471 5586 Deo
1485 5546 1549 5587 ac
1573 5531 1798 5586 Domino
1824 5540 2012 5586 nostro
2034 5533 2234 5602 gratias

657 5639 838 5696 agere,
864 5631 920 5680 et
950 5623 1154 5694 pariter
1190 5622 1491 5692 supplicare
1528 5622 1857 5694 gratulantes
1886 5622 2031 5691 quod
2076 5630 2236 5676 tanta:

658 5715 981 5779 “actitatis,
1012 5719 1176 5771 tantm
1208 5711 1352 5779 ﬁdei,
1388 5722 1658 5787 tantaeque
1694 5715 1974 5782 doctrinae,
2021 5725 2233 5789 aposto-

2338 4618 2574 4672 santiunt
2608 4618 3023 4673 exercitationes
3053 4628 3107 4675 et
3154 4622 3382 4677 validior
3405 4619 3637 4676 elliciatur
3663 4619 3805 4676 sentitur

2337 4718 2391 4763 ct
2416 4710 2635 4774 clarior,
2663 4723 2923 4781 operante
2950 4711 3066 4767 haec
3112 4716 3285 4785 gratia
3323 4714 3439 4781 Dei,
3479 4722 3533 4767 ut
3561 4709 3597 4765 si
3618 4707 3688 4778 qui
3718 4701 3806 4757 forte

2339 4801 2405 4853 ad
2466 4802 2579 4855 haec
2634 4802 2847 4855 subtilia
2902 4803 3100 4857 inimici
3148 4803 3325 4872 jacula
3371 4799 3646 4860 declinanda
3688 4793 3803 4847 "linits

2339 4900 2494 4944 erant
2521 4892 2769 4945 instructi
2795 4893 3075 4963 minusque
3102 4894 3336 4960 solliciti,
3377 4893 3615 4968 perceptis
3637 4882 3804 4941 νοῐίιῡιὶε

2341 4984 2528 5047 armis,
2572 4983 2764 5037 ﬁerent
2796 4993 2981 5038 contra
3027 4986 3311 5055 impiorum
3335 4985 3588 5044 mendacia
3613 4978 3798 5036 fortiores.

2340 5074 2474 5143 Quid
2505 5090 2633 5149 ergo
2673 5079 2811 5132 sicut
2851 5090 3012 5133 causa
3074 5082 3327 5150 poscebat
3379 5078 3600 5136 ﬁduciam
3636 5076 3799 5127 nostram

2339 5172 2499 5236 quam
2529 5171 2594 5223 de
2630 5168 2782 5223 vobis
2822 5169 3080 5226 habemus
3122 5172 3174 5225 in
3208 5172 3433 5228 Domino
3478 5165 3667 5227 ﬁdeliter
3691 5167 3796 5226 ειφιε

2337 5257 2649 5313 obedienter
2672 5259 2899 5315 auxistls
2926 5261 3088 5313 multa
3118 5262 3468 5320 exsultatione
3495 5256 3741 5335 gaudemus,
3765 5250 3797 5295 tl

2341 5350 2536 5403 merito
2586 5364 2683 5405 nos
2730 5352 3103 5423 cognoscimus
3152 5352 3346 5410 fratres
3383 5339 3795 5419 etcoepiscopisno'

2340 5440 2468 5494 Stris
2517 5441 2865 5499 orientalibus
2901 5445 3205 5511 intimasse,
3238 5450 3378 5518 quod
3409 5441 3654 5503 secundum
3690 5439 3795 5485 etan'

2341 5532 2568 5605 gelicam
2598 5543 2653 5589 et
2693 5538 3038 5605 apostolicam
3082 5540 3418 5595 traditionem
3441 5541 3497 5594 dc
3526 5520 3792 5606 incarnatione

2345 5622 2555 5681 Dontini
2602 5629 2771 5682 nostri
2811 5627 2934 5683 Jesu
2967 5630 3165 5686 Christi
3220 5650 3321 5687 una
3359 5640 3487 5687 esset
3516 5622 3700 5680 ninnium
3732 5618 3793 5661 n0-

2343 5725 2515 5772 strum
2555 5725 2607 5771 et
2652 5716 2939 5776 indiscreta
2989 5719 3289 5789 (‘Ottrcssitt;
3328 5738 3485 5797 neque
3529 5715 3622 5769 uili:
3664 5708 3787 5755 00“”
