3968 6444
94 226 214 284 857

1246 200 1736 265 DECRETALIUM
1766 197 2164 256 COLLECTIO.

3274 191 3377 248 838

94 335 561 410 disputationibus
593 330 846 394 detineri,
874 337 933 382 ut
961 327 1118 382 aliter
1147 323 1347 394 aliquid
1385 322 1451 376 de
1496 304 1691 373 summi
1723 316 1775 376 Α
1801 311 2062 382 principia
2100 311 2316 364 beatum
2349 305 2588 362 Marcum
2620 306 2917 362 beatissimi
2959 305 3102 360 Petri
3153 307 3380 377 apostoli

91 445 162 492 et
196 428 462 487 salutiferi
495 423 818 480 sacramenti
849 421 1075 476 veritate
1122 418 1413 486 sapiamus,
1439 423 1600 482 Quam
1631 424 1699 463 ex

93 521 495 594 praedicatione
547 527 857 572 sanctorum
911 515 1150 578 Patrum,
1190 520 1244 565 et
1278 525 1346 564 ex
1376 505 1698 562 auctoritate

97 609 570 671 incommutabilis
602 607 831 679 syuiboli
861 604 1147 667 didicimus
1173 611 1229 656 et
1247 601 1522 660 docemus,
1545 596 1699 648 dam-

101 709 255 764 natis
268 708 338 761 ab
360 703 648 759 universali
672 700 909 757 Ecclesia
934 709 988 753 et
1011 714 1151 752 nunc
1165 693 1446 764 Eutycheti
1468 700 1522 743 et
1541 698 1700 742 antea

101 796 383 857 Ncsmrio,
413 808 642 863 quorum
676 792 720 845 si
751 793 876 861 quis
903 805 1008 844 non
1049 787 1288 842 ferendis
1326 781 1697 852 impietatibus

105 891 385 945 inltmrere
413 885 694 956 delegerit,
725 885 837 954 ipse
864 897 921 937 se
943 899 971 935 a
994 895 1221 951 corpore
1242 877 1560 934 Christiana:
1587 873 1704 929 uni.

105 980 242 1034 tatis
290 975 538 1034 abscidit.
565 973 678 1028 Non
710 973 854 1027 enim
889 971 1024 1026 ultra
1047 969 1158 1038 jam
1189 968 1441 1037 cuiquam
1475 979 1703 1018 excusa-

107 1071 283 1128 tionis
326 1069 593 1138 refugium
645 1067 714 1121 de
765 1065 1064 1136 ignorantia
1105 1070 1160 1116 et
1195 1060 1497 1121 inscientia,
1531 1057 1612 1110 vel
1638 1057 1706 1110 de

109 1159 485 1229 intelligentiae
541 1155 853 1212 diﬂicultate
884 1153 1235 1216 conceditur,
1282 1166 1403 1205 cum
1458 1150 1560 1202 hoc
1590 1147 1706 1216 ipso

107 1262 500 1313 sescentorum
560 1250 672 1312 fcre
722 1249 947 1304 fratrum
1007 1247 1560 1315 coepiscoporumque
1615 1256 1708 1296 no-

105 1355 358 1401 strorum
389 1343 634 1418 synodus.
658 1349 983 1410 congregata
1013 1339 1235 1393 ‘nnllam
1269 1348 1442 1390 artem
1487 1334 1706 1390 ratioci-

108 1436 304 1498 nandi,
367 1433 572 1490 nullout
621 1430 893 1499 eloquium
947 1427 1247 1483 disseremli
1291 1435 1482 1480 contra
1523 1423 1710 1478 funda-

109 1537 364 1588 mentum
397 1526 518 1584 fidei
549 1524 816 1596 inspirare
853 1522 1184 1593 promiserit,
1214 1520 1468 1589 quoniam
1520 1517 1712 1572 admit-

111 1617 364 1678 tentibus
414 1630 508 1687 per
555 1613 813 1674 auxilium
846 1613 1034 1681 gratim
1077 1610 1166 1666 Dei
1199 1608 1462 1663 fratribus
1495 1607 1717 1661 vicarii:

1802 404 2121 473 discipulum
2157 403 2214 456 in
2256 400 2507 458 omnibus
2528 400 2716 469 utique
2745 399 3005 453 doctrinis
3033 398 3116 452 sui
3143 398 3383 454 doctoris

1802 496 2110 566 magisterio
2138 501 2527 549 consonantem
2560 491 2746 546 habuit
2773 489 3134 550 fundatorem,
3155 501 3387 558 quaque

1802 597 1984 657 postea
2011 585 2403 640 recentioribus
2423 599 2453 637 a
2477 591 2657 638 nostra
2680 587 2839 636 actate
2855 579 3195 647 temporibus
3212 578 3383 634 Atha-

1802 676 2036 740 nasium,
2075 674 2454 743 Theophilum,
2487 682 2542 728 et
2589 673 2834 741 proxime
2871 669 3130 740 Cyrillum
3185 670 3386 739 proba-

1805 768 2044 826 tissimos
2067 771 2321 839 prrsules
2359 769 2565 831 halm-it,
2594 767 2865 836 indignam
2890 765 3262 824 captivitatem
3288 766 3390 818 sub

1805 861 2045 918 haeretici
2094 861 2461 915 dominatione
2510 867 2807 930 pateretur.
2883 857 3035 913 Unde
3079 852 3388 909 secundum

1808 967 2058 1020 magnam
2087 952 2515 1005 miscricordiam
2539 955 2542 960 ’
2567 950 2658 1004 Dei
2689 951 2971 1004 universes
3000 947 3195 1016 diaboli
3220 961 3394 1000 eruta-

1808 1051 1914 1106 tus,
1945 1041 2143 1110 quibus
2198 1039 2494 1096 Ecclesium
2541 1041 2750 1095 Domini
2797 1039 3128 1105 conturbare
3173 1037 3394 1092 utolitus

1807 1144 1910 1195 est,
1969 1133 2232 1188 noveritis
2280 1148 2402 1187 esse
2445 1135 2772 1188 dcstructos.
2816 1132 3044 1186 Reddite
3085 1132 3246 1201 igitur
3285 1130 3394 1184 Deo

1808 1227 2030 1296 gratias,
2056 1223 2255 1280 fratres
2286 1224 2612 1287 charissimi,
2642 1224 2854 1294 dignam
2879 1223 3176 1292 gratiarum
3217 1220 3393 1274 actio-

1810 1332 1955 1379 nem,
1985 1323 2042 1375 et
2069 1326 2190 1370 oret
2239 1315 2532 1371 nobiscum.
2573 1322 2750 1369 vestra
2801 1313 3040 1375 dilectio,
3089 1321 3148 1364 ut
3198 1310 3399 1365 fratres

1811 1416 2044 1468 nostros,
2075 1422 2209 1475 quos
2250 1406 2588 1475 ettSpeetatio
2637 1414 2822 1460 iiostra
2853 1405 3146 1467 desiderat,
3194 1401 3397 1458 ἰυεοιυς

1813 1513 1930 1563 mes
1948 1512 2108 1565 quam
2133 1497 2364 1566 primum
2401 1496 2624 1551 rediisse
2667 1495 2932 1557 hetemur,
2966 1495 3113 1549 etde
3149 1492 3402 1548 omnibus

1815 1606 1955 1660 qum,
1988 1589 2216 1646 Domino
2246 1589 2556 1658 adjuvaute,
2587 1597 2713 1646 sunt
2739 1598 2888 1655 gesta
2915 1586 3126 1655 plenius
3155 1599 3250 1644 vos
3275 1598 3396 1652 pos-

112 1709 355 1772 nostris,
385 1723 618 1778 quorum
649 1705 960 1777 plenissima
989 1703 1199 1760 exstitit
1245 1703 1298 1757 in
1325 1702 1470 1755 omni
1500 1701 1713 1754 actione

1839 1697 2000 1738 leuius
2031 1681 2321 1740 instruere.
2363 1679 2493 1734 Nam
2539 1679 2763 1736 fratrem
2808 1677 3122 1746 lngenulum
3150 1675 3400 1730 nolumus

115 1801 360 1863 devotio.
395 1814 500 1858 non
535 1798 707 1856 scium
736 1797 1108 1854 sacerdotibus
1154 1794 1377 1858 Christi,
1411 1795 1506 1848 sed
1545 1793 1710 1847 etiam

113 1890 461 1960 principibus
488 1899 544 1948 et
593 1887 952 1958 potestatibus
1001 1885 1348 1949 Christianis,
1391 1884 1716 1953 cunctisque

121 1980 362 2044 clericis,
414 1978 682 2049 plebibus,
708 1977 1009 2040 ordinibus,
1044 1975 1200 2045 plene
1237 1985 1403 2043 atque
1431 1973 1719 2027 evidenter

123 2071 382 2144 apparuit
434 2071 572 2125 hanc
606 2085 726 2124 esse
781 2083 910 2124 vero
947 2066 1296 2138 apostolicam
1329 2065 1490 2120 tidem
1519 2080 1586 2119 ex
1636 2063 1718 2119 di-

128 2165 276 2220 vina:
305 2162 522 2234 pietatis
545 2161 690 2222 fonte
718 2168 1048 2222 manantem,
1075 2173 1240 2228 quam
1266 2159 1537 2214 sinceram
1565 2167 1619 2211 et
1649 2156 1716 2210 ab

129 2256 279 2312 omni
315 2255 430 2310 fcce
483 2253 646 2310 totius
682 2253 883 2314 erroris
923 2253 1156 2313 alienam
1196 2252 1359 2321 (sicut
1387 2251 1716 2321 accepimus)

129 2346 509 2420 prmdieamus,
551 2353 606 2406 et
647 2343 900 2406 universo
938 2341 1049 2412 jam
1093 2341 1296 2403 mundo
1344 2341 1722 2398 consentiente

133 2438 502 2504 defraudatus,
531 2437 816 2501 exstinctis
844 2444 955 2498 toto
975 2435 1105 2492 orbe
1132 2433 1477 2505 dogmatibus
1498 2449 1617 2502 qua:
1640 2431 1723 2488 vel

125 2531 449 2604 pracedens
504 2529 787 2586 haereticus
847 2544 1011 2586 ausus
1059 2538 1144 2584 est
1201 2525 1404 2584 inferre
1430 2525 1509 2580 vel
1541 2526 1725 2580 subse-

126 2639 332 2694 quens,
370 2621 617 2677 dissimili
668 2621 883 2691 quidem
919 2629 1248 2686 cornamento,
1299 2619 1394 2676 sed
1444 2618 1726 2687 impietate

129 2715 406 2785 compari.
443 2713 576 2770 Nam
631 2713 772 2770 sicut
824 2713 1105 2771 Nestorius
1152 2729 1256 2770 non
1311 2721 1394 2769 est
1441 2711 1725 2773 toleratus.

131 2807 420 2863 aﬁirmans
481 2807 694 2860 beatam
768 2803 991 2862 Mariam
1067 2804 1302 2862 hominis
1352 2801 1730 2858 tantmumodo

133 2899 312 2965 fuisse
339 2896 656 2969 genitricem
701 2895 793 2966 qui
829 2897 1166 2966 postmodum
1199 2896 1272 2951 sit
1299 2912 1326 2948 a
1360 2894 1534 2950 Verbo
1561 2895 1730 2949 deita-

135 2990 216 3044 tis
242 2997 544 3057 susceptus,
601 2987 809 3042 duabus
848 2985 1054 3046 scilicet
1111 2987 1321 3042 naturis
1371 3002 1436 3040 ex
1481 2985 1734 3056 personis

1817 1775 1918 1834 hac
1947 1774 2352 1842 exspectatione
2385 1772 2608 1835 tardari,
2639 1785 2765 1826 cum
2808 1775 2876 1826 ob
2915 1771 3015 1824 hoc
3062 1769 3233 1838 ipsum
3275 1782 3403 1836 pro-

1815 1866 2057 1936 per-alius
2087 1880 2329 1928 remeare
2370 1863 2640 1940 debuerit,
2685 1876 2784 1920 nec
2833 1863 3034 1918 diutius
3065 1861 3408 1936 vobiscsset

1818 1959 2090 2030 incognita
2119 1959 2358 2014 omnium
2397 1957 2624 2012 materia
2648 1955 2990 2025 gaudiorum,
3021 1953 3412 2022 quaivolumus

1817 2066 1914 2121 per
1934 2065 2122 2104 curam
2149 2049 2453 2106 dilectionis
2473 2058 2664 2104 vestrae
2691 2047 2860 2104 etiam
2881 2048 2948 2102 ad
2971 2048 3168 2102 fratres
3192 2055 3411 2119 nostros

1821 2142 2093 2213 Hispaniae
2132 2143 2412 2212 episcopos
2441 2140 2746 2210 pervenire,
2774 2149 2831 2193 ut
2872 2139 3013 2207 quod
3045 2137 3186 2195 Deus
3213 2151 3410 2208 operav

1821 2244 1909 2290 tus
1929 2244 2034 2298 est,
2065 2233 2336 2290 nullicsse
2372 2232 2539 2302 possit
2584 2230 2939 2300 incognitum.
2988 2227 3414 2288 Datalialendis

1821 2323 2130 2388 Februarii,
2160 2322 2464 2380 Herculano
2507 2321 2624 2378 viro
2655 2320 2965 2383 clarissimo
2989 2319 3228 2379 consule.

1878 2417 2038 2500 207
2070 2417 2132 2470 L.
2163 2445 2233 2457 —-
2257 2416 2338 2470 Ad
2365 2415 2692 2470 Martianum
2714 2412 3005 2482 Augustum
3037 2415 3100 2466 de
3123 2412 3350 2466 Pascha.

1897 2509 2030 2564 Tam
2063 2508 2243 2568 multis
2281 2508 2620 2568 documentis
2654 2512 2767 2586 .p'er
2791 2519 2980 2562 clunes
3013 2504 3217 2562 CbriSti
3246 2504 3418 2562 ecclev

1827 2603 1937 2658 sias
1965 2603 2098 2658 ﬁdes
2127 2612 2324 2664 vestrae
2353 2601 2570 2670 pietatis
2599 2599 2831 2658 innotuit
2856 2638 2870 2663 ,
2904 2608 2964 2652 ut
2992 2599 3035 2652 si
3061 2598 3190 2667 quid
3213 2597 3417 2652 sollici-

1830 2697 2076 2766 tudinum
2121 2711 2220 2766 pro
2272 2694 2545 2757 communi
2594 2691 2848 2763 religione
2879 2701 3192 2763 generatur,
3222 2689 3419 2746 merito

1830 2800 2072 2844 vestrum
2102 2795 2309 2856 quaerat
2353 2785 2634 2840 auxilium.
2688 2783 2754 2838 Et
2802 2782 2927 2852 quia
2961 2793 3170 2842 memor
3197 2779 3420 2856 dispeu-g

1833 2884 2094 2948 sationis,
2137 2881 2268 2938 mihi
2299 2879 2538 2945 credite,
2582 2892 2804 2934 necesse
2845 2874 3017 2932 habeo
3047 2889 3205 2948 curas
3239 2888 3424 2938 meas,

1835 2975 1999 3030 etiam
2037 2973 2088 3028 in
2128 2988 2191 3027 ea
2223 2988 2343 3042 quae
2375 2981 2500 3032 sunt
2545 2971 2754 3034 futura,
2783 2967 3142 3038 praemittere,
3175 2980 3280 3026 non
3319 2966 3423 3042 ima

137 3081 436 3144 distinctis,
495 3090 553 3134 ut
603 3094 779 3148 neque
829 3080 942 3150 ipse
995 3088 1137 3135 esset
1176 3078 1315 3134 tilius
1367 3045 1601 3134 hominis
1639 3075 1736 3148 qui
1759 3045 1804 3106 Ο
1837 3067 2003 3138 probe
2030 3065 2187 3135 cupio
2218 3063 2520 3118 clementiae
2543 3069 2735 3116 vestra:
2768 3058 2964 3116 studiis
2985 3057 3264 3126 adjuvari,
3290 3055 3427 3110 utin

139 3172 186 3230 F
197 3172 316 3226 ilius
374 3171 488 3238 Dei,
544 3185 644 3226 nec
677 3187 815 3228 unus
857 3170 1104 3226 Christus
1154 3169 1207 3224 in
1237 3178 1467 3240 utraque
1517 3179 1732 3233 natura.

142 3267 247 3323 sed
273 3266 408 3321 alter
439 3266 804 3335 sempiternus
835 3279 902 3320 ex
952 3251 1133 3329 Patre,
1167 3263 1305 3318 alter
1333 3262 1644 3332 temporalis
1666 3277 1737 3326 ex;

145 3369 349 3423 matre,
388 3373 510 3416 cum
551 3356 861 3427 evangelica
894 3354 1192 3412 auctoritas
1225 3355 1298 3410 ita
1329 3352 1564 3410 Verbqu
1594 3368 1736 3423 prae-

148 3453 536 3515 dicetcarnem
567 3451 788 3511 factum.
825 3458 884 3504 ut
911 3465 1017 3506 non
1047 3448 1181 3504 duos
1204 3449 1450 3504 Christos
1483 3462 1581 3500 nec
1603 3447 1740 3504 duos

149 3545 318 3607 filios,
346 3544 439 3599 sed
487 3543 541 3606 in
591 3557 698 3604 uno
751 3542 981 3598 Domino
1034 3540 1162 3597 Jesu
1212 3539 1430 3594 Christo
1469 3548 1525 3594 et
1559 3537 1654 3594 Dei
1686 3545 1742 3594 et

152 3636 396 3696 hominis
428 3636 582 3694 nobis
611 3635 848 3692 insinuet
898 3635 1201 3699 veritatem,
1234 3641 1292 3686 ut
1322 3633 1600 3702 utriusque
1624 3630 1745 3691 subv

157 3730 402 3796 stantia},
436 3729 490 3785 id
529 3739 634 3794 est,
685 3727 944 3790 salvantis
981 3735 1144 3796 atque
1200 3725 1439 3790 salvatae,
1487 3739 1587 3779 nec
1621 3739 1744 3794 pro-

158 3825 370 3896 prietas
394 3822 563 3892 possit
586 3820 860 3886 confundi,
894 3835 994 3880 nec
1027 3833 1257 3890 persona
1281 3817 1563 3888 geminari.
1591 3815 1745 3876 Sicut

160 3929 294 3986 ergo
340 3911 624 3968 Nestorius
669 3911 720 3966 in
771 3924 871 3965 suo
909 3905 1161 3980 dogmate
1193 3906 1562 3971 exsecrabilis,
1588 3905 1667 3962 sic
1692 3914 1749 3968 et

162 4008 437 4078 Eutychos
482 4006 797 4060 damnatum
843 4003 969 4060 olim
1020 4011 1253 4058 sectatus
1306 4016 1588 4066 errorem,
1645 3999 1750 4062 alia

162 4097 495 4172 profanitate
516 4096 896 4166 blasphemans
941 4111 969 4150 a
998 4093 1277 4149 catholica:
1299 4093 1588 4150 soliditatis
1606 4107 1753 4148 com-

165 4207 305 4265 page
360 4199 635 4246 resecatus
681 4196 784 4253 est,
841 4187 966 4256 quia
1011 4187 1239 4241 indoctis
1301 4185 1622 4255 quibusdam
1673 4184 1755 4240 Dirr

167 4285 448 4351 miumque
493 4280 824 4350 simplicibus
851 4279 1175 4348 persuadere
1206 4278 1430 4332 tentavit
1457 4277 1600 4345 quod
1635 4276 1758 4332 Ver-

167 4377 298 4432 bum
333 4373 424 4427 Dei
459 4372 528 4424 ita
581 4386 709 4424 caro
747 4370 818 4422 sit
864 4367 1087 4431 factum,
1131 4375 1190 4420 ut
1235 4383 1413 4422 veram
1447 4381 1666 4422 carnem
1691 4367 1758 4420 de

1841 3174 1902 3214 ca
1933 3158 2297 3223 observantia,
2323 3171 2442 3226 quae
2473 3163 2621 3210 certa
2658 3169 2872 3224 semper
2923 3153 3132 3214 ratione
3162 3151 3429 3214 variatur,

1843 3247 1973 3304 nihil
1995 3249 2164 3318 possit
2198 3246 2399 3300 erroris
2431 3245 2656 3300 incurri.
2691 3241 2951 3298 Paschale
2976 3242 3176 3298 etenim
3229 3239 3430 3302 festum

1844 3355 1950 3410 quo
1983 3347 2383 3410 sacramentum
2413 3335 2605 3390 salutis
2644 3335 2892 3402 inuitante
2923 3333 3158 3396 maxime
3187 3331 3435 3386 contine-

1847 3444 1954 3499 tur,
1987 3433 2236 3503 quamvis
2280 3430 2332 3484 in
2361 3432 2536 3500 primo
2574 3442 2791 3498 semper
2820 3442 3006 3482 mense
3042 3424 3429 3488 celebrandum

1848 3527 1950 3588 sit,
1999 3526 2072 3579 ita
2121 3533 2298 3577 tamen
2327 3530 2410 3580 est
2462 3520 2670 3577 lunaris
2694 3535 2890 3576 cursus
2919 3519 3227 3581 conditione
3257 3524 3435 3576 muta-

1846 3615 1972 3684 bile,
2008 3624 2066 3672 ιιι
2105 3614 2419 3685 plerumque
2449 3611 2801 3668 sacratissimi
2830 3610 2936 3666 diei
2964 3609 3211 3680 ambigua
3248 3614 3437 3670 currat

1850 3709 2043 3764 electio
2062 3750 2076 3774 ,
2111 3718 2166 3764 et
2194 3723 2260 3762 ex
2287 3707 2390 3762 hoc
2412 3705 2504 3760 fiat
2532 3705 2850 3774 plerumque
2874 3701 3019 3771 quod
3049 3717 3154 3756 non
3179 3700 3337 3765 licet,
3375 3707 3437 3754 ut

1853 3817 1957 3856 non
1987 3800 2147 3856 simul
2175 3797 2352 3854 omnis
2382 3797 2619 3852 Ecclesia
2638 3835 2652 3861 ,
2681 3795 2824 3865 quod
2854 3808 2956 3848 non
2984 3793 3088 3848 nisi
3118 3806 3284 3848 unum
3315 3804 3438 3846 esse

1853 3904 2104 3966 oportet,
2135 3893 2406 3949 observet.
2441 3889 2812 3958 Studnereque
2850 3887 3021 3942 sancti
3062 3885 3248 3941 Patres
3273 3899 3439 3946 occa-

1856 3986 2062 4042 sionem
2097 3984 2257 4054 hujus
2301 3983 2504 4036 erroris
2541 3980 2793 4044 auferre;
2842 3991 3056 4034 omnem
3085 3978 3226 4032 hanc
3252 3990 3442 4034 curam

1856 4076 2221 4134 Alexandrino
2277 4075 2531 4145 episc0po
2585 4072 2930 4142 delegantes,
2992 4067 3244 4138 quoniam
3297 4066 3440 4136 apud

1858 4169 2144 4240 Egyptios
2173 4165 2329 4236 hujus
2359 4164 2754 4236 supputationis
2779 4159 3075 4230 antiquitus
3106 4158 3300 4214 tradita
3325 4171 3447 4218 esse
3531 4209 3534 4213 ,

1860 4263 2142 4316 videbatur
2180 4259 2370 4328 peritia
2395 4296 2409 4323 ,
2435 4272 2532 4328 per
2565 4271 2724 4326 quam
2751 4257 2842 4325 qui
2885 4255 3043 4310 annis
3070 4252 3300 4324 singulis
3333 4251 3450 4312 dies

1862 4355 2131 4425 praedictae
2159 4351 2517 4406 solemnitatis
2556 4349 2835 4414 eveniret,
2872 4348 2996 4403 Sedi
3035 4346 3342 4418 apostolica:
3370 4344 3452 4400 in-

168 4476 366 4522 venti-3
416 4464 652 4535 Virginis
703 4477 806 4518 non
857 4461 1183 4530 sumpserit,
1239 4475 1336 4513 nec
1383 4461 1552 4514 nostri
1609 4429 1838 4514 imij
1866 4445 2155 4507 dicaretur,
2202 4443 2361 4528 hujus
2408 4441 2591 4510 εει-η)ιί
2639 4442 2706 4495 ad
2754 4440 3154 4512 longinquiores
3191 4437 3450 4498 ecclesias

171 4558 392 4632 generis
430 4570 626 4624 corpus
674 4553 963 4616 habuisse,
1027 4551 1120 4605 sed
1185 4550 1483 4604 divinitatis
1539 4551 1654 4620 ejus
1705 4559 1759 4608 et

171 4651 359 4707 carnis
396 4665 499 4704 una
527 4655 672 4708 esset
690 4654 905 4708 natura,
927 4653 983 4698 ut
1011 4659 1174 4696 unum
1204 4642 1486 4696 Dominum
1516 4652 1760 4698 mistrnm

175 4741 361 4796 Jesum
398 4748 452 4792 et
495 4736 688 4790 falsum
749 4735 1018 4788 hominem
1068 4741 1121 4786 et
1177 4731 1344 4786 Deum
1401 4730 1604 4786 diceret
1645 4747 1764 4788 esse
1815 4775 1818 4779 .

179 4828 510 4904 passibilem.
544 4826 695 4894 Quod
728 4840 827 4880 nec
867 4825 1040 4894 pietas
1091 4821 1236 4886 fidei,
1277 4835 1378 4876 nec
1402 4823 1540 4875 ratio
1573 4823 1765 4892 recipit

182 4923 532 4986 sacramenti,
572 4929 632 4990 ut
675 4927 766 4973 aut
817 4919 870 4972 in
920 4934 1016 4972 sua
1065 4927 1255 4969 natura
1290 4915 1566 4986 passibilis
1597 4915 1763 4971 fuerit

186 5016 386 5078 deitas,
419 5020 512 5070 aut
545 5012 596 5066 in
630 5009 972 5080 susceptione
1005 5008 1239 5062 humana
1272 5008 1499 5061 mentita
1535 5008 1605 5060 sit
1631 5008 1768 5062 veri-

193 5117 294 5160 tas.
355 5103 483 5172 Qua:
537 5099 926 5162 diabolicorum
981 5111 1235 5152 sensmun
1287 5096 1592 5166 prodigiosa
1625 5113 1772 5152 com-

192 5206 397 5262 menta,
459 5204 643 5252 sancta
701 5207 846 5245 nunc
901 5189 1138 5260 synodus
1192 5186 1509 5241 humilitatis
1575 5197 1772 5242 nostrae

195 5287 412 5358 scriptis
461 5284 784 5339 auctoritate
842 5281 1044 5336 domini
1103 5280 1204 5333 mei
1272 5277 1566 5331 beatissimi
1629 5279 1772 5333 Petri

198 5379 447 5452 apostoli,
487 5385 539 5432 et
584 5376 778 5429 merito
818 5371 1083 5426 roboretis
1132 5369 1379 5438 religiosa
1423 5370 1777 5432 unanimitate

199 5473 545 5530 consentiens
576 5466 933 5522 abominaudo
957 5465 1022 5516 ab
1058 5462 1294 5516 Ecclesia
1327 5461 1415 5514 Dei
1456 5464 1774 5531 amputavit.

205 5571 752 5632 Dioscormnquoque
807 5556 1223 5611 Alexamlrinum
1276 5555 1324 5606 in
1381 5570 1474 5609 sua
1510 5555 1782 5626 impietate

204 5666 534 5722 manentem,
573 5671 638 5709 uc
667 5652 755 5708 illa
789 5649 1022 5706 Ecclesia
1054 5662 1169 5718 qum
1203 5647 1342 5701 inter
1367 5647 1480 5718 ipsa
1506 5648 1779 5722 Evangelii

1860 4536 2121 4610 judicium
2146 4533 2470 4604 generaliter
2497 4533 2760 4602 percurri.
2793 4531 2898 4587 Sed
2941 4540 3144 4586 sancta:
3178 4529 3454 4585 memoria:

1867 4625 2198 4696 Theophilus
2243 4624 2623 4680 Alexandrina:
2677 4624 2924 4680 ecclesiae
2968 4625 3119 4682 urbis
3169 4622 3456 4691 episcopus

1871 4737 1991 4776 cum
2023 4718 2180 4788 hujus
2205 4717 2598 4773 observationis
2625 4733 2796 4774 annos
2825 4727 3058 4772 centum“
3093 4729 3317 4772 numero
3345 4713 3457 4769 colo

1872 4816 2128 4886 legisset,
2157 4813 2555 4887 septuagesimo
2581 4823 2734 4868 sexto
2768 4809 3021 4880 paschale
3058 4809 3254 4865 festum
3298 4812 3455 4885 longe

1875 4909 2029 4964 aliter
2043 4906 2306 4979 quam—alii
2324 4907 2678 4962 decreverant
2702 4903 2990 4958 tenendum
3011 4916 3132 4957 esse
3154 4901 3457 4966 constituit,

1878 5018 1908 5057 a
1939 5002 2112 5073 primo
2158 5008 2397 5070 augustae
2426 4997 2700 5053 memoriae
2729 4995 3014 5052 Theodosii
3062 4993 3295 5051 senioris
3326 5007 3458 5048 con-

1879 5096 2086 5154 sulatu.
2115 5093 2470 5154 succedentes
2496 5091 2595 5150 sibi
2627 5105 2794 5146 sacrae
2835 5088 3196 5144 observantia:
3239 5085 3459 5142 ordines

1882 5200 2088 5255 ponens
2111 5226 2124 5248 ,
2159 5194 2219 5239 ut
2268 5183 2525 5253 longioris
2555 5183 2812 5251 temporis
2845 5181 2984 5236 ratio
3006 5181 3123 5250 ejus
3151 5181 3348 5236 litteris
3377 5191 3459 5234 te-

1885 5289 2104 5334 neretur
2129 5277 2364 5346 ascripta
2387 5317 2402 5341 ,
2436 5275 2588 5343 cujus
2618 5274 3005 5344 complexionis
3033 5275 3464 5344 scptuagesimus

1814 5439 1816 5442 τ
1887 5381 1943 5428 et
1971 5380 2194 5442 quartus
2221 5377 2305 5424 est
2327 5384 2522 5431 annos;
2558 5367 2608 5421 in
2642 5383 2746 5436 qua
2778 5367 2950 5436 pridie
2973 5366 3094 5422 ldus
3116 5366 3313 5437 Aprilis
3338 5383 3460 5422 san-

1889 5476 2032 5520 ctum
2067 5463 2269 5517 Pascha
2293 5460 2686 5516 celebravimus
2705 5499 2720 5525 ,
2757 5459 2998 5527 sequenti
3025 5473 3151 5513 vero
3181 5472 3323 5512 anno
3351 5459 3465 5526 pri-

1871 5559 1976 5616 .die
2012 5555 2191 5611 Nonas
2214 5553 2415 5624 Aprilis
2436 5552 2650 5614 eadem,
2674 5553 2905 5621 propitio
2930 5552 3056 5615 Deo,
3085 5552 3191 5605 erit
3217 5549 3464 5606 habenda

1892 5649 2154 5708 festivitas
2180 5689 2193 5713 ,
2222 5647 2362 5701 sicut
2404 5645 2722 5716 regulariter
2747 5642 3069 5702 centenariae
3091 5657 3351 5698 annormu
3383 5656 3474 5698 ra-
