3968 6484
563 313 669 373 859

561 428 729 484 tionis
760 424 893 484 ordo
913 424 1175 482 dectarat.
1212 428 1320 480 beo
1359 421 1413 477 in
1443 437 1586 478 anno
1611 421 1703 492 qui
1730 421 1836 477 erit
1859 427 2144 492 septuage-
2170 422 2218 482 Α

562 519 736 575 simus
754 526 941 574 sextus
959 515 1186 572 Pascha:
1207 512 1327 569 dies
1345 512 1654 569 invenietur
1670 511 1968 582 ascriptus,
1992 525 2153 580 quem

563 624 596 665 a
623 608 878 681 passione
915 606 1126 664 Domini
1150 604 1349 661 nullius
1366 603 1623 676 exempli,
1653 602 1854 658 nullius
1889 601 2154 656 constitu-

560 702 730 757 tionis
771 698 1008 755 admittit
1042 697 1363 754 auctoritas.
1409 694 1541 751 Nam
1580 695 1724 751 diem
1768 702 2020 749 octavum
2047 692 2154 748 Καε-

560 793 842 848 lendarttm
884 789 1144 845 Maiarum
1180 789 1249 843 ab
1285 802 1354 844 eo
1379 786 1755 859 cognoscimus
1787 784 2149 855 praefinitum,

561 883 653 953 qui
699 881 827 938 anni
870 879 1095 936 limitem
1145 879 1442 950 antiquitus
1497 878 1850 933 constitutum
1897 875 2148 939 excedit,

559 991 686 1032 cum
728 974 818 1029 alii
849 974 1041 1046 quinto
1088 973 1298 1029 decimo
1328 969 1689 1026 Kalendarum
1722 967 1985 1022 Maiarum
2027 965 2152 1021 huic

558 1064 841 1123 festivitati
865 1064 1241 1136 deputaverint
1267 1063 1432 1118 diem.
1461 1057 1837 1133 Siquidem'ah
1862 1057 2151 1115 undecimo

557 1155 927 1214 Kalendarum
955 1155 1222 1226 Aprilium
1251 1168 1424 1224 usque
1449 1153 1501 1208 in
1533 1153 1744 1208 decimo
1775 1149 2145 1209 Kalendarum

558 1245 827 1304 Maiarum
879 1247 1175 1319 legitimum
1219 1246 1452 1316 spatium
1500 1244 1572 1300 sit
1608 1243 1957 1314 praeﬁnitum.
2000 1241 2146 1297 Intra

558 1340 705 1413 quod
735 1339 976 1397 omnium
1009 1339 1328 1395 varietatum
1355 1337 1656 1394 necessitas
1685 1336 2062 1400 concludatur,
2088 1343 2147 1389 ut

556 1430 768 1490 Pascha
798 1430 1138 1487 Dominicum
1159 1470 1175 1497 ,
1209 1445 1311 1487 nec
1340 1430 1492 1501 prius
1514 1430 1786 1501 possimus
1817 1428 2019 1484 habere
2049 1442 2148 1483 nec

557 1526 788 1581 tardius.
818 1524 972 1593 Quod
996 1525 1140 1579 enim
1165 1523 1218 1579 in
1242 1523 1511 1579 decimum
1539 1533 1594 1579 et
1632 1523 1686 1580 in
1718 1538 1918 1579 nonum
1948 1521 2147 1580 Kalen-

557 1620 751 1676 darum
798 1619 1060 1676 Maiarum
1112 1618 1325 1673 videtur
1371 1632 1756 1688 nonnunquam
1823 1617 2148 1688 pervenisse

556 1711 842 1777 festivitas,
873 1712 1107 1784 quadam
1148 1711 1358 1777 ratione
1381 1710 1706 1765 defenditur.
1736 1708 1871 1776 Quia
1901 1708 2001 1765 etsi
2030 1709 2147 1765 dies

553 1783 976 1863 resurrectionis
1018 1802 1158 1859 ultra
1198 1802 1489 1858 terminum
1530 1801 1746 1857 videtur
1772 1801 1981 1866 exisse,
2026 1800 2145 1856 dies
2175 1783 2223 1845 Β

555 1909 739 1955 tamen
805 1897 1072 1970 passionis
1132 1895 1356 1951 limitem
1401 1893 1636 1966 positum
1686 1909 1792 1949 non
1843 1893 2147 1951 invenietur

554 2004 830 2062 egressus.
877 1989 959 2044 Ad
986 1996 1238 2043 octavum
1266 1994 1446 2042 autem
1489 1985 1851 2041 Kalendarum
1883 1983 2143 2039 Maiarum

552 2078 867 2153 paschalem
894 2077 1295 2134 observantiam
1316 2076 1615 2147 perducere
1643 2074 1806 2131 nimis
1826 2074 2063 2130 insolens
2091 2083 2148 2130 et

555 2180 745 2244 aperta
772 2170 1129 2242 transgressio
1162 2178 1267 2224 est.
1317 2168 1454 2236 Quia
1484 2181 1616 2238 ergo
1644 2167 1696 2222 in
1730 2165 1819 2222 illa
1845 2206 1860 2231 ,
1892 2175 1953 2221 ut
1990 2164 2099 2221 dixi
2128 2205 2143 2233 ,

554 2263 870 2321 centenaria
931 2262 1313 2334 supputatione
1376 2261 1659 2332 Theophili
1713 2261 2146 2332 septuagesimus

554 2368 742 2415 sextus
772 2373 946 2413 annus
994 2356 1136 2412 diem
1172 2354 1395 2411 Pascha:
1419 2363 1609 2411 contra
1649 2368 1854 2410 morem
1890 2352 2125 2409 ecclesia

552 2451 753 2508 sticum
778 2449 1030 2505 statuisse
1052 2457 1406 2513 monstratur,
1444 2458 1498 2505 et
1536 2462 1642 2503 non
1667 2449 1858 2504 leviter
1881 2446 2148 2518 delinqui-

555 2550 650 2596 tur
678 2540 721 2596 si
763 2539 819 2595 itt
849 2539 1118 2611 principio
1157 2539 1482 2594 sacramenti
1526 2539 1732 2595 veritas
1760 2550 1815 2594 et
1861 2539 2041 2593 unitas
2076 2538 2144 2592 ab

551 2630 850 2688 universali
878 2630 1120 2687 Ecclesia
1146 2645 1250 2685 non
1277 2639 1510 2695 tenetur,
1543 2631 1770 2686 obsecro
1793 2630 2137 2686 clementiam

550 2732 793 2781 vestram
817 2765 832 2790 ,
864 2736 925 2779 ut
966 2724 1204 2779 studium
1235 2736 1479 2780 vestrum
1518 2734 1778 2795 praestare
1810 2724 2139 2796 dignemini,

552 2825 826 2891 quatenus
863 2815 1142 2889 Egyptii,
1189 2817 1271 2871 vel
1306 2817 1349 2872 si
1381 2818 1471 2889 qui
1512 2827 1639 2874 sunt
1683 2817 1771 2872 alii
1798 2818 1889 2888 qui
1938 2828 2141 2873 certant

550 2908 715 2980 hujus
740 2898 1138 2981 supputationis
1159 2908 1411 2964 videntur
1451 2908 1649 2965 habere
1675 2910 1921 2965 notitiam
1943 2950 1958 2974 ,
1986 2925 2140 2966 scru-

550 3003 742 3076 pulum
794 3000 957 3071 hujus
994 3001 1372 3058 sollicitudinis
1407 3003 1720 3070 absolvant,
1756 3011 1814 3058 ut
1840 3019 1963 3059 eum
1999 3003 2140 3059 diem

553 3095 825 3168 generalis
879 3096 1223 3152 observantia
1253 3097 1472 3168 dirigat,
1502 3099 1590 3168 qui
1641 3114 1741 3155 nec
1786 3109 2139 3169 paternarum

551 3188 999 3246 constitutionum
1041 3204 1286 3246 normam
1329 3190 1628 3262 relinquat,
1670 3207 1773 3248 nec
1825 3193 1965 3248 ultra
1999 3208 2141 3263 prae-

553 3282 697 3340 fixos
722 3282 985 3339 terminos
1018 3294 1296 3354 evagetur.
1328 3284 1597 3356 Quidquid
1630 3296 1811 3341 autem
1853 3287 2025 3357 pietas
2052 3302 2143 3343 ve-

550 3382 666 3431 stra
697 3374 765 3431 de
805 3374 906 3431 hac
936 3374 1336 3431 consultatione
1360 3378 1672 3449 cognoverit
1698 3414 1713 3442 ,
1754 3379 1821 3432 ad
1848 3392 2025 3433 meam
2053 3375 2143 3446 ju-

550 3462 680 3520 hcat
706 3479 833 3521 mox
865 3464 1114 3520 notitiam
1145 3466 1445 3536 pervenire,
1472 3478 1530 3521 ut
1560 3467 1615 3521 in
1643 3466 1841 3523 divinis
1869 3467 2142 3539 mysteriis

550 3556 697 3613 nulla
725 3557 1074 3614 dissonantia
1103 3557 1263 3628 culpa
1287 3568 1562 3614 nascatur.
1596 3558 1731 3614 Data
1755 3568 1908 3615 sexto
1932 3559 2141 3615 decimo

548 3646 829 3707 Kalendas
853 3647 980 3706 Julii
1010 3690 1026 3718 ,
1056 3647 1303 3721 Opilione
1323 3650 1439 3706 viro
1466 3651 1769 3708 clarissimo
1794 3651 2033 3708 consule.

755 3741 843 3798 LI.
869 3771 942 3785 --
961 3742 1043 3796 Ad
1069 3741 1397 3797 Eudochiam
1427 3741 1560 3813 Aug.
1605 3743 1669 3798 de
1710 3741 1940 3798 Pascha.

624 3835 739 3892 Lso
766 3836 1057 3892 Eunocuua
1082 3835 1359 3906 Augustae.

624 3927 843 3984 Sanctae
883 3926 1158 3982 memoriae
1182 3925 1513 3996 Theophilus
1539 3926 1604 3981 ad
1639 3924 1938 3999 Augustum
1962 3925 2142 3983 Theo-

551 4019 765 4076 dosium
783 4018 1050 4075 seniorem
1081 4018 1348 4083 scribens,
1375 4032 1472 4089 per
1494 4027 1711 4074 centum
1730 4034 1900 4076 annos
1923 4034 1951 4074 a
1966 4018 2142 4091 primo

553 4108 797 4181 praedicti
824 4109 1087 4180 principis
1123 4108 1405 4165 consulatu
1450 4109 1675 4179 digessit
1701 4111 1943 4166 ordinem
1994 4111 2141 4168 festi.

551 4197 721 4267 Cujus
751 4200 1125 4255 instructionis
1151 4200 1580 4272 septuagesimus
1610 4210 1835 4272 quartus
1861 4219 2005 4259 nunc
2037 4219 2137 4258 an-

555 4306 661 4350 nus
675 4290 942 4348 evolvitur
953 4291 1201 4362 Opilione
1215 4292 1458 4348 consule.
1474 4291 1656 4347 Pridie
1667 4292 1788 4349 ldus
1800 4293 1997 4364 Aprilis
2008 4294 2144 4351 cele-

554 4385 709 4440 brata
729 4392 812 4441 est
832 4400 988 4441 sacra
1015 4385 1348 4453 solemuitas,
1378 4386 1519 4442 unde
1539 4387 1784 4458 sequenti
1808 4404 1949 4444 anno
1969 4388 2143 4460 pridie

552 4474 737 4532 Nonas
781 4474 982 4546 Aprilis
1007 4470 1195 4530 eadem
1226 4475 1491 4532 festivitas
1523 4479 1918 4536 rationabiliter
1953 4496 2141 4536 conse-
2164 4515 2220 4578 Ι)

550 4568 756 4639 quitur.
819 4566 926 4623 Sed
971 4583 1146 4623 annos
1180 4568 1271 4639 qui
1310 4578 1425 4625 erat
1484 4573 1912 4643 septuagesimus
1956 4582 2142 4630 sextus

553 4660 839 4716 memorati
858 4659 1093 4730 episcopi
1123 4660 1528 4716 annotationem
1554 4662 1753 4718 habere
1774 4664 2139 4733 cognoscitur,

551 4768 675 4824 quas
699 4767 730 4807 a
759 4752 925 4807 totius
946 4752 1290 4822 antiquitatis
1318 4752 1585 4823 exemplo,
1615 4762 1670 4808 et
1692 4753 1761 4809 ab
1782 4755 1929 4808 omni
1952 4766 2142 4810 aucto-

551 4843 714 4899 ritate
741 4841 961 4897 Patrum
997 4840 1289 4896 discordat.
1342 4839 1617 4912 Siquidem
1655 4842 1709 4896 in
1739 4852 1988 4897 octavum
2035 4843 2140 4898 lia-

550 4936 834 4993 lendarum
864 4933 1126 4989 Maiarum
1156 4932 1495 4988 Dominicum
1527 4932 1736 4989 Pascha
1765 4936 2135 5000 transtulerit,

551 5025 850 5099 prmiinitos
896 5026 1242 5097 antiquitatis
1270 5025 1470 5081 limites
1498 5026 1659 5082 nimis
1696 5029 1960 5084 audenter
1984 5046 2140 5087 exce-

552 5121 709 5183 dens,
750 5133 874 5175 cum
912 5119 999 5175 die
1023 5119 1215 5189 quinto
1255 5117 1467 5175 decimo
1493 5116 1855 5176 Kalendarum
1882 5122 2140 5179 Maiarum

553 5211 868 5285 paschalem
904 5210 1304 5267 solemnitatem
1357 5209 1519 5284 (sicut
1551 5213 1884 5269 constituere
1912 5213 2025 5285 alii)
2054 5229 2143 5284 po-

554 5305 723 5361 tuerit
751 5312 1033 5360 annotare.
1066 5302 1220 5360 Unde
1249 5304 1373 5374 quia
1397 5320 1505 5360 non
1530 5305 1820 5362 mediocris
1842 5307 1972 5362 mihi
2002 5308 2145 5363 solli-

555 5398 740 5456 citudo
783 5404 1093 5469 generatur,
1128 5413 1197 5453 ne
1224 5399 1363 5468 apud
1409 5397 1696 5472 Egyptios
1724 5400 1841 5456 haec
1864 5403 2147 5472 persuasio

553 5494 900 5567 probaretur,
929 5490 999 5546 ad
1028 5488 1554 5547 Christianissimum
1585 5502 1641 5548 et
1662 5492 2145 5552 clementissimum

551 5584 854 5658 principem
900 5580 1104 5654 scripta
1145 5580 1468 5649 direximus,
1508 5583 1704 5653 quibus
1750 5600 1970 5643 causam
1995 5602 2151 5644 scru-

543 5674 665 5747 puli
699 5674 985 5747 diligenter
1023 5672 1280 5745 exposui,
1319 5680 1376 5728 et
1405 5672 1720 5745 suppliciter
1743 5676 2049 5748 postulavi,
2094 5689 2157 5735 ut

550 5766 773 5844 operam
833 5776 1009 5836 suam,
1044 5765 1502 5839 Quemadmodum
1529 5770 1826 5847 consuevit,
1878 5772 2155 5846 religionis

1354 303 1649 364 APPEND.
1691 305 1785 364 AD
1824 303 2001 363 SEC.
2038 301 2132 362 IX.
2170 301 2519 366 —lSlDORl
2552 304 2996 367 MERCATORIS

3731 312 3814 371 840

2245 421 2412 477 cultui
2446 423 2737 495 dignanter
2774 423 3080 494 impendat,
3109 433 3169 479 ut
3193 439 3297 481 eos
3317 421 3422 495 qui
3471 420 3634 491 hujus
3655 438 3815 499 suppu-

2256 511 2474 567 tationis
2499 512 2794 585 perfectam
2819 513 3075 571 videntur
3098 516 3306 572 nabere
3333 512 3610 579 notitiam,
3624 515 3814 576 inunutn

2246 600 2435 673 jubeat
2464 604 2788 670 convenire,
2834 616 2891 660 et
2936 605 3220 678 diligenter
3250 604 3549 674 inquirere
3570 647 3585 671 ,
3616 621 3682 661 ne
3710 607 3819 667 forte

2253 692 2368 748 haec
2406 693 2649 751 deﬁnitio
2689 704 2967 763 teneatur,
2996 708 3052 752 et
3071 697 3162 753 hic
3180 711 3457 771 excessus
3475 695 3570 766 qui
3594 697 3818 768 prioribus

2251 785 2467 841 videtur
2486 802 2790 858 repugnare
2809 789 3139 860 temporibus
3162 798 3378 847 nostra
3393 788 3738 844 conniventia
3757 792 3817 849 rei

2252 879 2593 950 negligentiae
2655 881 2959 951 deputetur,
3012 894 3069 937 et
3125 882 3221 938 ﬁat
3287 885 3350 939 in
3413 883 3619 938 nostris
3659 885 3811 943 diem

2250 969 2393 1039 quod
2442 985 2716 1041 nunquam
2767 982 2893 1028 ante
2941 985 3341 1045 praesumptum
3395 982 3505 1028 est.
3543 972 3675 1041 Quia
3720 991 3813 1032 rem

2249 1072 2463 1134 oportet
2502 1063 2898 1120 fraternitatem
2929 1075 3074 1122 tuam
3103 1082 3249 1123 curze
3291 1066 3465 1122 istius
3494 1081 3697 1123 mecum
3722 1084 3815 1125 esse

2249 1155 2593 1226 participem,
2625 1166 2682 1212 et
2711 1172 2779 1212 ne
2815 1159 2944 1229 quid
2973 1159 3080 1213 tale
3108 1160 3327 1216 accidat
3356 1174 3671 1229 praicaverc
3690 1201 3703 1223 ,
3724 1176 3816 1215 cre-

2249 1243 2400 1300 brius
2448 1245 2856 1319 religiosissimo
2889 1258 2946 1305 et
2995 1249 3318 1307 fidelissimo
3369 1250 3611 1321 principi
3639 1251 3815 1322 dignare

2252 1351 2566 1408 suggerere,
2601 1347 2660 1392 ut
2706 1338 3169 1397 indissimulanter
3189 1340 3393 1412 jubeat
3433 1338 3712 1412 Egyptios
3747 1346 3816 1397 ad-

2257 1445 2481 1486 mouere
2512 1469 2528 1496 ,
2574 1446 2642 1486 ne
2674 1432 2727 1486 in
2759 1432 3337 1489 sunmuefestivitatis
3363 1433 3492 1495 die,
3524 1443 3619 1488 aut
3650 1436 3814 1490 dissen-

2250 1521 2405 1579 sione
2432 1522 2612 1594 aliqua
2631 1563 2648 1589 ,
2680 1534 2776 1579 aut
2803 1526 3234 1598 transgressione
3267 1539 3567 1599 peccetur.
3594 1526 3812 1599 Quidquid

2248 1624 2427 1671 autem
2462 1617 2530 1671 de
2577 1617 2679 1672 hac
2715 1631 2775 1673 re
2818 1617 3130 1689 diligentius
3166 1618 3516 1691 investigare
3561 1619 3815 1678 sollicta»

2248 1718 2430 1763 vestra
2456 1709 2735 1779 potuerit,
2766 1711 2880 1765 cito
2910 1710 2977 1765 ad
3025 1711 3272 1767 notitiam
3309 1725 3503 1768 meam
3539 1710 3812 1782 gloriosissi-

2248 1811 2369 1853 mus
2399 1798 2699 1870 imperator
2716 1798 2909 1870 jubeat
2947 1804 3231 1871 pervenire
3249 1842 3265 1870 ,
3292 1802 3435 1874 quia
3463 1809 3524 1857 et
3552 1802 3620 1857 ad
3654 1803 3807 1872 ipsius,

2248 1898 2305 1946 et
2325 1891 2391 1945 ad
2414 1893 2658 1948 omnium
2704 1891 2934 1949 salutem
2965 1895 3230 1965 pertinet,
3260 1904 3324 1950 ut
3355 1893 3459 1949 Dei
3489 1893 3664 1949 cultus
3697 1893 3808 1948 nullo

2248 1995 2436 2038 errore
2474 1982 2719 2038 laedatur.
2753 1984 2889 2039 Data
2928 1995 3087 2041 sexto
3124 1985 3345 2042 decimo
3389 1984 3662 2041 Kalendas
3688 1982 3804 2049 Julii,

2247 2071 2497 2146 Opilione
2525 2075 2833 2132 clarissimo
2861 2076 3097 2135 consule.

2601 2167 2709 2223 ιιι.
2725 2169 2891 2224 -Αά
2915 2169 3142 2225 Leonem
3165 2170 3497 2243 Augustum.

2294 2261 2429 2320 .Lso
2451 2262 2737 2334 episcopus
2763 2264 2933 2320 Luem
2966 2263 3232 2335 Augusto.

2318 2353 2486 2411 Multo
2512 2356 2708 2428 gaudio
2760 2372 2915 2412 meus
2962 2370 3080 2412 mea
3110 2355 3354 2412 exsultat
3401 2356 3459 2411 in
3493 2354 3735 2422 Domino,
3764 2362 3805 2412 et

2248 2460 2449 2517 magna
2493 2455 2580 2501 est
2611 2445 2744 2501 mihi
2771 2447 2913 2501 ratio
2937 2448 3205 2519 gloriandi
3232 2489 3247 2510 ,
3275 2463 3407 2503 cum
3440 2446 3720 2504 clementia
3735 2463 3801 2503 re

2246 2548 2374 2594 stne
2395 2537 2913 2594 excellentissimam
2943 2538 3100 2595 fidem
3131 2540 3317 2610 augeri
3352 2553 3459 2611 per
3484 2538 3659 2593 omnia
3681 2537 3800 2592 donis

2246 2632 2435 2703 gratia:
2459 2630 2698 2687 caelestis
2722 2646 2958 2702 agnosco
2984 2640 3040 2686 et
3058 2646 3157 2703 per
3177 2632 3528 2688 incrementa
3559 2628 3797 2701 diligentia

2246 2722 2587 2780 devotionem
2642 2721 2698 2777 in
2744 2722 2897 2778 vobis
2952 2721 3120 2778 animi
3165 2721 3534 2778 sacerdotalis
3578 2721 3797 2791 experior.

2245 2814 2380 2871 Nam
2432 2814 2485 2870 in
2529 2822 2726 2870 vestrae
2777 2814 2994 2885 pietatis
3032 2813 3285 2886 alloquiis
3336 2830 3449 2870 non
3500 2813 3654 2868 dubie
3689 2820 3797 2883 patet

2245 2908 2388 2980 quod
2423 2921 2519 2979 per
2540 2921 2638 2961 vos
2676 2906 2729 2961 iu
2762 2907 2925 2961 totius
2958 2893 3216 2962 Ecclesiae
3253 2906 3438 2963 salute
3470 2905 3688 2976 Spiriuts
3709 2916 3796 2957 sar-

2245 3008 2365 3053 ctus
2389 3006 2665 3070 operetur,
2692 3007 2745 3052 et
2765 3005 3026 3068 quantum
3048 2997 3438 3053 universorum
3475 2994 3691 3052 fidelium
3708 3005 3795 3065 pre-

2245 3092 2398 3148 cibus
2428 3092 2501 3147 sit
2544 3090 2872 3161 optandum,
2906 3098 2963 3144 ut
2994 3091 3046 3145 in
3091 3104 3311 3146 omnem
3344 3089 3577 3162 gloriam
3604 3094 3791 3142 vestrum

2245 3182 2569 3239 extendatur
2595 3183 2879 3253 imperium
2909 3223 2922 3248 ,
2952 3183 3043 3253 qui
3088 3197 3251 3252 supra
3274 3196 3472 3239 curam
3498 3194 3665 3236 rerum
3690 3184 3789 3231 tem-

2243 3275 2513 3350 poralium
2542 3274 2808 3346 religiosae
2832 3273 3186 3344 providentia:
3212 3272 3543 3329 famulatum
3567 3268 3734 3325 divinis
3751 3272 3792 3321 et

2244 3368 2467 3424 aeternis
2491 3367 2933 3438 dispositionibus
2962 3376 3387 3437 perseveranter
3412 3361 3724 3437 impenditis,
3751 3364 3791 3411 ut

2243 3459 2456 3519 scilicet
2498 3454 2769 3517 Catholica
2815 3458 2949 3514 fides
2971 3499 2987 3525 ,
3011 3473 3133 3530 quae
3167 3459 3475 3514 humanum
3517 3467 3670 3527 genus
3706 3448 3788 3505 sola

2243 3553 2490 3609 viviﬁcat
2513 3595 2528 3620 ,
2578 3552 2691 3610 sola
2721 3553 3025 3609 sanctiﬁcat
3048 3594 3063 3621 ,
3109 3554 3161 3608 in
3201 3567 3308 3608 una
3334 3548 3672 3609 confessione
3699 3555 3788 3614 per-

2254 3656 2499 3714 maneat;
2531 3655 2587 3703 et
2611 3647 2977 3703 dissensiones
3005 3663 3126 3718 qua:
3154 3646 3223 3702 de
3262 3655 3600 3711 terrenarum
3624 3635 3786 3709 ονίρὶο·

2247 3756 2379 3801 num
2419 3742 2684 3799 varietate
2726 3751 3058 3808 nascuntur,
3110 3757 3140 3796 a
3190 3740 3471 3796 soliditate
3514 3736 3646 3793 illius
3662 3738 3788 3803 pelta

2250 3849 2420 3906 supra
2455 3849 2618 3906 quam
2663 3833 2857 3890 civitas
2890 3833 2983 3890 Dei
3014 3832 3333 3900 aedificatur,
3382 3832 3671 3903 abigantur.
3694 3820 3786 3878 lisse

2248 3935 2428 3983 autem
2458 3926 2550 3983 Dei
2584 3943 2805 3983 munera
2836 3927 2908 3983 ita
2940 3927 3199 3983 divinitus
3223 3928 3446 3983 demum
3479 3921 3622 3980 nobis
3654 3912 3787 3973 conlc-

2246 4027 2458 4085 renlur,
2486 4020 2531 4075 si
2560 4021 2626 4075 de
2653 4020 2738 4076 his
2774 4036 2894 4090 qua:
2922 4021 3164 4091 praestita
3193 4029 3318 4076 sunt
3348 4033 3457 4075 non
3505 4010 3781 4071 inveniamur

2245 4112 2464 4186 ingrati,
2518 4120 2575 4167 et
2625 4121 2879 4184 tanquam
2929 4112 3071 4168 nulla
3119 4113 3229 4167 sint
3275 4127 3400 4182 qum
3428 4105 3598 4177 adepti
3640 4105 3781 4155 sum!!!

2245 4205 2519 4264 contraria
2549 4204 2728 4276 potius
2765 4215 3161 4276 exspectemus.
3217 4203 3351 4259 Nam
3394 4216 3512 4274 qua:
3554 4191 3772 4269 pateﬁt"

2245 4308 2373 4355 sunt
2406 4310 2676 4370 quaerere,
2704 4313 2820 4368 quae
2844 4297 3081 4368 perfecta
3112 4305 3240 4353 sunt
3264 4305 3560 4351 retractare
3582 4329 3595 4353 ,
3623 4294 3773 4354 etqml

2245 4399 2375 4447 sunt
2424 4389 2644 4445 definita
2693 4388 3033 4450 convellere,
3071 4388 3201 4458 quid
3245 4387 3395 4442 aliud
3455 4391 3534 4441 est
3572 4371 3773 4450 quade

2245 4483 2457 4553 adeptis
2484 4480 2710 4552 gratiam
2734 4494 2840 4534 non
2873 4480 3102 4544 referre,
3126 4488 3181 4534 et
3211 4480 3275 4532 ad
3300 4476 3589 4533 interdicta:
3615 4460 3773 4522 arboriS

2247 4573 2428 4627 cibum
2457 4572 2734 4640 improhos
2774 4570 3043 4640 appetitus
3074 4567 3369 4624 mortiferae
3395 4557 3679 4636 cupiditatis
3698 4567 3768 4606 ex.

2248 4646 2510 4719 tendere?
2561 4660 2716 4716 Unde
2748 4662 2872 4731 quia
2919 4662 2984 4714 ad
3013 4675 3199 4729 pacem
3230 4654 3548 4714 universalis
3572 4643 3768 4706 Ecclesia

2244 4764 2300 4812 et
2329 4756 2396 4810 ad
2427 4754 2726 4809 custodiam
2766 4752 3044 4808 catholicae
3073 4752 3196 4807 tidei
3226 4767 3355 4807 cura
3389 4740 3657 4820 dignamini
3688 4732 3759 4790 sol-

2243 4848 2475 4904 licitiore
2515 4849 2785 4918 respicere
2810 4886 2824 4911 ,
2853 4845 3134 4899 evidenter
3162 4844 3456 4916 agnoscitis
3483 4835 3610 4910 (ιιιοά
3641 4825 3765 4926 πξειεξδ

2243 4940 2620 4998 lucreticorum
2680 4938 2911 4993 audetur
2966 4937 3177 4993 insidiis
3200 4976 3217 5003 ,
3250 4946 3311 4991 ut
3338 4936 3478 4992 inter
3517 4923 3764 4998 Eutychetis

2247 5032 2594 5102 Dioscorique
2622 5031 2916 5102 discipulos
2937 5040 2991 5085 et
3021 5045 3143 5086 eum
3170 5044 3331 5101 quem
3360 5021 3628 5100 apostolica
3649 5010 3763 5070 sedes

2246 5125 2507 5182 direxerit
2539 5123 2869 5194 diligentior,
2898 5135 3153 5195 tanquam
3212 5121 3349 5180 nihil
3384 5120 3538 5178 fuerit
3561 5119 3665 5170 ante
3694 5103 3764 5158 ἀε-

2247 5219 2482 5283 finitum,
2509 5225 2771 5273 tractatus
2800 5217 3155 5282 habeatur,et
3174 5220 3317 5289 quod
3347 5217 3505 5274 totius
3527 5200 3677 5267 mundi
3696 5208 3760 5250 ca-

2248 5309 2433 5365 tholici
2464 5309 2777 5365 sacerdotes
2813 5318 2999 5364 sancta
3023 5308 3443 5365 Cbalcedonensi
3471 5296 3647 5377 synodo
3666 5299 3754 5386 Ρξθ·

2248 5400 3046 5473 bantgaudentquelirmatum.
3070 5401 3124 5455 in
3143 5400 3396 5473 injuriam
3409 5398 3554 5454 etiam
3568 5386 3757 5477 εκτειιῆ

2251 5493 2376 5551 simi
2402 5492 2621 5548 concilii
2652 5490 2853 5548 Nicteni
2885 5489 3149 5547 efﬁciatur
3180 5490 3469 5547 inﬁrmum.
3502 5478 3629 5573 Quod
3652 5477 3755 5573 fuit“

2254 5584 2459 5643 nostris
2480 5584 2814 5655 temporibus
2833 5584 2976 5656 apud
2996 5582 3397 5642 Chalcedonam
3417 5583 3478 5639 de
3499 5568 3668 5635 Domini
3683 5569 3752 5656 t0-

2250 5680 2356 5737 stri
2390 5678 2517 5737 Jesu
2562 5678 2764 5736 Christi
2816 5655 3188 5736 incarnatione
3248 5680 3506 5736 firmatum
3555 5672 3653 5723 θειο
3681 5655 3753 5709 mc

2259 5772 2427 5833 etiam
2457 5770 2599 5845 apud
2620 5770 2856 5855 Nicaeam
2890 5772 3152 5866 mysticus
3186 5765 3276 5829 ille
3315 5770 3523 5829 Patrum
3559 5753 3746 5817 ιιιιωοειύ³
