3832 5364
0 242 70 298 Ill
1152 233 1641 294 DECRETALIUM
1671 233 2072 296 COLLECTIO.

3115 244 3222 302 8η

0 331 214 415 leﬁnivit,
242 361 304 402 ne
340 345 729 404 catholicorum
759 349 1050 415 confessm,
1082 359 1176 404 aut
1203 349 1536 420 unigenitum
1569 361 1620 419 Α
1649 351 1964 404 auctoritas.
2003 350 2350 408 lnstructioni
2403 362 2581 410 autem
2613 355 2960 426 parvulorum
3015 367 3228 416 nostro-

0 446 62 499 )ei
95 443 274 498 Filium
316 441 367 496 in
413 440 593 512 aliquo
636 443 882 498 crederet
907 442 1055 498 Patri
1102 444 1402 514 imparem,
1447 451 1542 499 aut

0 537 199 592 :umdem
249 551 369 589 cum
419 533 592 591 iactus
628 544 712 591 est
755 535 896 591 ﬁlius
924 535 1159 590 hominis
1201 552 1308 591 non
1353 549 1541 590 veram

0 627 144 682 :arnis
171 635 361 680 nostra;
391 634 554 696 atque
587 627 779 682 animae
806 626 1059 682 habuisse
1078 637 1349 681 naturam.
1382 626 1543 682 Dete-

0 719 205 773 standum
236 732 359 787 ergo
391 717 544 772 nobis
569 726 653 772 est
685 727 1209 789 perseveranterque
1229 718 1502 773 vitandum
1521 755 1538 784 ,

0 811 105 882 piod
126 810 263 865 fraus
293 810 539 866 hzcretica
573 811 764 866 nititur
789 813 1054 877 obtinere,
1083 827 1184 868 nec
1223 812 1276 866 in
1307 812 1541 883 aliquam

0 903 386 974 lisceptatiouein
415 903 501 974 pie
527 913 582 958 et
609 903 767 974 plene
797 903 1019 960 deﬁnita
1047 906 1352 960 revocanda
1381 913 1540 970 sunt,

0 1010 38 1050 ie
79 996 137 1048 ad
185 993 460 1050 arbitrium
495 998 871 1052 damnatorum
907 999 1005 1070 ipsi
1041 1000 1107 1054 de
1146 999 1230 1054 his
1267 999 1544 1055 videamur

0 1091 220 1162 imbigere
242 1132 255 1156 ,
288 1107 405 1162 quae
438 1094 782 1150 manifestum
811 1104 896 1150 est
935 1111 1031 1165 per
1061 1097 1240 1150 omnia
1267 1094 1544 1167 propheti-

0 1181 44 1235 tis
69 1191 115 1235 et
141 1183 460 1254 evangelicis
481 1195 535 1240 et
575 1186 884 1257 apostolicis
915 1186 1328 1243 auctoritatibus
1349 1202 1542 1243 conso-

0 1287 104 1326 tare.
139 1271 281 1329 Unde
323 1274 366 1328 si
393 1276 484 1344 qui
517 1286 644 1330 sunt
682 1277 772 1348 qui
809 1278 876 1334 ab
908 1278 992 1332 his
1022 1294 1142 1349 quae
1175 1278 1391 1334 coalitus
1417 1284 1544 1334 sunt

0 1365 234 1418 ronslituta
262 1366 616 1434 dissentiunt,
643 1370 756 1424 suis
782 1371 1126 1440 opinionibus
1151 1371 1540 1441 relinquantur,

0 1465 25 1508 et
71 1458 128 1510 ali
156 1459 354 1513 unitate
401 1460 658 1516 Ecclesia:
697 1477 819 1516 cum
863 1479 926 1517 ea
966 1481 1127 1534 quam
1168 1464 1380 1536 elegere
1423 1481 1543 1535 per-

0 1549 206 1606 rersitate
240 1551 541 1608 discedant.
577 1554 708 1610 Nam
755 1555 1062 1612 nullomodo
1089 1558 1204 1613 ﬁeri
1247 1567 1450 1628 potest,
1485 1564 1544 1612 ut

0 1641 56 1709 lui
82 1642 262 1698 divinis
296 1645 499 1699 audent
536 1647 909 1702 contradicere
939 1651 1298 1704 sacramentis
1319 1690 1334 1715 ,
1361 1649 1538 1719 aliqua

1644 457 1762 496 runt
1794 443 1886 512 qui
1917 453 2040 513 post
2078 444 2232 500 Iactis
2257 445 2569 501 alimoniam
2599 446 2724 504 cibo
2755 448 3069 505 desiderant
3092 451 3226 506 soli-

1644 534 1794 590 diore
1826 536 2037 602 satiari,
2069 538 2356 594 ministerii
2389 541 2556 596 nostri
2587 542 2898 612 praesidium
2929 559 3037 599 non
3068 560 3228 615 nega-

1642 643 1783 683 mus.
1805 628 1874 684 Et
1902 629 2044 685 sicut
2064 630 2421 702 simpliciores
2463 648 2568 689 non
2595 635 2902 704 spernimus
2925 675 2942 702 ,
2975 637 3045 690 ita
3089 653 3119 690 a
3145 652 3232 692 rc-

1642 721 1875 778 bellibus
1913 723 2185 779 haereticis
2233 724 2606 782 abstinemus.
2656 742 2922 784 memores
2969 727 3230 799 przeccpti

1643 813 1907 871 Dominici
1938 814 2206 870 dicentis:
2245 835 2264 868 ι
2299 814 2473 872 Nolite
2513 817 2644 873 dare
2685 827 2931 874 sanctum
2959 818 3184 873 canibus
3210 857 3228 882 ,

1645 919 1822 974 neque
1875 905 2135 961 miseritis
2189 907 2511 977 margaritas
2592 916 2804 964 vestras
2854 917 2980 964 ante
3035 923 3232 976 porcos

1644 997 1860 1069 (Matth.
1888 1014 1963 1054 vit
1983 1038 1998 1064 ,
2033 997 2109 1068 6).
2133 1018 2152 1052 ι
2181 997 2354 1054 Nimis
2379 999 2577 1070 quippe
2609 1001 2920 1072 indignum,
2950 1001 3111 1056 nimis
3141 999 3228 1055 in-

1638 1089 1846 1161 justum
1873 1097 1958 1144 est
1977 1103 2072 1144 eos
2101 1089 2168 1144 ad
2191 1089 2497 1144 libertatem
2531 1090 2941 1161 disceptationis
2969 1089 3181 1144 admitti
3209 1128 3228 1156 ,

1645 1197 1782 1252 quos
1821 1181 2093 1254 signiﬁcat
2125 1181 2361 1252 Spiritus
2409 1193 2629 1240 sanctus
2657 1201 2754 1254 per
2799 1184 3116 1255 prophetam
3157 1182 3236 1238 di-

1644 1289 1774 1328 cens
1801 1288 1816 1327 :
1846 1293 1864 1326 ι
1901 1273 2020 1328 Filii
2059 1275 2220 1330 alieni
2273 1275 2486 1331 mentiti
2535 1287 2661 1331 sunt
2707 1277 2838 1331 mihi
2870 1274 3044 1345 (Prol.
3078 1289 3187 1330 xvii
3211 1311 3232 1342 ,

1643 1365 1751 1436 46).
1785 1385 1804 1416 ι
1832 1366 1932 1434 Qui
1962 1367 2125 1421 etiam
2148 1368 2192 1422 si
2218 1367 2506 1438 Evangelio
2536 1383 2642 1422 non
2675 1368 3012 1433 resisterent,
3035 1367 3101 1422 de
3125 1365 3236 1423 illis

1646 1469 1824 1514 tamen
1871 1475 1929 1515 se
1952 1475 2072 1516 esse
2099 1470 2469 1516 monstrarent
2498 1462 2564 1516 de
2587 1462 2785 1531 quibus
2815 1461 3079 1530 scriptum
3099 1467 3185 1515 est
3208 1473 3230 1514 ι

1651 1569 1669 1602 ι
1714 1552 1882 1607 Deum
1921 1567 1982 1608 se
2012 1553 2339 1623 proﬁtentur
2380 1553 2560 1617 scire,
2598 1553 2756 1608 factis
2801 1562 2983 1608 autem
3033 1561 3235 1624 negant

1646 1642 1774 1713 (Tit.
1805 1661 1818 1701 ι
1847 1684 1861 1707 ,
1891 1643 2000 1717 l6).
2041 1665 2058 1696 ι
2091 1644 2373 1699 Clamante
2413 1645 2588 1700 adhuc
2623 1642 2755 1712 justi
2784 1645 2918 1700 Abel
2965 1645 3232 1715 sanguine

0 1731 110 1786 iobis
130 1736 498 1791 communione
523 1739 815 1794 socientur.
864 1738 1080 1795 lactent
1123 1756 1182 1796 se
1225 1742 1278 1796 in
1308 1742 1390 1796 sui
1421 1741 1526 1795 elo-
1567 1729 1609 1788 Β
1637 1735 1921 1790 adversum
1964 1737 2185 1806 impium
2219 1736 2348 1791 Cain
2372 1777 2386 1801 ,
2414 1737 2504 1806 qui
2538 1736 2847 1807 increpatus
2875 1751 2904 1790 a
2931 1734 3096 1808 208
3127 1735 3234 1790 Do-

0 1823 76 1890 iuii
104 1826 322 1882 vanitate
340 1868 356 1893 ,
385 1838 438 1884 et
465 1830 533 1884 de
552 1834 1078 1902 argumentationum
1105 1849 1322 1889 suarum
1352 1850 1537 1890 versu-

4 1917 183 1988 ia,ane
225 1920 438 1977 inimica
490 1933 573 1978 est
629 1924 774 1991 ﬁdei,
808 1925 1129 1994 glorientur,
1175 1925 1330 1981 nobis
1363 1926 1539 1996 placet

0 2009 246 2076 ipostolicis
268 2012 488 2068 obedire
517 2016 826 2085 pratccptis,
854 2017 1158 2072 dicentibus
1185 2035 1197 2070 :
1223 2036 1239 2068 ι
1257 2017 1444 2074 Videte
1472 2033 1538 2074 ne

0 2099 81 2167 [uis
107 2115 190 2156 vos
214 2103 444 2173 decipiat
475 2121 574 2175 per
606 2106 999 2176 philosophiam
1040 2118 1094 2161 et
1138 2108 1351 2162 inanem
1379 2109 1540 2163 sedu-

0 2196 182 2253 :tionem
219 2201 496 2255 hominum
527 2200 754 2273 (Coloss.
794 2219 830 2257 ιι
860 2245 873 2268 ,
907 2203 983 2273 8).
1031 2221 1048 2254 ›
1077 2203 1210 2257 Nam
1243 2206 1538 2260 secundum

0 2290 192 2346 tumdem
235 2291 552 2362 Aposto!uni
581 2313 599 2345 ι
646 2295 689 2348 si
733 2293 852 2366 quin
880 2295 1118 2350 destruxi
1152 2296 1264 2350 haec
1292 2295 1498 2350 ωὐὶίῐςο
1521 2334 1537 2360 ,

0 2384 407 2449 praevaricatorem
440 2403 526 2442 me
553 2389 824 2442 constituo
852 2387 995 2459 (Gal.
1030 2404 1104 2452 ιι,
1139 2389 1225 2456 18)
1257 2429 1270 2450 ,
1308 2407 1326 2438 ›
1364 2396 1417 2443 et
1460 2389 1540 2443 eis

0 2489 58 2529 ne
85 2475 326 2533 ultionum
378 2481 784 2537 conditionibus
815 2482 1020 2546 subdo,
1053 2497 1189 2550 quas
1230 2497 1333 2536 non
1364 2481 1538 2537 solum

0 2568 236 2625 luctoritas
269 2571 440 2626 beata:
492 2575 765 2628 memoria?
816 2573 1075 2644 principis
1119 2573 1402 2640 Martiani,
1443 2573 1538 2628 sed

0 2658 116 2712 :tiam
137 2675 231 2732 ego
258 2679 373 2719 mea
401 2665 760 2721 consensione
791 2667 1021 2720 llrmavi.
1058 2665 1215 2732 Quia,
1249 2666 1387 2721 sicut
1408 2679 1537 2720 san-

1 2757 52 2804 :te
69 2754 411 2826 veraciterque
455 2756 695 2822 dixistis,
725 2757 987 2828 perfectio
1023 2758 1456 2822 incrementum,
1487 2764 1541 2813 et

1 2842 292 2912 idjectioncm
320 2850 603 2920 plenitudo
632 2866 737 2905 non
782 2851 992 2920 recipit.
1030 2849 1182 2907 Unde
1209 2867 1330 2908 cum
1371 2851 1538 2907 sciam

2 2949 52 3000 e,
110 2942 415 2998 venerabilis
485 2943 773 3014 princeps,
855 2944 1222 2999 sincerissimo
1291 2927 1540 3000 veritatis

4 3030 154 3086 umine
202 3033 464 3090 imbutum
505 3035 556 3089 in
591 3036 736 3091 nulla
789 3036 909 3091 ﬁdei
967 3049 1119 3108 parte
1168 3045 1393 3101 nutare,
1443 3035 1538 3092 sed

1639 1826 1784 1881 mino
1822 1843 1929 1882 non
1962 1828 2228 1897 requievit
2257 1828 2324 1882 ad
2366 1829 2733 1898 paenitendum
2755 1869 2770 1892 ,
2805 1828 2899 1883 sed
2921 1827 3126 1882 exarsit
3162 1826 3233 1881 ad

1637 1916 1836 1972 cmdem
1863 1957 1878 1983 ,
1905 1917 2059 1987 cujus
2081 1918 2375 1972 vindictam
2407 1918 2486 1972 sic
2516 1918 2725 1973 Domini
2751 1917 2956 1988 judicio
2984 1917 3234 1974 volumus

1641 2009 1942 2069 reservari,
2001 2019 2059 2064 ut
2111 2009 2390 2080 improbus
2453 2019 2507 2065 et
2563 2011 2830 2081 parricida
2885 2009 3125 2065 crudelis
3175 2009 3231 2064 in

1639 2098 1876 2167 seipsuin
1900 2100 2128 2165 recidat,
2153 2110 2207 2154 et
2231 2110 2416 2155 n0stra
2445 2117 2554 2155 non
2575 2111 2758 2156 teneat
2778 2140 2795 2166 ,
2825 2117 3003 2171 neque
3031 2112 3234 2157 sancta:

1639 2191 1886 2246 ecclesiae
1950 2192 2336 2248 Alexandrina:
2393 2193 2795 2250 lanientabilem
2857 2195 3232 2265 captivitatem

1642 2283 1926 2350 patiamini
1975 2283 2204 2339 ulterius
2233 2283 2544 2355 prolongari
2566 2326 2580 2351 ,
2611 2286 2696 2340 cui
2727 2293 2945 2356 oportet
2985 2285 3109 2340 lidei
3140 2299 3233 2340 ve-

1640 2383 1764 2427 strae
1789 2372 2118 2444 justitiieque
2162 2375 2414 2444 pratsidio
2451 2391 2604 2430 suam
2637 2376 2849 2431 restitui
2891 2376 3231 2442 libertatem,

1639 2473 1695 2519 ct
1721 2479 1817 2534 per
1849 2481 2039 2520 omnes
2082 2461 2303 2537 :Egypti
2353 2466 2516 2522 urbes
2543 2467 2778 2537 dignitas
2797 2466 3016 2521 Patrum
3045 2475 3100 2521 et
3127 2467 3221 2536 jus

1640 2559 1979 2614 sacerdotale
2027 2569 2324 2630 reparetur.
2387 2561 2518 2618 Data
2589 2561 2877 2616 undecimo
2945 2559 3218 2616 Kalendas

1640 2649 1865 2719 Aprilis,
1906 2650 2172 2724 Calippio,
2213 2651 2509 2720 Maioriano
2550 2652 2794 2724 Augusto
2822 2654 3154 2710 consulibus.

2104 2746 2236 2802 LIII.
2269 2776 2336 2788 —-
2366 2747 2445 2800 Ad
2489 2747 2748 2801 eumdem.

1713 2837 1765 2892 I.
1811 2838 1887 2894 De
1925 2839 2278 2912 blasphemiis
2310 2839 2548 2896 Nestorii
2596 2849 2649 2896 et
2672 2841 2990 2907 Euticlictis,
3018 2855 3236 2897 eorum.

1640 2943 1746 2997 que
1798 2932 1962 3003 digno
1988 2933 2358 2988 anathemate.

1709 3027 1765 3081 2.
1808 3026 1961 3094 Quod
2000 3026 2052 3079 in
2093 3040 2198 3079 una
2239 3024 2450 3080 Domini
2491 3040 2723 3097 persona
2761 3026 2973 3096 gemina
3013 3025 3085 3080 sit
3122 3023 3240 3079 dei-

1 3129 138 3175 iancto
169 3123 400 3198 perfecto
419 3123 634 3194 judicio
660 3141 689 3180 a
721 3128 905 3197 pravis
937 3088 1084 3182 recta
1116 3127 1450 3192 discernere,
1483 3137 1538 3184 et
1565 3088 1611 3152 Ο
1645 3119 1770 3174 mis
1818 3126 1874 3171 ει
1922 3114 2274 3171 humillimis
2323 3116 2612 3170 3553mm“
2661 3126 2874 3170 "3mm-

1 3225 8 3260 l
33 3210 299 3271 refutandis
319 3216 692 3288 amplectenda
721 3218 982 3285 dividere,
1008 3233 1240 3275 oosecro
1263 3229 1314 3276 te
1348 3235 1414 3274 ne
1438 3221 1538 3275 hu-

2 3301 228 3362 iiilitatem
256 3325 429 3364 meam
453 3310 521 3365 de
551 3308 844 3366 difﬁdentia
871 3322 1028 3383 putes
1051 3328 1170 3367 esse
1188 3313 1534 3383 culpandam,

1 3406 82 3446 tum
101 3394 206 3450 haec
234 3413 348 3453 mea
386 3399 571 3454 cautio
603 3415 706 3454 non
736 3401 909 3456 solum
939 3402 1229 3457 universali
1282 3403 1538 3458 Ecclesiae

1 3487 209 3556 :onsulat,
238 3493 329 3546 scd
355 3492 524 3547 etiam
551 3501 653 3548 tua:
679 3493 865 3565 gloria:
889 3493 1195 3562 famuletur;
1225 3513 1292 3551 ne
1316 3497 1414 3550 sub
1439 3496 1538 3552 im—

3 3575 89 3629 ierii
112 3579 181 3633 tui
211 3590 450 3654 tempore
497 3594 554 3637 et
579 3583 960 3640 hinreticorum
984 3593 1141 3640 ahcta
1171 3587 1416 3642 videatur
1440 3588 1539 3642 im-

3 3667 223 3739 irobitas,
281 3683 336 3730 et
406 3675 804 3731 catholicorum
875 3679 1184 3746 perturbata
1253 3680 1535 3735 securitas.

3 3757 202 3824 luamvis
225 3783 352 3841 ergo
397 3770 626 3824 multum
657 3781 753 3841 per
793 3771 974 3825 omnia
999 3769 1067 3825 de
1101 3771 1315 3842 pietatis
1346 3781 1542 3828 vestra:

4 3854 116 3909 :orde
142 3859 402 3915 conﬁdam
425 3903 441 3925 ,
474 3869 529 3916 et
567 3876 664 3931 per
697 3858 1090 3917 inhabitantem
1122 3862 1174 3916 in
1206 3863 1358 3920 vobis
1380 3864 1542 3936 Spirio

5 3956 75 3996 um
129 3945 215 4003 Dei
262 3951 395 4006 satis
426 3967 525 4006 vos
555 3951 876 4007 instructum
921 3967 1040 4009 esse
1064 3955 1387 4025 perspiciam
1416 3996 1431 4021 ,
1471 3970 1540 4012 ne

3 4032 84 4091 idei
108 4050 290 4098 vestrae
321 4044 464 4100 ullus
507 4045 676 4115 possit
717 4059 871 4100 error
901 4045 1158 4112 illudere,
1192 4047 1542 4118 praeceptioni

5 4139 134 4182 amen
179 4144 367 4190 vestra:
415 4136 470 4190 in
503 4149 568 4190 eo
593 4135 810 4191 adnitar
837 4135 1060 4193 obedire
1085 4177 1101 4203 ,
1128 4145 1188 4192 ut
1234 4137 1445 4210 aliquos
1470 4139 1537 4194 de

6 4218 206 4275 ratribus
236 4224 368 4279 meis
395 4225 647 4296 dirigam,
681 4226 771 4296 qui
794 4227 934 4296 apud
959 4240 1052 4281 vos
1081 4227 1383 4297 praisentiaa
1407 4244 1540 4285 mete

4 4315 128 4362 nstar
151 4313 456 4379 exhibeant,
488 4325 544 4369 et
569 4331 689 4385 quae
724 4315 797 4370 sit
835 4318 1143 4388 apostolicae
1181 4317 1303 4372 ﬁdei
1334 4318 1540 4390 regula,

5 4396 88 4452 icet
115 4411 188 4471 (ut
211 4405 340 4477 dixi)
375 4407 531 4462 vobis
559 4407 695 4464 bene
715 4409 786 4463 sit
809 4419 956 4478 nota,
989 4409 1364 4468 demonstrent
1391 4452 1406 4479 ,
1445 4428 1539 4485 pa-

6 4488 264 4550 elarientes
290 4495 342 4550 in
366 4497 621 4552 omnibus
647 4506 700 4554 et
731 4501 1020 4568 probantes
1047 4516 1153 4555 non
1177 4517 1298 4558 esse
1319 4503 1541 4560 omnino

8 4592 105 4637 nter
132 4591 418 4648 catholicos
450 4593 877 4663 computandas,
907 4595 996 4665 qui
1028 4595 1397 4652 deﬁnitionem
1445 4613 1541 4654 ve-

6 4681 214 4737 icrabilis
247 4687 436 4757 synodi
465 4686 709 4754 Nicaanie,
745 4689 824 4743 vel
871 4691 1042 4745 sancti
1077 4688 1539 4748 Chalcedonensis

6 4773 172 4828 :oncilii
219 4778 430 4848 regulas
481 4795 585 4834 non
637 4790 976 4849 sequuntur,
1017 4797 1138 4837 cum
1187 4792 1542 4852 utrorumque

5 4874 149 4919 sancta
189 4869 397 4926 decreta
430 4887 496 4926 ex
525 4872 833 4942 evangelico
862 4883 916 4927 et
939 4873 1232 4943 apostolico
1270 4876 1342 4930 sit
1375 4875 1542 4929 mani-

5 4948 159 5010 festum
196 4959 336 5017 l'onle
361 4963 596 5033 prodire,
626 4975 680 5018 et
719 4964 978 5034 quidquid
1009 4981 1114 5020 non
1140 4975 1224 5022 est
1252 4968 1319 5024 de
1349 4966 1542 5038 irriga-

5 5043 116 5099 tione
138 5048 324 5107 Christi
353 5093 368 5119 ,
412 5054 588 5123 poculi
633 5070 752 5109 esse
775 5055 997 5124 viperei.
1027 5055 1339 5114 Prienoscat
1378 5057 1544 5127 igitur

5 5133 142 5199 pietas
167 5153 351 5206 vestra,
379 5144 700 5201 venerabilis
727 5144 1042 5214 imperator.
1073 5145 1194 5214 hos,
1219 5164 1356 5219 quos
1375 5162 1542 5218 spon-

7 5224 81 5279 deo
113 5232 403 5305 dirigendos
455 5252 561 5292 non
615 5236 680 5292 ad
712 5237 1104 5310 conﬂigendum
1137 5257 1257 5296 cum
1296 5240 1540 5298 hostibus

7 5315 102 5354 lidni

157 5340 244 5354 nan
273 5328 335 5354 ΛΑ
363 5329 677 5354 ΑΑ-Ιηοιιλιιηη
718 5340 899 5354 ton-.1..-
939 5333 1054 5354 211..-
1089 5346 1113 5354 Α
1166 5331 1299 5354 0-..-
1332 5341 1510 5354 ---.--ι.ι

1709 3209 1763 3263 5.
1826 3207 1902 3263 De
1947 3204 2199 3276 capitulis
2245 3204 2369 3262 ﬁdei
2422 3220 2489 3262 ex
2526 3215 2840 3263 sanctorum
2889 3205 3112 3263 Patrum
3163 3205 3237 3261 lio

1637 3301 1752 3358 bris
1803 3298 2065 3355 collectis.

1709 3394 1820 3448 Leo
1846 3392 2132 3462 episcopus
2162 3389 2327 3447 Lsom
2353 3391 2616 3464 Augusto.

1706 3471 1834 3541 Cn».
1899 3483 1940 3538 ι.
2009 3483 2331 3539 Promisisse
2403 3499 2490 3540 me
2566 3483 2826 3549 memini,
2912 3481 3235 3540 venerabilis

1641 3579 1978 3649 imperator,
2045 3577 2099 3631 in
2171 3591 2334 3632 causa
2397 3575 2519 3632 ﬁdei
2589 3575 2656 3632 de
2721 3590 2828 3646 qua
2887 3575 3235 3631 clementiam

1644 3679 1791 3724 tuam
1850 3667 1976 3724 novi
2005 3669 2091 3738 pie
2137 3683 2258 3723 esse
2305 3665 2615 3736 sollicitam,
2661 3665 2958 3737 pleniorem
3010 3665 3233 3722 humili-

1640 3762 1770 3818 tatis
1839 3777 1973 3817 mea:
2045 3761 2382 3833 dirigentium
2457 3775 2575 3816 esse
2654 3773 2990 3826 sermonem,
3069 3771 3235 3831 quem

1643 3872 1786 3912 nunc
1827 3855 2126 3911 auxiliante
2178 3855 2404 3911 Domino
2450 3854 2594 3910 ﬁdeli
2636 3853 2920 3910 occasione
2962 3850 3234 3924 persolvo,

1641 3957 1702 4003 ut
1763 3955 1954 4003 sancto
2014 3945 2231 4016 pietatis
2291 3955 2396 4002 tua:
2449 3946 2667 4012 studio,
2737 3945 2883 4002 utilis
2928 3944 3237 4016 (quantum

1641 4038 1913 4111 arbitror)
1969 4038 2160 4096 deesse
2212 4053 2319 4094 non
2383 4037 2553 4109 possit
2601 4039 2906 4094 instructio.
2973 4036 3237 4106 Quamvis

1643 4131 1788 4187 enim
1856 4131 2024 4187 sciam
2090 4130 2432 4186 clementiam
2496 4139 2641 4186 tuam
2702 4130 2953 4187 humanis
3019 4130 3238 4187 institu-

1647 4225 1882 4281 tionibus
1949 4239 2056 4280 non
2116 4239 2294 4297 egere,
2345 4233 2402 4280 et
2451 4224 2873 4280 sincerissimam
2939 4223 3006 4280 de
3062 4224 3236 4278 abun-

1643 4317 1825 4372 dantia
1888 4315 2122 4388 Spiritus
2195 4315 2367 4372 sancti
2425 4316 2675 4372 hausisse
2738 4315 3063 4378 doctrinam,
3114 4312 3236 4369 οιιι-

1642 4412 1712 4468 cii
1765 4419 1948 4466 tamen
2003 4409 2109 4464 mei
2161 4418 2248 4466 est
2307 4418 2363 4466 et
2413 4407 2721 4480 patefacere
2767 4407 2909 4480 quod
2956 4403 3236 4474 intelligis,

1644 4511 1701 4560 et
1770 4501 2070 4573 praedicare
2129 4501 2272 4573 quod
2335 4501 2536 4568 credis,
2599 4509 2660 4555 ut
2727 4499 2866 4571 ignis
2919 4495 3011 4552 ille
3073 4509 3237 4566 quem

1645 4595 1906 4652 Dominus
1961 4609 2184 4651 vemens
2236 4594 2384 4650 misit
2440 4594 2494 4649 in
2555 4606 2757 4649 terram
2823 4599 2971 4648 motu
3029 4588 3236 4646 crebra:

1643 4685 2013 4742 meditationis
2063 4683 2300 4754 agitatus
2351 4683 2431 4740 sic
2484 4682 2828 4740 concalescat
2889 4689 2952 4736 ut
2998 4677 3232 4744 ferveat,

1643 4788 1698 4835 et
1755 4778 1834 4834 sic
1878 4775 2244 4832 inﬁainmetur
2306 4786 2366 4832 ut
2427 4773 2624 4830 luceat.
2681 4772 2900 4845 Magnas
2951 4767 3092 4825 enim
3149 4781 3241 4824 ca-

1641 4869 1834 4940 ligines
1883 4866 2222 4939 Eutychiana
2272 4864 2491 4924 haeresis
2544 4862 2784 4920 Orientis
2855 4859 3098 4935 partibus
3163 4857 3246 4912 in-

1646 4959 1791 5016 ferre
1834 4959 2018 5014 molita
2077 4967 2204 5025 est,
2274 4969 2326 5018 et
2377 4956 2442 5010 ab
2501 4955 2587 5009 illa
2646 4957 2761 5014 luce
2821 4977 2840 5010 ι
2899 4965 3018 5028 qua:
3064 4949 3251 5018 (sicut

1648 5052 1996 5126 Evangelium
2047 5050 2322 5127 loquitur)
2376 5049 2517 5103 lucet
2568 5050 2626 5104 in
2683 5054 2943 5120 tenebris,
2995 5057 3050 5104 et
3101 5055 3254 5100 tene-

1647 5147 1759 5203 brae
1817 5161 1937 5202 eam
1991 5157 2098 5198 non
2153 5139 2698 5220 comprehenderunt
2747 5144 2931 5216 (Joan,
2996 5154 3036 5202 ι,
3083 5133 3180 5204 5),
3233 5151 3255 5185 ι

1649 5242 2022 5312 imperitorum
2097 5243 2312 5304 oculos
2383 5233 2606 5289 tentavit
2677 5247 2943 5294 avertere.
3021 5225 3266 5294 Cumque

3193 5317 3204 5328 ο

1993 5344 2075 5352 ..Μ
2131 5343 2192 5352 ..Α
2213 5349 2228 5351 ᾲ
2252 5341 2270 5352 ο
2295 5337 2306 5352 I
2323 5329 2410 5352 _..:l
2473 5326 2764 5352 nmA:I-I-...
2863 5348 2882 5349 η
2901 5338 3004 5350 γ--ΩΑ
3051 5319 3102 5350 ἶη
3155 5316 3269 5350 διε-
