3968 6490
622 470 724 524 845

1372 462 1662 518 APPEND.
1700 461 1789 514 AD
1831 457 2004 514 ΒᾹΞΟ.
2047 455 2139 512 1Χ.
2179 484 2249 495 -
2286 453 2531 511 ISIDORI
2570 451 3012 511 MERCATORIS

3719 451 3789 507 811

622 594 847 649 (piorum
890 580 1035 648 prior
1062 576 1362 641 Nestor-ius,
1394 575 1663 646 Eutyches‘
1710 571 1979 628 secundus
2027 582 2201 625 emer-
2226 571 2275 630 Α
2300 565 2460 621 Patre
2505 563 2691 636 (quod
2752 561 2922 618 Grati
2974 560 3160 617 dicunt
3202 560 3518 631 omousion)
3558 577 3642 632 per
3678 578 3793 632 quem

623 671 714 735 sit,
766 670 857 739 qni
912 668 1164 723 Ecclesia:
1209 665 1301 719 Dei
1351 665 1486 719 duas
1531 665 1769 719 haereses
1813 661 2032 716 sibimet
2073 672 2201 717 ostr-

622 762 821 816 trarias
882 758 1080 815 inferre
1127 759 1455 823 voluerunt,
1521 764 1582 809 ut
1633 745 1862 825 uterque
1907 745 1949 806 ἰ
2003 748 2201 822 pradi-i

623 853 896 909 catorihus
924 852 1166 908 veritatis
1187 851 1383 907 merito
1405 838 1774 917 damnaretur,
1798 848 1924 919 quia
1950 841 2199 903 insanum

624 942 788 997 nimis
855 951 908 997 et
979 943 1299 1015 sacrilegum
1372 941 1474 995 fuit
1539 939 1683 1009 quod
1753 938 1902 993 varia
1964 935 2202 993 falsitate

624 1032 786 1088 ambo
831 1043 1133 1089 senserunt.
1185 1032 1685 1089 Anatbematizetnr
1732 1042 1865 1101 emo
1922 1028 2203 1085 Nestoriua

622 1122 714 1191 qui
769 1123 982 1179 beatam
1036 1123 1312 1194 Virginem
1365 1123 1590 1178 Mariam
1643 1135 1769 1177 non.
1800 1119 1919 1185 Dei,
1966 1119 2060 1175 sed
2100 1119 2199 1176 ba-

622 1214 785 1269 niinis
816 1198 817 1201 ¹
843 1217 1214 1272 tantummodo
1268 1213 1498 1271 credidit
1555 1215 1869 1285 genitricem
1926 1227 2085 1275 esse,
2142 1218 2204 1269 ut

624 1305 783 1360 aliam
839 1321 1127 1377 personam
1188 1307 1410 1373 carnis,
1467 1305 1626 1361 aliam
1672 1303 1881 1360 faceret
1934 1303 2199 1360 deitatia:

620 1410 725 1451 intre
775 1412 940 1452 unum
986 1396 1262 1452 Christum
1312 1397 1365 1453 in
1412 1396 1590 1453 Verbo
1637 1396 1729 1451 Dei
1779 1384 1844 1450 et
1882 1408 2045 1450 carne
2078 1410 2205 1451 sen-

621 1486 791 1550 tiret,
869 1487 967 1542 sed
1034 1489 1327 1558 separatim
1396 1497 1562 1559 atque
1621 1487 1906 1555 seiunctim
1973 1485 2202 1542 alterum

620 1573 816 1630 Filium
879 1575 1014 1642 Dei,
1081 1576 1309 1635 alterum
1362 1578 1596 1634 hominis
1660 1577 2022 1648 praedicaret;
2081 1588 2201 1631 cum

620 1675 874 1723 manente
925 1667 1015 1722 illa
1070 1668 1523 1723 incommutabilis
1580 1667 2026 1728 Verbi.essentia
2084 1681 2205 1738 quae

618 1757 668 1810 ei
728 1772 849 1812 cum
911 1758 1069 1816 Patre
1113 1767 1169 1814 et
1217 1757 1419 1828 Spiritu
1464 1767 1653 1815 sancto
1705 1757 2075 1828 intemporalis
2118 1764 2206 1821 at-

614 1861 723 1916 que
797 1857 1063 1904 coaeterna
1135 1858 1257 1914 est,
1325 1852 1400 1905 ita
1479 1849 1623 1906 intra
1694 1849 1934 1920 virginea
1994 1849 2204 1903 viscera

2297 656 2478 713 omnia
2528 653 2668 710 facta
2710 661 2859 720 sunt,
2898 653 3013 710 sive
3061 666 3184 722 qua
3227 652 3280 707 in
3331 651 3486 718 caelo,
3515 653 3617 707 sive
3650 657 3796 725 queis

2298 754 2465 802 terra.
2523 743 2626 811 Qui
2687 752 2906 814 propter
2956 756 3056 800 nos
3112 750 3167 798 et
3230 752 3449 814 propter
3497 752 3705 801 nostrain
3738 760 3798 800 ts

2299 837 2465 895 intem
2527 836 2811 893 descendit
2847 836 2915 891 de
2961 835 3131 900 cudo,
3184 844 3241 891 et
3295 836 3595 891 incarnatus
3635 847 3728 901 est,
3762 846 3800 895 et

2300 930 2466 997 bomp
2505 927 2703 994 factus,
2759 942 2951 998 passus
2992 935 3098 989 est,
3138 933 3194 983 et
3237 926 3523 983 resurrexit
3574 930 3703 983 tertia
3739 929 3799 986 ιΓιι

2302 1018 2546 1077 ascendit
2601 1018 2669 1074 ad
2725 1017 2924 1084 caelos,
2987 1025 3248 1073 venturus
3302 1017 3545 1087 judicare
3602 1020 3725 1077 vivos
3764 1029 3802 1075 et

2303 1118 2565 1168 morulas.
2613 1108 2681 1166 Et
2735 1108 2790 1165 in
2834 1108 3094 1179 Spiritum
3135 1117 3405 1164 sanctum.
3448 1106 3503 1163 In
3541 1123 3634 1178 qua
3654 1109 3802 1179 prolis-

2303 1204 2455 1263 sione
2505 1204 2611 1262 hoc
2662 1201 3066 1259 evidentissime
3106 1201 3454 1263 continetur,
3514 1202 3643 1271 quod
3686 1203 3803 1257 etiam

2304 1310 2404 1355 nos
2464 1293 2532 1349 de
2579 1291 2790 1353 Domini
2838 1292 3212 1349 incarnatione
3267 1291 3615 1357 confitemur,
3654 1301 3698 1346 et
3724 1308 3804 1349 cre-

2304 1387 2482 1444 dimus
2538 1384 2631 1457 qui
2672 1386 2740 1442 ad
2782 1383 3011 1442 salutem
3063 1385 3280 1441 humani
3332 1385 3546 1456 generis
3582 1384 3805 1443 reformati-

2306 1478 2429 1541 dam
2458 1520 2475 1546 ,
2523 1492 2706 1536 veram
2765 1494 2983 1535 carnem
3037 1487 3235 1535 nostrae
3293 1479 3597 1551 fragilitatis
3646 1496 3727 1535 non
3762 1481 3804 1535 de

2305 1572 2445 1628 ctelo
2505 1587 2686 1629 secum
2741 1571 2977 1640 detulit,
3028 1574 3124 1631 sed
3184 1574 3236 1630 in
3288 1583 3446 1632 utero
3484 1574 3689 1644 Virginis
3726 1591 3804 1629 ma-

2308 1664 2408 1721 tris
2453 1664 2763 1733 assumpsit.

2377 1757 2442 1814 ll.
2512 1757 2835 1828 Quicunque.
2903 1774 3037 1828 ergo
3103 1767 3229 1816 sunt
3286 1760 3363 1817 ita
3418 1758 3657 1817 obcaecati
3711 1772 3805 1823 eti

2310 1846 2512 1904 lumine
2574 1848 2819 1903 veritatis
2866 1848 3027 1905 alieni
3083 1858 3144 1904 ut
3202 1849 3379 1911 Verbo
3424 1849 3518 1906 Dei
3562 1866 3592 1907 ιι
3636 1860 3806 1921 tempore

616 1937 851 1993 Verbum
902 1954 1029 1995 caro
1056 1939 1129 1996 sit
1179 1940 1403 2007 factum,
1459 1949 1521 1995 ut
1571 1955 1668 2010 per
1716 1940 1769 1994 id
1817 1940 1959 2010 quod
2010 1937 2200 1994 ineiIa-
2235 1935 2272 1994 Β
2303 1937 2697 1995 incarnationis
2739 1939 2987 1995 humanm
3035 1940 3215 1995 carnis
3265 1941 3534 2011 denegem
3578 1943 3803 2013 veritates,

612 2030 724 2086 bile
760 2041 847 2088 est
894 2046 1292 2091 sacramentum
1338 2051 1445 2091 uno
1469 2045 1755 2105 conceptu,
1788 2049 2003 2106 unoque
2044 2046 2199 2105 partu

522 2132 525 2139 ‘
613 2123 913 2178 secundum
975 2125 1269 2187 veritatem
1329 2124 1611 2194 utriusque
1663 2134 1869 2180 natura:
1924 2140 1989 2179 ea
2047 2125 2201 2195 virgo

613 2221 671 2266 et
726 2213 920 2269 ancilla
982 2214 1077 2270 Dei
1134 2224 1279 2271 esset
1332 2227 1390 2271 et
1436 2228 1630 2273 mater.
1687 2216 1839 2285 Quod
1892 2218 2054 2272 etiam
2093 2216 2201 2275 Eli-

612 2304 805 2361 sabeth
833 2304 993 2379 (sicut
1019 2306 1195 2364 Lucas
1214 2308 1545 2381 evangelista
1572 2310 1832 2384 declarat)
1856 2311 2118 2367 intellexit
2143 2318 2199 2367 et

610 2394 797 2450 dixit:
839 2414 859 2448 ι
909 2397 1058 2455 Unde
1108 2399 1213 2456 hoc
1284 2401 1451 2465 mihi,
1520 2412 1579 2456 ut
1633 2402 1814 2456 veniat
1868 2412 2042 2457 mater
2090 2401 2196 2457 Do-

611 2485 746 2541 mini
797 2488 902 2544 mei
965 2490 1033 2545 ad
1086 2491 1218 2546 me?
1260 2511 1280 2544 ι
1338 2491 1486 2563 (Luc.
1529 2510 1570 2558 ι,
1622 2493 1739 2565 45.)
1778 2493 2033 2555 Eutiches
2065 2509 2199 2564 quo-

610 2590 717 2647 que
771 2580 959 2636 eodem
1015 2582 1341 2652 permllatur
1391 2578 1760 2651 anathemate,
1815 2586 1904 2655 qui
1958 2601 2055 2656 per
2096 2584 2198 2641 im-

609 2668 731 2738 pios
757 2677 999 2725 veterum
1028 2670 1402 2728 haereticorum
1426 2674 1696 2729 volutatus
1717 2689 1955 2740 errores,
1977 2676 2197 2733 tertium

609 2760 935 2829 Apollinaris
1002 2764 1197 2834 dogma
1269 2765 1500 2837 delegit,
1540 2776 1626 2825 .ut
1691 2778 1884 2840 negata
1948 2771 2196 2829 humana

610 2853 792 2906 carnis
844 2863 1006 2924 atque
1044 2856 1240 2912 anima:
1288 2859 1518 2915 veritate
1552 2867 1722 2915 totum
1758 2861 2042 2917 Dominum
2094 2878 2193 2918 no-

609 2952 782 2997 strum
835 2942 1017 3001 Jesum
1075 2946 1350 3005 Christum
1377 2950 1537 3005 unius
1567 2959 1777 3006 asserat
1799 2966 1922 3008 esse
1950 2962 2157 3009 naturae
2175 2996 2190 3018 ,

610 3043 868 3105 tanquam
930 3039 1093 3096 Verbi
1160 3042 1332 3098 deitas
1391 3042 1509 3112 ipsa
1564 3059 1626 3101 se
1683 3045 1741 3102 in
1794 3058 2012 3103 carnem
2066 3062 2195 3103 cuin-

608 3130 853 3197 verterit,
905 3139 963 3186 et
1007 3133 1217 3204 concipi
1261 3149 1327 3189 ac
1372 3137 1542 3199 nasci,
1589 3138 1787 3193 nutriri
1830 3146 1887 3193 et
1923 3153 2189 3204 crescere,

610 3221 853 3293 rruciligi
902 3239 964 3278 ac
1001 3226 1159 3289 mori,
1200 3227 1416 3298 sepeliri
1456 3244 1521 3286 ac
1561 3245 1865 3301 resurgere,
1899 3241 1956 3288 et
2000 3247 2190 3290 ascen:

602 3311 736 3367 dere
791 3313 846 3369 in
890 3316 1107 3382 caelum,
1164 3327 1220 3374 et
1267 3320 1323 3375 in
1384 3320 1563 3379 Patris
1609 3324 1873 3392 dextera,
1922 3328 2064 3381 unde
2118 3327 2188 3381 ad

597 3399 953 3489 iudicandos
987 3406 1139 3463 vivos
1197 3418 1254 3472 et
1319 3420 1560 3468 mortuos
1624 3413 1805 3470 veniet
1865 3416 2187 3487 considere,

604 3494 797 3551 divina:
851 3506 1056 3555 tantum
1109 3504 1361 3559 essentia
1408 3503 1593 3572 fuerit,
1640 3520 1760 3576 qua:
1806 3506 1943 3562 nihil
1993 3507 2186 3564 horum

600 3583 657 3639 in
707 3599 769 3642 se
824 3586 943 3645 sine
994 3592 1174 3647 carnis
1230 3593 1419 3664 recipit
1468 3597 1715 3664 veritate,
1777 3599 2033 3667 quoniam
2082 3588 2186 3656 iia-

602 3681 723 3729 tura
776 3675 1046 3750 linigeniti
1092 3691 1284 3738 natura
1334 3691 1418 3740 est
1464 3684 1660 3750 Patris,
1712 3699 1907 3746 natura
1954 3700 2038 3747 est
2064 3691 2186 3765 Spi-

602 3766 740 3823 ritus
782 3766 985 3827 Sancti.
1037 3771 1318 3846 Simulque
1359 3778 1726 3847 impassibiiis,
1778 3784 1939 3847 simul
1986 3795 2070 3841 est
2100 3788 2184 3842 ἱιι-

599 3860 994 3925 commutabitis
1024 3866 1366 3935 sempiternae
1392 3866 1705 3937 Trinitatis,
1752 3873 1983 3932 indivisa
2006 3877 2185 3933 unitas

600 3959 656 4013 et
716 3954 1194 4025 consubstantialis
1242 3960 1543 4029 aequalitas.
1608 3963 1762 4021 Unde
1827 3968 1873 4022 si
1909 3968 2183 4039 Apollina-

600 4044 681 4102 ris
730 4050 1087 4115 perversitate
1120 4050 1491 4124 Entychianus
1540 4057 1772 4128 quisque
1798 4059 2066 4129 desciscit,
2114 4076 2183 4117 ne

599 4137 952 4195 convincatur
985 4141 1238 4198 deitatem
1280 4146 1590 4215 passibilem
1626 4151 1831 4206 sentire
1850 4161 2019 4223 atque
2036 4167 2183 4209 mor-

596 4225 784 4291 talem,
835 4238 889 4285 et
942 4240 1120 4290 tamen
1190 4233 1348 4292 Verbi
1406 4239 1695 4309 incarnati,
1751 4243 1804 4298 id
1859 4251 1965 4311 est,
2018 4245 2181 4302 Verbi

596 4328 654 4374 et
698 4321 880 4380 carnis
937 4339 1098 4383 unam
1162 4329 1321 4386 audet
1375 4333 1724 4402 pronuntiare
1756 4344 2028 4404 naturam,
2067 4354 2180 4394 mae

594 4411 790 4471 nifeste
835 4416 890 4471 in
930 4415 1195 4477 Valentini
1230 4430 1285 4478 et
1309 4421 1587 4482 Manichmi
1637 4428 1833 4484 transit
1868 4428 2177 4495 insaniam;

592 4508 1013 4569 etmediatorem
1034 4511 1129 4569 Dei
1153 4523 1208 4570 et
1223 4515 1523 4583 hominum,
1538 4519 2005 4579 homitiemJesnm
2021 4523 2179 4580 Chri‘

593 4606 737 4655 stum
765 4598 1097 4661 sintulatorie
1121 4607 1290 4661 credit
1316 4609 1494 4665 omnia
1526 4612 1718 4682 egisse,
1751 4629 1851 4669 nec
1882 4615 2175 4671 humanum

589 4689 647 4747 in
678 4690 793 4762 ipso
831 4708 1049 4766 corpus,
1100 4701 1194 4756 sed
1240 4701 1723 4771 plianlasmaticam
1771 4708 2016 4776 corporis
2050 4720 2175 4778 spe‘

595 4783 733 4849 ciem
787 4787 962 4844 oculis
1026 4794 1339 4862 apparuisse
1392 4798 1748 4868 cernentium.
1798 4798 1929 4867 Qua:
1982 4799 2174 4871 impie»

590 4873 718 4930 tatis
770 4879 1072 4946 mendacia,
1123 4884 1376 4953 quoniam
1424 4886 1549 4942 olim
1601 4886 1735 4945 fides
1784 4889 2047 4946 catholica
2081 4890 2176 4946 de.

587 4971 820 5021 testatur
840 5006 856 5033 ,
888 4976 943 5024 et
963 4969 1190 5027 aliarum
1231 4975 1587 5031 assertionum
1614 4977 1896 5050 sacrilegia
1943 4953 2174 5037 concor-

588 5052 747 5115 tlihns
824 5073 924 5128 per
1001 5068 1173 5118 totum
1254 5067 1513 5123 mundum
1594 5068 1873 5126 beatorum
1948 5070 2171 5129 Patrum

586 5147 784 5204 dudum
845 5163 970 5210 sunt
1015 5155 1269 5214 damnata
1313 5161 1616 5229 sententiis,
1669 5178 1775 5220 non
1821 5164 2040 5221 dubium
2071 5173 2167 5223 est

585 5256 707 5299 eam
746 5259 849 5302 nos
898 5246 1059 5305 fidem
1106 5252 1405 5322 praedicare
1440 5262 1605 5325 atque
1650 5256 1956 5325 defendere,
2001 5274 2167 5329 quam

583 5346 773 5407 sancta
819 5338 1070 5411 Synodus
1114 5342 1329 5401 Nicaeus
1387 5348 1729 5406 conﬁrmavit
1786 5350 2165 5423 dicens:Cre-

581 5427 762 5487 dimus
832 5431 883 5487 in
955 5448 1123 5490 unum
1190 5435 1358 5495 Deum
1426 5439 1643 5497 Patrem
1707 5442 2162 5513 omnipotentem,

578 5518 872 5578 visibilium
917 5532 974 5580 et
1027 5525 1372 5586 invisibilium
1426 5530 1685 5590 factorem
1714 5573 1731 5601 ,
1786 5544 1844 5591 et
1898 5536 1951 5590 in
1996 5551 2164 5593 unum

578 5610 868 5672 Dentinum
911 5614 1098 5676 Iesum
1135 5621 1409 5680 Christum
1456 5625 1649 5684 Filiam
1694 5626 1814 5695 Dei,
1862 5638 2048 5685 natum
2093 5630 2162 5686 de

579 5702 744 5762 Patre
794 5709 1152 5780 unigenitum,
1211 5715 1314 5773 hoc
1355 5726 1437 5774 est
1494 5720 1547 5774 in
1602 5719 1901 5777 substantia
1960 5720 2158 5778 Patris.

579 5794 752 5865 Deum
780 5799 845 5857 de
882 5798 1014 5867 Deo,
1059 5802 1239 5861 lumen
1285 5808 1350 5863 de
1395 5808 1615 5874 lumine,
1646 5809 1817 5873 Deum
1855 5827 2047 5881 verum
2090 5813 2162 5869 de

580 5885 693 5941 Deo
719 5902 866 5957 vero;
907 5901 1090 5948 natum
1117 5911 1226 5951 non
1251 5896 1469 5965 factum,
1498 5899 1655 5956 uniu
1685 5901 1999 5962 substantia
2028 5917 2155 5962 cum

2302 2030 2593 2089 ostendant
2619 2029 2669 2083 in
2701 2043 2807 2098 quo
2832 2029 2931 2084 sibi
2966 2030 3331 2085 Christianum
3372 2047 3562 2086 nomen
3600 2041 3803 2102 usurpant.

2303 2118 2371 2175 Et
2428 2135 2552 2175 cum
2594 2120 2888 2190 Evangelia
2939 2121 3183 2179 veritatis
3233 2139 3339 2192 qua
3404 2124 3605 2179 ratione
3648 2138 3807 2183 censore

2302 2212 2452 2274 dent,
2479 2210 2522 2267 si
2559 2211 2728 2266 beatae
2777 2211 3010 2284 Virginis
3069 2224 3225 2282 partu
3276 2223 3371 2269 aut
3419 2231 3544 2269 caro
3589 2215 3689 2271 siue
3731 2215 3806 2270 dci-

2302 2310 2437 2369 tate,
2499 2311 2592 2357 ant
2641 2303 2811 2361 deitas
2867 2278 2950 2359 est
3002 2278 3121 2358 orta
3171 2305 3289 2361 sine
3320 2322 3507 2361 carne.
3546 2305 3802 2375 ,Sicuteoip

2300 2395 2486 2467 negari
2526 2410 2632 2449 non
2658 2404 2854 2465 potest,
2897 2391 3223 2469 evangelista
3249 2398 3485 2461 dicente,
3523 2399 3651 2469 quod
3677 2418 3693 2450 ι
3718 2396 3807 2452 Ver-
3878 2386 3879 2441 ἲ

2300 2486 2427 2542 bum
2498 2501 2626 2542 caro
2695 2486 2894 2558 factum
2953 2498 3079 2557 est,
3150 2498 3207 2544 et
3266 2490 3532 2546 habitavit
3600 2490 3647 2545 in

2300 2574 2503 2637 (Joan.
2558 2593 2601 2649 t,
2654 2578 2803 2649 id);
2862 2598 2881 2633 ι
2935 2580 3008 2634 ita
3066 2581 3250 2650 negari
3300 2597 3412 2637 non
3476 2590 3655 2650 potest,
3698 2580 3805 2635 heus

2298 2667 2464 2724 Paulo
2514 2671 2756 2741 apostolo
2804 2672 3154 2742 praedicante,
3199 2673 3346 2743 quod
3407 2691 3426 2726 ι
3485 2673 3615 2728 Deus
3656 2680 3746 2728 erat
3768 2671 3803 2725 in
3878 2722 3879 2739 ἢ

2297 2757 2514 2815 Christo
2553 2762 2809 2817 mundum
2855 2763 3209 2835 reconcilians
3235 2763 3342 2820 sibi
3386 2764 3438 2837 (1
3478 2762 3577 2820 Cor
3620 2762 3800 2832 v,l9).i

2296 2850 2453 2921 Qure‘
2492 2863 2673 2909 autem
2742 2855 2857 2910 haec
2924 2857 3293 2945 reconciliatio
3360 2872 3481 2914 esse
3536 2865 3693 2927 posset
3735 2868 3804 2924 qr!
3878 2912 3879 2941 ι

2297 2944 2534 3000 humano
2596 2946 2780 3019 generi
2838 2947 3219 3019 propitiat-etur-
3280 2944 3430 3004 Deus
3490 2948 3586 3004 nisi
3631 2946 3802 3017 eundum

2295 3036 2518 3093 causam
2589 3040 2850 3097 mediator
2909 3039 3004 3098 Dei
3083 3041 3480 3112 hominumque
3541 3034 3801 3109 susciperet!

2294 3125 2409 3196 Qua
2455 3143 2586 3185 vero
2636 3132 2846 3186 ratione
2906 3133 3183 3187 veritatem
3235 3131 3550 3189 Mediatoris
3597 3129 3796 3201 impleret,

2294 3219 2396 3275 nisi
2478 3221 2569 3290 qui
2640 3223 2692 3276 in
2758 3221 2930 3279 forma
2996 3222 3088 3279 Dei
3152 3224 3383 3295 :equalis
3448 3231 3532 3281 est
3587 3222 3703 3278 Patri
3765 3218 3801 3279 ili

2217 3291 2263 3354 θ
2295 3310 2470 3375 forma
2497 3314 2640 3369 servi
2685 3314 2956 3386 particeps
2978 3322 3123 3368 esset
3149 3323 3205 3370 et
3217 3291 3435 3381 nostri,
3465 3325 3519 3370 nl
3546 3312 3704 3371 omnis
3721 3310 3799 3363 τίιιτ

2292 3404 2474 3459 culum
2536 3406 2693 3461 unius
2764 3405 3211 3477 praevaricatione
3270 3416 3644 3483 contractum,
3697 3400 3801 3456 asins

2292 3504 2467 3553 morte
2498 3496 2611 3568 (qui
2640 3495 2786 3554 solus
2814 3498 2972 3553 morti
2999 3497 3135 3553 nihil
3163 3498 3376 3570 debuit)
3407 3494 3711 3567 solveretur?
3739 3490 3799 3565 Είτ

2289 3588 2432 3649 fusio
2463 3588 2606 3653 enim
2659 3603 2756 3663 pro
2789 3589 3005 3664 iniustis
3043 3590 3324 3660 sanguinis
3349 3589 3489 3661 iusti
3538 3600 3633 3649 tam
3667 3594 3800 3660 potens

2289 3679 2394 3739 fuit
2422 3681 2491 3737 ad
2521 3681 2882 3755 privilegium,
2917 3693 3025 3738 tam
3052 3684 3204 3738 dives
3228 3684 3294 3737 ad
3316 3684 3571 3756 pretium;
3601 3679 3703 3753 utsi
3721 3675 3800 3747 sar

2287 3776 2516 3845 versitas
2535 3776 2870 3845 captivorum
2899 3777 2952 3832 in
2981 3776 3403 3850 Redemptorem
3432 3791 3580 3834 suum
3604 3773 3799 3845 crearet.

2284 3869 2431 3925 nulla
2453 3870 2651 3940 diaboli
2673 3871 2883 3927 vincula
2905 3872 3236 3940 retinerent;
3262 3872 3545 3943 quoniam,
3563 3872 3683 3937 sicut
3698 3867 3799 3937 Δρο-

2284 3962 2456 4019 stolus
2488 3963 2586 4032 ait,
2625 3982 2643 4014 ι
2679 3964 2767 4021 ubi
2789 3964 3084 4031 abundavit
3109 3956 3395 4035 peccatum
3423 3956 3798 4037 superabuth

2282 4063 2337 4110 et
2367 4055 2541 4125 gratia
2573 4054 2755 4127 (llam.
2778 4072 2810 4110 v
2833 4097 2849 4123 ,
2876 4056 2990 4128 20).
3030 4076 3049 4109 ι
3083 4056 3152 4112 Et
3178 4073 3303 4114 cum
3328 4057 3431 4117 sub
3450 4056 3640 4128 peccati
3656 4050 3794 4125 Mi?

2282 4150 2426 4209 dicio
2454 4152 2565 4207 nati
2596 4161 2920 4224 potestatem
2948 4162 3274 4224 acceperunt
3310 4153 3645 4223 adiustitiast
3670 4158 3794 4203 rem

2281 4242 2460 4310 cendi,
2501 4242 2728 4303 validius
2778 4242 2981 4301 factum
3016 4252 3105 4301 est
3145 4244 3349 4305 donum
3392 4243 3642 4302 libertatis
3676 4247 3792 4308 qua!

2281 4335 2524 4397 debitum
2551 4336 2848 4393 servitutis.
2876 4335 3050 4405 Quam
3079 4336 3264 4408 itaque
3289 4338 3395 4397 sibi
3419 4339 3474 4395 in
3501 4334 3643 4404 huius
3662 4342 3788 4391 κατ’

2280 4427 2448 4486 menti
2482 4428 2735 4499 praesidio
2774 4442 2926 4500 spem
2971 4428 3308 4499 relinquunt,
3353 4429 3445 4500 qui
3492 4429 3544 4485 io
3577 4424 3790 4485 Saluto"

2279 4530 2471 4579 nostro
2511 4529 2713 4592 negant
2751 4522 2973 4580 humani
3021 4522 3266 4592 corporis
3314 4519 3623 4578 veritatem?
3651 4514 3788 4569 Dicant

2238 4616 2254 4689 ;
2279 4629 2388 4689 «ιυο
2413 4612 2684 4671 sacrificio
2709 4612 3058 4679 reconciliati,
3098 4614 3281 4669 dicant
3305 4628 3417 4685 quo
3450 4607 3684 4681 sanguine
3713 4602 3790 4659 sint

2281 4706 2541 4777 redempti
2568 4705 2592 4762 i
2629 4723 2648 4760 ι
2681 4703 2812 4773 Quis
2835 4712 2919 4762 est
2946 4704 3033 4777 (ut
3062 4705 3356 4777 Apostolus
3382 4704 3479 4777 ait)
3505 4702 3592 4773 qui
3622 4691 3787 4757 tradidit

2280 4797 2629 4867 semetipsum
2668 4810 2770 4866 pro
2816 4794 2971 4852 nobis
3015 4795 3347 4865 oblationem
3377 4803 3434 4861 et
3472 4789 3678 4849 hostiam
3711 4783 3787 4839 Dea

2279 4888 2333 4947 in
2359 4888 2575 4949 odorem
2600 4887 2887 4945 suavitatis
2918 4884 3135 4961 (Epirus.
3176 4903 3232 4954 v,
3266 4887 3371 4960 2)?
3402 4905 3423 4941 ι
3456 4884 3559 4943 Aut
3579 4878 3698 4953 quod
3717 4889 3782 4928 III-

2277 4993 2441 5050 quam
2471 4979 2794 5038 sacrificium
2824 4981 3088 5038 sacratius
3128 4979 3251 5047 fuit,
3298 4994 3465 5052 quam
3496 4973 3625 5049 quod
3663 4979 3781 5025 rem

2275 5080 2332 5134 et
2355 5081 2588 5130 aeternus
2611 5071 2853 5143 pontifex
2895 5072 3052 5129 altari
3082 5072 3261 5131 crucis
3294 5086 3393 5144 per
3432 5064 3779 5131 immolationem

2268 5177 2382 5220 sua:
2407 5165 2590 5221 carnis
2625 5164 2924 5236 imposuit?
2952 5163 3208 5232 Quamvis
3231 5164 3377 5221 enim
3399 5161 3665 5225 multumn
3683 5166 3778 5210 ⁸³³⁸

2266 5266 2478 5317 ctorum
2504 5256 2561 5315 in
2603 5267 2895 5326 conspectu
2943 5256 3153 5314 Domini
3194 5257 3430 5329 pretiosa
3471 5267 3605 5311 mors
3642 5244 3775 5306 fuerit.

2266 5349 2467 5407 nullius
2490 5359 2667 5407 tamen
2710 5350 2936 5408 insontis
2956 5349 3159 5407 occisia
3187 5349 3481 5419 redemptio
3503 5334 3772 5435 fuit-iuni}.

2264 5441 2601 5513 Acceperunt
2620 5442 2770 5514 iusti,
2806 5456 2914 5499 non
2946 5442 3207 5498 dederam
3232 5454 3478 5508 coronas,
3502 5445 3552 5493 et
3580 5434 3637 5491 de
3658 5429 3771 5484 [στεί-

2269 5536 2457 5593 tudine
2499 5534 2734 5603 ﬁdelium
2779 5534 3022 5605 exempla
3072 5543 3199 5592 nata
3241 5543 3365 5591 sunt
3401 5527 3664 5604 patientia.
3690 5527 3769 5575 11³⁸

2266 5627 2405 5682 dona
2430 5626 2674 5698 iustitiae.
2702 5625 3013 5697 Singulares
3038 5627 3238 5698 quippe
3284 5627 3339 5685 in
3381 5621 3591 5694 singulis
3612 5619 3768 5673 moria!

2264 5716 2507 5782 fuerunt,
2556 5733 2657 5775 nec
2708 5717 2931 5775 alterius
2979 5718 3265 5789 quisquam
3306 5715 3534 5777 debitum
3568 5721 3653 5767 svo
3689 5700 3769 5759 εκ

2262 5808 2542 5881 persolvit,
2571 5826 2694 5869 cum
2739 5812 2879 5869 inter
2913 5810 3055 5885 filios
3078 5811 3351 5871 hominum
3378 5820 3511 5889 unus
3535 5801 3660 5861 solus

2262 5899 2443 5958 minus
2463 5911 2648 5960 noster
2668 5899 3123 5974 Iesus-Christus,
3138 5903 3229 5976 qui
3254 5915 3375 5961 vero
3392 5906 3507 5957 erat
3522 5904 3667 5967 agnus
3684 5898 3760 5943 ιωο
