3968 6446
100 377 222 436 835

1394 375 1883 436 DECRETALIUM
1912 375 2311 433 COLLECTIO.

3279 388 3385 445 846

100 489 420 549 silaceis-tus
450 489 745 562 exstiterit.
780 493 838 553 in
866 508 973 565 quo
1001 509 1191 553 omnes
1222 494 1484 560 cruciﬁxi,
1515 508 1705 551 omnes
1730 505 1781 555 Α
1807 501 2095 551 rettcorum
2125 492 2404 548 mendacia
2435 492 2764 563 destruebat,
2786 505 2843 553 ut
2868 500 3119 559 universa
3144 503 3386 563 Ecclesia

97 581 348 649 inermi,
391 595 581 645 omnes
629 585 871 657 sepulti.
922 602 1114 651 omnes
1157 595 1285 647 sunt
1329 588 1492 645 etiam
1529 588 1699 643 susci-

96 672 233 727 tatl.
265 670 346 733 De
375 673 573 745 quibus
600 675 716 747 ipse
750 678 998 735 dicebat:
1030 699 1050 737 ι
1085 679 1218 736 Cum
1249 680 1520 736 exaltatus
1543 680 1701 739 fuero

94 776 137 815 a
160 768 336 831 terra,
360 764 543 823 omnia
568 767 781 829 tubam
810 768 879 829 ad
908 770 1172 841 meipsum
1195 770 1377 843 (Joan.
1405 787 1503 839 xu,
1524 770 1638 843 52).
1671 791 1692 827 ι

94 850 277 910 Fides
306 855 456 917 enirn
485 864 663 918 vestra
676 856 986 926 justiﬁctms
1012 861 1206 932 impios
1225 870 1281 919 et
1306 876 1500 919 creatis
1520 861 1699 932 justos

91 945 174 1003 ad
206 946 565 1011 humanitatis
586 965 699 1011 sum
718 959 889 1013 tracta
916 954 1257 1026 participem,
1278 955 1332 1011 in
1354 953 1442 1021 illo
1464 954 1701 1026 acquirit

94 1035 365 1107 salutem,
398 1039 453 1096 in
480 1055 594 1111 quo
617 1041 734 1103 solo
770 1045 933 1107 homo
978 1060 1040 1103 se
1080 1046 1284 1105 invenit
1329 1047 1697 1117 innocentem,

92 1124 341 1183 liberum
387 1130 596 1189 habens
626 1147 726 1204 per
773 1136 1004 1207 gratiam
1047 1137 1144 1193 Dei
1195 1138 1262 1194 de
1309 1138 1550 1207 potentia
1579 1137 1697 1207 ejus

90 1216 331 1287 gloriari
357 1220 451 1291 qui
470 1231 659 1278 contra
680 1224 889 1285 hostem
918 1228 1136 1284 humani
1179 1228 1393 1300 generis
1435 1229 1488 1285 in
1514 1229 1696 1289 carnis

89 1321 312 1368 nostra:
357 1313 661 1379 humilitate
713 1333 1037 1389 congressus
1076 1322 1163 1376 bis
1216 1321 1498 1379 victoriam
1540 1337 1693 1391 suam

89 1401 321 1470 tribuit,
365 1406 417 1459 in
442 1420 673 1477 quorum
706 1423 935 1481 corpore
969 1412 1341 1484 triumphavit.
1373 1412 1528 1470 Licet
1566 1429 1695 1487 ergo

86 1489 153 1546 in
180 1508 294 1550 uno
317 1493 547 1551 Domino
566 1496 695 1554 Jesu
719 1499 936 1560 Christo
982 1519 1111 1558 vero
1142 1504 1235 1558 Dei
1262 1513 1424 1577 atque
1458 1505 1694 1562 hominis

84 1580 213 1639 ﬁlio
244 1583 406 1640 Verbi
440 1596 496 1642 et
517 1587 699 1646 carnis
730 1606 834 1647 una
867 1606 1094 1662 persona
1124 1596 1215 1663 sit,
1248 1612 1368 1667 quae
1415 1596 1693 1668 insepara-

83 1672 283 1730 biliter
328 1686 491 1750 atque
532 1678 760 1737 indivise
805 1697 1122 1743 communes
1172 1686 1371 1741 habent
1416 1686 1691 1753 actiones,

82 1763 460 1840 intelligenda:
485 1778 663 1826 tamen
703 1782 829 1829 sunt
868 1773 1102 1845 ipsorum
1134 1792 1355 1847 operum
1380 1777 1688 1848 qualitates,

1800 582 1999 640 Christi
2046 585 2331 641 imbuenda
2364 585 2626 645 doctrinis
2670 590 2775 645 hoc
2814 606 2922 648 non
2966 594 3071 650 sibi
3115 596 3387 656 dubitaret

1799 671 2126 731 credendum
2156 676 2299 746 quod
2327 677 2552 747 apostoli
2581 663 2938 750 susceperant
2958 686 3383 755 prmdicandum.

1796 764 1877 821 Ac
1905 765 1951 820 si
1982 767 2035 820 in
2068 775 2216 822 tanta
2253 767 2370 823 luce
2402 770 2649 827 veritatis
2679 773 2932 837 tenebras
2960 791 3088 833 suas
3130 777 3412 851 haeretica.

1796 857 2082 914 obduratio
2114 874 2217 915 non
2251 860 2543 937 relinquit,
2592 866 2880 922 ostendant
2919 870 3062 933 unde
3090 870 3192 928 sibi
3235 889 3386 945 spem

1797 948 1923 1006 vita:
1951 950 2304 1020 polliceantur
2331 961 2584 1023 aeternet,
2622 957 2690 1019 ad
2719 972 2880 1031 quem
2901 960 3006 1016 nisi
3039 976 3135 1031 per
3182 965 3388 1020 media-

1799 1047 1967 1094 torem
1998 1039 2090 1097 Dei
2119 1051 2169 1098 et
2202 1042 2502 1117 hominum,
2549 1046 2823 1105 hominem
2870 1049 3054 1109 Iesum
3104 1052 3383 1113 Christum

1796 1148 1905 1191 non
1936 1142 2115 1209 potest
2163 1137 2456 1207 perveniri.
2499 1137 2653 1197 Sicut
2683 1143 2826 1199 enim
2857 1144 2934 1201 ait
2960 1144 3151 1207 beatus
3195 1147 3388 1207 Petrus

1797 1226 2088 1301 apostolus,
2124 1246 2143 1280 ι
2170 1226 2287 1284 Non
2324 1238 2408 1286 est
2450 1230 2593 1287 aliud
2634 1249 2827 1292 nomen
2864 1236 3050 1294 datum
3082 1240 3389 1313 hominibus

1795 1316 1894 1373 sub
1920 1317 2089 1384 coelo,
2138 1320 2190 1375 in
2220 1334 2328 1390 quo
2368 1330 2615 1392 oporteat
2652 1340 2750 1381 uos
2777 1328 2953 1385 salvos
2983 1329 3097 1387 ﬁeri
3140 1331 3276 1401 (Act.
3311 1348 3415 1403 tv,_

1797 1408 1906 1473 12),
1942 1427 1961 1462 ι
2010 1424 2111 1465 nee
2158 1411 2458 1482 redemptio
2499 1415 2828 1496 captivitatis
2873 1419 3124 1477 humanae
3183 1422 3284 1481 nisi
3332 1424 3415 1497 in.

1793 1500 2058 1579 sanguine
2088 1500 2205 1570 ejus
2239 1520 2258 1553 ι
2293 1505 2382 1575 qui
2411 1505 2558 1563 dedit
2587 1510 2934 1579 semetipsum
2961 1513 3384 1583 redemptionem

1793 1606 1893 1661 pro
1914 1594 2163 1649 omnibus
2186 1594 2238 1666 (Ι
2273 1595 2408 1653 Tim.
2436 1616 2506 1664 ιι,
2530 1600 2618 1666 6),
2663 1621 2682 1655 ι
2716 1612 2771 1658 et
2797 1605 2910 1675 qui,
2959 1605 3100 1661 sicut
3131 1607 3391 1676 praedicat

1791 1682 1984 1741 beatus
2012 1683 2209 1741 Paulus
2244 1689 2540 1758 apostolus,
2570 1709 2589 1743 ι
2625 1708 2747 1748 cum
2778 1694 2832 1749 in
2874 1693 3047 1750 forma
3099 1696 3191 1751 Dei
3222 1707 3387 1767 esset,

1792 1790 1899 1833 non
1931 1776 2174 1847 rapinam
2198 1781 2493 1859 arbitratus
2517 1792 2601 1839 est
2620 1799 2739 1841 esse
2762 1801 2821 1841 se
2842 1797 3099 1858 :cquatem
3133 1788 3265 1853 Deo,
3292 1790 3386 1845 sed

80 1867 150 1916 et
191 1862 422 1919 sincera:
447 1864 571 1920 ﬁdei
620 1868 1072 1940 contemplatione
1114 1874 1441 1928 cernendum
1471 1882 1578 1941 est,
1623 1873 1692 1931 ad
1723 1875 1768 1936 Β
1795 1869 2149 1939 semetipsum
2180 1871 2477 1930 exinanivit
2500 1875 2729 1932 formam
2760 1880 2899 1934 servi
2928 1881 3200 1951 accipiens
3224 1882 3276 1936 in
3304 1882 3383 1936 si-

82 1966 219 2023 quae
244 1954 573 2027 provehatur
599 1958 876 2016 humilitas
902 1963 1084 2017 carnis
1104 2002 1120 2028 ,
1144 1972 1199 2018 et
1226 1965 1292 2018 ad
1323 1980 1444 2036 quae
1466 1965 1688 2038 incline-

82 2053 189 2102 tur
207 2046 438 2104 altitudo
473 2049 787 2107 divinitatis.
820 2051 959 2121 Quid
991 2054 1062 2109 sit
1087 2057 1230 2126 quod
1255 2073 1382 2113 caro
1406 2060 1526 2114 sine
1556 2058 1685 2116 Ver-

80 2138 169 2194 bo
191 2154 299 2195 non
322 2139 438 2210 agit
462 2156 477 2207 ;
505 2141 633 2211 quid
661 2144 734 2200 sit
763 2146 908 2215 quod
933 2146 1168 2203 Verbum
1212 2149 1329 2204 sine
1364 2166 1530 2208 carne
1578 2168 1689 2209 non

82 2228 280 2286 eﬂicit.
298 2229 428 2289 Sine
454 2231 613 2290 Verbi
638 2236 780 2291 enim
806 2239 1043 2305 potentia
1069 2254 1166 2295 nec
1189 2241 1502 2311 conciperet
1522 2241 1688 2314 Virgo

83 2339 197 2381 nec
228 2336 467 2396 pareret,
515 2336 571 2383 et
597 2327 715 2386 sine
764 2329 925 2385 Verbi
972 2334 1199 2389 veritate
1227 2336 1406 2391 carnis
1436 2335 1685 2392 obvoluta

83 2419 294 2487 pannis
318 2417 546 2474 infantia
569 2436 676 2476 non
696 2420 923 2491 jaceret.
956 2422 1085 2480 Sine
1113 2425 1272 2482 Verbi
1300 2428 1539 2498 potentia
1580 2443 1687 2487 non

83 2513 389 2569 adorarent
419 2515 557 2585 magi
601 2530 825 2585 puerum
852 2516 1002 2573 stella
1041 2518 1219 2577 indice
1247 2519 1603 2588 declaratum,
1633 2531 1691 2579 et

83 2601 214 2658 sine
274 2604 503 2661 veritate
553 2607 737 2664 carnis
789 2624 896 2665 non
948 2607 1239 2679 iuberetur
1290 2612 1344 2667 in
1390 2610 1685 2686 Egyptum

84 2693 381 2751 transferri
422 2711 553 2766 puer
596 2706 652 2754 et
696 2698 766 2754 ab
805 2698 1032 2779 Herodis
1062 2703 1437 2773 persecutione
1466 2703 1684 2761 abduci.

85 2782 231 2841 Sine
262 2783 418 2843 Verbi
449 2790 688 2858 potemia
718 2805 826 2847 non
854 2793 1057 2849 «ticeret
1084 2810 1188 2851 vox
1217 2795 1392 2854 Patris
1430 2798 1594 2854 missa
1623 2798 1689 2854 de

85 2872 277 2930 caelo:
308 2893 327 2929 ι
365 2875 466 2933 Hic
493 2888 576 2934 est
622 2878 790 2936 Filius
835 2896 986 2940 meus
1014 2885 1267 2953 dilectus,
1311 2887 1367 2945 in
1408 2904 1516 2960 quo
1555 2890 1689 2947 mihi

82 2965 233 3023 bene
259 2968 558 3042 complacui
581 3012 599 3041 ,
632 2972 804 3043 ipsum
848 2977 1027 3033 audite
1056 2977 1271 3049 (Matth.
1305 2996 1393 3049 ιιι,
1430 2982 1541 3052 l7).
1573 3001 1592 3035 ι
1620 2982 1695 3040 Et

85 3063 215 3118 sine
234 3063 461 3120 veritate
477 3067 662 3123 carnis
685 3083 790 3124 non
811 3079 1207 3139 protestarctur
1224 3071 1489 3131 Joannes:
1509 3095 1527 3127 ι
1549 3075 1689 3132 Ecce

84 3170 267 3227 agnus
292 3156 406 3223 Dei,
457 3174 583 3225 ecce
621 3159 711 3230 qui
757 3162 894 3218 tollit
934 3174 1155 3235 peccata
1200 3167 1382 3223 mundi
1410 3168 1592 3240 (Joan.
1640 3185 1684 3234 ι,

1793 1961 2151 2018 militudinem
2177 1965 2451 2022 hominum
2478 1966 2651 2026 factus
2674 2010 2689 2036 ,
2728 1980 2783 2026 et
2812 1972 2998 2027 babitu
3043 1960 3296 2028 inventus
3326 1981 3386 2029 ut

1792 2050 1976 2111 homo.
2005 2052 2319 2111 Humiliavit
2349 2060 2695 2131 semetipsum
2727 2060 2901 2117 factus
2929 2063 3186 2119 obediens
3210 2078 3382 2134 usque

1793 2146 1863 2202 ad
1896 2155 2146 2213 mortem,
2196 2156 2421 2203 mortem
2465 2159 2645 2204 autem
2681 2150 2847 2222 209
2893 2153 3091 2207 crucis.
3151 2151 3378 2222 Propter

1792 2238 1933 2308 quod
1982 2248 2039 2294 et
2066 2238 2209 2295 Deus
2236 2241 2492 2297 exaltavit
2522 2241 2672 2297 illum
2718 2256 2774 2300 et
2818 2245 3037 2312 donavit
3069 2246 3144 2300 illi
3179 2261 3375 2303 nomen

1791 2330 1934 2399 quod
1957 2340 2042 2386 est
2066 2346 2229 2407 super
2253 2348 2415 2388 omne
2438 2350 2654 2399 nomen,
2673 2344 2733 2391 ut
2753 2337 2805 2391 in
2831 2338 3048 2395 nomine
3075 2339 3203 2394 Jcsu
3217 2354 3379 2396 omne

1790 2435 1929 2491 genu
1952 2419 2202 2478 ﬂectatur
2230 2424 2549 2488 ccelestium,
2587 2428 2921 2483 terrestrium
2951 2439 3003 2484 et
3020 2429 3373 2497 infernarum,

1791 2526 1847 2570 et
1871 2518 2049 2573 omnis
2076 2518 2250 2587 lingua
2273 2520 2596 2576 conﬁteatur
2620 2523 2746 2592 quia
2771 2522 3027 2578 Dominus
3045 2522 3203 2582 Jesus
3224 2525 3384 2580 Chri-
3411 2576 3417 2583 .

1791 2614 1909 2662 stus
1932 2606 1983 2661 in
2012 2607 2181 2676 gloria
2212 2618 2295 2663 est
2319 2609 2411 2663 Dei
2441 2609 2617 2665 Patris
2647 2610 2868 2683 (Philip.
2900 2630 2962 2677 tt,
2990 2614 3163 2686 6-H).
3196 2633 3215 2668 ι
3243 2615 3379 2670 Cum
3410 2674 3415 2685 ,

1790 2714 1922 2771 ergo
1949 2716 2085 2756 unus
2112 2701 2184 2756 sit
2216 2702 2474 2758 Dominus
2497 2699 2655 2759 Jesus
2682 2701 2933 2761 Christus
2975 2715 3030 2761 et
3062 2721 3189 2762 vere
3216 2707 3383 2763 deita-

1794 2790 1864 2846 tis
1897 2806 2130 2864 vereque
2165 2792 2517 2849 humanitatis
2545 2795 2599 2851 in
2630 2795 2745 2865 ipso
2796 2812 2899 2850 una
2924 2812 3145 2867 prorsus
3166 2797 3384 2854 eadem-

1792 2903 1899 2957 que
1928 2904 2156 2959 persoua
2182 2888 2272 2956 sit,
2302 2889 2684 2945 exaltationcm
2715 2900 2893 2946 tamen
2923 2906 3028 2963 qua
3061 2892 3206 2947 illum
3238 2892 3380 2949 sicut

1792 2981 1981 3037 doctor
2009 2984 2247 3054 gentium
2282 2984 2434 3047 dicit,
2465 2982 2728 3039 exaltnvit
2774 2983 2917 3039 Deus
2947 2994 3001 3039 et
3050 2984 3267 3041 donavit
3303 2983 3381 3039 illi

1791 3088 1985 3129 nomen
2014 3075 2155 3144 quod
2180 3085 2263 3130 est
2289 3091 2451 3145 super
2485 3092 2646 3133 omne
2675 3092 2867 3132 nomen
2896 3078 3129 3143 excellit,
3156 3079 3222 3132 ad
3254 3093 3375 3133 eam

1791 3166 2140 3239 intelligimus
2164 3169 2436 3238 pertinere
2463 3168 2694 3225 formam
2718 3184 2838 3247 qtne
2861 3171 3079 3225 ditunda
3107 3180 3227 3226 erat
3253 3181 3374 3225 tan-

85 3245 209 3317 ΞΩ).
249 3265 266 3300 ι
305 3245 434 3302 Sine
480 3249 640 3317 Verbi
686 3254 925 3321 potentia
956 3269 1064 3309 non
1110 3254 1265 3310 lieret
1294 3255 1681 3327 redintegratio
1708 3251 1754 3313 C
1790 3266 1856 3312 ta:
1882 3257 2289 3329 glorilicatinnis
2316 3268 2625 3329 augmento.

85 3340 351 3397 debilium
373 3348 429 3397 et
458 3341 748 3400 viviticatio
793 3355 1147 3415 tuortuorum,
1197 3356 1254 3405 et
1300 3347 1420 3405 sine
1455 3351 1683 3407 veritate

84 3436 275 3495 carnis
299 3452 398 3493 nec
418 3437 572 3495 cibus
586 3440 794 3511 jejuno,
814 3456 916 3499 nec
934 3456 1155 3499 somnus
1175 3452 1322 3499 esset
1342 3445 1683 3501 necessarius

82 3530 335 3603 fatigato.
370 3531 653 3590 Postremo
676 3535 797 3595 sine
829 3533 992 3593 Verbi
1019 3538 1255 3606 potentia
1287 3554 1391 3594 non
1416 3552 1475 3594 se
1504 3539 1681 3593 Domi—

84 3641 197 3681 nus
224 3624 369 3681 Patri
399 3625 746 3697 proﬁteretur
764 3629 1047 3699 aequalem,
1073 3637 1127 3687 et
1155 3631 1272 3687 sine
1300 3632 1529 3689 veritate
1559 3648 1681 3689 car-

85 3716 181 3781 nis
205 3733 314 3777 non
341 3717 483 3777 idem
515 3719 722 3776 diceret
743 3718 958 3781 Patrem
985 3736 1106 3778 esse
1134 3722 1414 3791 majorem,
1437 3739 1559 3779 cum
1582 3738 1677 3779 ca-

85 3811 293 3869 tholica
327 3812 460 3870 ﬁdes
487 3822 776 3885 utrumque
804 3815 1085 3886 suscipiat,
1119 3824 1408 3887 utrumque
1428 3815 1683 3873 defendat

84 3918 215 3973 quas
272 3904 565 3961 secundum
613 3904 1005 3967 confusionem
1056 3905 1196 3967 beati
1247 3906 1474 3978 apostoli
1530 3904 1677 3961 Petri

84 4014 263 4053 unum
286 3996 562 4055 Christum
590 3998 686 4055 Dei
731 3998 835 4053 vivi
877 3998 1071 4055 Filium
1100 4010 1153 4056 et
1189 3999 1461 4057 hominem
1507 3998 1683 4054 credit

84 4103 147 4151 et
179 4090 435 4147 Verbum.
462 4090 718 4159 Quamvis
744 4090 928 4161 itaque
954 4091 1136 4150 abillo
1162 4092 1316 4149 initio
1339 4107 1447 4161 quo
1481 4092 1534 4146 in
1565 4101 1680 4147 ute-

82 4197 156 4240 ro
180 4181 406 4251 virginis
439 4183 676 4241 Verbum
716 4198 846 4241 caro
894 4182 1097 4243 factum
1144 4192 1229 4241 est
1270 4183 1402 4240 nihil
1440 4198 1675 4254 unquam

84 4276 237 4335 inter
278 4283 565 4347 utramque
608 4273 838 4333 formam
866 4276 1146 4335 divisionis
1173 4276 1463 4344 exstiterit,
1502 4284 1558 4332 et
1580 4289 1680 4346 per

1858 3350 1914 3405 In
1960 3351 2128 3404 lerma
2156 3352 2353 3422 quippe
2392 3352 2482 3406 Dei
2515 3351 2740 3422 aequalis
2769 3361 2889 3408 erat
2915 3351 3085 3407 Filius
3116 3351 3281 3417 Patri,
3321 3359 3397 3408 et.

1787 3443 1935 3517 inter
1961 3445 2257 3515 genitorem
2304 3454 2467 3513 atque
2495 3443 2831 3512 unigenitum
2864 3442 3008 3500 nulla
3056 3443 3107 3497 in
3138 3443 3374 3525 essentia

1785 3538 2064 3603 discretio,
2103 3537 2246 3591 nulla
2278 3537 2331 3593 in
2360 3536 2643 3606 majestate
2681 3538 2988 3613 diversitas,
3024 3553 3125 3594 nec
3159 3551 3255 3608 per
3292 3536 3375 3592 in-

1785 3630 2115 3684 caruationis
2144 3629 2458 3701 mysterium
2481 3627 2683 3699 aliquid
2709 3628 3015 3683 decesserat
3035 3627 3208 3683 Verbo
3229 3626 3372 3697 quod

1783 3722 1833 3779 ei
1856 3721 2034 3777 Patris
2066 3737 2286 3777 munere
2314 3720 2649 3777 redderetur.
2675 3720 2870 3776 Forma
2899 3730 3077 3775 autem
3108 3720 3247 3776 servi
3277 3734 3376 3789 per

1783 3831 1947 3887 quam
1991 3813 2339 3883 impassibilis
2366 3812 2540 3869 deitas
2578 3821 2980 3868 sacramentum
3020 3827 3225 3881 magum
3261 3810 3376 3882 pie-

1780 3909 1911 3965 tatis
1933 3907 2193 3977 implevit,
2224 3907 2464 3979 humana
2482 3906 2757 3962 humilitas
2782 3915 2884 3969 est.
2912 3921 3034 3975 qua:
3059 3904 3114 3961 in
3142 3904 3372 3973 gloriam

1781 3999 1977 4067 divinae
2006 4000 2291 4072 potestatis
2322 4008 2507 4056 evecta
2530 4010 2633 4066 est,
2678 4000 2733 4055 in
2784 4007 2989 4055 tantam
3015 3998 3274 4057 unitatem
3303 4000 3372 4053 ab

1782 4090 1901 4162 ipso
1941 4103 2201 4163 conceptu
2243 4092 2467 4165 virginis
2513 4092 2713 4148 dcitate
2759 4102 2816 4148 et
2865 4091 3201 4147 humanitate
3246 4104 3377 4146 con-

1782 4193 1949 4249 serta,
1983 4193 2045 4239 ut
2075 4200 2176 4240 uec
2204 4185 2321 4240 sine
2350 4184 2566 4240 homine
2590 4185 2789 4249 divina,
2823 4198 2924 4240 nec
2954 4186 3071 4239 sine
3114 4184 3225 4241 Deo
3251 4198 3378 4255 age-

1782 4285 1972 4332 rentur
2004 4275 2270 4333 humana.
2320 4276 2547 4346 Propter
2578 4279 2721 4347 quod
2764 4278 2905 4337 sicut
2954 4278 3213 4337 Dominus
3257 4293 3372 4333 ma-

84 4369 276 4427 omnia
316 4369 648 4427 incrementa
694 4382 954 4439 corporea
997 4369 1158 4425 unius
1192 4381 1435 4438 personat
1477 4366 1680 4422 fuerint
1775 4368 1993 4445 jestatis
2022 4369 2217 4425 dicitur
2259 4369 2570 4435 cruciﬁxus,
2618 4372 2691 4426 ita
2721 4371 2817 4455 qui
2848 4387 2918 4427 ex
2946 4372 3375 4447 sempiternitate

82 4464 261 4520 totius
286 4465 544 4535 temporis
569 4466 828 4531 actiones,
860 4479 925 4523 ea
958 4464 1072 4534 ipsa
1105 4471 1285 4525 nmen
1323 4475 1442 4531 quas
1464 4460 1677 4530 insepa-
1781 4459 2002 4533 aequalis
2035 4470 2119 4520 est
2148 4460 2283 4528 Deo,
2328 4462 2526 4518 dicitur
2563 4463 2851 4531 exaltatus,
2883 4464 3009 4535 quia
3043 4463 3376 4534 inseparabi-

83 4551 339 4610 rabiliter
365 4552 504 4611 facta
532 4566 675 4619 sunt,
701 4553 845 4611 nulla
868 4552 1247 4613 obtinuistione
1269 4549 1674 4617 contundimus,
1703 4618 1757 4641 ﬁ
1780 4551 1905 4609 liter
1941 4563 2195 4610 manente
2219 4553 2425 4609 unitate
2452 4569 2718 4625 personae,
2744 4571 2883 4611 unus
2906 4564 3069 4627 atque
3086 4553 3238 4641 (idem
3264 4560 3369 4627 est,

83 4643 187 4700 sed
214 4646 345 4717 quid
370 4647 523 4718 cujus
767 4646 841 4703 sit
865 4660 933 4702 ex
957 4660 1180 4717 operum
1216 4644 1477 4715 qualitate
1504 4642 1678 4699 senti-
1702 4618 1758 4681 D
1782 4655 1838 4703 et
1865 4654 2008 4702 totus
2037 4643 2130 4700 Dei
2176 4643 2345 4701 Filius
2390 4618 2611 4717 propter
2638 4618 2798 4701 unam
2836 4659 2960 4701 cum
2978 4618 3161 4699 'Patre
3205 4618 3373 4698 deita:

85 4751 239 4793 Inus.
267 4736 459 4793 Dicant
488 4753 619 4810 ergo
647 4737 736 4795 isti
764 4736 1080 4811 hypocrita,
1109 4738 1200 4807 qui
1225 4735 1386 4794 caecis
1404 4734 1680 4793 mentibus
1784 4749 1914 4797 tem.
1948 4738 2220 4809 Quidquid
2254 4739 2396 4794 enim
2427 4739 2481 4793 in
2512 4747 2751 4810 tempore
2779 4736 2987 4808 accepit
3012 4735 3261 4792 Christus
3286 4749 3373 4792 se-

86 4826 275 4885 lumen
333 4829 523 4886 nolunt
582 4830 829 4902 recipere
885 4829 1168 4895 veritatis,
1229 4829 1281 4884 in
1339 4844 1446 4899 qua
1502 4826 1678 4883 forma
1786 4829 2021 4889 cundum
2049 4828 2322 4884 hominem
2354 4828 2584 4899 accepit,
2614 4827 2700 4885 cui
2729 4842 2849 4899 qua:
2893 4842 2999 4897 non
3030 4825 3217 4883 habuit
3241 4839 3395 4883 con-.

86 4921 273 4976 crucis
296 4921 438 4992 ligno
464 4921 722 4979 Dominus
758 4920 1056 4992 maiestatis
1082 4920 1327 4987 Christus
1354 4918 1551 4979 afﬁxus
1572 4918 1682 4979 sit?
1783 4920 2078 4979 ferrentur.
2115 4919 2248 4976 Nam
2276 4921 2572 4995 secundum
2598 4918 2891 4991 potentiam
2921 4917 3137 4977 deitatis
3164 4913 3372 4971 iudill'e-

85 5012 223 5083 quid
240 5011 473 5081 jacuerit
493 5013 548 5068 in
569 5013 860 5084 sepulcro?
887 5022 943 5069 et
966 5011 1209 5069 revoluto
1236 5010 1569 5068 monumenti
1597 5010 1679 5066 la-
1785 5023 1974 5070 reuter
1997 5011 2180 5069 omnia
2206 5026 2325 5083 qua:
2347 5011 2509 5067 habet
2528 5010 2708 5076 Pater,
2733 5009 2896 5066 etiam
2920 5007 3089 5064 Filius
3112 5007 3294 5071 habet,
3317 5014 3371 5060 et

85 5106 237 5179 pido,
263 5120 385 5176 quae
419 5108 581 5164 tertio
606 5107 694 5164 die
715 5120 842 5165 caro
868 5106 1210 5163 resurrexit?
1238 5113 1293 5160 ct
1328 5105 1382 5165 in
1416 5119 1523 5175 quo
1552 5111 1674 5174 post
1786 5119 1908 5177 qua:
1934 5104 1989 5161 in
2021 5102 2195 5160 forma
2225 5103 2369 5159 servi
2395 5116 2428 5156 a
2457 5100 2618 5180 Patre
2647 5100 2873 5172 accepit,
2903 5099 3091 5156 eadem
3119 5099 3172 5153 in
3198 5097 3371 5155 forma
3432 5106 3436 5111 ‘

87 5198 542 5255 resurrectionem
581 5214 732 5257 suam
762 5213 867 5254 non
893 5199 1175 5257 credentes
1204 5199 1463 5268 quosdam
1514 5196 1675 5253 disci-
1783 5193 1882 5269 Dei
1902 5194 2063 5253 etiam
2090 5194 2206 5265 ipse
2228 5192 2464 5248 donavit.

86 5288 247 5358 putus
275 5288 555 5357 arguebat,
586 5297 642 5349 et
661 5277 1053 5353 bassitationem
1092 5290 1458 5351 cunctantium
1486 5286 1676 5351 confu-
1712 5279 1724 5289 ’
1855 5284 1942 5342 Ill.
1961 5283 2267 5342 Secundum
2289 5282 2519 5341 formam
2535 5283 2680 5342 enim
2702 5281 2797 5339 Dei
2817 5283 2932 5354 ipse
2955 5290 3008 5337 et
3030 5280 3367 5337 Paterninum

90 5380 243 5435 tabat
271 5394 392 5435 cum
417 5379 622 5436 diceret
648 5393 662 5432 :
699 5397 717 5430 ι
752 5377 971 5450 Palpate
997 5389 1049 5435 et
1078 5379 1269 5444 videte,
1298 5378 1424 5450 quia
1452 5380 1679 5449 spiritus
1786 5386 1936 5445 sunt;
1969 5376 2264 5434 secundum
2289 5374 2520 5432 formam
2547 5385 2726 5432 autem
2757 5375 2898 5432 servi
2930 5395 2948 5427 ι
2981 5389 3088 5433 ιιοιι
3117 5374 3262 5429 venit
3289 5372 3368 5428 fa-

91 5485 313 5531 carnem
338 5480 395 5531 et
417 5487 543 5529 ossa
577 5487 682 5531 non
712 5471 873 5529 habet
918 5471 1055 5529 sicut
1102 5486 1188 5527 me
1231 5471 1426 5528 videtis
1472 5471 1676 5529 habere
1785 5484 1912 5528 cere
1934 5467 2263 5525 voluntatem
2286 5482 2465 5536 suam,
2497 5467 2590 5526 sed
2613 5467 2940 5525 voluntatem
2965 5466 3079 5538 ejus
3101 5466 3194 5537 qui
3224 5464 3371 5521 misit

93 5563 251 5635 (με.
278 5579 427 5629 xxiv,
456 5563 570 5637 39).
620 5584 638 5617 ι
669 5562 735 5621 Ει
764 5563 1008 5634 apostolo
1036 5564 1295 5621 Thomas:
1326 5584 1344 5617 α
1390 5564 1530 5621 infer
1559 5580 1675 5620 ma-
1781 5578 1908 5657 eum
1932 5562 2113 5657 (loco.
2145 5578 2224 5657 vr,
2250 5561 2360 5632 58).
2400 5580 2420 5613 ι
2448 5652 2480 5657 _
2528 5652 2540 5657 _
2648 5652 2658 5657 Δ
2768 5650 2800 5657 _
2958 5649 2972 5657 .
3031 5649 3043 5657 _
3106 5656 3113 5657 γ
3168 5646 3201 5657 __
3314 5645 3325 5657 υ

90 5670 223 5713 num
252 5663 397 5717 tuam
424 5655 479 5715 in
503 5655 641 5710 latus
663 5671 862 5723 meum,
891 5665 946 5712 et
966 5656 1087 5711 vide
1113 5672 1304 5712 manus
1331 5670 1479 5713 meas
1501 5666 1555 5713 et
1580 5672 1677 5728 pe-
1857 5654 2166 5712 Secundum
2191 5652 2424 5712 formam
2448 5652 2542 5708 Dei
2577 5670 2601 5735 ε
2617 5650 2927 5708 sicntPaler
2958 5646 3366 5705 Ιιλδθινῖωωίη

94 5749 212 5814 des,
242 5756 297 5802 ct
342 5747 450 5803 noli
480 5761 599 5805 esse
629 5747 937 5804 incredulus
987 5747 1080 5803 sed
1127 5747 1298 5813 fidelis
1345 5746 1525 5819 (Joau.
1574 5764 1675 5813 xx.
1783 5747 2098 5817 semetipso,
2128 5746 2211 5801 sic
2240 5744 2388 5801 dedit
2409 5752 2465 5800 et
2497 5742 2635 5801 Filio
2661 5743 2823 5799 vitam
2854 5742 3051 5797 habere
3082 5740 3133 5794 in
3164 5745 3368 5794 semet-

93 5842 209 5914 Ξῖ).
243 5863 261 5895 ι
311 5844 520 5911 Quanta
562 5843 994 5900 tuanifestatioue
1025 5842 1267 5913 corporis
1314 5842 1394 5899 sui
1422 5842 1535 5914 jam
1564 5843 1674 5899 hae-
1710 5904 1749 5928 κ
1782 5843 1902 5914 ipso
1931 5840 2113 5913 (Joan.
2139 5854 2193 5908 v,
2221 5837 2333 5911 '26).
2370 5856 2388 5890 ι

1719 5948 1739 6001 f
