3968 6446
594 298 694 353 847

1315 297 1608 356 APPEND.
1648 301 1741 356 AD
1774 299 1950 358 saec.
1992 297 2081 356 rx.
2112 329 2181 341 -
2205 298 2455 358 lSlDORl
2493 297 2936 358 MERCATOBIS
3207 280 3211 284 ’
3737 298 3812 354 sn

666 415 973 472 Secundum
1010 413 1239 471 formam
1277 417 1419 471 servi
1457 435 1475 467 ‹
1517 416 1686 473 tristis
1719 427 1801 474 est
1841 417 2019 472 anima
2063 431 2180 472 mea
2208 418 2258 478 Α
2284 414 2470 472 biiium
2515 422 2734 472 Patrum
2779 411 3257 486 praedicationibus
3291 423 3391 466 nos
3419 407 3713 465 concordari
3747 425 3815 467 ρυτ

595 509 867 581 ιιειιιιοεξιιιὶ
909 517 1136 564 mortem
1176 507 1388 579 (Matth.
1430 523 1624 575 xxxvr,
1659 509 1799 583 9.8),
1838 529 1856 561 ι
1893 519 1946 566 et
1980 529 1999 561 ‹
2039 509 2181 565 idem

504 667 510 674 ἱ
595 600 711 670 ipse
757 610 872 668 est,
921 601 1184 656 sicutait
1224 600 1546 670 Apostolus,
1593 611 1646 657 et
1693 601 1844 659 dives
1886 610 1941 657 et
1984 615 2185 672 pauper

596 687 683 759 (II
715 687 836 744 Cor.
871 705 996 756 vni,
1029 690 1104 757 9).
1146 709 1163 742 ι
1199 691 1377 756 Dives,
1408 690 1531 760 quia
1568 690 1892 761 evangelista
1930 691 2142 747 dicente
2168 732 2182 757 ,

600 800 618 831 ‹
661 780 717 833 ln
765 781 1030 851 principio
1070 791 1188 836 erat
1232 779 1468 836 Verbum
1511 791 1566 836 et
1607 780 1841 837 Verbum
1883 792 2002 837 erat
2044 783 2185 853 apud

593 871 798 936 Deum,
832 881 888 927 et
926 873 1068 929 Deus
1096 883 1214 929 erat
1251 872 1507 928 Verbum.
1553 873 1664 930 Hoc
1692 884 1809 928 erat
1840 875 1891 929 in
1924 875 2189 945 principio

592 961 732 1030 apud
761 961 950 1030 Deum,
973 965 1154 1018 omnia
1181 980 1276 1034 per
1305 965 1478 1036 ipsum
1511 964 1648 1020 facta
1673 975 1820 1030 sunt,
1843 974 1897 1020 et
1926 965 2040 1020 sine
2073 966 2188 1035 ipso

591 1052 796 1110 factum
823 1065 907 1111 est
930 1057 1062 1112 nihil
1092 1056 1273 1129 (Joan.
1302 1073 1339 1121 ι,
1377 1058 1517 1128 1-5).
1555 1078 1574 1111 ι

664 1148 878 1218 Pauper
925 1165 1074 1215 vero,
1119 1150 1243 1220 quia
1293 1159 1515 1220 propter
1561 1165 1658 1205 nos
1706 1168 1725 1200 ι
1773 1148 2010 1203 Vernum
2061 1162 2189 1203 caro

591 1238 793 1294 factum
818 1249 920 1305 est,
947 1249 1002 1295 et
1027 1241 1291 1296 habitavit
1320 1242 1374 1296 in
1400 1242 1555 1296 nobis
1577 1239 1758 1310 (Joan.
1791 1257 1830 1305 ι,
1864 1239 1970 1312 14).
2007 1259 2024 1291 ι
2059 1238 2190 1306 Quae

592 1342 773 1387 autem
809 1343 894 1389 est
940 1333 1056 1401 ejus
1103 1334 1434 1399 exinanitio,
1481 1350 1666 1404 quaeve
1715 1335 2038 1404 paupertas?
2086 1334 2190 1389 nisi

590 1423 780 1482 formae
818 1426 1031 1482 servilis
1061 1426 1342 1496 acceptio?
1374 1441 1471 1497 per
1499 1443 1684 1496 quam,
1727 1425 1884 1481 Verbi
1908 1425 2190 1494 majestate

593 1517 792 1586 velata,
814 1518 1145 1589 dispensatio
1161 1519 1411 1574 humante
1439 1519 1825 1589 redemptionis
1842 1519 2058 1589 impleta
2082 1528 2187 1574 est.

589 1607 725 1664 Nam
757 1611 882 1679 quia
915 1611 1246 1680 captivitatis
1275 1620 1473 1665 nostra:
1519 1609 1712 1664 resolvi
1743 1609 2026 1680 originalia
2068 1610 2187 1664 vin-

589 1701 708 1758 cula
741 1719 844 1758 non
873 1713 1144 1773 poterant,
1177 1704 1278 1758 nisi
1303 1704 1556 1758 existeret
1590 1705 1752 1758 homo
1777 1703 1945 1758 nostri
1974 1702 2188 1774 generis

2287 516 2532 578 gnoscat,
2581 507 2885 578 aliquantas
2930 521 3116 562 eorum
3162 502 3458 561 sententias
3502 501 3624 558 huic
3661 502 3815 558 credidi

2288 599 2649 669 subjiciendas
2670 614 2790 656 esse
2819 598 3078 655 sermoni.
3106 597 3314 666 Quibus
3341 596 3390 652 si
3417 595 3647 667 digneris
3683 604 3816 649 atten-

2289 693 2416 749 dere
2461 692 2764 757 recensitis,
2814 707 2920 747 non
2969 690 3112 746 aliud
3155 705 3254 745 nos
3301 686 3596 759 praedicare
3635 687 3819 758 reperies

2289 798 2450 853 quam
2495 783 2638 853 quod
2669 783 2840 838 sancti
2887 781 3075 837 Patres
3106 781 3278 836 nostri
3325 790 3441 835 toto
3469 779 3596 834 orbe
3621 779 3817 844 docuere,

2289 888 2390 928 nec
2419 887 2748 943 quemquam
2797 871 2999 927 abillis
3029 871 3133 926 nisi
3177 871 3323 927 solos
3365 870 3562 941 impios
3602 870 3820 927 hereticos

2289 965 2621 1034 discrepare.
2668 963 2764 1018 His
2800 963 2980 1034 igitur,
3027 963 3421 1034 gloriosissime
3461 971 3518 1017 et
3557 963 3820 1018 venerabilis

2289 1058 2609 1129 imperator,
2639 1068 2842 1127 quanta
2889 1057 3036 1127 potui
3086 1058 3351 1112 brevitate
3394 1055 3699 1126 perstrictis,
3733 1071 3819 1110 cum

2292 1149 2549 1219 inspirata
2582 1149 2677 1204 tibi
2717 1148 2973 1203 divinitus
3010 1147 3114 1203 ﬁde
3143 1149 3307 1203 etiam
3358 1157 3600 1202 nostram
3623 1148 3821 1217 praedica-

2293 1243 2494 1299 tionem
2530 1243 2736 1296 unitam
2767 1257 2889 1297 esse
2922 1257 3205 1308 cognosce,
3241 1257 3341 1297 nec
3387 1241 3445 1296 in
3486 1240 3656 1310 aliquo
3681 1255 3756 1293 nos
3776 1242 3820 1292 ab

2293 1335 2602 1406 evangelica
2647 1335 3052 1406 apostolicaque
3090 1334 3358 1399 doctrina,
3392 1333 3477 1386 vel
3537 1347 3566 1385 a
3607 1332 3820 1386 catholicae

2292 1427 2643 1499 professionis
2665 1427 2906 1498 symbolo
2921 1427 3248 1498 discrepare,
3272 1425 3557 1496 quoniam,
3573 1425 3695 1478 sicut
3715 1424 3822 1476 docet

2290 1520 2486 1576 beatus
2525 1519 2798 1590 apostolus
2846 1520 3063 1584 Paulus,
3092 1539 3110 1571 ‹
3148 1535 3404 1590 magnum
3426 1529 3513 1574 est
3549 1518 3735 1588 pietatis
3767 1534 3820 1570 sa-

2292 1620 2628 1666 cramentum
2675 1611 2817 1680 quod
2859 1610 3260 1666 manifestatum
3287 1620 3372 1665 est
3421 1611 3475 1664 in
3518 1624 3686 1671 carne,
3714 1607 3822 1675 justi-

2295 1705 2515 1758 ﬁcatum
2569 1712 2653 1758 est
2696 1703 2909 1772 spiritu,
2957 1705 3206 1774 apparuit
3249 1703 3484 1774 angelis,
3538 1702 3817 1774 praedicatum

586 1805 894 1866 nostraeque
923 1807 1151 1862 naturae,
1182 1813 1342 1867 quem
1389 1798 1592 1867 peccati
1638 1796 1944 1868 praejudicia
1975 1813 2081 1852 non
2112 1807 2192 1853 te-
2222 1793 2266 1852 B
2295 1805 2376 1851 est
2407 1795 2679 1867 gentibus,
2710 1796 2973 1852 creditum
3004 1804 3084 1852 est
3117 1797 3169 1850 in
3201 1797 3426 1860 mundo,
3449 1805 3748 1864 assumptum
3767 1802 3821 1848 est

587 1901 800 1956 uerent,
834 1901 889 1945 et
934 1891 1024 1960 qui
1073 1890 1420 1945 immaculato
1467 1891 1730 1962 sanguine
1773 1907 1871 1946 suo
1911 1891 2190 1961 chirogra-

585 1984 753 2053 phum
784 1982 979 2038 lethalc
1020 1983 1273 2050 dilueret,
1309 1985 1446 2039 sicut
1478 1983 1544 2039 ab
1592 1985 1745 2039 initio
1785 1992 1902 2039 erat
1932 1985 2190 2038 divinitus

583 2073 1038 2141 prmordinatum,
1079 2075 1150 2128 ita
1182 2083 1265 2127 est
1315 2073 1364 2127 in
1398 2073 1728 2144 plenitudine
1771 2074 2019 2144 przcﬁniti
2055 2084 2190 2129 tem-

584 2167 733 2235 poris
756 2165 974 2228 factum,
1002 2175 1059 2219 ut
1089 2167 1268 2219 multis
1297 2166 1470 2220 modis
1499 2167 1795 2236 signiﬁcata
1823 2167 2110 2236 promissio
2133 2169 2189 2222 in

584 2258 674 2311 diu
723 2266 1090 2329 eXSpectatum
1137 2260 1318 2314 veniat
1362 2258 1647 2326 effectum,
1698 2275 1794 2314 nec
1845 2268 2026 2328 posset
2069 2276 2191 2317 esse

585 2347 897 2418 ambiguum
948 2348 1088 2418 quod
1136 2349 1409 2404 continuis
1459 2350 1928 2406 lestiﬁcationibus
1977 2367 2193 2424 semper

584 2438 761 2493 fuerat
791 2439 1118 2494 nuntiattnn.
1151 2439 1206 2494 lu
1241 2457 1435 2510 magno
1463 2451 1642 2496 autem
1674 2443 1958 2512 sacrilegio
1981 2458 2040 2499 se
2069 2459 2190 2500 ver-

583 2529 693 2584 sari
732 2531 1108 2587 hzereticorum
1143 2534 1455 2589 manifestat
1482 2535 1754 2606 impietas,
1787 2554 1906 2592 cum
1937 2537 2041 2593 sub
2069 2555 2190 2610 spe-

583 2621 666 2676 cie
707 2623 926 2680 deitatis
975 2629 1304 2685 honoranda:
1339 2629 1590 2685 humanae
1633 2634 1816 2688 carnis
1869 2634 1919 2688 in
1969 2634 2189 2691 Christo

584 2709 851 2783 denegant
894 2717 1205 2784 veritatem,
1255 2730 1311 2774 et.
1357 2720 1606 2793 religiose
1651 2724 1924 2777 aestimant
1957 2726 2102 2779 credi
2141 2725 2187 2780 si

583 2801 795 2858 dicatur
827 2805 879 2858 in
929 2806 1212 2863 Salvatore
1255 2819 1461 2875 nostro,
1500 2829 1690 2868 verum
1731 2831 1832 2868 non
1883 2831 2003 2870 esse
2045 2816 2188 2885 quod

584 2893 758 2950 salvat
802 2911 923 2950 cum
973 2898 1065 2964 ita,
1090 2901 1382 2956 secundum
1419 2904 1830 2972 promissionem
1873 2906 2055 2959 omnia
2089 2923 2192 2961 scc-

582 2986 702 3042 cula
740 3001 1182 3058 praecurrentem,
1219 2996 1450 3051 mundus
1475 2997 1546 3051 sit
1578 2998 1686 3052 Deo
1718 3000 2102 3054 reconciliatus
2133 3001 2187 3056 in

583 3076 823 3146 Christo,
857 3092 917 3137 ut
949 3083 1049 3138 nisi
1079 3082 1311 3140 Verbum
1343 3086 1662 3158 dignaretur
1691 3106 1820 3144 caro
1859 3090 1998 3155 ﬁeri,
2039 3089 2183 3144 nulla

2295 1889 2347 1944 in
2380 1889 2548 1960 gloria
2580 1887 2631 1960 (1
2659 1887 2794 1942 Tim.
2829 1904 2909 1953 ιιι,
2938 1887 3047 1957 16).
3082 1908 3100 1940 ι
3130 1887 3267 1955 Quid
3296 1889 3462 1958 igitur
3487 1899 3586 1943 tua:
3605 1889 3817 1943 utiliusest

2295 1979 2476 2042 saluti,
2522 1979 2652 2049 quid
2704 1988 2809 2034 tuac
2852 1981 3236 2051 congruentius
3282 1981 3577 2050 potestati,
3613 1996 3746 2050 quam
3782 1989 3819 2032 ut

2293 2073 2415 2144 paci
2458 2071 2814 2128 ecclesiarum
2865 2071 3076 2125 Domini
3124 2080 3211 2124 tua
3245 2072 3630 2127 constitutione
3669 2071 3819 2142 prospi-

2293 2169 2428 2234 cias,
2453 2179 2507 2223 et
2541 2169 2592 2222 in
2618 2167 2879 2224 'omnibus
2910 2169 3002 2222 tibi
3042 2167 3272 2222 subditis
3301 2168 3445 2222 dona
3491 2167 3581 2222 Dei
3611 2166 3818 2228 defendas,

2293 2277 2472 2332 neque
2497 2262 2603 2316 ulla
2629 2262 2839 2316 ratione
2869 2261 3094 2331 patiaris
3136 2276 3233 2330 per
3273 2260 3534 2315 invidiam
3564 2260 3731 2314 diaboli
3754 2259 3819 2312 mi-

2294 2354 2494 2408 nistros
2539 2353 2708 2423 ipsius
2750 2354 2800 2406 in
2835 2353 3097 2422 cujusque
3141 2353 3332 2406 saevire
3375 2351 3676 2421 perniciem,
3697 2359 3740 2402 ut
3758 2350 3817 2418 qui

2293 2445 2348 2499 in
2397 2446 2500 2500 hoc
2535 2454 2722 2500 sancto
2754 2444 3036 2515 temporali
3069 2444 3276 2499 emines
3316 2458 3489 2516 regno
3533 2444 3582 2498 in
3622 2451 3815 2498 teter-ul

2293 2539 2554 2593 merearis
2588 2553 2816 2608 regnare
2843 2553 2963 2592 eum
2992 2536 3230 2593 Christo.

2365 2627 2549 2684 Sancti
2580 2627 2768 2682 Hilarii
2815 2627 3169 2684 Pictaviensis
3205 2630 3448 2701 episcopi
3489 2639 3542 2686 et
3565 2627 3814 2684 confessoris

2293 2721 2346 2776 in
2392 2721 2528 2775 libro
2575 2721 2812 2776 secundo
2837 2720 2978 2776 inter
3018 2731 3234 2776 caetera.
3281 2720 3464 2776 Unum
3491 2723 3639 2790 igitur
3663 2721 3740 2774 hoc
3762 2726 3816 2773 est

2294 2813 2570 2868 immobile
2601 2811 3032 2879 fundamentum,
3077 2829 3183 2892 una
3232 2813 3350 2869 haec
3399 2813 3526 2869 felix
3571 2812 3677 2868 ﬁdei
3712 2820 3814 2880 petra

2294 2906 2434 2961 Petri
2472 2921 2568 2960 ore
2595 2906 2838 2960 confessa
2873 2923 2885 2960 :
2924 2923 2942 2956 ι
2976 2905 3056 2960 Τιι
3083 2920 3162 2971 es,
3206 2906 3410 2976 inq’trit,
3435 2905 3668 2961 Christus
3699 2902 3813 2957 Filius

2291 2997 2386 3052 Dei
2434 2997 2540 3051 vivi
2589 2993 2770 3067 (Joan.
2815 3012 2906 3060 χι,
2945 2995 3069 3066 27),
3107 3014 3124 3048 ι
3161 3003 3311 3051 tanta
3366 2995 3422 3050 in
3470 3011 3529 3051 se
3573 2999 3811 3064 argumenta

2292 3087 2565 3143 sustinens
2588 3085 2855 3150 veritatis,
2883 3096 3098 3155 quantae
3124 3085 3543 3156 perversitatum
3563 3083 3810 3154 quaestiones

581 3173 755 3244 possit
802 3191 930 3232 caro
974 3176 1192 3232 salvari.
1241 3177 1412 3235 Omne
1440 3181 1584 3236 enim
1622 3193 2022 3238 sacramentum
2055 3183 2178 3238 ﬁdei
2209 3171 2252 3231 C
2287 3173 2621 3233 inﬁdelitatis
2664 3176 2935 3232 calumnia
2984 3176 3365 3231 movebuntur.
3415 3176 3533 3232 Jam
3577 3175 3625 3230 in
3663 3169 3811 3228 ceteris

582 3263 904 3321 Christiana:
949 3282 1146 3338 magno
1193 3269 1275 3340 (ut
1319 3269 1556 3325 haeretici
1586 3272 1810 3332 volunt)
1842 3272 2185 3328 decoloratur

581 3357 838 3424 obscuro,
882 3359 925 3415 si
975 3359 1064 3415 lux
1109 3362 1354 3418 veritatis
1383 3363 1483 3417 sub
1531 3366 1811 3420 mendacio
1845 3375 2063 3436 putatur
2106 3367 2184 3422 la-

582 3449 751 3505 tuisse
796 3451 1208 3520 phantasmatis.
1265 3453 1377 3508 Non
1409 3471 1539 3526 ergo
1572 3457 1858 3527 quisquam
1908 3459 2008 3514 sibi
2058 3474 2184 3514 eru-

580 3538 907 3597 bescendum
938 3545 1217 3602 existimet
1239 3546 1582 3604 Christianus
1610 3551 1677 3606 de
1703 3551 1875 3606 nostri
1905 3553 1958 3606 in
1979 3551 2181 3608 Christi

581 3653 811 3710 corpore
837 3642 1086 3704 veritate,
1117 3642 1244 3712 quia
1277 3660 1465 3699 omnes
1509 3646 1737 3716 apostoli
1784 3647 2180 3717 apostolorum-

582 3746 688 3801 quc
709 3731 954 3803 discipuli
979 3743 1032 3787 ct
1049 3733 1293 3804 prteclari
1325 3736 1674 3791 ecclesiarum
1689 3737 1890 3806 quique
1909 3739 2178 3807 doctores,

580 3822 674 3894 qui
708 3823 776 3878 ad
821 3824 1062 3894 martyrii
1095 3840 1351 3881 coronam
1413 3829 1496 3882 vel
1540 3829 1898 3886 confessionis
1933 3848 2182 3890 meruere

579 3913 805 3986 gloriam
837 3917 1142 3986 pervenire,
1179 3919 1230 3972 in
1279 3918 1438 3989 hujus
1468 3922 1570 3976 ﬁde
1617 3923 1818 3978 lumine
1862 3925 2181 3994 splenduere

581 4011 836 4065 consonis
867 4011 1064 4081 ubique
1107 4013 1394 4069 sententiis
1425 4014 1756 4081 iutonantes,
1789 4019 1930 4087 quod
1974 4020 2027 4073 in
2078 4021 2182 4076 Do-

583 4101 731 4155 mino
773 4099 896 4155 Jesu
941 4102 1161 4158 Christo
1207 4104 1424 4159 deitatis
1453 4113 1507 4159 et
1551 4107 1732 4162 carnis
1762 4124 1868 4162 una
1912 4108 1983 4164 sit
2013 4109 2182 4165 conﬁ-

583 4193 746 4247 tenda
774 4209 1024 4263 persona.
1058 4199 1172 4266 Qua
1202 4211 1382 4256 autem
1417 4202 1640 4258 rationis
1671 4204 2038 4282 similitudine,
2073 4223 2177 4277 qua

583 4284 887 4341 divinorum
920 4289 1251 4346 voluminum
1282 4294 1529 4363 portione
1559 4294 1810 4350 haeretica
1840 4296 2089 4366 impietas
2121 4313 2180 4354 se

581 4378 860 4434 existimat
905 4381 1179 4450 adjuvari,
1228 4401 1347 4455 qua:
1394 4388 1676 4442 veritatem
1731 4398 1884 4459 negat
1935 4391 2180 4460 corporis

581 4466 808 4534 Christi,
837 4485 958 4525 cum
989 4471 1130 4530 hanc
1159 4491 1264 4529 non
1297 4475 1380 4531 lex
1427 4477 1728 4542 testiﬁcari,
1758 4495 1862 4534 non
1897 4481 2180 4550 prophetia

579 4562 901 4631 pracinere,
940 4579 1044 4620 non
1089 4568 1418 4638 evangelista
1465 4569 1681 4635 docere,
1725 4587 1829 4625 non
1869 4571 1982 4642 ipse
2013 4573 2179 4628 desti-

581 4650 708 4705 terit
730 4649 979 4708 Christus
997 4655 1325 4710 05tendere?
1348 4656 1604 4723 Quaerant
1626 4674 1723 4728 per
1746 4676 1960 4716 onmem
1983 4663 2180 4718 seriem

582 4737 1011 4811 Scripturarum,
1038 4759 1145 4816 quo
1180 4745 1431 4801 tenebras
1466 4762 1589 4802 snas
1619 4747 1842 4819 fugiant,
1871 4751 1923 4806 in
1956 4768 2062 4820 quo
2090 4768 2181 4808 ve-

581 4849 702 4888 rum
733 4835 910 4890 lumen
943 4837 1251 4894 obscurent.
1282 4839 1348 4894 Et
1377 4855 1474 4910 per
1499 4841 1678 4895 omnia
1707 4843 1900 4897 saecula
1933 4845 2000 4898 ita
2033 4846 2179 4900 veri-

581 4931 748 4977 tatem
794 4925 1072 4982 invenient
1115 4941 1521 4996 coruscantem,
1569 4940 1629 4985 nt
1675 4947 1926 5000 magnum
1978 4933 2078 4988 hoc
2125 4943 2181 4990 et

545 5014 834 5090 .mirabile
883 5031 1285 5075 sacramentum
1317 5022 1384 5075 ab
1430 5021 1584 5076 initio
1629 5023 1842 5077 videant
1893 5025 2177 5090 creditum,

582 5107 725 5175 quod
754 5117 838 5162 est
865 5109 917 5164 in
947 5110 1052 5167 ﬁne
1087 5113 1433 5183 completum.
1470 5114 1543 5169 De
1575 5129 1682 5182 quo
1711 5129 1832 5169 cum
1865 5124 2179 5172 sanctarum

583 5198 885 5254 litterarum
935 5203 1081 5258 nulla
1130 5219 1256 5274 pars
1297 5205 1484 5271 sileat,
1526 5204 1723 5259 suﬁicit
1755 5207 1998 5274 quredam
2045 5223 2176 5262 cou-

583 5303 714 5346 sana
744 5291 985 5346 veritatis
1021 5294 1170 5364 signa
1212 5296 1474 5366 patuisse,
1508 5298 1704 5368 quibus
1742 5297 2019 5366 diligentia
2054 5299 2177 5354 ﬁdei

581 5381 1015 5453 splendidissima
1044 5385 1328 5441 latitudine
1367 5389 1652 5457 dirigatur,
1679 5398 1734 5443 et
1776 5389 1986 5444 sincera
2018 5388 2176 5444 intel-

582 5473 817 5547 ligentiae
867 5475 984 5532 luce
1017 5479 1327 5547 perspiciat,
1372 5481 1512 5550 quod
1560 5480 1612 5535 in
1668 5479 1802 5534 Filio
1846 5479 1938 5534 Dei
1986 5481 2076 5550 qui
2121 5496 2180 5536 se

588 5566 986 5624 incessabiliter
1021 5568 1185 5624 ﬁlium
1230 5571 1460 5625 hominis
1490 5580 1543 5627 et
1578 5572 1851 5627 hominem
1897 5571 2182 5643 proﬁtetur

588 5673 694 5712 uou
729 5659 815 5714 ~sit
851 5658 1176 5715 Christianis
1219 5662 1664 5727 erubescendum,
1715 5664 1808 5717 sed
1857 5663 2182 5720 constantis-

583 5749 721 5808 sime
763 5752 1118 5822 gloriandum.
1162 5753 1230 5811 Ut
1258 5763 1435 5810 autem
1477 5755 1650 5827 pietas
1679 5764 1770 5812 tua
1805 5772 1928 5814 cum
1957 5772 2183 5815 venera-

2294 3270 2625 3340 dispensatio
2653 3269 2947 3324 voluntatis
2977 3279 3221 3338 paternae
3265 3269 3361 3333 sit,
3396 3269 3566 3340 virgo,
3605 3274 3749 3337 partus
3773 3268 3810 3317 et

2293 3378 2509 3434 corpus,
2557 3371 2682 3433 post
2706 3377 2827 3432 quae
2869 3376 3022 3426 crux,
3065 3376 3234 3426 mors,
3278 3359 3464 3425 inferi,
3512 3357 3644 3414 salus
3682 3363 3808 3410 nostra

2291 3465 2394 3512 est.
2422 3455 2654 3510 Humani
2685 3454 2826 3510 enim
2861 3453 3074 3524 generis
3104 3468 3265 3509 causa
3295 3453 3396 3508 Dei
3432 3452 3591 3508 Filius
3616 3458 3740 3504 natus
3762 3459 3807 3500 et

2291 3549 2500 3619 virgine
2521 3557 2624 3612 est,
2650 3555 2704 3600 et
2738 3545 2942 3617 Spiritu
2977 3555 3167 3601 sancto
3203 3546 3318 3616 ipso
3350 3546 3456 3601 sibi
3489 3546 3538 3600 in
3571 3546 3657 3599 hac
3676 3554 3808 3612 open-

2294 3641 2440 3694 tionc
2467 3638 2785 3704 famulante,
2808 3647 2863 3693 et
2887 3653 2986 3694 sua
3008 3639 3103 3693 Dei
3136 3637 3386 3694 videlicet
3413 3636 3714 3693 inumbrante
3732 3633 3805 3687 vir-

2292 3742 2406 3786 tute
2437 3733 2683 3802 corporis
2724 3732 2826 3786 sibi
2861 3731 3010 3786 initia
3037 3729 3303 3796 consevit,
3347 3739 3408 3786 et
3444 3729 3647 3785 exordia
3683 3721 3806 3779 carnis

2290 3823 2544 3889 instituit;
2580 3831 2640 3877 ut
2684 3823 2846 3877 homo
2875 3819 3051 3878 factus
3079 3837 3148 3877 ex
3179 3823 3393 3892 virgine
3432 3832 3659 3877 naturam
3695 3818 3734 3872 in
3769 3828 3806 3869 se

2290 3915 2472 3970 carnis
2499 3915 2794 3983 exciperet,
2821 3929 2918 3984 per
2951 3929 3072 3984 qua:
3102 3913 3263 3983 hujus
3288 3915 3619 3972 admistionis
3639 3912 3805 3969 societas

2289 4005 2686 4062 sanctiﬁcatum
2732 4005 2786 4060 in
2816 4020 2883 4060 eo
2907 4005 3144 4061 universi
3170 4008 3387 4078 generis
3428 4007 3630 4064 humani
3668 4013 3803 4072 corpus

2288 4099 2565 4162 existeret,
2594 4107 2654 4152 ut
2679 4098 3130 4168 quemadmodum
3153 4114 3344 4157 omnes
3370 4102 3424 4156 in
3453 4117 3510 4156 se
3537 4115 3624 4170 per
3643 4097 3686 4152 id
3709 4091 3803 4164 quod

2289 4207 2608 4262 corporeum
2642 4206 2700 4247 se
2733 4205 2854 4246 esse
2882 4191 3052 4246 voluit
3085 4193 3430 4257 conderetur,
3477 4194 3546 4248 ita
3573 4201 3744 4245 rursum
3765 4184 3802 4236 in

2287 4299 2476 4340 omnes
2502 4285 2614 4354 ipse
2641 4299 2738 4354 per
2767 4283 2818 4338 id
2845 4283 2989 4354 quod
3018 4284 3135 4354 ejus
3161 4293 3245 4341 est
3275 4285 3539 4342 invisibile
3562 4282 3800 4339 referretur.

2289 4378 2383 4433 Dei
2417 4377 2580 4448 igitur
2608 4377 2784 4448 imago
2816 4374 3101 4432 invisibilis
3127 4375 3388 4448 pudorem
3424 4374 3627 4432 humani
3653 4363 3800 4427 exordii

2291 4485 2399 4526 non
2429 4469 2715 4532 recusavit,
2742 4477 2798 4522 et
2827 4482 2924 4538 per
2949 4467 3357 4538 conceptionem
3382 4479 3604 4539 partum,
3627 4461 3798 4531 vagilum

2287 4569 2340 4616 et
2369 4576 2556 4626 cunas,
2599 4572 2789 4614 omnes
2832 4567 3041 4614 natura:
3071 4568 3270 4614 nostra!
3311 4556 3646 4616 contumelias
3674 4561 3798 4605 trans-

2286 4652 2546 4708 cucurrit.
2582 4650 2722 4719 Quid
2749 4651 2968 4707 tandem
2997 4651 3323 4718 dignationis
3365 4650 3568 4706 aﬁ'ectui
3609 4639 3799 4714 repende-

2288 4745 2409 4799 tur?
2455 4742 2840 4799 lnenarrabilis
2887 4759 2916 4798 a
2969 4743 3080 4798 Deo
3121 4743 3348 4814 originis
3396 4758 3528 4800 unus
3564 4733 3798 4806 unigenin

2286 4837 2427 4892 Deus
2456 4836 2507 4890 in
2554 4835 2855 4906 corpusculi
2902 4835 3122 4890 humani
3168 4836 3398 4890 formam
3427 4843 3609 4890 sancta:
3628 4820 3795 4893 Virginis

2282 4937 2443 4984 utero.
2481 4929 2717 4984 insertus
2747 4929 3033 4984 accrescit.
3063 4927 3166 4994 Qui
3193 4929 3374 4983 omnia
3410 4927 3646 4986 continet,
3669 4926 3712 4974 et
3741 4915 3794 4966 in-

2290 5031 2371 5075 tra
2405 5036 2562 5091 quem
2589 5029 2644 5075 et
2691 5037 2789 5091 per
2817 5037 2976 5091 quem
3009 5031 3201 5077 cuncta
3250 5031 3398 5086 sunt,
3427 5016 3621 5076 humani
3661 5016 3789 5082 ῐιπιυε

2286 5111 2402 5183 lege
2433 5112 2726 5182 profertur,
2757 5123 2812 5168 et
2855 5113 2923 5168 ad
2969 5113 3122 5184 cujus
3148 5127 3335 5170 vocem
3380 5106 3653 5180 archangeli
3676 5109 3790 5169 at'lne

2256 5205 2459 5279 _angeli
2485 5214 2741 5269 tremunt,
2766 5205 2963 5260 cmlum
2987 5213 3040 5259 et
3067 5214 3208 5260 terra
3231 5215 3287 5261 et
3309 5208 3480 5261 omnia
3505 5203 3639 5273 hujus
3657 5187 3786 5251 mundi

2284 5295 2630 5351 resolvuntur
2659 5296 2961 5365 elementa,
3005 5299 3185 5369 vagitu
3232 5294 3450 5354 iirfantis
3489 5296 3686 5351 auditur.
3719 5280 3787 5350 Ουί

2287 5385 2576 5444 invisibilis
2603 5397 2658 5444 ct
2688 5388 3246 5460 incomprehensibilis
3271 5401 3374 5455 est,
3407 5406 3502 5445 non
3531 5388 3646 5444 risu,
3672 5386 3783 5434 δεηειι

2285 5489 2568 5549 tractuque
2598 5481 2982 5547 moderandus,
3017 5481 3172 5537 cuuis
3198 5491 3280 5537 est
3320 5481 3598 5537 obvolutus.
3642 5461 3783 5525 Ηποεί

2285 5574 2406 5642 quis
2444 5573 2656 5643 indigna
2687 5573 2798 5629 Deo
2830 5574 3037 5639 recolit,
3086 5584 3233 5631 tanto
3262 5592 3323 5631 se
3367 5573 3565 5646 majoris
3601 5554 3780 5622 beneﬁcii

2283 5667 2574 5722 obnoxium
2605 5666 2970 5733 conﬁtebitur,
3002 5680 3206 5738 quanto
3235 5671 3410 5725 minus
3452 5668 3552 5722 haec
3582 5658 3656 5714 Dei
3691 5663 3780 5706 009‘

2283 5759 2532 5815 venerint
2578 5759 2872 5830 majestati.
2915 5759 3032 5818 Non
3076 5761 3166 5818 ille
3209 5764 3358 5832 eguit
3399 5762 3542 5818 homo
3568 5747 3776 5812 είδοίννετ
