3968 6466
165 402 291 462 849

1356 404 1848 467 ΒΕΟΒΕΤΑΙΛΠΜ
1885 406 2267 471 COLLECTIO

3357 407 3462 501 8.50

164 535 346 593 quem
374 520 540 575 homo
585 518 763 577 factus
804 529 910 588 est,
953 523 1048 579 sed
1093 538 1192 581 nos
1233 525 1480 597 eguimus
1526 534 1583 581 ιιι
1634 528 1775 583 Deus
1803 534 1850 590 Α
1878 526 2047 582 Deum
2066 538 2209 584 totus
2240 529 2402 585 homo
2430 536 2484 585 et
2513 536 2656 586 totus
2683 524 2843 599 Deus,
2869 545 2977 587 non
3007 526 3301 586 confundas
3328 538 3466 587 tem-

164 629 315 669 caro
345 613 500 669 ﬁeret
526 621 581 668 et
603 614 871 669 habitaret
904 615 956 668 in
985 616 1163 682 nobis,
1196 616 1250 672 id
1277 626 1378 681 est,
1411 620 1776 689 assumptione

163 706 370 760 carnis
404 704 561 760 unius
590 703 801 758 interna
834 704 1103 760 universae
1132 706 1313 761 carnis
1349 706 1606 762 incoleret
1632 727 1644 763 :
1674 710 1775 763 hu-

163 797 387 851 militas
412 796 526 863 ejus
551 804 733 851 nostra
766 795 1016 851 nobilitas
1043 805 1144 861 est,
1172 800 1497 855 contumelia
1529 800 1646 871 ejus
1675 816 1777 855 no-

162 898 294 943 ster
339 889 514 943 honor
541 898 642 941 est.
688 885 839 953 Quod
874 887 963 941 ille
990 888 1134 943 Deus
1165 889 1218 943 in
1261 904 1426 944 carne
1455 891 1774 956 consistens,

163 981 284 1036 hoc
332 995 432 1036 nos
477 980 715 1035 vicissim
768 980 820 1034 in
874 979 1082 1036 Domini
1124 995 1288 1036 carne
1336 982 1596 1037 renovati.
1642 981 1774 1036 Item

159 1069 424 1141 ejusdem
474 1072 526 1126 in
576 1071 711 1126 libro
755 1084 896 1126 nono
938 1072 1079 1128 inter
1120 1083 1314 1128 caetera
1344 1093 1357 1126 :
1390 1073 1573 1130 Nescit
1616 1074 1777 1145 plane

159 1167 349 1221 vitam
400 1182 574 1229 suam,
619 1164 791 1220 nescit
819 1165 907 1235 qui
939 1164 1211 1221 Christum
1256 1164 1439 1222 Iesum
1488 1176 1545 1221 ut
1588 1182 1774 1222 verum

160 1255 355 1327 Deum
399 1257 471 1311 ita
520 1266 575 1311 et
611 1271 796 1311 verum
846 1256 1118 1312 hominem
1169 1258 1394 1329 ignorat,
1443 1267 1499 1313 et
1535 1258 1776 1326 ejusdem

159 1347 406 1417 periculi
456 1362 542 1402 res
583 1356 666 1402 est
695 1346 967 1401 Christum
1002 1346 1185 1402 Iesum
1217 1348 1298 1403 vel
1327 1349 1573 1419 spiritum
1607 1350 1776 1403 Deum

162 1438 259 1492 vel
289 1452 512 1492 carnem
555 1438 724 1492 nostri
756 1439 1001 1508 corporis
1038 1438 1341 1510 denegare:
1382 1459 1399 1491 ι
1433 1439 1620 1495 Omnis
1647 1455 1778 1510 ergo

158 1530 267 1599 qui
296 1528 647 1586 conﬁtebitur
692 1544 779 1583 me
804 1544 988 1584 coram
1021 1530 1349 1597 honnuibus,
1378 1530 1680 1586 conﬁtebor
1722 1541 1779 1587 et

160 1635 276 1692 ego
301 1637 427 1676 eum
450 1638 632 1677 coram
666 1622 828 1677 Patre
854 1637 994 1690 meo,
1025 1624 1118 1692 qui
1148 1632 1231 1677 est
1259 1624 1312 1678 in
1340 1625 1510 1679 coelis.
1536 1623 1638 1692 Qui
1674 1640 1775 1679 au-

159 1721 283 1768 tem
318 1714 597 1784 negaverit
643 1729 728 1767 me
771 1729 954 1768 coram
989 1714 1318 1780 hominibus,
1350 1715 1554 1785 negabo
1595 1724 1649 1770 et
1676 1730 1778 1787 ego

158 1820 297 1859 eum
341 1819 524 1860 coram
570 1804 732 1860 Patre
773 1820 913 1870 meo,
947 1806 1037 1875 qui
1083 1814 1164 1861 est
1208 1807 1259 1860 in
1285 1806 1440 1860 caulis
1467 1804 1663 1874 (Matth
1718 1820 1773 1870 x,

1877 620 2098 688 poribus
2144 629 2199 676 et
2247 621 2533 691 generibus
2579 622 2996 692 dispensationis
3042 629 3464 692 sacramentum,

1877 721 2126 783 cunrpro
2156 713 2418 783 qualitate
2463 730 2719 785 generum
2749 731 2811 771 ac
2850 725 3191 780 naturarum,
3223 712 3384 769 alium
3410 709 3466 770 ei

1878 803 1932 857 in
1968 813 2306 859 sacramento
2334 805 2568 860 hominis
2594 820 2812 862 necesse
2842 814 2926 862 est
2966 820 3269 861 sermonem
3302 804 3468 860 fuisse

1879 915 1985 953 non
2019 908 2165 965 nato,
2193 899 2356 953 alium
2395 900 2570 954 adhuc
2598 901 2884 966 morituro,
2914 899 3076 953 alium
3097 896 3211 966 jam
3238 904 3465 952 aeterno.

1877 988 2060 1046 Nostri
2102 990 2267 1063 igitur
2300 1007 2465 1047 causa
2510 992 2627 1047 haec
2667 992 2849 1047 omnia
2890 989 3049 1047 Jesus
3074 990 3320 1046 Christus
3347 1002 3468 1042 ma-

1879 1072 2016 1141 nens
2041 1094 2095 1138 et
2121 1085 2365 1156 corporis
2396 1086 2563 1141 nostri
2607 1086 2771 1141 homo
2800 1093 2976 1149 natus,
2999 1082 3294 1139 secundum
3337 1094 3469 1137 con-

1880 1175 2217 1231 suetudinem
2256 1185 2463 1231 naturae
2504 1188 2700 1233 nostra:
2743 1176 2951 1232 locutus
2990 1183 3095 1239 est,
3138 1188 3244 1228 non
3287 1181 3469 1227 tamen

1879 1269 2134 1319 omittens
2182 1274 2389 1320 natura;
2431 1281 2542 1320 suae
2582 1281 2702 1322 esse
2727 1266 2868 1337 quod
2912 1266 3055 1321 Deus
3081 1273 3182 1327 est.
3221 1261 3357 1317 Nam
3389 1271 3472 1315 ta-

1881 1359 2037 1413 metsi
2071 1359 2121 1412 in
2152 1369 2307 1429 partu
2343 1369 2398 1414 et
2433 1361 2682 1429 passione
2707 1370 2763 1415 et
2808 1370 3001 1423 morte,
3036 1367 3245 1414 natum
3271 1364 3471 1413 nostra:

1882 1467 1969 1505 res
1998 1453 2285 1523 peregerit,
2322 1468 2405 1506 res
2437 1462 2612 1508 tamen
2642 1454 2786 1524 ipsas
2814 1467 3002 1508 omnes
3035 1452 3234 1506 virtute
3266 1457 3473 1503 natura

1881 1558 1992 1598 suae
2014 1544 2199 1614 gessit.
2240 1543 2308 1598 Et
2334 1543 2560 1614 reliqua.
2591 1544 2722 1599 ltem
2755 1543 2863 1599 alio
2892 1543 3010 1598 loco
3037 1542 3090 1597 in
3118 1540 3306 1596 eodem
3335 1537 3473 1593 libro

1881 1635 2023 1689 inter
2048 1644 2246 1690 cmtera
2277 1653 2291 1687 :
2326 1633 2488 1691 Vides
2520 1650 2585 1690 nc
2630 1637 2699 1689 ita
2742 1634 2909 1690 Deum
2938 1643 2993 1690 et
3029 1631 3301 1689 hominem
3328 1645 3471 1701 prse-

1880 1727 2048 1782 dicari
2097 1736 2154 1780 ut
2187 1742 2331 1781 mors
2381 1727 2608 1789 homini,
2652 1725 2764 1782 Deo
2789 1742 2914 1780 vero
2951 1723 3133 1780 carnis
3155 1719 3475 1778 exercitatio

1883 1820 2202 1890 deputetur?
2226 1819 2343 1891 Nop
2373 1830 2551 1874 tamen
2579 1827 2636 1873 ut
2656 1819 2793 1873 alius
2813 1820 2882 1873 sit
2902 1817 2992 1888 qui
3020 1825 3265 1871 mortuus
3288 1823 3392 1876 est,
3418 1816 3473 1867 et

157 1892 261 1956 32,
296 1894 413 1957 '53).
451 1913 472 1946 ι
504 1894 618 1950 Hoc
644 1893 877 1950 Verbum
923 1911 1054 1951 caro
1088 1895 1290 1950 factum
1333 1895 1672 1966 loquebatur,
1720 1906 1772 1951 et

1882 1911 2020 1965 alius
2042 1912 2106 1964 sit
2133 1926 2229 1979 per
2249 1926 2409 1980 quem
2433 1919 2679 1964 mortuus
2704 1909 2955 1977 resurgit.
2977 1905 3216 1976 Spoliata
3238 1903 3289 1959 ei
3309 1913 3476 1957 carne

159 1986 341 2043 homo
380 1986 539 2043 Jesus
586 1988 834 2044 Christus
872 1990 1136 2046 Dominus
1183 1990 1481 2061 majestatis
1524 1990 1773 2055 docebat,

160 2078 443 2133 mediator
476 2080 590 2148 ipse
620 2080 673 2134 in
706 2096 763 2135 se
791 2082 856 2136 ad
883 2082 1114 2136 salutem
1144 2082 1397 2137 Ecclesiae
1428 2083 1774 2148 constitutus,

159 2179 224 2224 et
253 2170 375 2239 ipso
406 2170 495 2225 illo
518 2171 659 2226 inter
689 2172 855 2228 Deum
881 2184 935 2228 et
962 2174 1208 2228 homines
1244 2174 1558 2228 mediatoris
1587 2189 1774 2228 sacra-

160 2273 358 2316 mento
387 2272 675 2333 utrumque
716 2279 855 2319 unita
882 2265 1140 2327 existens,
1172 2266 1300 2320 dum
1344 2266 1456 2334 ipse
1497 2281 1563 2320 ex
1607 2266 1777 2321 unitis

158 2354 223 2407 in
254 2354 489 2425 idipsum
516 2365 723 2411 natura:
751 2358 1034 2427 utriusque
1058 2374 1143 2413 res
1166 2360 1354 2413 eadem
1378 2367 1482 2425 est,
1506 2360 1578 2413 ita
1598 2368 1775 2414 tamen

161 2453 229 2499 ut
276 2456 471 2501 neutro
520 2457 733 2504 careret
782 2449 833 2503 in
882 2461 1132 2518 utroque,
1182 2466 1247 2504 ne
1281 2449 1418 2505 forte
1462 2450 1605 2506 Deus
1653 2465 1777 2505 esse

163 2540 338 2596 homo
370 2543 643 2597 nascendo
673 2533 963 2607 desineret,
993 2551 1047 2597 et
1078 2544 1239 2597 homo
1268 2558 1458 2599 rursus
1496 2542 1636 2599 Deus
1664 2558 1777 2598 ma-

163 2632 353 2687 nendo
392 2647 498 2687 non
535 2642 701 2689 esset.
747 2633 873 2689 Haec
916 2634 1102 2703 utique
1132 2634 1382 2688 humanae
1424 2634 1778 2690 beatitudinis

163 2723 306 2779 ﬁdes
335 2738 461 2778 vera
492 2732 573 2780 est
596 2724 763 2778 Deum
793 2735 849 2779 et
878 2725 1153 2779 hominem
1183 2725 1501 2796 prmdicare',
1533 2723 1772 2781 Verbum

162 2822 223 2870 et
264 2828 488 2870 carnem
537 2815 809 2881 conliteri,
858 2831 1036 2886 neque
1064 2815 1234 2871 Demn
1278 2817 1487 2871 nescire
1532 2820 1675 2887 quod
1719 2824 1776 2872 et

166 2905 334 2962 homo
362 2907 455 2972 sit,
498 2921 676 2978 neque
715 2923 935 2964 carnem
968 2908 1217 2979 ignorare
1238 2908 1382 2979 quod
1417 2909 1650 2964 Verbum
1678 2908 1776 2963 sit.

167 3000 300 3057 ltem
345 3000 582 3069 ejusdem
629 3001 684 3055 in
726 3001 915 3056 eodem
960 3001 1098 3057 libro
1140 3003 1283 3057 inter
1318 3010 1515 3057 caetera
1555 3019 1568 3055 :
1605 3000 1775 3057 Natus

168 3090 335 3160 igitur
365 3092 675 3163 unigenitus
706 3093 852 3148 Deus
873 3108 940 3147 ex
963 3091 1187 3163 Virgine
1210 3093 1370 3148 homo
1401 3103 1457 3148 et
1477 3092 1773 3148 secundum

167 3181 561 3252 plenitudinem
594 3191 898 3253 temporum
933 3184 985 3239 in
1016 3184 1309 3254 semetipso
1345 3182 1686 3254 profecturus
1717 3182 1771 3237 in

1882 2001 2047 2071 210
2074 2002 2322 2056 Christus
2354 2011 2436 2055 est
2474 2012 2739 2067 mortuus,
2785 2009 2840 2054 et
2866 2015 3096 2053 trursum
3125 1996 3399 2053 Christum
3437 2006 3475 2048 a

1882 2091 2113 2146 mortuis
2136 2091 2383 2145 excitans
2408 2090 2548 2144 idem
2580 2090 2831 2144 Christus
2857 2098 2941 2144 est
2969 2102 3135 2144 carne
3175 2101 3233 2141 se
3270 2096 3469 2152 exspo-

1880 2181 2110 2250 poliaus.
2135 2179 2392 2233 Naturam
2425 2180 2515 2234 Dei
2548 2181 2599 2233 in
2640 2180 2838 2234 virtute
2865 2175 3279 2233 resurrectionis
3313 2170 3473 2228 intel—

1882 2272 2006 2341 lige,
2037 2272 2495 2340 dispensationem
2528 2270 2762 2325 hominis
2802 2271 2855 2323 in
2896 2276 3067 2325 morte
3093 2279 3374 2338 cognosce.
3401 2260 3475 2318 Et

1879 2377 2003 2417 cum
2045 2363 2153 2417 sint
2190 2372 2419 2430 utraque
2459 2363 2571 2416 suis
2620 2370 2769 2431 gesta
2811 2359 3048 2426 naturis,
3099 2372 3262 2413 unum
3291 2363 3474 2410 tamen

1878 2451 2156 2508 Christum
2187 2451 2370 2505 Jesum
2409 2467 2531 2506 eum
2573 2461 2846 2505 memento
2876 2464 2999 2506 esse
3047 2448 3137 2519 qui
3179 2456 3476 2517 utrumque

1878 2556 1981 2600 est.
2010 2545 2139 2600 Item
2180 2556 2301 2615 post
2349 2560 2518 2615 pauca
2553 2560 2567 2598 :
2610 2545 2736 2599 ΠἘο
2771 2544 2937 2615 igitur
2974 2537 3395 2597 demonstranda
3439 2551 3474 2593 a

1880 2654 1966 2693 me
1997 2639 2180 2709 paucis
2218 2637 2468 2702 fuerunt,
2515 2646 2572 2691 ut
2611 2637 2894 2705 utriusque
2933 2642 3139 2688 naturae
3182 2642 3474 2703 personam

1880 2731 2101 2786 tractari
2125 2732 2177 2786 in
2202 2731 2431 2787 Domino
2458 2729 2584 2785 Jesu
2609 2730 2828 2786 Christo
2856 2727 3315 2791 meminissemus,
3343 2722 3474 2793 quia

1880 2832 2105 2874 manens
2155 2819 2205 2872 iu
2258 2818 2429 2873 forma
2477 2818 2570 2872 Dei
2621 2817 2850 2871 formam
2879 2814 3020 2871 servi
3056 2810 3313 2882 suscepit.
3338 2808 3475 2864 Item

1880 2910 2056 2965 sancti
2090 2909 2373 2965 Athanasii
2416 2908 2797 2964 Alexandrinae
2845 2904 3090 2962 ecclesiae
3126 2899 3366 2973 episcopi
3415 2905 3476 2957 et

1883 3003 2217 3059 confessoris
2248 3005 2316 3058 ad
2348 3003 2649 3072 Epictetum
2676 2998 3082 3057 Corinthiorum
3111 2995 3424 3075 episcopum
3454 3006 3471 3047 :

1880 3093 2161 3161 Quomodo
2187 3104 2366 3148 autem
2395 3092 2478 3147 vel
2506 3092 2754 3147 dubitare
2789 3089 2905 3146 ausi
2943 3096 3071 3145 sunt
3093 3086 3186 3158 qui
3217 3084 3477 3142 dicuntur

1879 3185 2198 3251 CbriStiani,
2229 3187 2272 3241 si
2299 3186 2556 3240 Dominus
2583 3186 2757 3255 quiex
2780 3181 2951 3237 Maria
2973 3178 3181 3252 virgine
3207 3172 3477 3247 processit

167 3277 337 3333 Deum
364 3279 660 3345 hominem,
684 3279 830 3334 hunc
867 3294 966 3349 per
983 3279 1162 3333 omnia
1183 3278 1479 3350 evangelici
1503 3277 1774 3334 sermonis
1800 3262 1846 3325 ο
1878 3278 2021 3334 ﬁlius
2062 3278 2280 3349 quidem
2325 3277 2625 3333 substantia
2671 3283 2726 3330 et
2775 3282 2971 3329 natura
3010 3270 3104 3326 Dei
3150 3276 3276 3335 est,
3324 3264 3471 3337 quod

167 3370 386 3424 modum
431 3369 625 3434 tenuit,
670 3378 729 3424 ut
771 3385 831 3425 se
871 3370 1065 3425 Filium
1099 3370 1192 3424 Dei
1243 3369 1389 3424 credi
1438 3369 1677 3433 doceret,
1719 3376 1777 3423 et

165 3460 406 3516 hominis
436 3459 606 3516 ﬁlium
634 3460 921 3530 praedicari
968 3461 1307 3524 admoneret,
1332 3467 1546 3515 locutus
1584 3466 1641 3513 et
1683 3471 1776 3529 ge-

162 3567 297 3608 rens
331 3562 494 3608 nomo
521 3553 774 3609 universa
803 3568 925 3623 quae
955 3552 1048 3607 Dei
1073 3561 1218 3617 sunt,
1250 3552 1476 3622 loquens
1501 3553 1695 3608 deinde
1720 3559 1777 3608 et

160 3660 365 3717 gerens
394 3646 536 3702 Deus
558 3646 812 3702 universa
842 3662 962 3717 quae
1005 3646 1239 3701 hominis
1276 3655 1423 3701 sunt.
1466 3645 1545 3701 lta
1592 3653 1774 3701 tamen

161 3748 229 3793 ut
258 3738 379 3810 ipso
406 3737 497 3792 illo
524 3739 802 3809 utriusque
828 3737 1042 3809 generis
1068 3752 1318 3793 sermone
1354 3752 1626 3807 nunquam
1670 3738 1773 3793 nisi

163 3846 293 3886 cum
340 3829 735 3903 signiﬁcatione
783 3837 838 3884 et
884 3829 1119 3884 hominis
1169 3828 1381 3884 locutus
1429 3835 1487 3883 et
1535 3827 1629 3884 Dei
1679 3828 1771 3889 sit.

162 3924 303 3984 item
331 3924 439 3980 alio
465 3925 585 3981 loco
613 3925 667 3980 in
690 3925 879 3979 eodem
908 3923 1045 3978 libro
1068 3923 1213 3978 inter
1240 3932 1436 3978 caetera
1467 3940 1479 3975 :
1511 3921 1647 3977 Hinc
1673 3921 1776 3976 ita-

167 4031 279 4091 que
313 4016 529 4074 fallendi
558 4016 831 4086 simplices
853 4026 1018 4085 atque
1045 4016 1361 4087 ignorantes
1390 4014 1661 4070 haereticis
1683 4029 1776 4070 oc-

169 4111 320 4168 casio
348 4118 450 4177 est,
483 4118 543 4165 ut
586 4124 707 4179 quae
747 4108 817 4163 ah
861 4123 926 4164 eo
969 4109 1263 4164 secundum
1310 4107 1584 4163 hominem
1631 4107 1771 4163 dicta

169 4209 318 4267 sunt,
348 4202 488 4257 dicta
536 4216 656 4257 esse
696 4201 995 4256 secundum
1026 4208 1234 4254 naturae
1262 4200 1456 4254 divinae
1486 4200 1773 4253 inﬁrmita-

172 4303 286 4350 tem
318 4293 669 4358 mentiantur,
694 4301 748 4347 et
775 4292 899 4362 quia
924 4307 1065 4349 llllllS
1086 4299 1245 4360 atque
1269 4290 1409 4345 idem
1438 4300 1518 4345 est
1551 4290 1774 4361 loquens

171 4386 354 4442 omnia
384 4400 504 4456 quae
532 4385 770 4456 loquitur
791 4385 857 4439 de
886 4384 1197 4454 semetipso,
1238 4382 1419 4437 omnia
1451 4397 1573 4436 eum
1623 4383 1772 4438 locus

175 4490 287 4534 tum
316 4492 437 4533 esse
463 4476 808 4532 contendant.
840 4475 856 4497 ¹
882 4474 960 4530 Ne
986 4490 1118 4530 sane
1147 4489 1406 4545 negamus
1430 4483 1597 4530 totum
1622 4473 1774 4529 illum

173 4574 268 4645 qui
298 4574 414 4644 ejus
443 4584 627 4629 manet
657 4582 863 4628 naturae
891 4588 1002 4627 suae
1042 4588 1162 4628 esse
1205 4587 1530 4627 sermonem.
1578 4571 1681 4627 Sed
1726 4582 1772 4638 si

173 4665 329 4722 Jesus
353 4665 602 4721 Christus
628 4674 680 4719 et
711 4664 872 4719 homo
902 4673 957 4717 et
984 4665 1148 4728 Deus,
1175 4672 1229 4717 et
1258 4678 1430 4731 neque
1457 4678 1578 4717 cum
1608 4662 1771 4719 homo

177 4765 298 4817 tum,
335 4755 570 4824 primum
604 4755 767 4819 Deus,
800 4769 976 4823 neque
1026 4763 1135 4807 tum
1185 4769 1305 4806 cum
1347 4762 1404 4806 et
1449 4754 1609 4807 homo
1655 4760 1767 4807 tum

174 4865 280 4904 non
306 4849 467 4904 etiam
498 4858 551 4904 et
587 4850 749 4911 Deus,
774 4863 949 4918 neque
979 4856 1101 4917 post
1131 4848 1399 4901 nominem
1433 4845 1485 4899 in
1516 4847 1626 4900 Deo
1662 4859 1770 4900 non

177 4951 318 4998 totus
346 4942 508 4996 homo
552 4949 694 4995 tutus
739 4941 901 5004 Deus,
937 4955 1102 4993 unum
1150 4947 1313 5008 atque
1355 4938 1494 4993 idem
1546 4952 1770 4994 necesse

178 5033 476 5089 ‘dictorum
519 5040 915 5087 sacramentum
957 5030 1074 5099 ejus
1098 5046 1220 5086 esse
1263 5031 1404 5099 quod
1448 5031 1680 5100 generis,
1714 5039 1769 5085 et

174 5136 294 5179 cum
337 5124 389 5177 in
425 5137 490 5177 eo
531 5122 824 5177 secundum
869 5131 1078 5191 tempus
1116 5120 1382 5176 discernis
1426 5120 1697 5175 hominem
1734 5135 1764 5176 a

174 5217 305 5281 Deo,
328 5216 422 5271 Dei
454 5224 563 5270 tum
595 5224 757 5285 atque
787 5215 1021 5269 hominis
1047 5216 1295 5269 disrerne
1323 5230 1647 5271 sermonem.
1699 5214 1766 5271 Et

176 5325 293 5367 cum
327 5310 493 5365 Deum
528 5318 688 5379 atque
730 5309 1003 5363 hominem
1034 5308 1087 5362 in
1121 5316 1363 5377 tempore
1396 5308 1765 5375 conﬁteberis,

178 5401 268 5457 Dei
298 5410 459 5470 atque
506 5400 740 5455 hominis
784 5399 836 5453 in
871 5409 1113 5469 tempore
1156 5400 1296 5455 dicta
1339 5399 1591 5468 dijudica.
1629 5400 1763 5455 Cum

132 5517 136 5520 η
176 5507 302 5550 vero
327 5507 394 5547 ex
424 5492 642 5546 homine
670 5502 724 5546 et
750 5490 859 5546 Deo
890 5507 1105 5546 rursum
1151 5491 1315 5546 totius
1340 5491 1572 5546 hominis
1604 5491 1767 5545 totius

172 5584 280 5656 jam
308 5584 402 5639 Dei
451 5584 706 5654 temporis
751 5584 1024 5655 intelligis,
1058 5584 1102 5638 si
1133 5584 1261 5653 quid
1294 5583 1418 5638 illud
1448 5585 1513 5638 ad
1544 5586 1766 5639 demon-

178 5678 486 5734 strationem
507 5677 624 5747 ejus
648 5677 904 5746 temporis
925 5678 1127 5733 dictum
1154 5686 1239 5732 est
1263 5677 1488 5747 tempori
1514 5685 1763 5746 coaptato

177 5785 288 5840 quae
308 5765 448 5825 dicta
479 5777 623 5833 sunt,
649 5776 710 5822 ut
738 5784 861 5824 cum
884 5769 1025 5824 aliud
1056 5771 1128 5824 sit
1149 5780 1273 5825 ante
1299 5769 1569 5825 hominem
1599 5770 1760 5835 Deus,

177 5860 312 5922 aliud
352 5860 425 5917 sit
469 5861 626 5918 homo
666 5868 722 5917 et
751 5861 913 5929 Deus,
954 5861 1099 5920 aliud
1142 5862 1214 5922 sit
1253 5870 1379 5933 post
1407 5861 1679 5918 hominem
1706 5868 1763 5918 et

1877 3369 2173 3425 secundum
2202 3380 2421 3422 carnem
2472 3381 2540 3421 ex
2595 3363 2802 3420 semine
2850 3361 3020 3418 David
3069 3366 3154 3416 est
3195 3366 3253 3414 et
3303 3371 3474 3415 carne

1878 3472 2078 3529 sancta:
2122 3461 2302 3516 Mariae
2340 3461 2364 3514 ’ἰ
2404 3459 2535 3525 item
2582 3457 2758 3514 sancti
2798 3451 3072 3512 Ambrosii
3126 3447 3366 3520 episcopi
3412 3454 3474 3505 et

1877 3557 2204 3614 confessoris
2248 3554 2665 3611 Medionalensis
2705 3551 2952 3608 ecclesiae
2977 3589 2993 3616 ,
3023 3546 3167 3618 quod
3208 3543 3360 3600 misit
3399 3540 3473 3599 ad

1878 3651 2261 3720 imperatorem
2309 3646 2627 3703 Gratianum
2675 3645 2729 3705 in
2779 3642 2919 3698 libro
2959 3638 3200 3696 secundo
3241 3635 3310 3691 de
3354 3631 3468 3688 ﬁde

1878 3742 2021 3797 inter
2042 3752 2239 3797 eastern
2266 3758 2281 3795 :
2318 3739 2490 3795 Unum
2514 3738 2643 3793 illud
2665 3737 2808 3809 quod
2837 3735 3037 3790 lectum
3066 3738 3151 3788 est
3172 3727 3465 3785 Dominum

1876 3835 2179 3905 majestatis
2204 3833 2522 3889 cruciﬁxum
2547 3846 2707 3897 esse,
2748 3846 2858 3888 non
2900 3826 3057 3900 quasi
3098 3825 3153 3881 in
3185 3820 3471 3893 majestate

1876 3928 2197 3986 cruciﬁxum
2250 3935 2522 3999 putemus.
2581 3924 2687 3983 Sed
2744 3924 2871 3998 quia
2924 3923 3068 3979 idem
3115 3918 3280 3984 Deus,
3322 3914 3468 3976 idem

1877 4024 2083 4094 homo,
2139 4037 2237 4094 per
2288 4021 2624 4077 divinitatem
2678 4018 2853 4085 Deus,
2911 4029 3011 4088 per
3060 4009 3463 4083 susceptionem

1877 4117 2060 4173 carnis
2102 4117 2264 4172 homo
2310 4113 2564 4172 Christus
2618 4111 2776 4170 Jesus
2837 4108 3102 4168 Dominus
3164 4100 3469 4175 majestatis

1877 4207 2077 4263 dicitur
2134 4205 2472 4272 cruciﬁxus,
2527 4205 2654 4275 quia
2725 4215 2952 4258 consors
3020 4197 3305 4266 utriusque
3368 4207 3468 4248 na-

1878 4307 2033 4364 tutae,
2057 4296 2109 4351 id
2131 4305 2238 4362 est,
2255 4296 2505 4351 humanae
2530 4302 2693 4363 atque
2714 4292 2911 4348 divinae
2933 4291 2987 4346 in
3010 4297 3205 4346 natura
3228 4281 3468 4342 hominis

1876 4391 2041 4448 subiit
2076 4390 2404 4462 passionem,
2434 4397 2492 4443 ut
2529 4386 2823 4444 indiscrete
2863 4394 2919 4442 et
2946 4383 3207 4440 Dominus
3258 4377 3465 4448 majes-
3504 4448 3507 4452 ι

1878 4485 2006 4540 tatis
2042 4485 2253 4539 dicatur
2288 4484 2407 4539 e'sse
2447 4481 2539 4554 qui
2580 4496 2774 4553 passus
2806 4487 2910 4544 est,
2940 4485 2995 4536 et
3022 4476 3165 4532 ﬁlius
3206 4470 3464 4534 hominis,

1879 4577 2036 4631 sicuti
2067 4576 2329 4646 scriptum
2359 4583 2463 4638 est,
2493 4574 2583 4645 qui
2607 4570 2887 4629 descendit
2912 4569 2977 4625 de
3007 4566 3166 4623 coelo.
3194 4563 3326 4619 ltem
3355 4559 3464 4618 alio

1878 4666 1997 4723 loco
2041 4668 2093 4722 in
2134 4667 2323 4722 eodem
2374 4665 2512 4721 libro
2566 4665 2708 4720 inter
2756 4670 2996 4719 extera:
3044 4656 3250 4714 Silcant
3294 4654 3463 4727 igitur

1874 4758 2062 4813 inanes
2089 4755 2156 4811 de
2186 4756 2528 4811 sermonibus
2542 4754 2893 4826 quaestiones,
2915 4750 3041 4821 quia
3074 4766 3093 4800 ι
3117 4761 3339 4819 regnum
3363 4740 3461 4801 Dei

1874 4850 2035 4922 (sicut
2059 4849 2319 4918 scriptum
2347 4847 2450 4920 est)
2484 4862 2589 4902 non
2613 4847 2666 4902 in
2690 4844 3042 4916 persuasione
3067 4839 3212 4895 verbi
3235 4846 3341 4901 est,
3363 4830 3460 4891 sed

1869 4944 2182 4999 ostensione
2202 4940 2419 4995 virtutis
2439 4939 2487 5011 (1
2518 4938 2641 4993 Cor.
2671 4953 2749 5003 ιι,
2776 4936 2853 5008 4).
2888 4955 2907 4987 ι
2944 4933 3234 4990 Servemus
3268 4927 3462 4985 distin-

1875 5036 2108 5090 ctionem
2140 5032 2434 5088 divinitatis
2479 5040 2536 5086 et
2563 5030 2742 5086 carnis
2786 5046 2799 5083 :
2840 5042 2977 5082 unus
3019 5026 3071 5080 in
3102 5033 3329 5094 utroque
3372 5019 3457 5076 lo-

1873 5128 2057 5197 quitur
2090 5126 2179 5181 Dei
2214 5125 2402 5189 Filius,
2429 5123 2555 5192 quia
2585 5123 2635 5177 iu
2661 5122 2852 5176 eodem
2881 5127 3110 5190 utraque
3132 5125 3324 5171 natura
3347 5123 3456 5182 est,

1869 5230 1924 5276 et
1951 5220 1994 5274 si
2028 5219 2169 5273 idem
2201 5216 2468 5287 loquitur,
2493 5231 2598 5269 non
2629 5229 2735 5269 uno
2759 5226 2972 5281 semper
2999 5209 3239 5280 loquitur
3272 5205 3457 5264 modo.

1866 5311 2089 5367 Intende
2119 5324 2325 5365 mecum
2353 5310 2497 5362 nunc
2522 5305 2746 5376 gloriam
2762 5304 2878 5369 Dei,
2897 5317 3038 5357 nunc
3063 5299 3298 5356 hominis
3327 5312 3455 5368 pas-

1865 5403 2064 5458 simes.
2099 5400 2261 5468 Quasi
2292 5399 2435 5453 Deus
2476 5396 2715 5467 loquitur
2745 5411 2867 5466 qua:
2907 5406 3033 5451 sunt
3079 5393 3277 5455 divina,
3323 5388 3451 5460 quia

1871 5491 2104 5546 Verbum
2134 5501 2237 5557 est;
2270 5489 2424 5558 quasi
2473 5489 2635 5543 homo
2684 5487 2815 5541 dicit
2864 5501 2983 5555 qua:
3023 5493 3150 5540 sunt
3188 5484 3449 5546 humana,

1866 5584 1991 5654 quia
2024 5584 2076 5637 in
2118 5599 2180 5637 ea
2209 5580 2510 5636 substantia
2556 5580 2894 5650 loquebatur.
2939 5578 3067 5633 ltem
3113 5572 3352 5642 ejusdem
3392 5569 3447 5625 in

1866 5674 2002 5728 labro
2036 5673 2103 5727 de
2140 5672 2512 5726 lucarnatione
2544 5672 2750 5726 Domini
2783 5678 2968 5725 cont-a
3003 5665 3448 5738 Apollinaristas:

1867 5764 1971 5820 Sed
1996 5764 2120 5819 dum
2150 5765 2248 5818 hos
2269 5764 2638 5834 redarguimus
2662 5770 2965 5834 emergunt,
2994 5758 3083 5813 alii
3111 5756 3200 5829 qui
3226 5767 3446 5811 carnem

1868 5856 2079 5914 Domini
2120 5855 2303 5913 dicant
2346 5864 2402 5911 ct
2449 5855 2782 5912 divinitatem
2824 5854 2982 5909 unius
3035 5860 3261 5908 naturae.
3312 5846 3445 5930 Quae
