3832 5364
57 109 145 170 858

1160 124 1648 183 οεοιιΕτΑιιυΜ
1677 127 2070 190 COLLECTIO.

3182 130 3287 213 est

57 230 104 275 et
125 220 256 291 quod
296 221 621 281 offerebatur
666 229 809 283 nulla
859 235 1071 292 macula
1117 238 1439 298 fmdebatur.
1470 238 1606 297 Nam
1632 243 1685 306 Δ
1711 256 1852 310 ram,
1882 258 1982 299 nec
2008 242 2265 300 divinitas
2295 244 2350 299 in
2374 254 2574 304 nostra!
2596 253 2808 303 natura:
2827 258 2984 303 versa
3011 254 3094 303 est
3129 245 3285 301 simi-

57 312 222 368 etsuis
251 315 490 372 manibus
518 322 754 393 suscepit
780 323 1020 383 oblatum
1038 370 1054 395 ,
1077 338 1134 386 et
1157 346 1269 389 sua:
1297 332 1443 389 sedis
1470 332 1602 390 fecit

54 419 157 460 esse
179 405 507 478 participem,
537 420 612 479 et,
663 414 804 484 quod
838 415 955 487 plus
997 432 1103 490 est,
1149 424 1215 478 ad
1247 422 1460 479 Patrem
1488 440 1603 483 sua

54 493 261 587 destetae
295 496 593 587 collocavit.
624 501 1032 576 Cognoscamus
1077 512 1199 582 quis
1243 513 1331 570 ille
1370 524 1457 572 est
1504 516 1601 587 qui

52 586 231 641 audivit
254 606 266 640 ;
292 585 428 646 Sede
444 592 509 648 ad
524 592 801 653 dexteram
819 615 1025 669 meam;
1044 619 1163 674 qua:
1187 616 1377 662 natura
1392 616 1498 672 est,
1510 585 1599 665 cui

51 679 163 769 dixit
182 697 193 733 :
217 679 341 736 Esto
364 699 495 739 meae
511 688 781 760 particeps
803 692 975 759 sedis;
1000 693 1087 749 illa
1102 705 1296 752 natura
1314 713 1435 769 quae
1454 699 1601 755 audi-

46 768 147 823 vit:
176 778 310 826 terra
332 788 392 856 es
429 783 484 830 et
509 771 567 832 in
593 786 796 835 terram
829 782 953 839 ibis.
986 784 1117 842 ltem
1143 768 1384 857 ejusdem
1421 790 1476 845 in
1505 805 1601 846 ea-

46 858 149 953 dem
189 861 413 920 homelia
456 866 601 925 inter
622 881 817 928 caetera
844 891 859 928 :
890 872 1008 942 Quo
1038 892 1290 934 sermone
1316 889 1459 946 utar;
1489 896 1597 953 quo

45 952 186 1010 verbo
222 954 396 1013 dicam
431 962 670 1033 reperire
700 982 805 1021 non
834 983 1077 1038 possum.
1105 970 1307 1029 Natura
1352 952 1556 1045 fragilis
1577 1015 1594 1043 ,

45 1053 211 1103 natura
239 1058 572 1125 contempta,
616 1067 671 1112 et
710 1062 963 1117 omnibus
1010 1074 1311 1121 monstrata
1360 1068 1597 1126 deterior

42 1136 194 1195 omnia
223 1141 368 1209 vicit,
396 1147 580 1205 omnia
607 1153 907 1221 superavit,
938 1158 1190 1213 onmibus
1213 1159 1473 1216 hodierna
1508 1162 1597 1218 die

42 1232 210 1289 meruit
233 1235 498 1295 excelsior
532 1246 773 1314 reperiri.
811 1245 981 1305 Hodie
1020 1252 1194 1325 angeli
1230 1255 1320 1310 diu
1348 1265 1468 1311 vota
1502 1256 1599 1312 de-

40 1326 246 1386 siderata
297 1345 596 1404 ceperunt,
634 1339 795 1393 hodie
838 1344 1182 1416 archangeli,
1233 1349 1377 1419 quod
1424 1348 1596 1407 multo

41 1426 251 1490 tempore
293 1423 606 1495 cupiebant,
656 1427 922 1498 inspicere
974 1436 1292 1504 valuerunt,
1343 1448 1593 1496 naturam

38 1519 245 1566 nostram
273 1511 324 1567 in
352 1516 483 1572 sede
520 1518 799 1576 Dominica
836 1522 1123 1580 immortali
1155 1526 1450 1600 fulgentem
1479 1528 1593 1602 glo-

1704 331 2006 389 litudinem.
2048 353 2068 388 ι
2099 334 2284 391 Sancti
2319 334 2569 409 Gregorii
2594 337 2831 410 episcopi
2858 335 3180 393 Nazianzeni
3230 335 3285 393 in

1705 421 1924 480 homilia
1949 424 2017 482 de
2044 424 2341 497 Epiphania
2374 429 2517 484 inter
2539 438 2737 486 caetera
2786 446 2800 486 :
2830 427 2965 486 Cum
3005 444 3134 503 ergo
3160 441 3285 498 pro-

1703 516 1959 573 cessisset
1983 533 2051 574 ex
2090 517 2318 590 Virgine
2346 519 2489 576 Deus
2525 518 2578 576 in
2606 536 2669 575 ea
2699 536 2861 591 quam
2893 524 3287 590 assumpserat.

1703 602 1940 660 humana
1969 615 2190 672 natura,
2212 623 2378 662 unum
2404 627 2435 664 e
2462 608 2671 666 duobus
2690 608 2791 664 sibi
2815 609 3044 663 invicem
3070 615 3284 675 contra-

1700 694 1799 750 riis
1824 695 2067 751 existens
2093 712 2256 752 carne
2277 707 2331 752 et
2358 697 2575 769 spiritu,
2603 699 2746 755 aliud
2774 700 2825 754 in
2851 698 3016 754 Deum
3048 699 3288 759 assumi-

1699 795 1806 850 tur,
1839 785 1985 842 aliud
2015 785 2236 842 deitatis
2262 789 2490 859 gratiam
2522 799 2763 860 praestat.
2790 790 2920 847 item
2946 788 3125 844 infra:
3158 788 3281 844 Mis-

1697 890 1792 932 sus
1819 884 1904 932 est
1926 878 2144 947 quidem
2172 879 2265 935 sed
2292 889 2350 934 ut
2370 881 2554 946 homo,
2580 881 2775 952 duplex
2800 883 2942 936 enim
2980 890 3099 937 erat
3126 880 3178 938 in
3217 890 3285 939 eo

1700 978 1913 1023 natura.
1960 968 2090 1025 lude
2119 970 2350 1041 denique
2379 980 2433 1026 et
2475 971 2738 1027 laboravit
2773 986 2839 1027 ex
2876 971 3089 1038 itinere,
3138 972 3280 1027 idem

1697 1066 1755 1112 et
1781 1058 1992 1124 esuriit,
2022 1067 2078 1114 et
2105 1059 2296 1127 sitivit,
2332 1071 2386 1116 et
2411 1062 2764 1119 contristatus
2794 1072 2900 1129 est,
2930 1072 2985 1118 et
3014 1061 3162 1119 flevit
3184 1063 3285 1119 hu-

1697 1154 1843 1207 mani
1872 1152 2119 1223 corporis
2159 1154 2296 1226 lege.
2329 1154 2514 1211 Sancti
2548 1153 2732 1211 Basilii
2763 1156 3003 1228 episcopi
3036 1155 3281 1227 Capado-

1698 1243 1815 1299 cis:
1848 1243 1981 1299 Cum
2012 1259 2141 1317 ergo
2168 1246 2413 1316 qumdatn
2447 1245 2499 1301 in
2539 1246 2759 1311 Christo
2808 1247 2883 1302 ita
2912 1245 3154 1302 videmus
3180 1245 3285 1303 hu-

1698 1351 1856 1391 mana
1890 1376 1905 1402 ,
1947 1345 2006 1391 ut
2046 1335 2180 1392 nihil
2231 1352 2263 1392 a
2312 1338 2585 1393 communi
2636 1339 2946 1395 mortalium
2991 1336 3286 1410 fragilitate

1697 1422 1898 1481 distare
1924 1424 2233 1492 videantur,
2272 1426 2520 1498 quaedam
2557 1426 2628 1483 ita
2663 1428 2844 1484 divina
2877 1444 2998 1500 quae
3029 1426 3159 1483 nulli
3188 1426 3282 1485 alii

1697 1516 1801 1573 nisi
1830 1516 1906 1573 illi
1938 1515 2188 1574 ineﬂ‘abili
2218 1528 2426 1574 natura:
2471 1519 2796 1575 conveniant
2824 1520 3066 1585 deitatis,
3104 1521 3279 1577 haeret

38 1601 100 1655 ria
129 1604 500 1679 przeviderutjt.
546 1607 729 1667 Sancti
764 1611 1047 1685 Theophili
1094 1620 1328 1691 episcopi
1358 1600 1594 1677 Mm..-
1621 1600 1671 1664 Β
1698 1609 1917 1665 humani
1948 1608 2252 1665 intellectus
2285 1610 2552 1682 angustia,
2604 1620 2660 1667 et
2703 1620 2865 1667 tanta:
2899 1609 3282 1667 admirationis

36 1694 150 1751 drini
172 1698 231 1751 de
255 1699 482 1769 epistola
515 1704 773 1773 paschali,
803 1723 964 1779 quam
985 1725 1083 1779 per
1108 1710 1401 1784 Egyptum
1426 1715 1595 1772 desti-
1694 1712 1913 1774 δωροῖο
1956 1702 2202 1773 Damni”
2232 1717 2338 1774 (Ιιιο
2387 1702 2640 1771 decumis
2683 1704 2811 1777 Ψπίά
2842 1711 3043 1771 lenem:
3075 1718 3183 1775 quo
3217 1716 3277 1759 3°

37 1785 193 1840 navit:
221 1786 383 1863 cujus
415 1791 497 1847 rei
525 1797 678 1851 testis
705 1805 790 1852 est
817 1796 904 1853 ille
934 1799 1024 1870 qui
1046 1799 1303 1872 loquitur.
1334 1821 1352 1854 ι
1389 1802 1583 1863 Omnes

1692 1804 1904 1861 vertat,
1937 1792 2170 1869 ignorat.
2206 1794 2264 1850 Si
2310 1794 2581 1851 hominem
2622 1803 2796 1867 putet,
2838 1795 3048 1871 devicto
3087 1792 3282 1851 mortis

34 1873 356 1949 declinavere,
380 1882 544 1938 simul
569 1885 787 1945 inutiles
813 1888 943 1945 facti
964 1901 1089 1947 sunt
1112 1890 1285 1965 (Psal.
1312 1911 1433 1961 xm,
1457 1896 1532 1967 5).
1563 1915 1583 1951 ι

33 1968 84 2022 Et
122 1972 376 2043 prophetae
426 1975 629 2034 Christi
678 1981 935 2039 auxilium
984 1985 1376 2054 deprecantes:
1416 2006 1433 2040 ι
1486 1988 1592 2043 Do-

33 2058 173 2127 mine,
206 2061 398 2119 inclina
452 2067 621 2125 ccelos
667 2080 788 2127 tuos
821 2079 876 2127 et
927 2073 1189 2131 descende
1220 2074 1404 2147 (Psal.
1451 2095 1584 2143 xvtt,

35 2153 125 2223 ιθ).
152 2174 168 2208 ι
196 2156 304 2212 Non
348 2166 406 2212 ut
457 2171 689 2218 mutaret
724 2162 840 2222 loca
874 2164 928 2222 in
965 2183 1073 2240 quo
1098 2169 1279 2226 omnia
1309 2181 1455 2238 sunt,
1492 2172 1589 2230 sed

37 2255 84 2299 ut
110 2260 306 2320 propter
337 2252 571 2309 salutem
594 2268 834 2315 nostram
859 2274 1079 2316 carnem
1109 2262 1355 2319 humana:
1378 2264 1585 2338 fragili-

33 2341 136 2395 tatis
160 2353 476 2401 assumeret.
517 2344 683 2403 Paulo
719 2350 963 2422 apostolo
990 2354 1177 2408 eadem
1207 2359 1526 2412 concinente
1564 2374 1582 2413 :

32 2447 47 2478 ι
80 2428 196 2486 Cum
234 2444 379 2492 esset
430 2436 603 2504 dives,
660 2456 759 2511 pro
814 2443 969 2500 nobis
1021 2460 1228 2517 pauper
1278 2446 1451 2507 factus
1499 2456 1586 2505 est

27 2520 97 2591 (11
122 2523 234 2581 Cor.
261 2544 355 2584 vtn
378 2570 393 2597 ,
426 2528 509 2601 9),
543 2551 562 2585 ι
596 2542 654 2588 ιιι
695 2549 794 2592 nos
843 2536 984 2593 illius
1015 2548 1330 2610 paupertate
1380 2541 1585 2596 ditare-

25 2630 146 2681 mur,
173 2619 421 2690 venitque
465 2621 520 2676 iu
543 2631 737 2691 terras,
768 2633 825 2681 et
846 2625 914 2679 de
938 2626 1183 2698 virginali
1216 2638 1395 2695 utero,
1421 2644 1583 2701 quem

23 2708 371 2781 sanetiiicavit,
397 2727 653 2784 egressus
673 2716 855 2781 homo,
884 2717 1381 2789 interpretationem
1409 2724 1584 2777 nomi-

24 2801 93 2856 nis
112 2803 185 2858 sui
212 2804 555 2873 Emmanuel,
586 2807 640 2863 id
662 2819 764 2873 est,
796 2808 1077 2873 nobiscum
1106 2811 1271 2877 Deus,
1300 2813 1583 2883 dispensa-

24 2894 142 2948 tione
173 2897 528 2962 conﬁrmans,
558 2899 754 2955 mirum
778 2900 830 2955 in
853 2902 1070 2957 modum
1101 2904 1268 2974 cmpit
1295 2918 1415 2960 esse
1434 2906 1578 2975 quod

1692 1905 1859 1960 regno
1912 1905 2035 1945 cum
2087 1888 2273 1961 spoliis
2330 1888 2646 1945 redeuntem
2705 1905 2735 1943 a
2802 1887 3033 1945 mortuis
3081 1885 3276 1943 cernit.

1691 1979 1924 2051 Pmpter
1943 1979 2086 2051 quod
2126 1994 2249 2036 cum
2287 1979 2435 2036 omni
2462 1990 2610 2036 metu
2636 1989 2691 2037 et
2712 1979 3018 2036 reverentia
3042 1987 3280 2035 content-

1692 2072 1947 2144 plandum
1975 2082 2078 2137 est,
2109 2080 2169 2127 ut
2195 2074 2249 2129 in
2276 2088 2387 2129 uno
2413 2070 2715 2144 eodemque
2757 2072 2833 2128 ita
2862 2072 3143 2142 utriusque
3178 2085 3279 2127 na-

1692 2171 1827 2220 tura;
1865 2163 2070 2218 veritas
2111 2162 2539 2229 demonstretur,
2578 2173 2637 2220 ut
2673 2179 2849 2234 neque
2886 2162 3093 2234 aliquid
3137 2162 3281 2217 indi-

1687 2270 1851 2329 gnum
1866 2265 1920 2312 et
1935 2256 2191 2313 indecens
2211 2258 2278 2312 de
2297 2257 2477 2312 divina
2504 2256 2590 2311 illa
2616 2266 2670 2313 et
2695 2255 2949 2312 ineﬂ'abili
2976 2256 3277 2311 substantia

1688 2349 1976 2416 sentiatur,
2005 2364 2179 2420 neque
2204 2364 2423 2405 rursum
2446 2362 2567 2425 qua:
2596 2360 2747 2420 gesta
2774 2359 2901 2405 sunt
2923 2346 3078 2404 falsis
3118 2347 3277 2403 illusa

1687 2439 2015 2511 imaginibus
2054 2440 2407 2496 aestimentur.
2442 2432 2627 2496 Sancti
2664 2440 2849 2512 Cyrilli
2878 2439 3115 2510 episcopi
3147 2437 3275 2496 Ale-

1686 2530 1940 2588 xandrini
1972 2551 1985 2587 :
2011 2531 2185 2587 Homo
2212 2531 2525 2589 nominatus
2555 2541 2642 2589 est
2662 2548 2783 2588 cum
2807 2528 2879 2588 sit
2914 2542 3107 2586 natura
3132 2530 3274 2586 Deus

1690 2621 1782 2678 Dei
1799 2622 1975 2679 Patris
1988 2620 2249 2686 Verbum.
2264 2625 2521 2695 quoniam
2534 2622 2783 2679 similiter
2794 2620 2898 2694 21
2909 2622 2953 2693 ι
2974 2630 3029 2677 ιιι
3042 2637 3143 2677 nos
3159 2636 3276 2676 san-

1685 2714 1833 2786 guini
1873 2716 2292 2771 communicavit
2324 2723 2380 2772 et
2409 2713 2560 2771 carni
2590 2731 2605 2770 :
2637 2714 2683 2770 si
2722 2715 2865 2770 enim
2898 2713 2951 2769 in
2988 2714 3151 2769 torris
3180 2728 3274 2784 ap-

1684 2805 1866 2874 paruit
1907 2821 2015 2860 non
2074 2806 2331 2861 amittens
2374 2805 2432 2861 id
2472 2806 2616 2877 quod
2662 2814 2803 2875 erat,
2846 2806 2941 2862 sed
2987 2818 3275 2863 assumens

1686 2896 2039 2952 lnnnanitatis
2063 2904 2312 2952 naturam
2337 2897 2393 2953 in
2424 2913 2521 2953 sua
2546 2898 2758 2952 ratione
2786 2896 3105 2968 perfectam.
3135 2896 3270 2952 ltem

21 3000 105 3040 nos
124 3001 335 3055 sumus,
368 2997 427 3044 et
470 3004 578 3045 non
605 2988 765 3046 desiit
792 3004 914 3047 esse
962 2992 1104 3061 quod
1132 2966 1271 3049 erat.
1306 2992 1399 3050 Sic
1425 2966 1582 3051 assu-
1608 2966 1652 3025 (ἶ
1687 2990 1927 3059 ejusdem
1962 2991 2014 3045 in
2053 2986 2191 3046 libro
2217 2990 2312 3062 qui
2355 2992 2554 3047 dicitur
2585 2988 2737 3047 Colia
2767 2966 2968 3049 :iUnus
2998 2993 3165 3065 igitur
3188 2999 3273 3049 est

20 3091 149 3134 tuens
175 3088 421 3145 naturam
455 3090 719 3147 nostram,
749 3090 810 3136 ut
844 3082 988 3152 quod
1034 3093 1154 3138 erat
1181 3083 1294 3153 ipse
1323 3100 1430 3141 non
1462 3100 1586 3155 per-

18 3172 164 3228 deret.
214 3174 557 3248 Quamquam
600 3177 749 3234 enim
793 3176 1030 3234 Joannes
1076 3179 1301 3248 scribat,
1346 3178 1584 3243 Verbum

16 3280 125 3321 caro
150 3264 361 3339 facturn,
385 3277 495 3337 est,
529 3268 585 3327 id
623 3277 709 3325 est
757 3269 879 3327 aliis
906 3270 1088 3325 verbis
1117 3269 1259 3327 Deus
1302 3270 1469 3329 homo
1494 3269 1580 3327 fa-

15 3365 115 3411 ctus
143 3367 245 3425 est,
268 3358 511 3424 Verbum
542 3370 723 3417 nmen
750 3375 860 3417 non
888 3370 974 3417 est
998 3375 1214 3418 versum
1244 3362 1298 3419 in
1335 3378 1579 3431 carnem,

15 3447 121 3518 quia
146 3466 422 3522 nunquam
454 3450 597 3509 Deus
625 3468 748 3511 esse
786 3453 1040 3511 cessavit.
1071 3454 1152 3511 Ad
1183 3470 1344 3526 quem
1373 3463 1432 3513 et
1460 3455 1599 3528 Spit

16 3540 133 3598 ritus
175 3554 400 3603 sanctus
445 3546 721 3618 loquitur:
757 3565 777 3600 ι
814 3547 893 3605 Tu
941 3556 1122 3605 autem
1170 3549 1311 3609 idem
1360 3550 1477 3623 ipse
1519 3562 1583 3608 es

14 3630 179 3697 (Hebr.
198 3651 238 3701 t,
263 3636 354 3706 t2)
376 3654 391 3691 :
416 3656 438 3689 ι
467 3637 532 3692 Ει
551 3637 624 3695 Pa
633 3647 714 3697 ter
728 3637 800 3696 de
817 3638 956 3697 caelo
971 3648 1326 3708 contestatur,
1346 3650 1401 3699 et
1426 3642 1577 3707 dicit,

17 3724 118 3783 «Tu
143 3742 201 3786 es
235 3730 409 3789 Filius
436 3748 588 3790 metis
614 3733 865 3800 dilectus.
897 3734 952 3791 in
977 3750 1086 3806 quo
1111 3738 1243 3794 mihi
1273 3738 1411 3795 bene
1429 3753 1579 3795 eom-

10 3816 165 3888 placui
193 3821 414 3890 (lauit.
442 3840 543 3891 Ill,
578 3826 694 3898 Π).
731 3844 752 3881 ι
787 3827 859 3885 Ut
896 3837 953 3885 et
978 3830 1142 3886 homo
1186 3830 1360 3888 factus
1388 3842 1577 3889 nostra

9 3912 331 3972 confessione
379 3931 703 3988 permanere
730 3919 908 3986 dicat,
943 3921 1087 3991 quod
1128 3920 1227 3977 fuit
1260 3923 1576 3993 priusquam

8 3999 155 4059 homo
199 4006 375 4072 iteret,
419 4007 585 4065 Paulo
637 4009 921 4067 nobiscum
967 4012 1157 4069 eadem
1203 4015 1571 4085 praedicante:

12 4111 26 4142 ι
56 4091 205 4152 Jesus
232 4097 489 4156 Christus
522 4102 639 4158 beri
663 4110 722 4158 et
750 4102 909 4159 hodie
931 4103 1070 4161 idem
1101 4105 1215 4175 ipse
1245 4114 1302 4162 et
1329 4107 1382 4161 in
1410 4118 1574 4163 teter-

7 4200 117 4241 num
148 4188 332 4258 (Hebr.
382 4208 513 4260 xui,
545 4194 622 4264 8).
664 4212 685 4246 ι
718 4192 777 4249 In
818 4209 886 4252 eo
929 4196 1074 4252 enim
1122 4197 1265 4269 quod
1313 4198 1387 4254 ait
1434 4200 1571 4270 ipse,

1687 3089 1742 3136 et
1762 3091 1888 3135 ante
1918 3081 2350 3137 incarnationem
2393 3081 2535 3137 Deus
2564 3097 2747 3148 verus,
2779 3091 2835 3139 et
2866 3084 2957 3154 qui
2987 3083 3040 3137 in
3075 3082 3273 3138 divini-

1687 3168 1798 3230 tate
1824 3174 2020 3229 mansit
2050 3173 2103 3228 in
2134 3190 2239 3245 qua
2266 3184 2403 3240 erat,
2436 3183 2541 3238 est,
2569 3183 2623 3231 et
2652 3174 2778 3229 erit.
2809 3172 2925 3231 Non
2958 3174 3271 3231 discernen-

1685 3266 1811 3321 dum
1862 3266 2028 3336 igitur
2078 3282 2246 3320 unum
2297 3265 2585 3323 Dominum
2632 3265 2820 3322 Jesum
2866 3264 3145 3322 Christum
3210 3267 3265 3322 in

1684 3359 1958 3415 hominem
1986 3372 2253 3427 seorsum,
2282 3370 2336 3416 ct
2368 3374 2612 3417 seorsutu
2659 3358 2715 3417 in
2745 3359 2937 3427 Deum,
2966 3360 3061 3416 sed
3097 3366 3264 3417 unum

1682 3452 2040 3523 eamdemque
2053 3451 2236 3509 Iesum
2260 3452 2537 3510 Christum
2566 3466 2686 3510 esse
2699 3452 2961 3510 dicimus:
2987 3468 3093 3509 non
3116 3454 3267 3525 igno-

1682 3554 1867 3601 rantes
1903 3543 2232 3601 diﬂerentias
2273 3553 2613 3612 naturarum,
2667 3544 2760 3602 sed
2807 3558 2902 3603 eas
2950 3545 3267 3604 inconfusas

1682 3634 1826 3691 inter
1877 3649 1938 3691 se
1985 3645 2284 3693 servantes.
2330 3634 2464 3692 item
2505 3636 2659 3710 cujus
2706 3652 2915 3709 supra:
2951 3638 3266 3709 Diciturque

1680 3740 1805 3781 nam
1840 3733 2094 3799 tanquam
2124 3726 2269 3785 aliud
2310 3728 2365 3784 in
2410 3727 2518 3785 alio
2550 3729 2816 3797 habitare,
2851 3728 2903 3785 id
2943 3742 3047 3797 est,
3080 3730 3265 3787 divina

1680 3826 1876 3873 natura
1906 3819 1961 3875 in
1995 3820 2334 3876 humanitate
2360 3834 2465 3877 non
2502 3832 2759 3893 perpessa
2798 3823 3183 3879 cornmistione
3208 3830 3267 3877 ttt

1679 3919 1827 3967 esset
1857 3912 2001 3981 quod
2024 3925 2134 3967 non
2159 3922 2297 3967 erat.
2326 3912 2599 3983 Quidquid
2628 3912 2773 3969 enim
2806 3914 2859 3970 in
2887 3913 2997 3971 alio
3016 3914 3271 3970 habitare

1680 4003 1880 4059 dicitur
1907 4018 2017 4057 non
2045 4003 2220 4074 ipsum
2253 4004 2324 4059 sit
2352 4005 2459 4059 tale
2487 4004 2644 4075 quale
2672 4015 2755 4062 est
2787 4002 2842 4063 id
2869 4007 2925 4063 in
2966 4021 3073 4079 quo
3108 4002 3267 4062 habi-

1682 4105 1778 4161 tat,
1812 4097 1906 4151 sed
1937 4096 2081 4150 aliud
2122 4095 2177 4150 in
2222 4095 2327 4151 alio
2372 4098 2542 4168 magis
2571 4097 2908 4170 intelligitur.
2954 4100 3025 4156 At
3055 4114 3184 4155 vero
3212 4099 3268 4157 in

1685 4187 1842 4243 Verbi
1886 4200 2136 4258 persona,
2187 4197 2242 4242 et
2289 4189 2643 4246 humanitatis
2692 4193 2852 4248 nobis
2890 4192 3060 4248 solam
3110 4189 3261 4249 diffe-

5 4280 222 4335 ostendit
248 4296 378 4338 eum
407 4285 690 4355 pristinam
742 4302 849 4341 non
894 4296 1133 4351 mutasse
1172 4299 1443 4356 naturam,
1474 4307 1574 4348 nec
1599 4328 1649 4389 Β
1679 4281 1913 4338 mulam
1953 4281 2200 4367 ἀεδξῧηθῑ
2229 4281 2518 4339 δίνοτδίίθε
2550 4292 2886 4341 πθίυνίιτυηι·
2935 4284 3088 4341 υηυδ
3118 4284 3264 4342 “lim

6 4369 285 4429 divinitatis
310 4388 425 4430 suae
445 4375 783 4433 imminuisse
812 4377 1045 4444 divitias,
1071 4377 1197 4447 quia
1226 4388 1451 4450 propter
1471 4394 1573 4438 nos

6 4474 189 4531 pauper
208 4464 435 4521 eﬂ'ectus
462 4466 675 4537 plenam
717 4466 1124 4525 similitudinem
1155 4480 1356 4527 nostrae
1385 4472 1573 4528 condi-

8 4551 152 4609 tionis
191 4567 584 4628 assumpserat.
618 4558 764 4614 item.
804 4557 1045 4627 eiusdem
1096 4561 1150 4617 in
1200 4562 1303 4619 alia
1343 4564 1569 4634 epistola

8 4644 225 4709 paschali
253 4656 445 4704 contra
472 4649 757 4718 Origenem
782 4653 923 4707 inter
943 4661 1139 4708 caetera
1157 4671 1204 4706 ει
1228 4652 1380 4711 Unus
1404 4654 1573 4712 Filius

6 4728 165 4789 l‘atris
208 4739 388 4795 nostri
419 4741 704 4804 mediator,
742 4758 843 4798 nec
873 4742 1186 4813 qualitatem
1232 4744 1350 4813 ejus
1369 4745 1571 4811 amisit,

8 4838 94 4877 nec
116 4841 146 4880 a
173 4837 362 4885 nostro
382 4832 655 4887 consortio
680 4846 963 4903 separatus
983 4843 1083 4892 est.
1116 4836 1406 4896 invisibilis
1428 4837 1568 4894 Deus

5 4921 51 4967 et
89 4917 308 4976 visibilis
350 4922 550 4988 homo,
591 4922 765 4980 forma
796 4928 937 4983 servi
986 4926 1335 4989 absconditus
1363 4938 1419 4986 et
1462 4928 1571 4989 Do-

6 5006 168 5098 minus
203 5010 391 5083 gloriae
434 5013 768 5073 confessione
797 5021 1132 5078 credentium
1160 5024 1559 5098 comprobatus.

6 5094 171 5170 Neque
192 5104 338 5161 enim
365 5106 599 5176 privavit
624 5122 743 5164 eum
780 5111 957 5172 Pater.
975 5123 1180 5173 naturae
1209 5094 1322 5176 suae
1348 5115 1561 5174 nomine

7 5198 265 5275 postquam
278 5208 377 5264 pro
396 5194 554 5251 nobis
570 5197 723 5257 homo
734 5210 789 5258 et
814 5218 1024 5275 panper
1047 5205 1270 5267 eﬂ'ectus
1280 5218 1489 5275 est,nec
1503 5207 1556 5263 in

7 5271 214 5336 lordaue
231 5282 398 5341 fluvio
417 5286 741 5355 baptizatum
762 5271 939 5353 altero
958 5299 1246 5364 appellavit
1274 5271 1554 5364 vocabulo.

1674 4390 1745 4430 ex
1766 4382 1995 4443 utroque
2017 4370 2342 4446 intelligitur
2365 4375 2635 4432 Christus.
2664 4374 2806 4449 Ergo
2836 4377 2890 4433 in
2920 4376 3260 4447 confusione,

1675 4474 1737 4521 ut
1792 4474 1917 4521 ante
1962 4466 2097 4531 disi,
2141 4479 2358 4523 servata
2412 4468 2754 4525 inhabitasse
2804 4470 2882 4526 ait
2922 4469 3161 4525 Verbum
3209 4470 3265 4526 in

1675 4559 1853 4615 nobis.
1921 4556 2037 4612 Scit
2091 4558 2238 4615 enim
2289 4574 2454 4614 unum
2511 4572 2635 4615 esse
2703 4559 2873 4617 illium
2928 4559 3266 4630 unigenitum

1677 4664 1900 4707 carnem
1956 4647 2161 4704 factum
2214 4662 2271 4709 et
2302 4649 2598 4708 hominem.
2626 4650 2761 4708 item
2809 4651 2966 4725 cujus
3006 4665 3168 4711 supra
3201 4649 3269 4706 ad

1679 4739 2011 4799 Nestorium.

1751 4836 1842 4892 Ait
1868 4831 2030 4904 igitur
2054 4842 2259 4893 sancta
2290 4841 2345 4892 et
2374 4842 2567 4897 magna
2603 4835 2843 4907 synodus
2876 4835 3056 4905 ipsum
3082 4830 3176 4900 qui
3200 4836 3285 4885 est

1672 4944 1750 4988 ex
1787 4932 1896 4987 Deo
1937 4924 2095 4980 Patre
2136 4938 2312 4989 natus
2360 4922 2681 4983 naturaliter
2705 4928 2904 4989 Filium
2950 4922 3288 4993 unigenitum

1672 5019 1853 5081 Deum
1893 5030 2077 5073 verum
2125 5016 2211 5075 de
2259 5029 2368 5082 Deo
2407 5027 2568 5081 vero,
2614 5018 2800 5081 lumen
2831 5026 2897 5081 de
2931 5013 3156 5071 lumine.
3192 5013 3295 5068 Per

1672 5130 1842 5191 quem
1869 5120 1923 5168 et
1948 5122 2067 5163 cum
2094 5121 2227 5177 quo
2261 5108 2439 5176 omnia
2481 5104 2678 5167 fecerit
2712 5115 2872 5176 Pater
2900 5113 3049 5170 hunc
3077 5106 3301 5161 descen-
3344 5128 3347 5131 -

1671 5210 1849 5275 dis”.
1876 5206 2237 5263 illumillum
2273 5214 2415 5267 esse,
2443 5206 2495 5251 el
2520 5197 2801 5266 hominem
2831 5209 3062 5266 factum,
3091 5206 3310 5265 passum

1671 5320 1829 5364 esse.
1854 5294 2255 5361 resurrexisse
2283 5296 2440 5362 tertia
2465 5291 2571 5357 die,
2600 5307 2658 5354 et
2688 5302 3003 5361 ascendisse
3030 5300 3225 5343 rursus
3252 5284 3319 5339 ad
