3968 6504
536 440 645 505 856

1388 431 1680 492 APPEND.
1712 431 1803 518 an
1833 426 2020 485 SIEC.
2050 419 2143 480 ut.
2176 451 2256 497 -,
2286 412 2537 480 tSinotu
2574 418 3020 479 MERCATORIS
3716 411 3796 473 λεδ

537 569 658 626 Νοιι
696 564 843 622 ειιίιιι
891 558 1118 617 dicimus
1166 554 1308 627 quod
1344 527 1447 609 Dei
1495 562 1684 608 natura
1735 562 1997 605 conversa
2042 539 2123 598 vel
2151 544 2200 602 Α
2230 557 2349 596 mus
2377 541 2643 612 accipere,
2676 538 2728 594 in
2755 538 2808 593 id
2836 537 3127 592 incidimus
3154 543 3215 589 ut
3233 535 3380 591 duos
3409 529 3555 589 ﬁlios
3591 546 3700 589 esse
3734 537 3791 591 di-

537 661 822 716 immutata
848 654 996 723 facta
1013 651 1085 707 sit
1105 665 1255 716 caro,
1283 663 1382 703 nec
1404 649 1544 717 quod
1573 646 1624 699 iu
1654 651 1821 701 totum
1852 642 2123 697 hominem

537 749 632 823 qui
674 754 760 804 est
793 760 859 801 ex
897 745 1075 801 anima
1122 751 1179 798 et
1218 753 1443 810 corpore
1491 737 1869 793 transformata
1904 735 1993 796 sit,
2031 731 2126 788 sed

537 841 673 897 illud
701 839 871 909 magis
899 835 1043 908 quod
1077 848 1296 890 carnem
1336 833 1629 886 animatum
1667 828 1846 882 anima
1881 824 2125 880 rationali

539 931 643 988 sibi
688 929 1021 1001 capulaverit
1050 925 1317 988 Verbum,
1355 934 1410 979 et
1453 921 1901 984 substantialiter,
1940 918 2126 974 iuell'a-

536 1022 721 1080 biliter
741 1030 799 1076 et
823 1016 1375 1091 irreprehensibiliter
1404 1014 1576 1069 factus
1606 1014 1677 1067 sit
1702 1017 1881 1077 homo,
1911 1019 1967 1066 et
1994 1026 2129 1064 mm-

539 1122 766 1184 cupatus
816 1112 888 1169 sit
917 1112 1078 1168 etiam
1108 1110 1249 1165 ﬁlius
1286 1108 1538 1172 hominis,
1582 1122 1688 1161 non
1723 1107 1863 1160 nuda
1896 1115 2129 1159 tantum-

538 1209 700 1263 modo
724 1206 1024 1272 voluntate,
1053 1204 1145 1262 sed
1182 1219 1284 1259 nec
1323 1202 1688 1272 assumptione
1716 1201 1828 1256 sola
1860 1215 2124 1270 personae,

539 1302 634 1357 sed
661 1301 805 1371 quod
831 1300 1060 1356 diversa;
1087 1298 1302 1369 quidem
1336 1306 1561 1359 natura},
1587 1297 1638 1350 iu
1668 1312 1830 1349 unum
1863 1309 2131 1349 convene-

539 1394 671 1459 rint,
700 1407 843 1449 unus
880 1403 1061 1447 tamen
1089 1406 1157 1446 ex
1184 1389 1446 1445 ambabus
1471 1387 1719 1444 Christus
1749 1398 1803 1441 et
1831 1387 1989 1449 Iilius,
2022 1401 2126 1438 ιιοιι

538 1496 801 1544 evacuata
830 1496 924 1542 aut
949 1485 1162 1543 sublata
1191 1483 1507 1539 diversitate
1535 1491 1850 1557 naturarum
1878 1495 1975 1549 per
1999 1495 2133 1534 con-

536 1580 898 1650 iunctionem,
920 1578 1017 1634 sed
1041 1579 1171 1649 quia
1196 1574 1355 1632 simul
1387 1575 1438 1629 in
1467 1575 1623 1629 nobis
1643 1572 1936 1627 eli‘ecerunt
1963 1587 2128 1626 unum

540 1677 829 1734 Dominum
858 1685 914 1731 et
943 1674 1217 1731 Christum
1246 1681 1302 1728 et
1329 1671 1518 1736 filium,
1564 1670 1617 1724 id
1656 1680 1739 1725 est
1784 1668 2036 1724 divinitas
2074 1675 2131 1721 et

540 1770 851 1827 humanitas
878 1783 979 1838 per
1010 1781 1267 1823 arcanam
1312 1764 1453 1820 illam
1496 1761 1929 1832 inell'abilemque
1965 1776 2133 1831 copu-

539 1861 758 1919 lationis
785 1861 1187 1916 adunationem.
1219 1859 1404 1928 Itaque
1432 1857 1479 1912 is
1507 1856 1597 1926 qui
1628 1866 1755 1910 ante
1784 1853 1977 1910 saecula
2008 1868 2128 1908 om-

539 1953 631 2010 nia
672 1960 757 2009 est
785 1960 944 2007 natus
970 1966 1038 2006 ex
1065 1951 1247 2013 Patre,
1274 1948 1439 2003 etiam
1470 1962 1537 2001 ex
1566 1945 1793 2001 muliere
1834 1942 2130 2000 carnaliter

541 2045 740 2101 dicitur
762 2052 1095 2114 procreatus.
1124 2040 1242 2097 Non
1268 2041 1393 2111 quia
1422 2038 1604 2095 divina
1634 2036 1802 2109 ipsius
1828 2044 2022 2091 natura
2061 2033 2131 2090 de

538 2153 697 2195 sacra
752 2135 974 2209 Virgine
998 2134 1232 2207 sumpsit
1269 2133 1572 2193 exordium,
1606 2147 1707 2187 nec
1730 2129 1873 2200 quod
1911 2135 2132 2200 propter

544 2231 779 2300 seipsam
815 2244 951 2299 opus
990 2227 1181 2282 habuit
1215 2224 1452 2280 secundo
1492 2221 1643 2278 nasci
1682 2231 1803 2292 post
1842 2219 1986 2274 illam
2038 2234 2133 2272 na-

541 2323 806 2378 tivitatem
835 2336 998 2392 quam
1027 2319 1262 2375 habebat
1289 2333 1355 2373 ex
1384 2315 1566 2372 Patre.
1595 2316 1693 2371 Est
1716 2314 1859 2371 enim
1888 2313 2131 2384 ineptmn

539 2422 596 2469 et
630 2412 852 2468 stultum
889 2411 992 2465 huc
1020 2409 1223 2473 dicere,
1256 2409 1399 2478 quod
1440 2404 1489 2463 is
1526 2407 1617 2477 qui
1657 2412 1782 2461 ante
1819 2402 2002 2459 omnia
2033 2417 2135 2456 ste-

540 2503 661 2560 cula
692 2511 777 2558 est
810 2499 1281 2571 consempiternus
1310 2497 1459 2552 Patri
1490 2496 1741 2553 secunda:
1768 2492 2134 2565 generationis

541 2593 750 2666 eguerit
792 2602 853 2646 ut
898 2605 1019 2647 esse
1046 2589 1329 2659 inciperet.
1380 2588 1486 2643 Sed
1512 2587 1639 2659 quia
1682 2596 1902 2658 propter
1943 2598 2044 2639 nos
2079 2590 2136 2638 et

542 2693 784 2739 nostram
822 2681 1052 2737 salutem
1091 2690 1342 2735 naturam
1364 2677 1491 2735 Filii
1533 2677 1807 2751 copulavit
1840 2678 2134 2732 humanam

539 2785 597 2833 et
636 2776 904 2847 processit
944 2790 1012 2830 ex
1055 2774 1303 2840 muliere,
1336 2773 1542 2830 idcirco
1583 2773 1783 2828 dicitur
1821 2781 1980 2827 natus
2014 2784 2138 2826 esse

541 2868 855 2925 carnaliter.
902 2864 1087 2938 Neque
1115 2860 1261 2922 enim
1297 2866 1450 2943 prius
1482 2873 1641 2921 natus
1674 2873 1760 2920 est
1791 2865 1952 2919 homo
1989 2878 2138 2919 com—

541 2962 724 3017 munis
763 2960 831 3015 de
865 2968 1053 3015 sancta
1082 2956 1328 3031 Virgine,
1360 2965 1414 3015 et
1453 2968 1580 3014 tunc
1621 2957 1838 3013 demum
1874 2956 2138 3012 habitavit

542 3052 598 3107 in
628 3066 692 3107 eo
733 3050 989 3117 Verbum,
1021 3050 1115 3106 sed
1147 3049 1201 3104 in
1229 3049 1346 3120 ipsa
1384 3048 1542 3104 vulva
1587 3060 1852 3119 uteroque
1886 3044 2135 3120 virginali

542 3156 729 3199 secum
767 3157 985 3197 carnem
1031 3140 1311 3211 conjunxit
1345 3150 1402 3198 ει
1445 3142 1705 3198 sustinuit
1760 3142 2136 3212 cognationem

543 3234 837 3300 carnalem,
860 3235 1041 3290 carnis
1070 3250 1181 3291 suae
1210 3235 1550 3293 nativitatem
1580 3250 1734 3292 suam
1764 3233 1991 3290 faciens.
2041 3233 2096 3288 Si

542 3328 691 3385 illum
729 3327 958 3384 dicimus
985 3336 1039 3383 et
1066 3344 1284 3400 passum
1321 3344 1443 3387 esse
1478 3338 1535 3386 et
1577 3330 1973 3393 resurrexisse,
2022 3343 2128 3382 non

541 3421 668 3491 quia
711 3419 856 3477 Deus
898 3420 1130 3477 Verbum
1180 3422 1232 3477 in
1286 3438 1386 3478 sua
1435 3431 1628 3478 natura
1679 3436 1875 3493 passus
1922 3421 2012 3486 sit,
2038 3428 2135 3476 aut

542 3511 818 3567 clavorum
849 3512 1250 3580 transﬁxiones,
1283 3524 1378 3571 aut
1404 3514 1509 3572 alia
1534 3514 1780 3582 vulnera;
1810 3514 1952 3571 Deus
1981 3530 2134 3570 nam-

542 3618 648 3675 que
678 3605 1036 3678 incorporalis
1061 3615 1217 3662 extra
1244 3610 1551 3679 passionem
1579 3619 1683 3676 est,
1715 3610 1809 3665 sed
1839 3612 1967 3681 quia
2006 3627 2129 3666 cor-

546 3711 648 3767 pus
684 3696 816 3752 illud
846 3699 989 3768 quod
1021 3699 1189 3770 ipsius
1225 3702 1502 3772 proprium
1548 3702 1750 3760 factum
1779 3714 1885 3770 est,
1914 3721 2133 3776 passum

542 3797 649 3855 est,
678 3787 798 3845 ideo
829 3791 944 3847 haec
972 3793 1152 3849 omnia
1198 3809 1297 3865 pro
1337 3796 1492 3851 nobis
1531 3796 1645 3867 ipse
1684 3798 1886 3853 dicitur
1919 3813 2132 3868 passus.

542 3876 725 3935 Inerat
753 3881 897 3937 enim
929 3883 985 3938 in
1016 3898 1082 3940 eo
1110 3869 1338 3955 corpore
1367 3888 1509 3957 quod
1540 3888 1850 3958 patiebatur
1875 3890 2019 3945 Deus
2040 3890 2134 3961 qui

543 3970 653 4042 pati
698 3987 804 4026 non
847 3982 1077 4044 poterat.
1112 3975 1290 4032 Simili
1319 3978 1479 4033 modo
1507 3991 1562 4034 et
1591 3991 1819 4035 mortem
1864 3982 2032 4053 ipsius
2059 3984 2136 4038 in-

545 4061 855 4134 telligimus.
884 4063 1194 4123 immortale
1220 4068 1365 4123 enim
1403 4077 1460 4125 et
1496 4069 1907 4141 incorruptibile
1931 4083 2015 4129 est
2041 4089 2139 4128 na-

548 4152 797 4209 turaliter
827 4166 882 4209 et
911 4157 1020 4211 vita
1047 4166 1104 4211 et
1132 4156 1414 4213 vivilicans
1456 4160 1550 4216 Dei
1583 4160 1837 4217 Verbum.
1872 4161 1977 4218 Sed
2009 4163 2135 4232 quia

547 4259 748 4316 corpus
779 4247 949 4316 ipsius
971 4250 1247 4320 proprium
1274 4252 1448 4323 gratia
1477 4251 1570 4308 Dei
1592 4252 1745 4323 juxta
1772 4253 1922 4310 Pauli
1947 4270 2137 4312 vocem

549 4352 570 4387 ι
607 4349 705 4405 pro
730 4336 981 4393 omnibus
1009 4348 1238 4396 mortem
1270 4344 1514 4413 gustavit
1554 4344 1750 4416 (Hebr.
1785 4361 1847 4413 ιι,
1874 4345 1954 4417 9),
1993 4366 2013 4401 ι
2051 4348 2135 4403 id-

543 4426 694 4483 circo
725 4429 840 4499 ipse
863 4430 1060 4487 dicitur
1087 4443 1320 4490 mortem
1342 4452 1533 4507 passus
1556 4452 1677 4494 esse
1701 4454 1799 4509 pro
1824 4440 2003 4507 nobis,
2031 4456 2137 4497 non

544 4522 686 4591 quod
711 4522 765 4578 iu
795 4538 855 4579 se
876 4537 1105 4581 inertem
1133 4539 1277 4584 esset
1297 4540 1552 4599 expertus
1578 4542 1840 4600 quantum
1860 4534 1933 4605 ad
1966 4532 2138 4603 ipsius

545 4620 794 4709 naturam
836 4615 1089 4709 pertinet.
1121 4617 1335 4674 insania
1371 4629 1453 4676 est
1493 4622 1636 4677 enim
1677 4622 1779 4678 hoc
1808 4622 1892 4679 vel
1931 4624 2136 4680 sentire
2162 4630 2215 4691 υ

544 4705 631 4760 vel
663 4706 862 4763 dicere.
898 4706 1005 4764 Sed
1032 4713 1176 4782 quod
1210 4720 1293 4783 (ut
1325 4729 1487 4785 supra
1519 4716 1778 4790 diximus)
1807 4732 1938 4773 caro
1965 4718 2135 4789 ipsius

548 4812 776 4858 mortem
803 4806 1061 4874 gustavit.
1093 4808 1171 4860 Ita
1192 4818 1246 4863 et
1273 4819 1588 4881 resurgente
1610 4813 1790 4867 carnis
1814 4812 1983 4883 ipsius
2014 4820 2136 4869 rur-

546 4908 639 4948 sus
680 4898 1130 4954 resurrectionem
1163 4901 1416 4969 diximus,
1445 4920 1548 4959 nou
1583 4905 1707 4975 quia
1744 4906 1797 4962 in
1828 4909 2135 4978 corruptio-

545 5001 669 5040 nem
714 4990 971 5045 ccciderit
1020 4994 1161 5062 quod
1207 4995 1365 5056 absit.
1411 4997 1503 5053 sed
1558 5000 1681 5069 quia
1740 4999 1856 5068 ejus
1898 5003 2138 5058 surrexit

546 5094 765 5149 corpus.
795 5081 867 5135 Ita
895 5083 1172 5140 Christum
1198 5096 1254 5142 et
1279 5088 1565 5144 Dominum
1594 5107 1759 5146 unum
1790 5090 2134 5160 conﬁtemur,

547 5182 655 5222 non
696 5180 949 5241 tanquam
991 5174 1265 5231 hominem
1296 5193 1418 5232 cum
1454 5179 1630 5235 Verbo
1656 5182 2038 5248 coadorantes,
2072 5198 2141 5238 ne

548 5262 829 5321 divisionis
873 5272 1165 5337 quamdam
1217 5273 1426 5340 species
1474 5273 1779 5340 inducatur,
1828 5277 1923 5330 sed
1972 5292 2137 5332 unum

542 5357 656 5429 jam
688 5368 744 5415 et
779 5363 1025 5417 eumdem
1057 5366 1369 5428 adorantes.
1399 5369 1526 5438 quia
1569 5384 1675 5424 non
1715 5379 1798 5425 est
1836 5369 2071 5426 alienum
2108 5386 2139 5425 ιι

551 5449 731 5508 Verbo
777 5471 973 5525 corpus
1023 5475 1213 5522 suum,
1248 5476 1369 5515 cum
1423 5476 1532 5531 quo
1582 5463 1681 5531 ipsi
1725 5464 1890 5519 etiam
1941 5464 2146 5521 assidet

550 5540 717 5598 Patri.
755 5545 863 5602 Nec
897 5547 999 5602 hoc
1045 5551 1116 5604 ita
1154 5551 1384 5607 dicimus
1416 5554 1567 5622 quasi
1602 5555 1810 5610 duobus
1847 5555 1971 5611 [iliis
2004 5557 2143 5613 assi-

552 5635 826 5704 dentibus,
858 5641 951 5695 sed
997 5657 1104 5696 uno
1146 5660 1270 5698 cum
1311 5662 1475 5700 caruc
1507 5663 1605 5715 pro
1642 5650 1924 5705 unitatem.
1958 5650 2057 5717 Qui
2098 5652 2143 5708 si

557 5728 717 5783 talem
766 5733 1162 5802 copulatiouem
1224 5738 1418 5792 factam
1474 5757 1571 5810 per
1629 5743 2005 5804 substantiam,
2051 5751 2148 5798 aut

558 5825 713 5899 quasi
741 5828 1076 5899 passibilem,
1103 5840 1199 5888 aut
1221 5832 1375 5904 quasi
1404 5850 1596 5904 parum
1628 5838 1883 5895 decoram
1908 5836 2148 5894 nolueri-

2230 647 2436 687 camus.
2471 629 2701 686 Necesse
2726 636 2809 683 est
2838 629 2981 684 enim
3012 629 3330 684 discernere
3360 635 3422 681 et
3452 626 3635 681 dicere
3658 626 3794 681 benti.

2230 739 2351 777 nem
2383 723 2675 793 separatim
2704 719 2873 775 fuisse
2899 718 3010 774 sola
3050 718 3172 774 Filii
3204 733 3453 791 persona
3489 679 3813 783 honoratum!

2230 823 2286 868 et
2337 828 2546 867 rursum
2595 810 2831 867 Verbum
2879 812 3020 881 quod
3053 819 3225 866 estex
3257 809 3382 865 Deo
3432 817 3491 863 et
3534 808 3734 863 nomine
3762 819 3800 863 et

2230 907 2456 961 veritate
2493 905 2686 959 Filium
2736 905 2861 969 Dei,
2899 905 2991 959 sed
3035 905 3356 959 discernere
3413 903 3469 958 in
3523 902 3651 958 duos
3694 902 3802 961 ﬁlios

2234 1015 2336 1053 nou
2401 999 2660 1053 debemus
2712 1012 2877 1052 unum
2941 996 3224 1052 Dominum
3279 994 3486 1051 Jesum
3544 992 3801 1049 Christum.

2233 1090 2418 1158 Neque
2445 1092 2589 1145 enim
2640 1089 2692 1144 id
2725 1089 2943 1157 adjuvat
2983 1099 3184 1145 rectam
3223 1087 3352 1143 ﬁdei
3393 1087 3679 1153 rationem,
3705 1085 3802 1143 licet

2234 1184 2472 1239 nonnulli
2514 1183 2696 1238 nescio
2727 1198 2890 1251 quam
2927 1182 3243 1252 perhibeant
3281 1180 3622 1236 divisionem
3654 1193 3801 1248 perso-
3896 1204 3897 1252 ξ

2234 1293 2449 1332 narum.
2485 1275 2600 1331 Non
2633 1278 2769 1332 dixit
2800 1277 2945 1332 enim
2987 1274 3267 1346 Scriptura
3306 1272 3560 1329 Verbum
3597 1271 3798 1344 Deiper-

2232 1384 2419 1425 sonam
2449 1370 2685 1424 hominis
2711 1369 2812 1424 sibi
2846 1368 3223 1438 assumpsisse,
3258 1366 3361 1422 sed
3387 1381 3616 1422 carnem
3642 1365 3801 1422 factum

2232 1474 2373 1516 esse.
2408 1460 2463 1514 ld
2494 1470 2673 1515 autem
2715 1469 2799 1515 est
2835 1460 3121 1526 ostendere
3163 1459 3256 1514 Dei
3304 1458 3562 1515 Verbum
3598 1456 3803 1515 similiter

2231 1551 2299 1605 ad
2322 1566 2420 1604 nos
2446 1552 2918 1621 participationem
2948 1550 3205 1607 habuisse
3233 1549 3429 1606 carnis
3459 1560 3519 1605 et
3546 1550 3799 1621 sanguinis,

2231 1651 2287 1696 et
2328 1657 2526 1713 corpus
2572 1653 2817 1698 nostrum
2860 1644 3079 1713 proprie
3113 1659 3270 1699 suum
3323 1643 3555 1709 fecisse,
3583 1653 3635 1698 et
3666 1642 3801 1699 homi-

2233 1747 2355 1787 nem
2399 1747 2465 1788 ex
2497 1733 2726 1790 muliere
2758 1736 3129 1806 processisse,
3178 1752 3285 1792 non
3338 1735 3561 1806 abjecta
3605 1751 3694 1792 nec
3726 1737 3797 1792 de-
3896 1706 3897 1737 ξ

2232 1824 2405 1892 posita
2436 1823 2641 1881 deitate
2678 1836 2771 1880 aut
2808 1827 3162 1897 generatione
3192 1827 3280 1882 illa
3306 1843 3486 1899 quam
3517 1827 3729 1883 habebat
3750 1843 3796 1885 ex

2233 2005 2518 2060 Dominum
2561 2006 2705 2077 quod
2739 2017 2878 2062 erat.
2922 2006 3038 2064 Hoc
3084 2008 3285 2079 ubique
3334 2018 3512 2065 rectae
3540 2008 3658 2064 ﬁdei
3696 2009 3797 2064 ratio

2229 2105 2586 2168 protestatur,
2619 2098 2671 2152 in
2701 2097 2790 2152 tali
2821 2114 2982 2155 sensu
3015 2108 3233 2156 sanctos
3264 2099 3471 2155 Patres
3502 2098 3660 2155 fuisse
3680 2113 3794 2154 cout-

2230 2191 2490 2261 perimus.
2524 2192 2647 2246 ldeo
2676 2190 2752 2247 illi
2782 2206 2887 2247 non
2918 2192 3238 2248 dubitavere
3270 2199 3532 2249 sanctam
3570 2188 3796 2262 Virginem
3896 2194 3897 2262 ι

2232 2280 2416 2337 dicere
2446 2273 2758 2349 theotocon,
2804 2297 2909 2338 non
2939 2281 3084 2353 quod
3120 2281 3285 2339 Verbi
3331 2290 3542 2337 natura
3564 2280 3795 2350 deitasquo

2232 2373 2286 2428 in
2331 2381 2519 2428 sancta
2567 2370 2781 2444 Virgine
2824 2373 3052 2444 sumpsit
3097 2374 3420 2439 exordium,
3453 2374 3549 2428 sed
3594 2371 3715 2442 quod
3745 2385 3793 2424 ex

2232 2480 2298 2521 ea
2329 2475 2515 2520 natum
2557 2466 2628 2521 sit
2658 2482 2873 2522 sacrum
2904 2466 3034 2522 illud
3068 2482 3264 2539 corpus
3297 2468 3630 2531 animatum,
3652 2465 3790 2520 anima

2237 2555 2515 2622 rationali,
2545 2556 2632 2612 cui
2664 2557 3099 2612 substantialiter
3126 2558 3432 2613 adunatum
3477 2557 3572 2613 Dei
3607 2554 3791 2611 Verbum

2235 2647 2531 2705 carnaliter
2558 2658 2747 2703 natum
2772 2663 2894 2704 esse
2925 2648 3144 2704 dicitur.

2234 2736 2367 2794 LIV.
2398 2768 2469 2779 —
2493 2736 3051 2811 Epistolaidecrelalig
3091 2737 3275 2811 Leonis
3312 2755 3478 2811 papae
3516 2739 3586 2793 ad
3613 2738 3790 2791 Anule-

2516 2811 2655 2864 sium
2679 2810 2977 2880 episcopum
3008 2809 3554 2865 Tltessaloniceitsem.

2307 2904 2522 2972 Quanta
2569 2900 2899 2958 fraternitati
2939 2912 3054 2957 tuae
3088 2901 3485 2960 a'beatissimo
3516 2909 3659 2972 patre
3687 2910 3785 2969 apo-

2237 2995 2376 3051 stolo
2408 2995 2519 3050 sint
2550 2995 2865 3059 commissa,
2897 3003 2954 3048 et
2984 2994 3167 3065 qualia
3197 2996 3364 3051 etiam
3411 3003 3598 3051 nostro
3622 2990 3702 3047 tibi
3725 2988 3786 3043 ιτς

2236 3101 2368 3142 vore
2411 3087 2521 3140 siut
2561 3086 2803 3151 credita,
2846 3086 2891 3140 si
2933 3101 3061 3141 vera
3113 3085 3325 3143 ratione
3369 3085 3716 3158 perspiceres,
3745 3082 3785 3135 et

2233 3177 2383 3248 justo
2431 3179 2684 3234 examine
2734 3178 3100 3249 ponderares,
3152 3178 3386 3234 multum
3444 3187 3703 3249 possemus
3737 3170 3785 3226 do

2102 3249 2132 3287 θ
2158 3262 2208 3326 C
2240 3268 2482 3340 iujuncta
2524 3269 2618 3325 tibi
2668 3268 3050 3326 sollicitudinis
3091 3268 3384 3325 devOtione
3418 3259 3781 3340 gauderemu-

2235 3364 2380 3418 niam
2419 3363 2562 3418 sicut
2597 3376 2955 3433 praecessores
2989 3361 3095 3416 mei
3131 3358 3562 3431 praecessoribus
3602 3350 3783 3416 tuis,ita

2235 3458 2402 3513 etiam
2455 3470 2557 3528 ego
2611 3455 2886 3511 dilectioni
2940 3464 3045 3510 tua
3088 3454 3332 3524 priorum
3385 3460 3604 3517 secutus
3640 3458 3780 3500 exem-

2236 3549 2406 3619 plum,
2434 3549 2580 3604 vices
2625 3548 2732 3603 mei
2780 3547 3166 3602 moderaminis
3211 3545 3497 3616 delegavi,
3540 3549 3598 3597 ut
3636 3547 3778 3594 curam

2236 3654 2399 3709 quam
2430 3638 2698 3694 universis
2739 3636 2986 3693 ecclesiis
3014 3636 3396 3707 principaliter
3429 3650 3499 3692 ex
3526 3629 3687 3687 divina
3715 3626 3775 3680 in-

2237 3732 2519 3789 stitutione
2545 3732 2826 3795 debemus.
2849 3732 3092 3786 imitator
3136 3739 3340 3786 nostra:
3384 3716 3777 3784 mansuetudinis

2238 3823 2547 3894 adjuvares,
2577 3831 2634 3879 et
2667 3821 2976 3894 longinquis
3007 3823 3076 3878 ab
3107 3820 3411 3893 apostolica
3450 3817 3572 3876 sede
3609 3809 3779 3885 provin-

2244 3915 2346 3972 ciis
2401 3915 2747 3987 praesentiam
2797 3913 3196 3986 quodammodo
3254 3924 3462 3971 “051m
3514 3899 3778 3965 visitationis

2242 4006 2602 4077 impenderes;
2622 4007 2749 4076 quia
2770 4006 2837 4061 de
2855 4005 3151 4062 continenti
3171 4013 3549 4077 oportunoqne
3568 3996 3773 4070 profectu.

2240 4108 2547 4169 promptum
2571 4097 2668 4152 tibi
2692 4104 2837 4153 esset
2862 4111 3158 4168 agnoscere
3178 4096 3310 4168 quid
3334 4095 3498 4151 vel’in
3530 4089 3698 4160 quibus
3717 4094 3776 4136 re-

2240 4189 2344 4248 bus
2376 4189 2459 4246 vel
2488 4190 2672 4246 studio
2702 4205 3060 4262 componeres
3090 4190 3174 4246 vel
3216 4198 3409 4246 nostro
3431 4185 3621 4258 judicio
3641 4190 3771 4236 reice

2240 4300 2422 4342 vares.
2451 4284 2584 4341 Nam
2614 4300 2739 4342 cum
2769 4286 2974 4356 majora
3010 4286 3229 4357 negotia
3262 4294 3317 4341 et
3358 4279 3662 4340 diliiciliores
3681 4283 3772 4326 catl-

2249 4391 2434 4433 sarum
2467 4378 2649 4434 exitus
2688 4377 2918 4434 liberum
2948 4375 3042 4433 tibi
3071 4385 3216 4434 esset
3247 4374 3351 4432 sub
3386 4382 3575 4432 nostra:
3602 4371 3770 4422 senten-

2244 4468 2332 4524 tiae
2356 4470 2764 4539 exspectatione
2790 4469 3144 4540 suspendere,
3177 4483 3278 4525 nec
3306 4468 3448 4523 ratio
3471 4476 3564 4518 nec
3591 4448 3770 4514 ηεσεεεί·

2245 4571 2329 4618 tas
2363 4561 2463 4618 fuit
2502 4564 2555 4618 in
2602 4562 2653 4617 id
2694 4564 2839 4634 quod
2883 4576 3194 4618 mensuram
3235 4571 3382 4617 tuam
3425 4553 3679 4614 excederet
3706 4542 3771 4597 dc-

2503 4653 2798 4709 Ahundaut
2860 4652 3008 4709 enim
3062 4652 3203 4722 apud
3260 4660 3315 4707 te
3380 4642 3767 4707 monimentorum

2237 4745 2435 4816 scripta
2473 4753 2803 4809 nostrorum.
2836 4745 3033 4814 quibus
3077 4753 3131 4800 te
3171 4744 3239 4799 de
3277 4742 3512 4798 omnium
3550 4732 3766 4788 actionum

2247 4837 2604 4906 temperantia
2654 4836 2970 4906 frequenter
3016 4836 3403 4900 instruximus,
3452 4841 3507 4886 ut
3553 4831 3764 4918 comitum:
3803 4900 3815 4918 ι

2244 4930 2399 4985 datas
2443 4929 2537 4986 tibi
2583 4930 2843 4986 ecclesias
2868 4944 2965 4999 per
2989 4929 3424 4984 exhortationem
3451 4911 3696 4979 charitatis
3712 4900 3762 4999 ad

2241 5023 2616 5079 salubritatem
2663 4994 2971 5079 obedientia
3017 5032 3359 5091 provocares.
3392 5018 3520 5086 Quia
3563 5004 3647 5088 ets}
3682 4994 3761 5070 Ρ¹θ⁶

2243 5129 2470 5183 rumque
2507 5113 2750 5169 existunt
2796 5113 2939 5168 inter
2984 5111 3323 5184 negligentes
3360 5110 3440 5167 vel
3475 5101 3657 5162 desides
3683 5091 3761 5188 lrft-

2243 5215 2387 5270 tres,
2439 5220 2560 5275 quae
2600 5212 2847 5274 oporteat
2888 5205 3093 5275 maiore
3139 5205 3454 5259 austeritate
3497 5188 3670 5252 curari.
3696 5189 3755 5275 ἐκ

2259 5304 2440 5351 tamen
2483 5304 2563 5351 est
2600 5294 2905 5361 adhibenda
2930 5295 3220 5362 correctio,
3253 5303 3312 5350 ut
3356 5302 3550 5362 semper
3572 5282 3630 5338 sit
3647 5271 3755 5362 sal"

2247 5387 2487 5444 dilectio.
2531 5384 2687 5442 Unde
2712 5358 2763 5441 et
2792 5385 2984 5441 beatus
3018 5358 3295 5456 apostolus
3324 5358 3508 5440 Paulus
3538 5373 3595 5430 ad
3627 5358 3751 5456 ccc]?

2247 5478 2523 5534 siasticnm
2562 5479 2799 5549 regimen
2831 5450 3175 5533 Timotheum
3207 5479 3449 5534 imbuens
3471 5469 3617 5528 dicit:
3644 5450 3751 5556 «δι’

2248 5587 2455 5628 morem
2486 5588 2553 5627 ne
2583 5572 2976 5644 increpavoris,
3008 5573 3099 5628 sed
3137 5573 3362 5627 obsecra
3394 5580 3447 5625 ut
3481 5568 3666 5637 patrem,
3682 5559 3746 5644 1":

2248 5677 2411 5718 venes
2461 5671 2520 5717 ut
2572 5662 2800 5727 fratres,
2856 5679 2993 5720 anus
3041 5671 3099 5719 ut
3148 5664 3383 5731 matres‘,
3417 5646 3676 5731 juveurulat
3705 5638 3745 5689 ιιι

2250 5769 2466 5809 sorores
2516 5755 2570 5809 in
2612 5755 2757 5811 omni
2805 5755 3060 5812 castitate
3103 5755 3155 5827 (1
3185 5755 3321 5811 Tim.
3365 5730 3575 5821 v.7l,9)-
3605 5758 3620 5790 '
3644 5730 3743 5827 ,0⁸³

2252 5845 2554 5903 moderatio
2579 5846 2625 5904 si
2649 5846 3065 5917 quibuscunque
3105 5825 3455 5906 interioribus
3474 5825 3739 5898 metu!»Mx

2162 1901 2206 1962 Β
2233 1911 2429 1977 Patre,
2471 1914 2566 1969 sed
2614 1915 2882 1971 mansisse
2932 1916 3099 1971 etiam
3143 1916 3196 1970 in
3247 1916 3630 1987 assumptione
3660 1918 3796 1973 carnis
3896 1926 3897 1929 ‘
