3968 6446
140 294 249 352 857

1317 291 1807 351 DECRETALIUM
1842 294 2227 352 COLLECTIO

3309 297 3438 365 858¹

138 383 443 482 apostolica
489 405 828 463 .nstitutione
871 406 1118 473 debetur,
1148 414 1351 478 quanto
1392 408 1562 477 magis
1613 404 1726 460 fra-
1759 415 1801 470 Α
1829 407 2072 463 consulta
2098 406 2440 463 rescriberet.
2468 406 2596 472 Sed,
2631 418 2684 462 ut
2711 407 2883 469 video,
2916 407 3053 464 bene
3081 409 3148 465 de
3176 412 3417 468 moribus

137 501 320 558 tribus
343 511 399 556 et
431 498 768 570 coepiscopis
800 499 920 553 sine
959 496 1253 553 oll‘ensioue
1291 497 1560 552 reddenda
1606 496 1726 550 est?

140 578 215 649 Ι.Ῐί
261 592 392 649 licet
433 606 817 660 nonnunquam
867 590 1142 655 accidant,
1178 606 1299 660 qnze
1326 590 1379 644 in
1417 589 1729 644 sacerdota-

128 684 282 744 libus
305 685 418 740 sint
446 682 887 754 reprehendenda
935 681 1201 751 personis,
1235 681 1353 752 plus
1389 691 1566 736 tamen
1594 696 1722 753 erga

128 777 459 850 corrigenda
511 791 570 831 se
618 784 742 847 agat
789 774 1159 830 benevolentia
1213 789 1373 843 quam
1425 773 1719 838 severitas,

121 867 258 940 plus
286 865 592 923 cohortatio
619 879 780 935 quam
810 856 1123 926 commotio,
1152 861 1271 932 plus
1292 862 1530 917 charitas
1559 877 1720 931 quam

119 968 399 1032 potestas.
435 958 541 1014 Sed
588 956 670 1020 hi,
721 957 810 1025 qui
838 971 959 1026 quae
1000 970 1094 1010 sua
1144 965 1269 1009 sunt
1302 965 1573 1025 quaerunt,
1615 971 1719 1009 non

117 1066 254 1122 qua:
279 1048 408 1105 Jesu
439 1047 676 1112 Christi,
721 1045 880 1102 facile
921 1048 987 1101 ab
1030 1046 1129 1102 hac
1160 1045 1277 1118 lege
1316 1047 1716 1113 discernuntur;

114 1151 183 1200 et
207 1142 341 1197 dum
368 1140 558 1197 donari
591 1141 762 1211 magis
801 1155 962 1209 quam
996 1139 1277 1194 consulere
1317 1140 1549 1193 subditis
1580 1154 1722 1209 qua:-

113 1240 279 1298 runt,
299 1230 477 1304 placet
504 1232 694 1293 better,
722 1231 870 1286 inllat
889 1231 1253 1301 superbia,et,
1278 1230 1418 1301 quod
1445 1230 1718 1300 provisum

105 1334 209 1382 est
231 1325 300 1381 ad
325 1323 666 1380 concordiam
698 1324 870 1380 tendit
906 1325 972 1378 ad
1004 1339 1221 1379 noxam.
1246 1323 1398 1391 Quod
1422 1332 1475 1376 ut
1500 1337 1721 1378 necesse

106 1417 426 1474 habeamus
477 1416 551 1471 ita
600 1414 781 1470 dicere
830 1430 935 1469 non
988 1415 1054 1469 de
1106 1430 1271 1484 parvo
1320 1414 1485 1468 animi
1536 1413 1720 1469 dolore

103 1506 388 1580 procedit.
426 1506 684 1577 bleipsum
713 1506 857 1560 enim
888 1506 1285 1575 quodammodo
1319 1507 1370 1559 iu
1406 1504 1562 1575 culpa
1586 1520 1720 1559 sen-

107 1601 218 1664 tio,
246 1614 371 1655 cum
403 1606 454 1653 te
484 1611 516 1651 a
550 1597 761 1652 traditis
790 1597 884 1651 tibi
910 1595 1114 1668 regulis
1143 1596 1195 1650 in
1229 1596 1441 1650 modico
1471 1596 1718 1650 deviasse

102 1709 407 1766 cognosco.
442 1692 543 1760 Qui
596 1692 640 1747 si
692 1700 795 1746 tuae
838 1692 1217 1746 aestimationis
1261 1706 1451 1761 parum
1490 1690 1717 1757 diligens

1827 499 1963 554 meis
2001 499 2319 565 aestimasti,
2368 509 2423 554 et
2464 515 2627 570 quam
2677 499 2850 553 civilia
2904 515 3002 571 pro
3049 505 3413 567 conservanda

1824 590 2143 646 sacerdotali
2177 592 2470 646 concordia
2508 606 2865 662 responsurus
2903 607 3100 657 essem,
3133 593 3418 651 verissime

1824 681 2139 752 praavidisti,
2167 690 2222 736 et
2246 682 2364 736 ideo
2387 691 2565 737 motus
2592 691 2712 738 tuos
2747 677 2970 753 exsequi
3013 685 3132 740 sine
3161 685 3417 744 dilatione

1824 773 2149 843 properasti,
2179 788 2247 828 ne
2270 788 2391 828 cum
2418 773 2806 829 moderationis
2829 783 3028 830 nostrae
3057 774 3202 830 aliud
3228 776 3409 848 dispo-

1825 865 2003 919 nentis
2046 864 2246 934 scripta
2291 864 2637 934 sumpsisses,
2676 864 2902 920 faciendi
2945 865 2998 920 id
3041 866 3183 936 quod
3211 865 3413 924 factum

1822 963 1907 1009 est
1957 955 2228 1010 licentiam
2283 970 2388 1010 non
2442 956 2689 1012 haberes.
2740 956 2822 1010 An
2869 955 3007 1012 forte
3056 957 3271 1027 aliquod
3316 959 3414 1016 tibi

1822 1045 2034 1102 facinus
2078 1047 2264 1101 fratris
2305 1046 2635 1113 innotuerat,
2675 1055 2733 1101 et
2778 1047 3253 1118 metropolitanum
3295 1049 3413 1119 epi-

1822 1150 2047 1207 scopum
2079 1137 2202 1190 novi
2226 1136 2367 1207 apud
2393 1145 2442 1191 te
2466 1137 2711 1192 criminis
2732 1138 2945 1209 pondus
2969 1139 3229 1211 urgebat?
3258 1139 3413 1213 Quod

1821 1229 2037 1300 quidem
2069 1228 2303 1284 alienum
2335 1230 2403 1285 ab
2432 1228 2522 1284 illo
2546 1230 2710 1284 etiam
2751 1239 2806 1284 ttt
2854 1229 2987 1284 nihil
3026 1230 3076 1285 ei
3108 1229 3413 1305 obiiciendo

1820 1320 2132 1375 confirmas.
2166 1320 2271 1376 Sed
2302 1320 2517 1376 etiamsi
2540 1322 2670 1392 quid
2697 1320 3089 1377 intolerandum
3130 1324 3409 1393 gessisset,

1822 1422 2005 1466 nostra
2052 1420 2171 1466 erat
2226 1414 2588 1483 exspectanda
2640 1428 2901 1480 censura,
2943 1422 3004 1468 ut
3055 1414 3188 1469 nihil
3260 1417 3412 1486 prius

1820 1504 1936 1575 ipse
1966 1507 2288 1560 decerneres
2314 1520 2476 1575 quam
2515 1506 2644 1577 quid
2689 1506 2844 1562 nobis
2879 1507 3117 1578 placeret
3146 1523 3409 1579 agnosce-

1820 1610 1927 1651 res.
1961 1594 2119 1652 Vices
2143 1596 2287 1651 enim
2319 1606 2537 1653 nostras
2565 1597 2639 1652 ita
2673 1606 2775 1653 tute
2798 1599 3126 1655 credidimus
3154 1599 3410 1658 eharitati

1818 1695 1880 1741 ut
1915 1688 1967 1742 in
2008 1695 2223 1757 partem
2260 1687 2338 1742 sis
2361 1697 2588 1744 vocatus
2616 1688 3017 1756 sollicitudinis,
3045 1706 3151 1745 non
3179 1690 3412 1762 plenitu-

97 1802 263 1851 eras,
287 1799 421 1841 mea:
439 1785 632 1840 saltem
660 1782 816 1839 fama:
844 1798 1068 1853 parcere
1095 1783 1357 1838 debuisti:
1392 1800 1458 1839 ne
1480 1800 1598 1854 qua:
1626 1794 1717 1841 tuo
1748 1780 1795 1840 Β
1821 1778 2001 1833 dinem
2035 1781 2334 1850 potestatis.
2367 1781 2521 1838 Unde
2561 1783 2703 1839 sicut
2735 1772 2963 1839 multum
2998 1799 3097 1840 nos
3126 1799 3190 1839 ea
3224 1800 3344 1857 quae
3376 1801 3408 1841 a

102 1886 332 1936 tantum
349 1876 492 1933 facta
517 1887 641 1932 sunt
667 1877 849 1932 animo
865 1886 1051 1932 nostro
1075 1876 1390 1931 viderentur
1406 1887 1555 1946 gesta
1570 1876 1712 1945 judi-

96 1972 222 2029 cio.
252 1969 476 2042 Relegat
516 1968 832 2024 fraternitas
863 1979 954 2023 tua
981 1969 1203 2039 paginas
1231 1979 1464 2032 nostras,
1496 1970 1707 2023 omnia-

97 2077 222 2134 que
248 2063 319 2117 ad
348 2071 468 2117 tuos
497 2061 659 2116 missa
693 2059 924 2129 majores
962 2060 1272 2130 apostolica:
1308 2060 1462 2116 Sedis
1507 2076 1713 2132 praesu-

95 2154 192 2213 les
216 2156 425 2226 scripta
457 2155 730 2218 decurrat,
754 2163 808 2209 et
838 2153 920 2210 vel
949 2169 979 2208 a
1010 2168 1095 2210 me
1119 2154 1203 2210 vel
1234 2169 1262 2207 a
1293 2152 1709 2223 pt‘tecessoribtts

94 2248 250 2305 meis
296 2247 535 2303 inveniat
573 2246 878 2302 ordinatum
937 2247 1080 2317 quod
1129 2261 1160 2300 a
1204 2255 1257 2301 te
1325 2246 1549 2315 cognovi
1587 2260 1708 2302 esse

92 2349 514 2413 praesumptum.
550 2338 709 2393 Venit
745 2352 977 2408 namque
1020 2339 1086 2393 ad
1135 2353 1233 2394 nos
1275 2354 1396 2393 cum
1438 2339 1707 2409 episcopis

89 2430 399 2504 provincia:
439 2445 552 2486 sua:
586 2428 757 2485 frater
799 2440 985 2484 noster
1022 2429 1236 2484 Atticus
1279 2430 1479 2485 veteris
1516 2429 1703 2500 Ephiri

90 2518 558 2591 metropolitanus
608 2519 867 2580 antistes.
912 2526 969 2574 et
1015 2520 1083 2574 de
1132 2519 1504 2591 indignissima
1547 2520 1705 2573 astri-

91 2613 290 2669 ctione
310 2628 473 2684 quam
532 2612 749 2684 pertulit
781 2612 1113 2683 lacrymabili
1142 2614 1354 2668 actione
1377 2621 1704 2683 conquestus

91 2713 189 2758 est
224 2717 411 2759 coram
448 2702 748 2759 astantibus
779 2704 1095 2761 diaconibtts
1137 2716 1273 2767 tuts,
1321 2706 1410 2776 qui
1466 2705 1702 2776 querelis

91 2790 377 2849 ﬂebilibus
405 2793 538 2849 nihil
568 2802 758 2850 contra
807 2794 1093 2852 referendo
1117 2812 1181 2851 ea
1213 2811 1334 2867 qua:
1371 2798 1523 2851 nobis
1556 2798 1702 2869 inge-

92 2884 366 2941 rebantur
409 2884 514 2953 fide
559 2900 666 2941 non
708 2901 899 2943 carere
950 2890 1343 2943 monstrabant.
1400 2887 1701 2953 Legebatur

90 2989 319 3046 quoque
355 2974 410 3030 in
441 2975 637 3032 litteris
668 2977 790 3041 tuis,
821 2993 959 3048 quas
994 2979 1135 3034 idem
1179 2980 1392 3035 diaconi
1428 2981 1696 3049 detulere,

91 3066 249 3136 quod
293 3064 463 3122 frater
488 3066 699 3123 Atticus
729 3068 1174 3126 Thessalonicam
1221 3075 1492 3137 venisset,
1529 3058 1701 3142 quod-

1817 1879 1873 1924 te
1920 1870 2006 1941 pie
2050 1881 2174 1926 sunt
2223 1882 2411 1927 curata
2464 1872 2768 1938 laetificant,
2816 1875 2889 1930 ita
2934 1874 3159 1931 nimium
3189 1890 3252 1931 ea
3286 1891 3407 1947 quae

1814 1976 2099 2031 perperam
2130 1973 2256 2018 sunt
2277 1974 2429 2036 gesta
2455 1965 2798 2022 contristant.
2828 1966 2897 2021 Et
2923 1981 3146 2023 necesse
3173 1977 3258 2024 est
3284 1976 3408 2038 post

1814 2055 2109 2110 multarum
2139 2061 2513 2127 experimenta
2541 2072 2829 2112 causarum
2862 2056 3146 2115 sollicitius
3169 2044 3405 2130 prospici

1813 2154 1870 2201 et
1924 2145 2231 2217 diligentius
2294 2148 2621 2219 praecaveri,
2679 2160 2947 2219 quatenus
3003 2165 3102 2220 per
3157 2149 3405 2220 spiritum

1814 2236 2097 2293 cbaritatis
2132 2248 2188 2294 et
2226 2239 2377 2309 pacis
2419 2239 2598 2294 omnis
2641 2239 2869 2294 materia
2914 2238 3291 2295 scandalorum
3339 2239 3407 2295 de

1813 2328 2059 2383 ecclesiis
2087 2330 2301 2384 Domini
2330 2337 2487 2400 (quas
2517 2329 2612 2385 tibi
2638 2330 3159 2403 commendavimus)
3190 2329 3408 2387 aufera-

1812 2426 1921 2481 tur,
1959 2419 2345 2488 praeeminente
2372 2420 2590 2489 quidem
2638 2419 2691 2473 in
2723 2420 2831 2475 illis
2867 2420 3162 2491 provinciis
3195 2419 3405 2491 episco-

1811 2520 1968 2582 patus
1999 2512 2071 2564 tui
2116 2509 2349 2581 fastigio.
2390 2513 2485 2567 sed
2522 2519 2802 2583 amputato
2828 2514 2992 2567 totius
3029 2512 3399 2582 usurpationis

1809 2616 2057 2656 excessu.
2084 2602 2249 2672 Igitur
2270 2602 2566 2657 secundum
2591 2612 2903 2658 sanctorum
2926 2602 3148 2657 Patrum
3166 2617 3403 2660 canones

1808 2694 2058 2764 spiritum
2082 2695 2175 2749 Dei
2202 2697 2447 2749 conditos
2474 2707 2528 2749 et
2553 2695 2719 2749 totius
2739 2693 2924 2749 mundi
2947 2695 3249 2751 reverentia
3272 2710 3401 2752 con-

1808 2795 2087 2852 secratos,
2130 2785 2573 2857 metropolitanos
2626 2784 2957 2857 singularum
2996 2786 3399 2856 provinciarum

1806 2877 2113 2946 episcopos,
2144 2877 2337 2945 quibus
2376 2890 2440 2930 ex
2492 2875 2830 2948 delegatione
2862 2875 3025 2947 212
3066 2884 3249 2930 nostra
3287 2875 3403 2931 fra-

1808 2968 2080 3022 ternitatis
2105 2983 2238 3023 cura
2268 2968 2641 3038 praetenditur,
2664 2955 2756 3038 jus
2786 2969 2999 3022 tradita:
3027 2968 3129 3023 sibi
3164 2969 3399 3040 antiqui-

1806 3072 1894 3118 tus
1935 3062 2215 3133 dignitatis
2257 3064 2640 3119 intemeratum
2673 3062 2876 3119 habere
2906 3062 3275 3130 decernimus,
3322 3063 3397 3119 ita

92 3170 207 3228 que
254 3172 577 3214 consensum
624 3174 781 3213 suum
828 3163 991 3214 etiam
1040 3163 1324 3232 scripturae
1365 3162 1698 3233 professione

1807 3164 1862 3209 ut
1901 3170 1933 3209 a
1976 3155 2176 3226 regulis
2221 3158 2541 3227 praestitutis
2587 3155 2733 3211 nulla
2780 3163 2875 3210 aut
2923 3154 3270 3227 negligentia,
3301 3165 3420 3212 aut~

90 3253 388 3323 signasset,
411 3262 472 3306 ut
495 3252 561 3307 de
586 3251 678 3307 illo
701 3267 808 3308 non
835 3252 978 3307 aliud
1026 3268 1057 3308 a
1084 3256 1241 3310 nobis
1264 3254 1485 3327 intelligi
1514 3266 1698 3326 posset

90 3356 262 3411 quam
292 3341 496 3413 proprii
524 3343 734 3398 arbitrii
764 3354 820 3398 et
846 3354 1158 3413 spontanea:
1199 3347 1503 3403 devotionis
1528 3347 1695 3404 fuisse

89 3432 243 3505 quod
267 3443 743 3507 venerat,.quoque
768 3437 1070 3493 chartulam
1098 3439 1164 3494 de
1192 3439 1513 3495 obedientiae
1539 3456 1696 3511 spon-

89 3526 253 3605 sione
281 3528 699 3599 conscripserat.
733 3529 791 3584 lu
831 3529 987 3599 cujus
1023 3540 1203 3587 tamen
1245 3532 1505 3588 chartulae
1544 3548 1695 3589 men-

92 3622 249 3677 tione
273 3621 488 3692 signum
515 3623 847 3692 prodebatur
872 3623 1100 3692 injuriae.
1130 3624 1245 3680 Non
1274 3626 1417 3681 enim
1446 3642 1696 3682 necessa-

90 3713 241 3769 rium
276 3711 457 3769 fuerat
486 3721 545 3769 ut
577 3714 910 3783 obligaretur
949 3717 1172 3786 scripto,
1207 3708 1295 3788 qui
1328 3719 1693 3775 obedientiam

89 3818 254 3862 suam
285 3804 402 3876 ipso
428 3805 540 3877 jam
571 3806 862 3862 voluntarii
893 3807 1159 3864 adventus
1188 3810 1455 3879 probabat
1492 3811 1690 3870 oflicio.

92 3893 257 3952 Unde
277 3894 736 3967 deploratiouibus
757 3898 1101 3967 supradictis,
1127 3898 1242 3955 haec
1265 3901 1428 3957 verba
1454 3902 1695 3973 epistola:

93 3997 209 4044 tum
252 3989 621 4044 testimonium
650 3990 958 4059 prmtulere.
994 3991 1061 4047 Et
1103 4006 1202 4063 per
1246 3993 1351 4049 hoc
1391 3997 1534 4066 quod
1584 4012 1693 4066 non

89 4089 181 4137 est
218 4080 440 4136 tacitum
487 4084 743 4138 nudatum
789 4093 872 4140 est
914 4084 1041 4140 illud
1082 4088 1227 4157 quod
1265 4064 1481 4145 silentio
1518 4064 1695 4147 fuerat

90 4175 449 4244 adopertam,
520 4174 815 4229 adhibitam
884 4176 1093 4231 scilicet
1163 4178 1355 4249 lllyriei
1408 4183 1696 4252 praefectu-

91 4279 217 4319 ram
264 4276 321 4317 et
360 4262 801 4319 sublimissimam
854 4266 994 4321 inter
1038 4269 1339 4324 mundanus
1375 4273 1559 4343 apices
1596 4287 1693 4344 po-

93 4362 390 4411 testantem
418 4356 470 4409 in
503 4354 889 4411 exhibitiouem
930 4358 1160 4414 insontis
1197 4360 1456 4419 antistitis
1492 4363 1686 4420 incita-

92 4456 229 4512 tam,
263 4456 333 4501 ut,
365 4447 528 4503 missa
559 4455 907 4504 exsecutione
953 4451 1176 4506 terribili
1216 4470 1335 4524 qua:
1370 4456 1550 4511 omnia
1581 4457 1684 4513 sibi

1797 3252 2222 3323 praesumptione
2251 3251 2550 3307 discedant.

1867 3345 1925 3400 ln
1948 3346 2276 3410 civitatibus,
2298 3360 2524 3414 quarum
2571 3352 2809 3400 rectores
2829 3343 3086 3409 obierint,
3104 3343 3169 3400 de
3191 3344 3396 3400 substi-

1796 3438 2013 3494 tuendis
2033 3438 2300 3507 epist-opis
2320 3438 2435 3493 haec
2457 3437 2628 3492 forma
2649 3444 2919 3502 servetur,
2944 3444 3005 3491 ut
3021 3436 3110 3507 qui
3132 3436 3390 3491 ordinan-

1797 3531 1899 3588 dus
1920 3539 2025 3595 est,
2062 3532 2225 3586 etiam
2247 3531 2293 3586 si
2315 3529 2469 3585 bona:
2488 3530 2613 3585 vitae
2635 3529 2833 3584 habeat
2853 3527 3246 3593 testimonium,
3282 3543 3391 3585 non

1796 3622 1971 3678 laicus
1993 3662 2007 3686 ,
2049 3636 2155 3677 non
2186 3622 2512 3694 neophytus,
2546 3636 2646 3676 nec
2670 3620 2921 3676 secundae
2952 3616 3198 3690 conjugis
3225 3620 3391 3675 mari-

1798 3722 1910 3780 tus,
1948 3722 2039 3768 aut
2059 3713 2151 3783 qui
2183 3728 2345 3767 unam
2375 3714 2593 3784 quidem
2625 3713 2842 3776 habeat,
2870 3711 2953 3766 vel
2980 3710 3251 3772 habuerit,
3282 3710 3384 3767 sed

1796 3819 1958 3876 quam
1989 3804 2090 3860 sibi
2124 3803 2338 3859 viduam
2367 3803 2652 3874 copularit.
2693 3803 3048 3859 Sacerdotum
3078 3802 3224 3863 enim
3276 3810 3385 3857 tam

1797 3896 2065 3954 excellens
2094 3905 2177 3953 est
2223 3896 2418 3952 eiectio
2458 3908 2519 3953 ut
2563 3897 2679 3953 haec
2722 3912 2842 3967 qua:
2891 3897 2946 3952 in
2977 3896 3101 3952 aliis
3129 3896 3386 3953 Ecclesia:

1796 3992 2056 4048 membris
2086 4008 2192 4047 non
2216 4003 2482 4047 vocantur
2510 3992 2562 4046 iu
2593 3991 2830 4062 culpam,
2864 3991 2917 4046 in
2948 3990 3052 4045 illis
3080 3998 3259 4046 tamen
3288 3990 3386 4046 ha-

1796 4084 2025 4140 beantur
2054 4066 2257 4139 illicita.
2289 4083 2423 4138 Nam
2454 4100 2576 4139 cum
2607 4093 2759 4139 extra
2785 4082 3106 4138 clericorum
3133 4083 3383 4139 ordinem

1795 4176 2107 4232 constitutis
2139 4175 2450 4245 nuptiarum
2503 4174 2751 4230 societati
2781 4182 2837 4229 et
2859 4173 3228 4244 procreationi
3253 4173 3389 4228 libe-

1795 4284 1980 4325 rorum
2030 4268 2249 4324 studere
2300 4268 2371 4323 sit
2399 4267 2660 4333 liberum,
2714 4267 2780 4321 ad
2810 4265 3172 4322 exhibendam
3204 4275 3385 4323 tamen

1793 4357 2050 4431 perfectae
2099 4358 2448 4415 continentiae
2478 4358 2792 4427 puritatem,
2844 4372 2944 4412 nec
2968 4357 3385 4414 subdiaconibus

1794 4450 2013 4508 carnale
2054 4451 2382 4506 connubium
2432 4448 2766 4514 conceditur,
2819 4458 2880 4504 ut
2927 4450 3017 4519 qui
3047 4450 3249 4505 habent
3276 4450 3385 4505 sint

88 4535 268 4591 cilicia
300 4539 516 4608 publica
551 4540 619 4594 ad
643 4537 894 4594 ell’ectum
939 4545 1314 4612 praeceptionis
1347 4544 1683 4618 adjungeret,
1714 4538 1766 4598 D
1793 4553 2050 4615 tanquam
2080 4557 2186 4597 non
2220 4541 2479 4598 habentes
2502 4582 2517 4609 ,
2575 4550 2630 4596 et
2657 4542 2748 4612 qui
2780 4556 2884 4596 non
2914 4541 3132 4608 habent,
3161 4557 3379 4612 perma-

90 4642 121 4681 a
159 4628 332 4683 sacris
359 4629 602 4684 ecclesia:
635 4632 833 4687 abditis
863 4632 1007 4686 nullo
1046 4634 1125 4687 vel
1170 4634 1304 4689 falso
1342 4638 1685 4695 insimulatus

89 4718 322 4773 crimine
370 4721 747 4774 extraheretur
789 4725 1075 4786 sacerdos,
1108 4726 1193 4777 cui
1242 4742 1349 4779 non
1393 4727 1462 4781 ob
1511 4730 1681 4784 mole-

89 4814 257 4866 stiam
277 4811 615 4883 aegritudinis
639 4814 905 4869 obstantis
931 4816 1122 4870 hiemis
1144 4820 1401 4872 darentur
1431 4820 1679 4883 inducite,

90 4904 189 4959 sed
245 4903 350 4957 iter
405 4902 651 4972 aspidut‘u
698 4911 753 4958 et
804 4906 1056 4974 periculis
1107 4907 1322 4976 plenum
1364 4924 1459 4977 per
1507 4910 1680 4965 invias

88 5003 281 5050 cautes
331 5008 495 5065 agere
554 5006 788 5066 cogeret.
842 4996 979 5065 Quid
1025 5003 1157 5053 tanti
1202 4999 1403 5057 laboris
1435 5002 1680 5073 tantique

89 5086 423 5143 discriminis
461 5085 585 5152 fuit,
616 5098 675 5144 ut
714 5106 776 5145 ex
819 5090 904 5146 bis
945 5092 1037 5162 qui
1083 5093 1391 5164 episcOpum
1436 5096 1677 5151 comitati

90 5180 220 5232 sudt
264 5177 483 5247 quidam
538 5178 803 5236 defecisse
853 5183 1121 5239 dicantur.
1176 5183 1399 5240 Multum
1453 5197 1675 5257 stupeo,

91 5271 266 5326 frater
297 5271 633 5340 eltarissime,
663 5275 757 5331 sed
797 5285 852 5331 et
892 5276 1181 5348 plurimum
1229 5278 1404 5346 doleo,
1434 5282 1579 5351 quod
1619 5282 1674 5338 in

92 5380 217 5422 eum
257 5366 324 5423 de
353 5380 460 5436 quo
490 5366 623 5423 nihil
668 5368 897 5440 amplius
944 5370 1282 5428 indicaveras
1323 5389 1487 5445 quam
1532 5376 1676 5445 quod

94 5467 351 5516 evocatus
380 5459 570 5516 adesse
593 5460 857 5530 dill‘erret,
885 5473 936 5519 et
961 5466 1364 5524 excusationem
1394 5467 1685 5525 inﬁrmita-

94 5550 167 5607 tis
223 5549 567 5620 obtenderet,
618 5562 728 5610 tam
775 5556 1030 5612 atrociter
1067 5567 1123 5616 et
1176 5567 1284 5614 tam
1332 5561 1683 5618 vehementer

1793 4645 1959 4691 neant
1986 4636 2303 4705 singulares.
2334 4633 2485 4701 Quod
2516 4634 2561 4689 si
2589 4634 2643 4689 in
2668 4635 2770 4689 hoc
2796 4634 3006 4699 ordine,
3030 4635 3123 4705 qui
3152 4644 3378 4705 quartus

1795 4743 1824 4782 a
1861 4727 2039 4797 capite
2070 4736 2178 4791 est,
2209 4726 2429 4797 dignum
2461 4734 2546 4781 est
2568 4725 2856 4786 custodiri,
2885 4734 3090 4793 quanto
3118 4727 3288 4795 magis
3322 4727 3377 4782 iu

1789 4818 1988 4887 primo,
2019 4825 2109 4870 aut
2131 4817 2385 4880 secundo,
2410 4815 2496 4868 vel
2523 4815 2680 4871 tertio
2710 4815 3032 4870 servandum
3055 4824 3157 4878 est,
3193 4832 3260 4872 ne
3284 4825 3378 4870 aut

1787 4906 2031 4964 Levitico
2081 4907 2414 4969 ministerio,
2465 4915 2558 4960 aut
2600 4904 2954 4977 presbyterali
2997 4907 3230 4969 honore,
3284 4918 3377 4963 aut

1786 4997 2075 5071 episcopali
2115 4997 2432 5053 excellentia
2469 4998 2753 5067 quisquam
2783 4997 3009 5052 idoneus
3051 4998 3368 5063 aestimetur,

1782 5093 1873 5163 qui
1897 5107 1957 5148 se
1979 5108 2008 5145 a
2039 5091 2311 5161 voluptate
2338 5091 2527 5145 uxoria
2550 5090 2779 5146 necdum
2806 5088 3053 5145 frenasse
3080 5090 3369 5162 detegitur.

1852 5185 1985 5241 Cum
2032 5198 2160 5253 ergo
2188 5185 2254 5240 de
2300 5186 2494 5238 summi
2541 5198 2694 5237 sacer
2716 5183 2837 5237 lotis
2863 5182 3130 5238 electione
3159 5189 3365 5237 tracta-

1781 5278 1949 5344 bitur,
1979 5277 2069 5334 ille
2093 5278 2342 5333 omnibus
2371 5290 2739 5347 praeponatur,
2788 5289 2949 5346 quem
2980 5274 3145 5330 cleris
3174 5274 3372 5346 plebis-

1781 5362 1887 5444 que
1915 5385 2211 5428 consensus
2234 5369 2577 5425 concorditer
2601 5367 2973 5437 postulaverit.
3030 5366 3109 5422 lta
3138 5374 3200 5421 ut
3243 5366 3289 5421 si
3316 5366 3368 5421 in

1783 5467 1946 5523 aliam
1976 5466 2117 5524 forte
2158 5479 2443 5536 personam
2482 5465 2718 5535 partium
2768 5478 2827 5520 se
2872 5471 2999 5519 vota
3047 5462 3365 5527 diviserint,

1782 5558 2181 5630 metropolitani
2207 5554 2412 5626 judicio
2437 5596 2451 5621 ,
2499 5555 2546 5612 is
2572 5555 2726 5611 alteri
2758 5554 3101 5627 praeferatur,
3131 5552 3223 5623 qui
3254 5567 3370 5607 ma-

92 5643 336 5717 potueris
358 5647 1029 5719 commoveri,pra:sertim
1065 5665 1187 5706 cum
1211 5652 1311 5709 etsi
1344 5653 1449 5709 tale
1479 5655 1679 5727 aliquid
1778 5653 1989 5725 joribus
2035 5658 2091 5706 et
2135 5649 2327 5706 studiis
2366 5647 2610 5719 juvatur,
2667 5658 2723 5704 et
2769 5648 2997 5705 meritis.
3046 5647 3277 5701 Tantum
3307 5652 3367 5698 ut

95 5742 421 5806 mereretur,
461 5740 882 5809 exspectandum
926 5741 1228 5814 tibi_fuerat
1272 5744 1401 5816 quid
1478 5745 1545 5803 ad
1590 5754 1679 5805 tua

1780 5746 1960 5803 nullus
1989 5744 2173 5803 invitis
2200 5752 2256 5801 et
2279 5758 2387 5800 non
2410 5744 2722 5816 petentibus
2746 5743 3050 5808 ordinetur,
3077 5756 3146 5797 ne
3174 5739 3364 5800 civitas
