3968 6512
676 293 785 355 859

1443 282 1736 343 APPEND.
1774 286 1864 342 AD
1904 285 2078 343 SEC.
2116 285 2206 342 IX.
2245 314 2316 328 -
2351 282 2602 343 lSlDOBl
2639 281 3079 340 MERCATORIS
3690 326 3693 333 ›
3755 296 3817 351 860
3888 356 3889 377 η

678 408 990 480 episcopum
1015 416 1123 458 non
1143 407 1411 472 optatum,
1446 410 1542 456 aut
1568 408 1903 465 contemnat,
1937 408 2031 457 aut
2063 400 2255 463 oderit,
2288 403 2340 464 Α
2364 397 2672 470 quindecim
2733 397 2852 452 dies
2906 398 2996 469 qui
3051 399 3417 464 convenerint,
3472 404 3755 463 retardentur.
3784 412 3820 469 Si

679 509 736 554 ut
767 498 859 553 ﬁat
885 496 1065 551 minus
1112 493 1363 563 religiosa
1413 509 1573 562 quam
1607 494 1895 558 convenit,
1946 491 2031 547 cui
2061 508 2165 547 non
2201 490 2269 546 li-

679 593 852 650 citerit
879 590 1079 647 habere
1120 604 1278 659 quezu
1311 587 1497 641 voluit.
1550 587 1623 640 De
1663 602 1890 656 persona
1922 596 2105 643 autem
2133 600 2268 642 con-

680 684 923 742 secrandi
971 680 1239 752 episcopi,
1292 680 1439 734 etde
1488 678 1618 735 clori
1678 678 1954 750 plebisque
1999 694 2266 735 consensu

679 773 1127 845 metropolitanns
1181 772 1465 842 episcopus
1521 771 1589 825 ad
1654 767 2054 825 fraternitatem
2118 777 2266 823 tuam

678 867 909 933 referat,
953 865 1192 936 quidque
1228 863 1285 917 in
1315 861 1593 932 provincia
1627 862 1763 916 bene
1789 859 2008 932 placuit,
2043 858 2184 914 scire
2216 866 2267 914 te

678 943 858 1024 faciat,
883 967 941 1012 ut
967 956 1359 1011 ordinationem
1391 956 1493 1010 rite
1521 952 1898 1011 celebrandam
1924 960 2009 1004 tua
2056 963 2268 1022 quoque

678 1050 856 1106 ﬁrmet
898 1049 1212 1104 auctoritas.
1259 1046 1390 1114 Quae
1434 1045 1598 1101 rectis
1644 1042 2087 1115 dispositionibus
2134 1039 2268 1095 nihil

676 1157 863 1206 morte,
914 1150 1006 1196 aut
1033 1139 1359 1196 dillicultatis
1403 1139 1565 1193 debet
1617 1134 1850 1202 afferre,
1903 1150 1969 1195 ue
2012 1133 2265 1207 gregibus

675 1232 890 1290 Domini
919 1231 1008 1286 diu
1038 1228 1179 1286 desit
1207 1245 1338 1286 cura
1369 1238 1667 1300 pastorum.

744 1304 1163 1393 Metropolitauo
1203 1336 1333 1377 vero
1377 1320 1667 1385 defuncto,
1712 1334 1835 1377 cum
1885 1318 1937 1374 in
1981 1317 2097 1373 loco
2147 1317 2264 1395 ejus

675 1414 813 1473 alius
857 1415 1025 1471 fuerit
1068 1413 1473 1486 subrogandos,
1520 1411 1881 1483 provinciales
1927 1408 2161 1480 episcopi
2193 1409 2262 1465 ad

672 1506 946 1564 civitatem
992 1504 1458 1576 metropolitaaam
1510 1503 1801 1559 convenire
1849 1501 2152 1565 debebunt,
2204 1507 2263 1556 ut

671 1599 913 1655 omnium
939 1597 1259 1655 clericorum
1285 1607 1447 1667 atque
1474 1596 1716 1653 omnium
1758 1594 1957 1651 civium
1986 1592 2263 1649 voluntate

672 1687 943 1754 discussa,
992 1703 1059 1744 ex
1090 1689 1421 1759 presbyteris
1466 1684 1711 1757 ejusdem
1750 1685 2025 1750 ecclesiae,
2076 1683 2161 1739 vel
2188 1701 2258 1743 ex

2373 500 2554 548 autem
2605 490 2658 544 in
2703 505 2768 543 eo
2796 490 2936 560 quod
2985 505 3106 544 cum
3153 486 3408 546 irati-ibus
3436 498 3712 553 tractandum
3739 503 3821 561 det.
3888 530 3889 533 η

2370 584 2738 654 niendumque
2777 582 3071 638 credideris
3119 584 3327 639 diversa
3355 598 3525 640 eorum
3552 587 3683 645 fuerit
3717 609 3736 647 a
3766 606 3822 651 tu

2367 675 2643 730 voluntate
2690 675 2956 732 sententia
2984 716 2999 741 ,
3048 674 3115 729 ad
3168 691 3268 731 nos
3315 678 3484 732 omnia
3530 680 3613 736 sub
3639 696 3823 754 gestem

2368 768 2748 823 testiﬁcatione
2775 767 3102 831 referantur,
3133 780 3208 835 ut,
3231 771 3444 826 remotis
3472 773 3823 847 ambiguitatibus,

2366 859 2508 935 quod
2541 861 2648 914 Deo
2679 859 2890 930 placeat
2917 861 3259 916 decernatur.
3296 860 3379 916 Ad
3410 863 3539 919 hunc
3567 866 3684 920 enim
3705 868 3823 936 linem,

2365 965 2577 1005 onmem
2613 947 2864 1004 effectum
2904 958 3147 1004 nostrum
3194 966 3479 1022 curamque
3515 954 3760 1026 dirigiiuus.
3791 970 3827 1017 ut

2366 1040 2507 1112 quod
2538 1039 2605 1093 ad
2633 1041 2889 1095 unitatem
2916 1041 3242 1107 concordiae,
3278 1051 3333 1098 et
3366 1044 3499 1112 quod
3524 1046 3583 1098 ad
3608 1050 3821 1104 custodita

2365 1132 2595 1203 pertinet
2622 1131 2937 1202 disciplinae,
2976 1131 3121 1187 nulla
3149 1131 3482 1189 dissensione
3507 1133 3712 1201 violetur,
3730 1138 3824 1197 nulla

2364 1225 2569 1279 desidia
2620 1224 2944 1296 negligatur.
2993 1223 3059 1278 Et
3092 1232 3143 1278 te
3173 1222 3365 1295 igitur,
3399 1223 3553 1279 frater
3579 1227 3827 1294 charissim,

2363 1328 2416 1373 et
2443 1333 2535 1372 eos
2565 1315 2759 1370 fratres
2786 1326 3005 1372 nostros
3029 1315 3119 1387 qui
3153 1316 3219 1371 de
3256 1317 3361 1371 tuis
3383 1315 3688 1373 oHenduntur
3706 1335 3827 1376 exeat-
3888 1334 3889 1345 ‘

2364 1407 2531 1471 sibus,
2565 1423 2686 1463 cum
2724 1415 2901 1462 tamen
2934 1421 3041 1461 non
3086 1405 3280 1462 similis
3329 1406 3399 1462 sit
3442 1408 3654 1463 euntium
3680 1411 3828 1465 malem

2361 1500 2704 1573 querelarum
2727 1539 2740 1562 ,
2788 1500 2979 1554 hortor
3005 1509 3059 1554 et
3088 1514 3300 1568 moneo,
3350 1508 3409 1555 ut
3433 1516 3545 1572 quae
3565 1501 3640 1570 pie
3666 1510 3758 1555 sunt
3775 1516 3829 1556 or-

2362 1595 2563 1655 dinata,
2613 1592 3007 1664 salubriterque
3038 1593 3318 1664 disposita,
3372 1588 3508 1648 nulla
3534 1596 3830 1652 concertatione
3888 1658 3889 1661 η

2364 1685 2667 1739 turbentur.
2702 1682 2872 1738 Nemo
2899 1684 3042 1754 quod
3071 1696 3228 1739 suum
3257 1670 3377 1739 esse
3406 1693 3613 1757 quturat,
3656 1688 3724 1740 sed
3743 1684 3829 1756 quod

668 1778 988 1838 diaoouibus
1012 1780 1250 1849 optimus
1290 1779 1552 1849 eligatur,
1609 1778 1676 1835 de
1724 1776 1876 1848 cujus
1924 1775 2141 1831 nomine
2186 1776 2255 1835 ad
2288 1781 2330 1843 Β
2360 1774 2758 1839 alterius,sicut
2779 1774 3069 1844 Apostolus
3095 1775 3207 1830 ait:
3237 1794 3255 1827 ι
3285 1772 3643 1847 Unusquisque
3664 1786 3826 1832 vestrm

668 1877 817 1927 tuam
879 1872 1128 1927 notitiam
1190 1870 1551 1943 provinciales
1623 1867 1863 1927 referant
1911 1868 2256 1931 sacerdotes,

666 1960 942 2034 impleturi
992 1973 1117 2020 vota
1163 1963 1534 2034 poscentium,
1588 1962 1634 2019 si
1662 1963 1806 2033 quod
1842 1961 1974 2033 ipsis
2021 1960 2256 2032 placuit,

667 2055 765 2111 tibi
789 2068 1006 2127 quoque
1033 2054 1301 2128 placuisse
1346 2054 1716 2124 cognoverint.
1750 2053 1900 2110 Sicut
1920 2053 2064 2108 enim
2082 2050 2261 2121 justas

664 2146 957 2203 electiones
1005 2147 1169 2203 nullis
1212 2146 1562 2202 dilationibus
1590 2146 1841 2202 volumus
1888 2145 2135 2219 fatigari,
2184 2145 2257 2202 ita

666 2234 801 2293 nihil
829 2237 1195 2309 permittimus
1224 2246 1277 2292 te
1305 2240 1587 2309 ignorante
1614 2237 1882 2308 prtesumi.

737 2325 816 2384 De
842 2329 1089 2385 conciliis
1114 2340 1295 2385 autem
1344 2330 1740 2401 episcopalibus
1772 2345 1876 2386 nou
1911 2329 2057 2385 aliud
2104 2330 2255 2401 judi-

665 2433 857 2477 eamus
885 2437 1051 2493 quam
1074 2424 1247 2479 sancti
1274 2423 1461 2479 Patres
1490 2422 1779 2479 salubriter
1806 2422 2127 2478 ordinarunt
2154 2462 2167 2487 ,
2198 2431 2257 2479 ut

662 2512 872 2570 scilicet
898 2515 1007 2570 bini
1044 2525 1341 2572 conventus
1382 2531 1479 2588 per
1523 2530 1695 2571 annos
1741 2513 1982 2584 singulos
2010 2515 2252 2570 habean-

663 2614 773 2673 tur,
803 2607 856 2662 in
883 2609 1077 2679 quibus
1105 2610 1169 2664 de
1199 2610 1453 2664 omnibus
1495 2607 1733 2679 querelis
1758 2622 1880 2679 qua:
1903 2608 2044 2663 inter
2071 2607 2251 2662 diver-

662 2712 756 2755 sos
781 2700 1033 2757 Ecclesiae
1060 2702 1277 2758 ordines
1308 2704 1454 2757 nasci
1490 2702 1750 2766 assolent,
1777 2700 2068 2771 judieetur.
2105 2702 2167 2755 Et
2198 2701 2245 2757 si

662 2788 804 2847 forte
836 2791 977 2848 inter
1003 2792 1148 2863 ipsos
1189 2794 1279 2863 qui
1326 2802 1566 2863 praesunt
1604 2795 1672 2850 de
1721 2790 2021 2861 majoribus
2071 2792 2248 2863 (quod

666 2883 842 2953 absit)
890 2886 1126 2954 peccatis
1185 2900 1345 2940 causa
1393 2894 1668 2951 nascatur,
1736 2900 1858 2957 quae
1934 2884 2249 2955 provinciali

673 2984 906 3045 nequeat
946 2977 1199 3033 examine
1240 2976 1488 3041 dililuiri,
1538 2975 1936 3033 fraternitatem
1984 2984 2127 3032 tuam
2183 2978 2249 3033 de

664 3063 829 3119 totius
860 3065 1059 3136 negotii
1105 3065 1368 3137 qualitate
1415 3066 1868 3137 metropolitanus
1916 3069 2130 3123 curabit
2159 3068 2246 3123 in-

2364 1865 2609 1938 proximo
2634 1881 2731 1921 suo
2755 1865 2964 1938 placeat
2991 1866 3043 1921 in
3074 1865 3214 1921 bono
3235 1865 3303 1921 ad
3328 1866 3699 1922 aedificationem
3719 1865 3828 1936 (Rau.
3888 1910 3889 1931 ἶ

2361 1972 2454 2021 xv,
2501 1957 2580 2028 2).
2615 1975 2636 2010 ι
2666 1956 2777 2012 Nec
2825 1958 2970 2012 enim
3001 1959 3207 2028 poterit
3254 1958 3500 2014 veritatis
3544 1968 3710 2015 nostra
3739 1958 3830 2014 inut

2361 2062 2482 2103 esse
2509 2056 2788 2120 compago,
2822 2048 2923 2103 nisi
2954 2063 3053 2104 nos
3084 2049 3149 2105 ad
3175 2048 3578 2119 inseparabilem
3602 2049 3829 2105 soliditath

2364 2139 2634 2195 vinculum
2681 2140 2967 2195 eharitatis
3010 2143 3353 2209 astrinxerit;
3408 2142 3526 2212 quia
3571 2138 3830 2197 sicutiullt

2361 2245 2585 2303 corpore
2638 2230 2805 2286 multa
2867 2232 3107 2286 membra
3169 2232 3469 2299 habemus,
3527 2247 3683 2288 omnia
3722 2242 3830 2286 tutel

2359 2325 2599 2379 membra
2629 2339 2733 2378 non
2762 2325 3009 2380 eumdem
3038 2333 3215 2380 actum
3242 2326 3459 2389 habent,
3484 2326 3552 2380 ita
3584 2325 3709 2381 multi
3728 2338 3831 2379 una:

2358 2431 2554 2485 corpus
2588 2432 2774 2472 sumus
2806 2418 2857 2472 in
2910 2418 3160 2484 Christo,
3211 2420 3409 2491 singuli
3439 2430 3603 2475 autem
3629 2420 3735 2474 alter
3749 2420 3831 2471 alte-

2358 2506 2471 2566 rius
2502 2511 2764 2566 membra.
2797 2507 2922 2566 Haec
2952 2513 3220 2568 connexio
3251 2513 3422 2570 totius
3461 2512 3655 2584 quidem
3674 2511 3833 2581 corporis
3888 2506 3889 2579 ἲ

2355 2602 2761 2658 unanimitatem
2794 2604 3043 2674 requirit,
3095 2604 3493 2676 sed'praacipue
3517 2605 3833 2675 exigitconror-
3888 2600 3889 2676 ξ

2355 2695 2496 2751 diam
2527 2695 2891 2749 sacerdotum.
2922 2693 3128 2762 Quibus
3162 2711 3283 2752 cum
3331 2696 3562 2771 dignitas
3585 2698 3649 2754 sit
3677 2710 3834 2754 eorum

2353 2788 2454 2850 nis,
2489 2802 2594 2843 non
2622 2795 2706 2843 est
2733 2797 2909 2842 tamen
2935 2789 3068 2843 ordo
3096 2789 3402 2859 generalis;
3436 2790 3667 2862 quoniam
3688 2797 3729 2845 et
3750 2788 3835 2842 inter

2348 2881 2695 2945 beatissimos
2742 2882 3015 2953 apostolos
3064 2883 3116 2937 in
3167 2884 3524 2957 similitudine
3566 2882 3743 2940 honoris
3774 2878 3834 2933 luit

2352 2972 2595 3044 quaedam
2628 2975 2883 3030 discretio
2934 2976 3249 3045 potestatis;
3299 2985 3353 3031 et
3405 2991 3523 3031 cum
3569 2975 3757 3029 omnium
3778 2983 3835 3040 pit

2351 3075 2493 3122 esset
2522 3067 2735 3134 electio,
2777 3068 2865 3121 nni
2919 3077 3095 3127 tamen
3128 3070 3307 3123 datum
3338 3080 3445 3134 est,
3484 3078 3541 3125 ut
3565 3065 3832 3134 caeterispm-
3888 3068 3889 3107 ἒ

663 3162 900 3223 struere,
936 3158 1057 3213 etsi
1092 3171 1276 3212 coram
1308 3159 1498 3229 positis
1525 3159 1798 3230 partibus,
1837 3174 1935 3215 nec
1966 3169 2056 3214 tuo
2085 3158 2247 3215 fuerit
2276 3160 2321 3225 C
2353 3159 2647 3226 emineret,
2701 3161 2766 3216 de
2812 3177 2916 3232 qua
2965 3160 3139 3217 forma
3189 3163 3565 3235 episcoporum
3609 3164 3832 3233 quoque?“

665 3260 756 3301 res
786 3248 957 3317 sopita
979 3246 1213 3318 judicio,
1237 3249 1302 3302 ad
1329 3259 1569 3307 nostraet
1595 3251 1959 3323 cognitionem
1985 3251 2249 3323 quidquid

654 3335 793 3393 illud
820 3350 925 3402 est,
967 3337 1347 3395 transferatur.

731 3428 789 3485 Si
815 3431 1123 3502 episcOpus,
1170 3433 1545 3490 mediocritate
1573 3432 1811 3491 civitatis
1836 3449 1948 3489 sure
1975 3435 2246 3507 despecta,

662 3522 1187 3580 administrationem
1236 3524 1338 3581 loci
1389 3524 1706 3583 celebrioris
1753 3526 2038 3591 ambierit,
2089 3536 2145 3582 et
2183 3527 2249 3584 ad

662 3611 924 3683 majorem
956 3630 1015 3673 se
1057 3615 1269 3687 plebem
1313 3633 1639 3689 quacunque
1688 3619 1976 3675 occasione
2008 3626 2248 3673 transtu-

660 3701 805 3769 lerit,
836 3719 867 3758 ι
890 3706 1148 3761 cathedra
1178 3708 1393 3777 quidem
1422 3708 1650 3778 pellatur
1680 3710 1876 3775 aliena,
1913 3710 2009 3765 sed
2038 3710 2247 3765 carebit

658 3803 716 3850 et
738 3796 978 3869 propria,
1007 3808 1064 3853 ut
1097 3812 1197 3854 nec
1220 3798 1325 3854 illis
1352 3799 1636 3868 praasideat
1669 3816 1805 3870 quos
1840 3816 1935 3873 per
1963 3802 2248 3859 avaritiam

558 3963 562 3968 '
661 3890 1002 3961 concupivit,
1033 3906 1132 3948 nec
1175 3892 1277 3949 illis
1322 3908 1458 3962 quos
1503 3910 1600 3964 per
1643 3896 1953 3966 superbiam
2005 3897 2242 3967 sprevit;

662 3979 776 4034 suis
799 3979 963 4050 igitur
994 3982 1237 4039 terminis
1271 3992 1557 4039 contentus
1582 3985 1652 4040 sit
1677 3986 1906 4060 quisque
1952 4000 2053 4042 nec
2080 4002 2245 4058 supra

662 4083 972 4127 mensuram
992 4071 1131 4143 juris
1155 4075 1236 4128 sui
1265 4074 1481 4133 atfectet
1511 4077 1719 4147 augeri.

731 4160 982 4220 Alienum
1049 4163 1308 4221 clericum
1357 4165 1524 4222 invito
1571 4168 1822 4239 episeopo
1871 4168 2037 4240 ipsius
2085 4185 2245 4225 nemo

662 4256 952 4325 suspiciat,
1012 4266 1067 4313 et
1098 4273 1259 4314 nemo
1304 4259 1590 4327 sollicitet,
1637 4262 1739 4316 nisi
1773 4261 1912 4319 forte
1951 4279 2014 4321 ex
2046 4264 2245 4334 placito

660 4346 947 4403 eharitatis
978 4348 1030 4402 id
1057 4349 1199 4403 inter
1224 4351 1439 4409 dantem
1489 4354 1950 4425 accipientemquc
1978 4370 2244 4413 convene-

661 4436 754 4493 rit.
778 4436 913 4492 Nam
941 4440 1124 4509 gravis
1150 4440 1360 4511 injuriae
1387 4457 1512 4499 reus
1538 4453 1623 4499 est
1646 4445 1737 4514 qui
1764 4448 1829 4500 de
1861 4444 2043 4499 fratris
2072 4444 2242 4501 eccle-

2354 3260 2469 3306 orta
2501 3252 2793 3317 distinctio,
2826 3262 2880 3309 et
2911 3270 3100 3325 magna
3141 3256 3493 3328 dispositione
3520 3255 3829 3328 provisumesb

2352 3360 2420 3400 ne
2449 3361 2639 3403 omnes
2664 3346 2764 3405 sibi
2794 3333 2976 3403 omnia
3004 3348 3365 3416 vindicarent,
3401 3351 3495 3407 sed
3520 3357 3680 3406 essent
3702 3346 3832 3424 insin-

2350 3438 2488 3512 gulis
2514 3439 2808 3510 provinciis
2846 3440 3063 3512 singuli,
3112 3458 3342 3514 quorum
3378 3444 3519 3499 inter
3541 3442 3707 3497 fratres
3728 3438 3832 3494 liabe-

2353 3541 2502 3589 retur
2524 3533 2697 3602 prima
2729 3534 3032 3598 sententia;
3071 3542 3126 3589 et
3168 3550 3356 3590 rursus
3383 3534 3595 3606 quidam
3624 3536 3673 3589 ln'
3693 3527 3833 3597 maiori-
3888 3574 3889 3577 η

2352 3622 2451 3677 bus
2499 3625 2721 3679 urbibus
2770 3626 3079 3692 constituti,
3126 3627 3551 3684 sollicitudinem
3597 3628 3834 3694 susciperent

2351 3713 2690 3784 ampliorem,
2724 3729 2819 3783 per
2841 3730 2976 3786 quos
3005 3717 3072 3771 ad
3117 3733 3279 3772 unam
3312 3716 3466 3774 Petri
3498 3719 3663 3775 sedem
3692 3714 3835 3769 uniter-

2351 3802 2480 3860 salis
2516 3805 2758 3862 ecclesiae
2802 3821 2929 3861 cura
2978 3808 3293 3873 conﬂueret,
3333 3819 3391 3865 et
3442 3810 3571 3865 nihil
3615 3815 3834 3877 unquam:

2350 3913 2449 3952 suo
2497 3898 2673 3968 capite
2722 3898 3029 3955 dissideret.
3064 3900 3165 3969 Qui
3212 3917 3344 3974 ergo
3376 3905 3673 3975 quibusdam
3699 3900 3770 3955 scit
3804 3909 3835 3950 se

2349 4002 2469 4044 esse
2510 3989 2892 4061 praepositum,
2946 4008 3053 4049 non
3105 3994 3333 4050 moleste
3384 3996 3522 4051 ferat
3566 3995 3754 4067 aliquem
3774 3987 3832 4040 sibi

2348 4093 2468 4135 esse
2494 4078 2770 4151 praelatum
2790 4123 2804 4147 ,
2838 4082 2932 4137 sed
2959 4082 3323 4140 obedientiam
3358 4104 3523 4158 quam
3547 4087 3705 4159 exigit,
3730 4081 3834 4137 etiam

2350 4171 2462 4242 ipse
2494 4173 2788 4243 dependat,
2834 4182 2888 4228 et
2922 4175 3060 4230 sicut
3111 4192 3215 4231 non
3246 4177 3362 4233 vult
3392 4180 3570 4250 gravis
3593 4176 3743 4233 otteris
3763 4184 3835 4225 sar-

2347 4263 2524 4318 cinam
2551 4263 2712 4332 ferre,
2762 4267 2833 4319 ita
2865 4282 2968 4322 non
3003 4268 3197 4323 audeat
3224 4269 3313 4323 alii
3357 4269 3677 4342 importabile
3700 4264 3835 4338 pintth

2346 4359 2641 4428 imponere.
2696 4359 2953 4430 Discipuli
2987 4362 3130 4417 enim
3186 4380 3375 4419 sumus
3427 4365 3631 4419 humilis
3671 4372 3713 4415 et
3745 4353 3835 4410 milis

2349 4451 2589 4523 magistri
2619 4452 2850 4510 dicentis
2881 4471 2892 4506 :
2931 4475 2950 4506 ‹
2989 4455 3190 4510 Discite
3221 4475 3248 4511 a
3278 4473 3366 4512 me
3396 4460 3520 4530 quia
3548 4455 3677 4512 mitis
3694 4467 3777 4509 sntit
3804 4455 3838 4499 ει

658 4529 742 4583 sia
808 4529 864 4584 id
925 4530 1071 4599 quod
1112 4539 1194 4585 est
1246 4532 1432 4587 utilius
1468 4544 1562 4588 aut
1610 4536 1898 4604 pretiosius
1951 4540 2113 4590 aiutet
2163 4535 2244 4590 vel
2275 4532 2322 4590 D
2351 4542 2566 4597 lnnnilis
2607 4546 2787 4610 corde,
2833 4556 2887 4600 et
2914 4546 3206 4604 invenietis
3236 4529 3479 4621 requiem
3509 4548 3747 4605 animabus
3779 4555 3835 4594 τε·

659 4622 901 4691 allicere,
932 4624 1019 4680 vel
1062 4634 1268 4683 tenere.
1300 4625 1486 4695 Itaque
1528 4630 1572 4681 si
1606 4629 1747 4682 intra
1777 4629 2111 4698 provinciam
2158 4645 2245 4684 res

657 4726 872 4787 agatur,
901 4716 1231 4788 transfugam
1259 4719 1513 4774 clericum
1542 4720 1608 4775 ad
1638 4736 1791 4774 suam
1822 4722 2104 4775 ecclesiam
2131 4736 2243 4775 nie-

659 4809 1020 4881 tropulitanus
1083 4812 1260 4867 redire
1322 4811 1628 4881 cotupellat.
1692 4811 1748 4866 Si
1805 4821 1983 4867 autem
2036 4812 2246 4880 longius

658 4902 960 4970 processit,
1005 4903 1080 4958 tui
1110 4905 1362 4974 praecepti
1412 4904 1737 4959 auctoritate
1785 4904 2147 4969 revocabitur,
2186 4914 2246 4959 ut

659 5008 760 5050 nec
788 4994 1070 5066 Cupiditati
1110 5010 1209 5051 nec
1233 4996 1516 5053 ambitioni
1545 4997 1762 5052 occasio
1791 4996 2139 5068 relinquatur.

728 5080 787 5141 In
816 5086 1108 5142 evocandis
1131 5097 1312 5143 autem
1342 5088 1409 5143 ad
1457 5096 1511 5142 te
1540 5089 1830 5159 episcopis,
1878 5088 2244 5143 moderatissi-

658 5196 811 5237 mum
842 5190 894 5237 te
924 5198 1045 5239 esse
1090 5184 1372 5251 volumus,
1424 5200 1493 5240 ne
1537 5200 1634 5256 per
1681 5186 1905 5255 majoris
1950 5184 2242 5257 diligentiae

658 5273 922 5343 speciem,
950 5270 1205 5335 fraternis
1233 5276 1471 5332 videaris
1499 5275 1722 5347 gloriari
1748 5274 1977 5345 injuriis.
2019 5274 2171 5330 Unde
2193 5276 2237 5329 si

659 5379 821 5421 causa
846 5364 1019 5435 aliqua
1049 5365 1220 5435 major
1247 5368 1552 5433 exstiterit,
1585 5370 1656 5425 ob
1679 5384 1840 5438 quam
1869 5369 2238 5427 necessarium

658 5460 731 5514 sit
758 5458 1058 5515 fraternum
1087 5460 1356 5516 advocare
1391 5471 1711 5517 conventum
1735 5502 1750 5527 ,
1778 5462 1934 5517 binos
1957 5461 2022 5516 de
2052 5462 2238 5533 singu-

656 5550 725 5606 lis
750 5550 1046 5621 provinciis
1071 5551 1376 5621 episcopos,
1408 5569 1544 5623 quos
1573 5553 1971 5624 metropolitani
1997 5553 2238 5610 credide-

660 5642 767 5718 rint
810 5655 933 5698 esse
984 5641 1275 5698 mittendos
1319 5643 1387 5696 ad
1430 5643 1827 5701 fraternitatem
1875 5652 2020 5699 tuam
2051 5644 2237 5701 venire

657 5732 904 5791 adliciat.
968 5734 1048 5792 ita
1093 5741 1153 5788 ut
1202 5734 1256 5790 in
1301 5734 1602 5805 pmotituto
1651 5745 1892 5808 tempore
1940 5752 2044 5797 non
2096 5736 2235 5801 ultra

2350 4636 2512 4697 stris,
2562 4636 2746 4706 jugun‘t
2781 4639 2923 4692 enim
2952 4656 3128 4694 meum
3175 4658 3339 4697 suave
3368 4652 3482 4709 est,
3511 4653 3563 4699 et
3585 4655 3700 4696 onus
3719 4646 3835 4691 tne-tm

2348 4721 2462 4778 leve
2491 4735 2570 4778 est
2601 4724 2814 4795 (Matth.
2853 4743 2931 4793 XI,
2961 4729 3051 4795 ἓέ),
3092 4730 3204 4802 50).
3240 4751 3258 4783 ι
3290 4734 3446 4800 Quod
3473 4731 3712 4804 quomodo
3731 4738 3836 4792 θερε-

2348 4814 2580 4879 ricmnr,
2617 4817 2715 4870 nisi
2748 4829 2803 4871 et
2843 4818 2971 4873 illud
3002 4821 3052 4874 in
3081 4822 3484 4878 observantiam
3519 4823 3709 4884 veniat,
3743 4810 3835 4885 quotl

2349 4906 2487 4960 idem
2537 4905 2794 4963 Dominus
2837 4910 2912 4964 ait
2942 4928 2954 4964 :
2996 4912 3151 4979 t-Qui
3203 4913 3379 4982 major
3404 4925 3487 4970 est
3519 4924 3738 4971 vestrum,
3771 4901 3835 4957 et“

2350 5000 2597 5055 minister
2623 5012 2802 5058 vester
2829 5002 3045 5072 (Matth.
3093 5021 3249 5071 χχιιι,
3282 5007 3391 5079 ll),
3428 5027 3447 5060 ι
3488 5026 3508 5059 ι
3540 5006 3620 5076 qui
3646 5008 3834 5057 autemst

2346 5091 2565 5155 exaltat,
2600 5094 3006 5163 humiliabitur;
3061 5105 3117 5150 et
3162 5098 3337 5169 quise
3365 5098 3625 5163 bumiliat,
3652 5086 3835 5150 exaltabic

2347 5191 2434 5237 tur
2460 5182 2610 5255 (Luc.
2643 5200 2755 5251 xrv,
2789 5185 2897 5258 ll).
2950 5205 2969 5239 ι

2518 5272 2629 5330 LV.
2654 5305 2722 5315 —
2747 5274 2828 5329 Ad
2854 5275 3141 5348 Septimum
3169 5281 3466 5351 episcopum
3496 5281 3716 5334 Altinum.

2418 5363 2530 5420 Lso
2564 5364 2804 5422 δερτιιιο
2834 5370 3087 5439 episcopo
3125 5371 3326 5428 Altino.

2415 5459 2594 5518 Lectis
2621 5473 2726 5519 tua:
2769 5463 3124 5523 fraternitatis
3154 5468 3349 5527 litteris
3395 5470 3626 5543 vigorem
3651 5463 3747 5520 ﬁdei
3770 5468 3835 5513 ωε

2345 5571 2504 5627 quam
2533 5557 2659 5612 olim
2688 5574 3035 5628 noveramus,
3088 5544 3438 5634 agnovimus,
3488 5557 3834 5633 congratulantes

2348 5649 2440 5703 tibi
2485 5650 2629 5720 quod
2666 5651 2734 5706 ad
2764 5654 3060 5708 custodiam
3092 5672 3312 5728 gregum
3339 5655 3539 5711 Christi
3589 5644 3834 5723 pastoralem

2347 5757 2532 5817 curam
2563 5742 2851 5817 vigilanter
2874 5749 3210 5816 exaequcris,
3241 5762 3306 5802 ne
3336 5746 3466 5808 lupi,
3492 5747 3576 5805 qui
3603 5746 3687 5801 sub
3711 5733 3833 5793 secti?
