3968 6474
181 298 293 354 864

1372 294 1861 350 DECRETAHUM
1893 295 2296 355 COLLECTIO.

3359 311 3464 370 862

177 414 374 468 ovium
407 409 736 475 subintrant,
758 410 1051 464 bestiarum
1081 411 1283 464 sevitia
1315 411 1586 481 simplices
1617 428 1777 479 quos—
1810 418 1850 473 Α
1885 415 1996 466 sive
2044 415 2290 480 diaconi,
2343 418 2454 472 sive
2486 420 2744 491 cujusque
2790 423 2995 478 ordinis
3021 424 3224 491 clerici,
3275 427 3366 499 qui
3395 425 3465 486 de

179 520 297 576 que
328 505 656 564 dilacerent,
713 518 814 555 nou
870 503 1041 556 solum
1093 503 1190 571 ipsi
1246 503 1387 555 nulla
1441 505 1778 556 (‘ot‘t'eciione

175 593 503 666 proficiant,
541 596 632 650 sed
663 594 824 646 etiam
855 609 914 647 ea
951 610 1067 661 qua)
1096 605 1219 646 suut
1245 610 1373 646 sana
1405 605 1774 663 corrumpant.

179 690 345 758 Quod
418 705 486 744 ne
559 689 768 759 viperea
853 689 1018 758 possit
1082 690 1328 742 obtinere
1388 688 1640 755 fallacia,
1712 689 1777 742 ad

179 781 670 850 metmpolitauum
698 781 1006 850 episcopqu
1039 779 1330 850 provincize
1382 779 1615 833 Venetite
1646 781 1778 834 seri-

175 883 280 944 pta
329 875 626 929 direximus
653 872 868 943 'quibus
915 876 977 928 ad
1026 885 1199 928 status
1229 875 1309 927 sui
1340 873 1635 944 periculum
1687 889 1777 928 co-

175 975 477 1036 gnosceret
519 967 814 1035 pertinere,
855 967 896 1020 si
930 967 1212 1036 quisquam
1253 967 1316 1019 de
1368 964 1776 1035 Pelagianorum

175 1069 239 1129 et
278 1059 728 1112 C(elestianorum
761 1061 1030 1114 consortio
1060 1059 1280 1111 veniens
1313 1059 1364 1110 iu
1396 1056 1777 1110 cmumunione

173 1154 456 1206 catholica
510 1154 628 1206 sine
682 1151 1016 1223 professione
1087 1151 1337 1220 legitima:
1385 1147 1776 1205 satisfactionis

174 1245 474 1300 habeatur.
526 1244 953 1298 Saluberriumm
1013 1245 1157 1298 enim
1211 1254 1335 1308 est,
1391 1254 1443 1296 ct
1480 1243 1776 1313 spiritualis

172 1340 471 1393 medicina:
504 1338 735 1392 utilitate
767 1339 1164 1406 plenissimum,
1225 1347 1280 1390 ut
1312 1337 1422 1389 sive
1453 1338 1773 1408 presbyteri,

172 1434 305 1488 sive
336 1435 580 1500 diaconi,
633 1435 746 1489 sive
777 1434 866 1486 alii
909 1433 1190 1502 cujuslibet
1222 1434 1429 1486 ordinis
1457 1434 1637 1487 clerici
1684 1433 1775 1503 qtti

170 1542 244 1586 se
296 1538 576 1582 correctos
610 1526 778 1580 videri
816 1527 1028 1589 volunt,
1077 1511 1317 1581 errorem
1354 1543 1511 1580 suum
1540 1536 1592 1580 ct
1630 1528 1774 1595 ipsos

171 1617 392 1675 erroris
448 1627 697 1672 auctores
756 1617 998 1671 damnari
1047 1633 1076 1671 a
1133 1632 1192 1669 se
1244 1620 1358 1671 sine
1422 1618 1774 1686 ambiguitate

169 1711 480 1776 fateantur,
529 1719 586 1764 ut
633 1711 882 1765 sensibus
923 1709 1104 1782 pravis
1151 1719 1204 1763 et
1251 1709 1450 1763 dudum
1482 1711 1772 1780 peremptis

1879 506 2289 577 Pelagimiorum
2343 512 2896 584 (ltelestianorumque
2927 519 3198 572 consortio
3234 523 3286 574 in
3315 534 3466 575 com-

1881 602 2191 655 munioncm
2229 605 2549 659 catholicam
2597 622 2658 660 ea
2695 608 3052 678 imprudentia
3099 620 3224 666 sunt
3263 627 3465 683 praece-

1879 691 1953 760 pti
2007 702 2062 744 ιιι
2090 709 2192 744 non
2226 695 2372 763 prius
2410 697 2473 748 ad
2507 698 2905 753 datnuationem
2935 711 3344 760 coarctarentur
3371 720 3458 762 er-

1881 784 2037 844 roris,
2073 802 2213 842 utine
2247 788 2433 841 saltem
2463 801 2808 860 posteaquam
2853 795 3153 864 hypocrisis
3181 814 3366 853 eorum
3396 816 3462 856 ex

1880 877 2107 943 quadam
2137 888 2285 945 parte
2311 881 2592 950 detegitur,
2618 883 2682 936 ad
2705 898 2888 938 veram
2907 889 3322 957 correctionem,
3344 905 3465 961 quae

1878 974 1931 1018 et
1961 965 2089 1034 ipsis
2140 972 2391 1038 prodesse
2422 982 2476 1024 et
2506 973 2663 1028 nullis
2707 977 2874 1031 possit
2926 993 3140 1045 nocere,
3179 991 3460 1053 Coguntur;

1879 1059 2133 1112 damnent
2176 1065 2375 1130 apertis
2421 1063 2847 1132 professionibus
2896 1070 2975 1123 sui
3013 1073 3229 1140 superbi
3261 1073 3464 1129 erroris

1880 1160 2144 1214 auctores,
2185 1166 2233 1207 ct
2272 1155 2528 1235 (pii-lquial
2560 1158 2611 1210 in
2655 1159 2897 1215 doctrina
2924 1179 3110 1216 eorum
3147 1165 3464 1222 universalis

1880 1241 2120 1295 Ecclesia
2175 1243 2474 1310 exhorruit,
2511 1248 2861 1316 detestentur,
2915 1267 3199 1323 omniaque
3245 1255 3463 1310 decreta

1878 1336 2153 1405 synodalia
2193 1354 2310 1405 qtne
2356 1339 2421 1391 ad
2454 1340 2786 1397 exeisioncm
2841 1345 3108 1401 haereseos
3149 1348 3461 1417 apostolicre

1880 1425 2033 1478 Sedis
2060 1428 2398 1483 conﬁrmavit
2436 1435 2734 1490 auctoritas
2777 1437 3025 1506 amplecti
3060 1453 3137 1502 se,
3173 1449 3226 1496 et
3263 1440 3315 1494 in
3346 1457 3464 1495 om-

1877 1514 2033 1569 nibus
2062 1518 2362 1585 approbare
2396 1523 2567 1590 plenis
2607 1534 2660 1577 et
2701 1528 2902 1596 apertis
2933 1543 2994 1582 ac
3032 1531 3248 1599 propria
3299 1546 3461 1586 manu

1877 1606 2194 1678 subscriptis
2224 1614 2704 1679 protestationibus
2726 1616 3066 1688 eloquuntur.
3093 1619 3234 1674 Nihil
3271 1622 3322 1675 iu
3349 1637 3466 1677 ver-

1877 1698 1959 1779 bis
1995 1714 2181 1753 eorum
2219 1703 2533 1768 obscurum,
2587 1707 2715 1762 nihil
2775 1710 3081 1765 inveniatur
3128 1714 3460 1786 ambiguum.

170 1805 334 1858 nulla
362 1803 608 1874 sperandi
646 1805 880 1876 supersit
910 1803 1147 1865 occasio,
1181 1818 1246 1856 ne
1277 1803 1441 1855 ullum
1473 1804 1773 1858 membrum

1880 1791 2143 1857 Quoniam
2185 1797 2430 1852 novimus
2469 1798 2608 1854 hanc
2637 1801 2860 1855 istorum
2893 1818 3011 1858 esse
3063 1807 3377 1872 versutiam,
3406 1817 3474 1863 ut

171 1893 443 1950 Ecclesiae
492 1895 676 1949 talium
729 1894 896 1965 possit
943 1895 1203 1948 societate
1237 1893 1458 1954 violari,
1509 1909 1630 1947 cum
1684 1908 1780 1960 per

169 1989 369 2044 omnia
405 1988 507 2042 illis
551 1986 814 2057 professio
842 1986 1056 2057 propria
1087 1986 1313 2055 eruperit
1339 1986 1579 2039 obviare.
1621 1983 1776 2038 Circa

174 2095 326 2149 quos
364 2081 525 2134 etiam
557 2079 698 2134 illam
733 2094 999 2133 canonum
1048 2078 1485 2132 constitutionem
1519 2077 1771 2147 pratcipi-

181 2187 310 2225 Inus
344 2172 636 2238 custodiri,
670 2186 738 2226 ne
768 2172 837 2227 ab
869 2170 953 2224 his
1000 2170 1248 2225 ecdesiis
1297 2170 1363 2224 ad
1391 2184 1526 2238 quas
1555 2169 1769 2239 proprie

175 2261 458 2332 pertineat
489 2262 736 2316 sinantur
762 2260 1072 2322 abscedere,
1103 2269 1156 2313 et
1183 2274 1279 2328 pro
1323 2274 1419 2314 suo
1449 2260 1672 2312 arbitrio
1701 2257 1766 2311 ad

174 2355 305 2407 loca
335 2353 432 2405 sibi
463 2369 565 2406 non
596 2352 845 2422 deputata
873 2352 1124 2406 transire.
1160 2350 1312 2416 Quod
1340 2365 1460 2402 cum
1489 2361 1634 2404 recte
1664 2366 1767 2402 non

172 2443 517 2516 permittitur
568 2444 894 2511 iuculpatis,
947 2441 1117 2498 multo
1169 2442 1345 2495 minus
1388 2442 1544 2494 debet
1608 2440 1771 2496 licere

163 2534 472 2604 Suspectis.
499 2533 729 2590 Proinde
756 2533 971 2588 dilectio
1005 2543 1114 2595 tua,
1145 2529 1296 2598 cujus
1327 2531 1615 2586 devotione
1643 2548 1770 2602 gau-

173 2627 397 2692 demus,
423 2627 614 2697 jungat
653 2642 842 2683 curam
870 2641 1022 2680 suam
1064 2625 1514 2696 disposuionibus
1547 2626 1769 2688 nostris,

169 2731 234 2774 et
303 2736 428 2775 cum
458 2716 784 2790 supradicto
839 2721 1254 2790 metropolitano
1309 2719 1400 2774 det
1445 2709 1662 2788 operam
1717 2729 1772 2771 nt

174 2811 577 2879 circumspecte
629 2811 886 2866 velociter
917 2811 1241 2879 impleantur
1272 2826 1333 2864 ea
1366 2825 1483 2878 qtne
1510 2811 1574 2863 ad
1609 2811 1772 2863 totius

173 2902 440 2960 Ecclesia:
479 2902 900 2960 incolumitatem
932 2912 985 2959 et
1023 2903 1359 2972 laudabiliter
1391 2912 1514 2958 sunt
1540 2903 1769 2972 gestul'ct

175 2999 475 3058 salubriter
505 2998 774 3054 ordinata.
1278 2966 1312 3003 θ

469 3136 601 3192 LVI.
626 3167 694 3176 -—
729 3136 862 3190 Item
892 3139 1126 3207 ejusdem
1156 3137 1225 3190 ad
1251 3138 1502 3191 eumdem.

257 3268 540 3324 Relatione
587 3268 771 3324 fratris
823 3278 880 3325 et
937 3271 1240 3342 coepiscopi
1293 3274 1458 3326 nostri
1520 3271 1770 3344 Septimi,

175 3378 305 3432 quae
340 3363 389 3418 in
418 3361 645 3421 subditis
691 3361 943 3428 habetur,
995 3364 1312 3434 agnovimus
1355 3365 1617 3436 quosdam
1653 3381 1774 3435 prc~

177 3458 456 3526 sbyteros,
494 3455 765 3519 diacones,
804 3469 870 3508 ac
898 3454 1096 3511 diversi
1121 3455 1329 3511 ordinis
1359 3455 1605 3521 clericos,
1639 3472 1774 3526 quos

179 3547 494 3619 Pelagiana,
547 3546 627 3602 vel
658 3546 986 3603 Coelestiana
1011 3547 1233 3603 haeresis
1257 3548 1507 3603 habuerit
1534 3548 1775 3620 implica—

182 3648 307 3701 tos,
346 3636 418 3694 ita
477 3638 527 3694 in
565 3647 800 3692 vestram
849 3638 1181 3708 provinciam
1230 3639 1295 3694 ad
1340 3641 1772 3694 connuunionem

178 3727 505 3786 catholicam
553 3727 896 3796 pervenisse,
949 3735 1005 3781 ut
1056 3726 1199 3782 nulla
1251 3729 1318 3782 ah
1365 3729 1444 3784 eis
1491 3728 1771 3782 damnatio

180 3820 389 3892 proprii
419 3819 727 3890 exigeretur
755 3820 978 3885 erroris,
1029 3829 1088 3874 ut
1117 3820 1476 3892 pastoralibus
1507 3824 1658 3876 exeui
1686 3824 1769 3887 iis,

184 3913 414 3970 nimium
446 3913 883 3979 dormitantibus,
934 3914 1091 3984 lupus
1138 3915 1317 3969 ovimn
1344 3915 1573 3986 pellibus
1602 3925 1775 3970 tectus

187 4007 242 4062 in
263 4006 405 4060 ovile
427 4005 786 4073 Dominicum,
812 4021 918 4061 non
942 4007 1198 4077 depositis
1224 4008 1537 4064 bestialibus
1555 4010 1771 4077 animis,

188 4099 459 4159 introiret.
489 4099 553 4152 Et
581 4113 677 4168 per
699 4100 1078 4154 auctoritatem
1113 4117 1380 4156 cauonmn
1409 4103 1775 4159 decretorum-

189 4206 299 4260 que
342 4199 682 4252 nostrorum,
739 4204 805 4242 ne
835 4190 1134 4245 insontibus
1164 4191 1382 4261 quidem
1433 4195 1770 4260 conceditur,

189 4289 510 4351 usurparet,
543 4289 600 4334 ut
631 4278 831 4334 relictis
856 4279 1102 4337 ecclesiis
1133 4296 1185 4334 tn
1216 4281 1411 4351 quibus
1457 4282 1772 4340 clericatum

189 4382 286 4429 aut
313 4380 654 4441 acceperant,
681 4381 774 4426 aut
805 4383 1141 4442 receperant,
1175 4375 1528 4430 instabilitate
1555 4393 1649 4430 sua
1679 4393 1775 4446 per

190 4471 404 4524 diversa
440 4465 911 4529 circumferuntur,
944 4476 1190 4523 amantes
1217 4484 1430 4538 semper
1455 4485 1664 4533 errare,
1721 4479 1776 4524 et

191 4573 463 4629 nunquam
486 4559 538 4613 in
567 4557 918 4612 fundamento
936 4559 1233 4628 apostolico
1255 4574 1590 4629 permanere.
1628 4564 1776 4628 Quo-

190 4653 336 4707 niam
367 4651 505 4720 quod
532 4648 675 4702 nullo
705 4651 930 4704 discussi
965 4651 1231 4714 examine,
1258 4650 1400 4706 nullo
1428 4662 1548 4705 sunt
1576 4655 1772 4723 pl'u‘jtt-

185 4743 335 4798 dicio
363 4756 475 4796 suae
505 4739 856 4811 professionis
884 4742 1156 4805 obstricti,
1207 4744 1351 4797 hunc
1397 4744 1630 4797 maxime
1665 4746 1775 4800 fru-

188 4845 336 4891 ctum
351 4842 633 4904 expetunt,
649 4841 708 4886 ut
734 4833 834 4888 sub
861 4834 1166 4888 velamento
1185 4838 1580 4890 communionis
1595 4839 1774 4906 plures

187 4933 379 4988 domos
401 4931 688 4995 adeant,et
716 4944 814 4999 per
836 4929 952 4985 falsi
987 4933 1222 4986 nominis
1243 4933 1544 4996 scientiam,
1578 4935 1775 4986 untlto-

191 5040 312 5081 rum
349 5024 509 5079 corda
533 5033 902 5094 corrumpant.
928 5023 1188 5093 Quodque
1215 5027 1399 5094 utique
1422 5025 1636 5080 eﬂicere
1666 5043 1772 5081 non

192 5125 444 5190 possent,
495 5116 542 5170 si
573 5115 923 5171 ecclesiarum
951 5116 1208 5184 praesules
1255 5119 1619 5173 necessariam
1653 5120 1778 5174 dili-

176 5186 428 5284 ⁵χιιιιιίιιιῐι
457 5209 512 5265 in
536 5209 723 5264 talium
749 5210 1054 5278 receptione
1079 5219 1378 5275 servarent,
1405 5226 1503 5265 nec
1523 5211 1772 5281 cuiquam

195 5319 381 5362 eorum
409 5303 626 5373 evagari
656 5301 911 5357 licuisset.
959 5300 1037 5356 Ne
1081 5316 1211 5371 ergo
1239 5302 1462 5358 ulterius
1493 5304 1772 5369 audeatur,

199 5410 329 5452 neve
359 5412 456 5468 per
505 5398 862 5468 quorumdam
902 5399 1284 5470 negligentiam
1320 5399 1626 5455 introducta
1654 5416 1776 5470 per-

199 5487 366 5544 nicies
415 5488 481 5543 ad
516 5489 852 5544 eversionem
899 5489 1190 5544 multarum
1222 5490 1406 5546 tendat
1435 5490 1736 5550 animarum
1757 5533 1771 5558 ,

203 5579 299 5633 hac
323 5579 491 5633 nostri
522 5580 844 5635 auctoritate
868 5581 1121 5650 ιιι-ποθι)ιί
1151 5582 1424 5638 industriae
1458 5592 1560 5638 tuae
1588 5583 1778 5639 frater-

205 5671 386 5725 nitatis
417 5671 734 5739 indicimus,
782 5681 841 5728 ut
887 5683 1210 5745 congregata
1260 5676 1398 5745 apud
1443 5691 1540 5730 vos
1571 5679 1776 5746 synodo

203 5760 608 5831 provincialium
639 5765 975 5822 sacerdotum
998 5806 1012 5828 ,
1061 5779 1252 5823 omnes
1297 5766 1411 5823 sive
1440 5767 1738 5826 uresbvteri
1761 5807 1775 5831 ,

1885 1884 1936 1936 in
1961 1899 2279 1955 quacunque
2304 1889 2566 1957 particula
2600 1890 2865 1960 dogmatis
2896 1897 3236 1960 exsecrandi,
3266 1912 3368 1968 qua
3406 1913 3464 1952 se

1882 1991 1911 2030 a
1935 1977 2307 2034 damnatorum
2345 1983 2608 2038 societate
2641 1985 3016 2051 discreverim,
3049 1987 3182 2042 nihil
3210 1990 3311 2044 sibi
3342 2005 3466 2044 sett-

1878 2084 2032 2122 sumu
2065 2085 2284 2124 suorum
2315 2075 2587 2129 aestiment
2627 2091 2746 2131 esse
2791 2092 2894 2131 non
2938 2079 3167 2132 salvum.
3218 2080 3462 2150 Cumque

1851 2177 2064 2233 .Ouun‘s
2104 2162 2448 2220 dillinitioues
2484 2183 2608 2222 suas
2661 2169 2726 2222 ad
2775 2177 2980 2225 tantam
3014 2172 3330 2228 facilitatem
3363 2175 3468 2228 im-

1874 2255 2104 2332 probare
2137 2270 2192 2308 se
2221 2256 2496 2321 simulent,
2548 2269 2712 2330 atque
2759 2261 3047 2332 deponere,
3080 2265 3179 2320 hoc
3209 2266 3308 2322 sibi
3351 2275 3460 2322 tota

1880 2354 1997 2397 arte
2039 2345 2274 2409 fallendi,
2309 2347 2409 2400 nisi
2461 2349 2812 2420 intelligatur,
2855 2355 3151 2425 excipiunt,
3205 2365 3258 2411 ut
3291 2359 3463 2429 gratia

1877 2436 1967 2490 Dei
2021 2437 2314 2491 secunlum
2372 2441 2561 2494 merita
2615 2442 2727 2496 dari
2761 2444 3140 2515 accipientium
3171 2449 3456 2503 sentiatur.

1878 2529 2005 2594 Qum
2049 2530 2145 2583 nisi
2190 2532 2357 2600 gratis
2392 2532 2572 2596 datur,
2613 2551 2715 2591 non
2767 2546 2849 2591 est
2888 2540 3080 2608 gratia,
3125 2542 3220 2595 sed
3256 2557 3467 2599 merces

1879 2620 2266 2689 retributioun
2304 2625 2641 2699 meritorum,
2699 2627 2909 2684 dicente
2962 2629 3119 2686 beato
3163 2631 3460 2702 Apostolo:

1883 2730 1898 2760 ι
1933 2711 2113 2764 Gratia
2146 2714 2276 2768 salvi
2311 2715 2434 2768 t'acti
2467 2717 2599 2772 estis
2630 2733 2724 2790 per
2769 2719 2948 2785 fidem,
2986 2723 3088 2779 hoc
3136 2741 3240 2780 non
3275 2741 3339 2781 ex
3374 2744 3465 2781 vo-

1875 2803 1977 2869 bis,
2024 2807 2116 2860 sed
2164 2808 2254 2860 Dei
2299 2809 2496 2862 donum
2524 2821 2626 2864 est.
2677 2810 2790 2867 Non
2810 2830 2900 2894 ἐκ
2932 2817 3184 2884 operibus
3232 2835 3297 2872 ne
3327 2819 3466 2875 forte

1874 2899 1994 2968 quis
2023 2899 2328 2965 extollatur,
2366 2902 2531 2972 ipsius
2554 2905 2697 2959 enim
2743 2921 2929 2961 sumus
2957 2908 3267 2978 ﬁgmentum
3297 2913 3467 2968 creati

1876 2989 2328 3045 inClit'istoJes21
2369 2993 2418 3045 in
2462 2995 2719 3063 operibus
2762 3012 2880 3066 qua:
2924 3002 3249 3068 praeparavit
3295 3001 3454 3069 Deus,

1877 3082 2012 3134 utin
2045 3081 2133 3136 illo
2175 3083 2511 3138 ambulemus
2551 3085 2768 3157 (Ep/tes.
2803 3105 2864 3152 ιι,
2896 3089 3059 3160 8-10).
3099 3113 3115 3143 ι
3151 3091 3340 3148 Oumis
3367 3095 3463 3148 ita-

1875 3188 1980 3242 que
2007 3174 2268 3228 bonorum
2300 3192 2524 3245 operum
2571 3177 2784 3234 devotio
2812 3181 2987 3235 divina
3013 3187 3335 3253 praeparatio
3358 3199 3460 3254 cst,

1878 3281 1979 3320 nec
2010 3267 2224 3336 propria
2265 3269 2549 3337 quisquam
2575 3268 2905 3338 justilicatur
2948 3274 3167 3339 virtute,
3206 3281 3463 3348 quoniam

1875 3360 2051 3430 gratia
2120 3359 2410 3430 unicuique
2467 3361 2788 3433 principimu
2839 3365 3063 3436 justitiae
3113 3378 3166 3423 et
3201 3367 3463 3428 bonormu

1877 3448 1996 3504 fons
2045 3458 2206 3520 atque
2231 3452 2383 3521 origo
2427 3453 2744 3508 meritorum
2788 3465 2889 3510 est.
2941 3456 3046 3512 Sed
3096 3459 3162 3516 ab
3194 3461 3312 3518 istis
3345 3464 3463 3519 ideo

1875 3555 1973 3610 per
2007 3543 2305 3595 naturalem
2337 3543 2654 3597 itnslustriam
2697 3545 2896 3601 dicitur
2919 3551 3224 3619 praeveniri,
3257 3562 3313 3606 ut
3341 3569 3461 3624 quae

1876 3640 2004 3690 ante
2035 3634 2263 3700 gratiam
2292 3635 2506 3703 prOprio
2533 3635 2674 3689 clara
2703 3640 2772 3692 sit
2799 3640 2998 3705 studio,
3044 3641 3188 3696 nullo
3217 3646 3463 3702 videatur

1876 3727 2082 3796 peccati
2111 3727 2387 3797 originalis
2417 3729 2635 3785 vulnere
2658 3733 2920 3788 sauciata.
2967 3735 3092 3792 Ideo
3133 3739 3298 3794 etiam
3338 3756 3463 3810 par-

1879 3818 2030 3878 vulos
2058 3819 2259 3882 dicunt,
2294 3819 2336 3872 si
2365 3818 2481 3875 sine
2532 3822 2798 3890 baptismo
2829 3824 2954 3880 hinc
2984 3827 3048 3880 de
3076 3829 3272 3884 sarculo
3298 3831 3460 3904 213

1877 3910 2132 3974 exierint,
2165 3927 2269 3965 non
2307 3927 2463 3980 posse
2494 3912 2758 3980 damnari,
2789 3931 2962 3987 neque
3000 3934 3121 3974 reos
3151 3920 3201 3974 in
3238 3934 3460 3991 peccato

1875 4002 2005 4056 Adae
2029 4002 2220 4064 teneri,
2253 4004 2347 4057 sed
2377 4003 2442 4056 ad
2473 4020 2691 4074 regnum
2733 4005 2826 4061 Dei
2868 4007 2953 4063 vel
2986 4011 3051 4064 ad
3088 4012 3249 4066 vitam
3304 4025 3461 4068 atter-

1879 4112 2003 4149 nam
2032 4095 2147 4150 sine
2199 4096 2298 4149 ulla
2334 4099 2676 4152 inundatione
2727 4100 2947 4168 venire,
3004 4118 3126 4157 cum
3167 4104 3461 4175 Apostolus

1879 4186 2061 4240 dicat:
2097 4206 2113 4236 (
2153 4187 2439 4242 [’crunum
2491 4190 2763 4245 hominem
2819 4201 3096 4261 peccatum
3149 4195 3366 4251 intravit
3408 4198 3460 4251 in
3527 4193 3535 4202 ’

1881 4278 2160 4344 n'mndum,
2205 4289 2257 4332 ct
2300 4296 2394 4349 per
2427 4292 2704 4349 peccatum
2735 4300 2917 4352 mors,
2961 4295 3015 4341 et
3065 4288 3139 4342 ita
3172 4291 3223 4343 in
3277 4307 3464 4347 omnes

1882 4372 2127 4426 homines
2163 4375 2468 4441 pertransiit
2505 4374 2681 4443 (Rom.
2708 4392 2760 4441 v,
2789 4377 2909 4448 '12);
2947 4398 2966 4431 ι
3004 4390 3222 4452 propter
3246 4385 3466 4452 quodet

1880 4464 1979 4533 ipsi
2007 4465 2213 4533 parvuli
2252 4467 2614 4538 baptizautur.
2643 4469 2898 4534 Quamvis
2927 4472 2977 4525 in
3007 4472 3096 4526 illo
3126 4491 3231 4528 uno
3260 4477 3466 4544 possint

1809 4559 1856 4618 Ι)
1885 4556 2103 4624 intelligi
2147 4555 2295 4624 plura
2331 4567 2572 4625 peccata,
2619 4559 2661 4610 si
2690 4575 2852 4613 unum
2883 4562 3053 4630 ipsum
3094 4564 3144 4615 in
3189 4579 3282 4618 sua
3309 4568 3462 4634 quasi

1883 4652 2124 4703 membra
2154 4650 2363 4718 singula
2395 4652 2687 4705 dividatur.

1952 4746 2082 4798 Nam
2112 4755 2164 4798 et
2191 4747 2437 4812 suptaloia
2466 4756 2548 4798 est
2572 4746 2699 4804 illie.
2722 4746 2844 4815 quia
2878 4746 2928 4800 in
2959 4763 3053 4800 sua
3099 4749 3256 4802 Immo
3286 4750 3464 4819 potius

1879 4851 1998 4890 csse
2031 4851 2191 4904 quam
2238 4835 2286 4887 in
2315 4835 2404 4886 Dei
2456 4845 2721 4904 potestate
2765 4835 2982 4900 dilexit;
3015 4845 3068 4889 et
3096 4836 3460 4907 sacrilegium,

1879 4931 2001 4997 quia
2039 4931 2145 4981 Deo
2175 4945 2274 4980 non
2302 4927 2547 4989 credidit;
2573 4939 2624 4979 et
2656 4927 3021 4992 homicidium,
3048 4931 3172 4997 quia
3199 4945 3255 4983 se
3277 4932 3464 4998 prmci-

1878 5022 2064 5092 pitavit
2095 5021 2144 5074 in
2169 5030 2418 5083 mortem;
2442 5029 2494 5072 et
2525 5017 2809 5073 fornicatio
2838 5020 3152 5087 spiritualis,
3179 5022 3301 5090 quia
3328 5023 3464 5075 inte-

1880 5115 2048 5185 gritas
2078 5113 2271 5166 mentis
2314 5113 2559 5165 humanae
2589 5110 2899 5181 serpentina
2933 5113 3187 5168 suasione
3208 5123 3462 5184 corrupta

1879 5218 1992 5268 eSt;
2021 5214 2072 5261 et
2114 5205 2336 5271 furtum,
2358 5207 2482 5275 quia
2514 5205 2816 5274 prohibitus
2857 5214 3144 5276 usurpatus
3170 5216 3252 5264 est
3281 5209 3459 5272 cibus;

1879 5311 1934 5358 et
1962 5301 2210 5365 avaritia,
2242 5300 2364 5369 quia
2393 5299 2513 5370 plus
2537 5314 2696 5369 quam
2739 5297 2984 5355 sufﬁcere
3014 5300 3087 5354 illi
3138 5301 3319 5356 debuit
3365 5317 3460 5372 τψ-

1880 5393 2092 5464 petivit,
2119 5401 2173 5446 et
2193 5391 2237 5446 si
2258 5392 2400 5462 quod
2430 5391 2572 5444 aliud
2600 5391 2652 5444 in
2685 5391 2786 5446 hoc
2811 5407 2920 5446 uno
2960 5393 3196 5447 admisso
3221 5391 3461 5464 diligenti

1878 5471 2317 5543 consideratione
2358 5485 2558 5554 poterit
2608 5485 2859 5540 inveniri.
2907 5485 3198 5538 Parenttttn
3249 5500 3460 5553 quoque

1879 5580 2113 5651 peccatis
2140 5575 2391 5648 parvulos
2419 5577 2645 5648 obligari
2695 5593 2798 5632 non
2831 5578 3004 5631 solum
3042 5579 3334 5648 primorum
3367 5581 3463 5633 lio-

1879 5674 2102 5733 minum,
2137 5672 2228 5725 sed
2259 5670 2418 5724 etiam
2456 5685 2672 5724 suorum
2703 5671 2768 5724 de
2794 5669 2985 5738 quibus
3027 5671 3122 5738 ipsi
3165 5669 3272 5722 nati
3314 5681 3457 5731 sunt,

1881 5779 1987 5819 non
2048 5748 2472 5832 improbabiliter
2516 5760 2727 5814 dicitur.
2801 5761 2888 5814 Illa
2944 5760 3139 5830 quippe
3193 5762 3459 5816 sententia
