3968 6446
597 324 703 382 865

1479 313 1773 371 APPEND.
1809 312 1902 367 AD
1950 308 2127 365 SEC.
2168 307 2261 363 IX.
2292 340 2361 351 —
2396 308 2647 368 lSlDORI
2677 312 3122 371 MERCATORIS
3739 319 3812 378 ὅθι

594 440 813 496 reddam
847 442 1065 506 peccata
1116 432 1349 503 primum
1394 430 1445 483 in
1477 428 1615 483 filios
1637 470 1651 491 ,
1684 434 1830 481 tenet
1858 440 1950 479 eos
1996 423 2182 490 utique
2221 430 2257 483 Λ
2292 424 2514 479 multam
2543 442 2685 498 saepe
2715 430 2963 483 nutriunt
3009 429 3393 499 pestilentiam,
3440 429 3564 486 dum
3608 437 3814 491 auslerio.

592 543 880 601 antequam
930 544 1024 598 per
1070 525 1472 597 generationem
1525 522 1590 575 ad
1617 519 2023 574 Testamentum
2074 513 2187 567 Νο-

590 639 719 680 vum
772 620 1026 691 incipiant
1076 616 1347 689 pertinere
1375 654 1391 679 ,
1433 612 1576 682 quod
1617 609 2019 665 Testamentum
2069 620 2195 675 pro-

591 713 936 786 phetabatur,
962 723 1085 765 cum
1117 706 1390 760 diceretur
1416 718 1516 773 per
1544 698 1885 757 Ezechielem
1908 738 1922 761 ,
1961 711 2069 751 non
2100 710 2195 752 ac-

590 784 844 873 cepturos
873 798 1011 853 filios
1047 804 1269 867 peccata
1309 800 1599 866 parentum
1645 803 1889 853 suorum,
1920 801 2020 842 nec
2054 784 2194 839 ulte-

590 894 704 949 rius
720 892 956 946 futuram
986 889 1038 944 in
1063 886 1224 943 Israel
1246 884 1560 958 parabolam
1577 881 1755 938 illam:
1786 899 1804 932 ι
1827 878 2019 935 Patres
2040 890 2193 931 man-

589 989 931 1043 ducaverunt
975 998 1133 1037 uvam
1181 978 1457 1043 acerbam,
1497 985 1551 1033 et
1582 976 1774 1047 dentes
1816 971 2050 1028 filiorum
2091 968 2192 1025 ob-

588 1089 905 1153 stupescunt
932 1076 1068 1151 (Jer.
1094 1091 1247 1139 xxxi,
1274 1073 1388 1145 29).
1419 1091 1439 1126 ι
1472 1070 1598 1127 Ideo
1631 1068 1775 1125 enim
1801 1079 2081 1138 quousque
2111 1078 2193 1118 re-

588 1172 855 1235 nascitur,
885 1178 945 1224 ut
974 1166 1216 1224 solvatur
1254 1166 1309 1220 in
1334 1177 1401 1219 eo
1429 1160 1694 1232 quidquid
1715 1156 1929 1225 peccati
1954 1164 2036 1212 est
2067 1169 2190 1210 cum

587 1280 697 1338 quo
744 1262 1007 1319 nascitur.
1058 1258 1191 1314 Nam
1235 1264 1457 1329 peccata
1509 1268 1632 1325 quae
1664 1251 1806 1309 male
1850 1248 2058 1323 agendo
2097 1261 2191 1318 po-

587 1367 703 1417 stea
735 1355 1171 1417 committuntur,
1201 1358 1427 1424 possunt
1451 1356 1509 1404 et
1523 1345 1841 1418 paenitendo
1861 1339 2189 1407 sanari,sic-

586 1451 835 1507 utetiam
861 1455 985 1519 post
1008 1445 1337 1517 baptismum
1370 1441 1487 1496 fieri
1514 1441 1782 1496 videmus.
1828 1438 1908 1493 Ac
1958 1449 2058 1507 per
2086 1433 2191 1489 hoc

586 1557 696 1600 non
728 1549 812 1598 est
831 1538 1077 1595 instituta
1103 1532 1594 1608 regeneratio,nisi
1618 1530 1742 1600 quia
1761 1528 1954 1584 vitiosa
1985 1533 2069 1580 est
2093 1539 2188 1595 ge-

585 1636 822 1699 neratio,
838 1647 1009 1703 usque
1030 1630 1165 1686 adeo
1188 1637 1248 1684 ut
1271 1628 1434 1684 etiam
1478 1625 1549 1680 de
1572 1621 1817 1695 legitimo
1843 1614 2190 1675 matrimonio

584 1734 908 1801 procreatus
937 1724 1083 1780 dicat
1109 1738 1122 1775 :
1153 1740 1173 1774 ι
1210 1719 1268 1774 In
1307 1714 1685 1801 iniquitatibus
1715 1717 2011 1781 conceptus
2040 1719 2186 1772 sum,

2294 535 2406 573 rem
2435 520 2775 576 dissimulant
2805 521 3063 577 adhibere
3106 525 3466 579 medecinam.

2365 614 2515 669 LVII.
2540 644 2611 655 --
2632 614 2714 668 Ad
2746 616 3010 671 unit'ersos
3039 619 3303 689 episcopos
3327 636 3423 689 per
3442 619 3763 690 Campaniam.

2363 705 2474 762 Leo
2496 706 2762 762 universis
2781 708 3049 780 episcopis
3063 725 3163 779 per
3178 708 3553 788 Campaniam.
3568 709 3796 772 Samnium

2293 797 2595 853 Picenium.
3296 785 3301 788 ’

2363 891 2552 962 Magna
2588 892 2957 965 indignatione
2995 876 3364 959 commoveor,
3395 901 3453 949 et
3495 894 3651 950 multo
3680 895 3815 955 dolore

2291 976 2607 1050 contristor,
2632 986 2773 1055 quod
2796 985 3152 1056 quosdamex
3176 985 3329 1041 vobis
3354 986 3591 1060 comperi
3604 1001 3705 1043 esse
3722 1002 3815 1060 apo-

2290 1078 2498 1134 stolicae
2534 1078 2843 1135 traditionis
2878 1079 3096 1143 oblitos,
3134 1087 3192 1136 et
3226 1058 3407 1134 studio
3450 1079 3532 1135 sui
3568 1058 3813 1139 erroris—in-

2293 1178 2493 1237 tentos,
2520 1179 2576 1224 ut
2590 1181 2787 1241 praeter
2808 1169 3032 1226 Pascha:
3046 1170 3265 1237 festum,
3290 1171 3377 1226 cui
3400 1171 3515 1226 sola
3536 1170 3812 1232 Pentecoste!

2290 1261 2606 1316 solemnitas
2640 1272 3013 1333 comparatur,
3048 1264 3283 1317 audeant
3326 1263 3551 1338 sibimet
3575 1280 3667 1321 non
3686 1266 3810 1338 aliqua

2290 1352 2541 1409 humana:
2569 1352 3245 1410 inllrmitatisuecessitate
3269 1346 3522 1426 cogente,
3544 1356 3630 1410 sed
3650 1356 3740 1411 sola
3762 1358 3816 1412 in-

2290 1442 2614 1515 disciplinati
2649 1445 2859 1500 arbitrii
2900 1445 3174 1511 libertate,
3209 1444 3300 1515 jus
3339 1428 3672 1516 baptismatis
3694 1447 3815 1502 nudi-

2289 1550 2436 1601 care,
2456 1544 2513 1590 et
2532 1535 2584 1590 in
2606 1535 2877 1591 natalibus
2899 1528 3197 1608 martyrum
3216 1551 3451 1606 quorum
3477 1536 3595 1591 linis
3611 1537 3814 1593 aliterho-

2288 1628 2567 1684 norandus
2592 1636 2678 1683 est
2697 1643 2858 1699 quam
2884 1628 3000 1707 dies
3038 1627 3331 1683 Dominicm
3352 1627 3635 1699 passionis,
3656 1642 3814 1698 regene-

2289 1719 2520 1775 rationis
2546 1719 2824 1775 celebrare
2850 1713 3108 1790 mysteria
3126 1758 3140 1784 ,
3162 1734 3225 1775 ac
3238 1718 3357 1774 sine
3374 1718 3505 1791 pllis
3530 1719 3813 1789 spiritualium

586 1830 643 1881 et
668 1822 720 1876 in
749 1818 988 1893 peccatis
1012 1825 1186 1871 mater
1205 1828 1292 1868 me
1321 1811 1375 1867 in
1393 1800 1400 1808 ’
1421 1818 1577 1865 utero
1612 1806 1743 1861 aluit
1765 1801 1937 1877 (Ρεαιο
1963 1818 2019 1867 ιι,
2039 1797 2119 1871 δ)ο
2148 1816 2166 1850 ³
2211 1785 2258 1846 Β
2284 1812 2683 1869 eruditionibus
2714 1785 3195 1884 praeparationum,
3225 1811 3298 1866 ita
3315 1785 3632 1866 v‘itdibustet
3656 1810 3813 1881 imperi-

585 1912 775 1984 Neque
839 1909 930 1966 hic
972 1906 1111 1963 dixit
1148 1902 1469 1974 iniquitate,
1512 1897 1599 1954 vel
1646 1896 1701 1952 in
1749 1902 2005 1966 peccato,
2051 1905 2173 1946 cum

583 2005 690 2062 hoc
735 2011 883 2060 recte
922 2000 1029 2057 dici
1070 2004 1289 2072 posset,
1351 1994 1445 2051 sed
1489 1990 1808 2061 iniquitates
1851 1994 1907 2043 et
1958 1990 2183 2054 peccata

585 2097 766 2152 dicere
808 2090 1021 2157 maluit,
1065 2089 1192 2160 quia
1244 2094 1299 2143 et
1344 2084 1399 2140 in
1451 2082 1541 2140 illo
1580 2095 1690 2135 uno
1715 2078 1863 2149 quod
1900 2076 1954 2131 in
1992 2089 2182 2130 omnes

583 2188 836 2245 homines
871 2181 1247 2257 pertransivit,
1278 2188 1442 2249 atque
1474 2184 1584 2231 tam
1614 2187 1867 2243 magnum
1896 2179 1979 2225 est
2030 2176 2091 2223 ut
2118 2182 2183 2223 eo

583 2287 911 2344 mutaretur,
938 2284 994 2330 et
1022 2279 1433 2330 converteretur
1462 2267 1517 2322 in
1560 2264 1943 2321 necessitatem
1990 2259 2184 2314 mortis

582 2372 823 2430 humana
872 2375 1087 2432 natura,
1140 2366 1282 2420 sicut
1328 2375 1493 2434 supra
1539 2357 1796 2422 disserui,
1834 2352 2184 2425 reperiuntur

582 2463 740 2537 plura
794 2467 1019 2533 peccata
1064 2465 1122 2512 et
1159 2455 1261 2512 alia
1306 2462 1631 2526 parentum,
1662 2463 1782 2519 quae
1820 2461 1926 2500 non
1959 2448 2186 2515 possunt

582 2567 797 2614 mutare
815 2563 1091 2616 naturam,
1110 2557 1262 2605 reatu
1288 2556 1467 2601 tamen
1490 2543 1731 2613 obligant
1756 2538 1917 2601 filios,
1936 2537 2036 2591 nisi
2062 2549 2185 2605 gra-

581 2652 720 2709 tuita
745 2649 917 2720 gratia
936 2653 993 2702 et
1013 2640 1388 2701 misericordia
1414 2637 1594 2693 divina
1617 2630 1965 2689 subveniunt.
1996 2626 2041 2680 A
2059 2639 2183 2696 par-

580 2742 708 2800 vulo
736 2740 882 2798 enim
909 2750 1100 2793 recens
1131 2741 1279 2797 nato,
1311 2743 1481 2798 usque
1516 2726 1582 2781 ad
1608 2722 1942 2791 decrepitum
1972 2730 2180 2780 senem,

580 2831 883 2908 quamlibet
910 2825 1159 2898 corporis
1186 2831 1403 2879 actatem
1431 2826 1646 2890 gerant,
1678 2814 1820 2868 sicut
1847 2808 2023 2863 nullus
2054 2819 2181 2877 pro-

582 2902 853 2987 bibendus
879 2931 963 2979 est
993 2937 1023 2976 a
1054 2916 1347 2988 baptismo,
1379 2913 1453 2967 ita
1485 2908 1665 2965 nullus
1690 2914 1774 2961 est
1796 2902 1886 2972 qui
1925 2916 2031 2956 non
2060 2912 2185 2969 pec-

581 3030 705 3080 cato
756 3016 1019 3074 moriatur
1062 3013 1117 3068 in
1155 3007 1447 3081 baptismo.
1498 3001 1605 3058 Sed
1654 2995 1867 3070 parvuli
1907 2989 2179 3065 originali,

580 3108 819 3181 majores
864 3113 1046 3161 autem
1090 3100 1254 3157 etiam
1295 3097 1382 3152 his
1426 3092 1677 3149 omnibus
1712 3086 2019 3144 moriuntur
2053 3095 2182 3152 pee-

581 3170 719 3262 catis
764 3209 1102 3272 quaecunque
1145 3190 1287 3248 male
1330 3186 1563 3243 vivendo
1631 3180 1888 3236 addidere
2052 3170 2184 3272 illud

584 3292 727 3366 quod
779 3260 1056 3347 nascendo
1089 3292 1324 3339 traxere.
1374 3273 1687 3333 Cavendum
1738 3282 1867 3339 ergo
1907 3260 2185 3320 dilectioni

584 3361 689 3442 tute
724 3392 812 3439 est
845 3390 1151 3450 magnaque
1197 3370 1476 3443 diligentia
1517 3361 1911 3438 providendum
1936 3397 1950 3421 ,
1985 3369 2052 3409 ne
2086 3368 2186 3424 per

582 3473 888 3548 hujusmodi
906 3444 1152 3527 homines
1165 3464 1427 3521 exstincta
1438 3459 1639 3515 dudum
1654 3448 1905 3511 scandala
1922 3444 2186 3502 susciten-

583 3533 696 3633 In},
722 3573 780 3622 et
807 3564 875 3619 de
900 3560 1087 3619 exciso
1115 3557 1246 3613 olim
1286 3554 1538 3624 dogmate
1574 3543 1780 3616 aliquid
1820 3541 1876 3596 in
1902 3533 2184 3611 provincia

583 3657 826 3730 ejusdem
868 3652 995 3710 mali
1033 3664 1257 3724 germen
1297 3647 1531 3708 oriatur,
1575 3636 1720 3711 quod
1757 3649 1865 3690 non
1915 3629 2088 3686 solum
2128 3626 2183 3681 in

583 3751 860 3811 radicibus
901 3748 1015 3804 suis
1056 3750 1298 3810 crescat,
1351 3738 1445 3796 sed
1484 3736 1652 3793 etiam
1699 3736 1902 3788 sanetae
1932 3720 2184 3780 Ecclesiae

585 3843 827 3901 sobolem
854 3854 1065 3896 veneno
1103 3837 1185 3893 sui
1224 3833 1405 3890 odoris
1433 3827 1660 3885 inliciat.
1694 3821 1795 3890 Qui
1823 3824 2097 3875 correctos
2126 3824 2185 3867 se

584 3934 756 3991 videri
806 3930 994 3987 volunt
1040 3928 1108 3983 ab
1155 3924 1301 3981 omni
1347 3919 1655 3990 suspicione
1713 3926 1773 3967 se
1817 3912 2082 3981 purgent,
2129 3908 2187 3955 et

585 4026 887 4088 obediendo
921 4022 1075 4078 nobis
1112 4017 1356 4090 praebent
1393 4028 1452 4068 se
1479 4024 1602 4065 esse
1637 4012 1878 4061 nostros.
1940 3997 2185 4065 Quom

585 4123 633 4180 si
662 4120 948 4192 quisquam
977 4089 1286 4169 salubribus
1311 4103 1596 4177 praeceptis
1640 4094 1959 4154 satisfacere
2002 4089 2182 4144 detre-

585 4177 773 4277 ctarit,
813 4209 928 4266 sive
964 4205 1053 4261 ille
1086 4202 1343 4264 clericus,
1374 4198 1487 4254 sive
1512 4196 1583 4249 sit
1615 4191 1808 4261 laicus,
1841 4185 1907 4240 ab
1933 4177 2187 4238 Ecclesia:

585 4270 850 4365 societate
878 4298 1129 4374 pellatur,
1163 4310 1231 4349 ne
1259 4291 1503 4364 perditor
1531 4286 1726 4343 animm
1754 4294 1867 4337 suae
1893 4272 2052 4331 saluti
2097 4270 2183 4324 in-

584 4362 816 4458 sidietur
850 4362 1062 4450 alienae.
1096 4388 1243 4444 Illam
1261 4362 1495 4456 quoque
1540 4387 1753 4451 partem
1799 4362 2186 4458 ecclesiasticae

586 4490 883 4563 disciplinae
924 4498 1031 4557 qua
1078 4481 1206 4537 olim
1254 4454 1527 4534 aisanctis
1564 4470 1817 4528 Patribus
1863 4474 1917 4519 et
1958 4478 1988 4516 a
2029 4454 2186 4513 nobis

2285 1903 2358 1960 tis
2393 1906 2612 1959 tradere
2651 1910 3073 1968 sacramentum,
3102 1912 3161 1956 ut
3192 1901 3343 1957 circa
3366 1887 3700 1969 lienovandos
3721 1900 3811 1955 nihil

2286 1994 2537 2050 doctrina
2587 1992 2998 2062 ecclesiastica,
3052 1992 3187 2048 nihil
3237 1971 3563 2047 exorcismis
3610 1990 3812 2060 impositio

2286 2101 2567 2153 manuum,
2600 2086 2735 2143 nihil
2775 2086 2889 2157 ipsa
2924 2085 3129 2158 jejunia
3157 2086 3359 2156 quibus
3398 2093 3555 2140 vetus
3589 2084 3725 2139 homo
3750 2082 3812 2138 deo

2287 2178 2541 2245 struitur,
2573 2187 2887 2248 Operentur;
2914 2192 3089 2248 neque
3129 2177 3182 2232 in
3214 2184 3369 2232 tanto
3402 2174 3650 2247 mysterio
3674 2174 3809 2228 salutis

2287 2271 2540 2327 humanm
2588 2257 2734 2324 nulla
2789 2268 2908 2340 ejus
2957 2269 3062 2324 diei
3122 2268 3394 2325 habeatur
3440 2265 3699 2336 exceptio,
3739 2279 3810 2334 quo

2288 2360 2464 2432 ipsum
2491 2361 2690 2417 donum
2719 2369 2804 2417 est
2828 2360 3104 2416 conditum
3142 2357 3579 2415 renascentibus.
3604 2355 3811 2410 Admone-

2287 2469 2409 2509 mus
2455 2454 2639 2523 igitur,
2682 2463 2732 2507 et
2780 2468 2887 2509 non
2916 2453 3033 2507 sine
3061 2452 3303 2523 periculo
3345 2459 3525 2507 status
3567 2463 3723 2505 eorum
3751 2446 3810 2516 qui

2288 2543 2404 2599 haec
2443 2541 2652 2599 faciunt
2698 2552 3084 2613 protestamur,
3121 2551 3181 2596 ut
3211 2541 3280 2596 ab
3329 2541 3439 2595 hac
3468 2534 3809 2609 priesumptione

2287 2646 2550 2700 cessetur,
2595 2644 2652 2692 et
2693 2650 2960 2690 summam
3004 2635 3147 2690 hanc
3202 2624 3806 2704 potentissimamqueDei

2288 2729 2519 2800 gratiam
2557 2742 2665 2783 non
2705 2727 2811 2784 nisi
2852 2727 2904 2782 in
2931 2723 3176 2782 Paschali
3211 2734 3262 2780 et
3284 2723 3633 2779 Pentecostes
3660 2720 3728 2774 die
3749 2717 3808 2772 de

2289 2818 2653 2875 siderantibus
2677 2827 2731 2871 et
2758 2815 3100 2873 credentibus
3126 2812 3447 2893 conferatis,-
3477 2819 3703 2867 manente
3720 2821 3810 2878 quo-

2288 2908 2419 2966 libet
2453 2917 2692 2979 tempore
2714 2907 2961 2979 gravium
3014 2905 3401 2962 necessitatum
3433 2918 3497 2958 ac
3523 2899 3807 2972 periculorum

2290 3000 2729 3057 consideratione
2766 2998 3061 3055 secundum
3103 3010 3266 3067 quam
3298 3001 3552 3065 oporteat
3585 2985 3807 3051 subveniri,

2292 3108 2362 3149 ne
2388 3091 2701 3148 conditione
2725 3088 2942 3145 mortali
2988 3094 3266 3143 coarctata
3307 3085 3598 3141 inﬁrmitas
3623 3091 3805 3137 accessa.

2212 3153 2259 3216 ο
2291 3187 2372 3241 ria
2396 3184 2721 3240 liberatione
2767 3180 3070 3245 fraudetur,
3118 3193 3242 3235 cum
3269 3187 3487 3234 servata
3524 3173 3669 3246 (sicut
3687 3167 3807 3241 perlo-

2288 3278 2401 3334 cuti
2439 3273 2650 3345 sumus)
2678 3274 2908 3329 duarum
2941 3269 3317 3327 tantummodo
3339 3267 3679 3324 festivitatum
3702 3272 3806 3317 rete-

2289 3367 2487 3433 reutia,
2522 3372 2745 3436 propter
2767 3362 2933 3419 multa
2961 3360 3203 3432 pericula
3234 3359 3304 3415 sit
3324 3358 3637 3420 cavendum,
3657 3348 3805 3407 nemi-

2287 3475 2451 3530 quam
2487 3467 2582 3513 aut
2618 3457 2967 3527 iudesperata
2993 3453 3329 3526 aegritudine,
3360 3459 3457 3505 aut
3494 3449 3545 3504 in
3569 3440 3803 3503 hostilitatis

2291 3554 2533 3618 incursu,
2570 3561 2664 3607 aut
2699 3552 2753 3607 in
2790 3551 2993 3606 timore
3020 3546 3288 3618 naufragii
3314 3562 3419 3618 per
3445 3537 3804 3601 sacerdotesDo-

2291 3644 2426 3701 mini
2453 3642 2799 3715 regeneratio
2826 3642 3138 3713 denegetur.
3183 3638 3241 3693 Si
3273 3638 3400 3708 quis
3423 3651 3549 3692 vero
3566 3642 3671 3706 post
3689 3632 3804 3686 inter-

2288 3737 2493 3794 dictum
2524 3735 2578 3790 in
2601 3735 2789 3789 eadem
2814 3731 2980 3787 fuerit
3002 3730 3353 3800 usurpatione
3377 3729 3630 3789 detectus,
3647 3721 3803 3792 dignam

2285 3828 2600 3901 pertinacia:
2632 3842 2744 3882 sua:
2783 3823 2988 3880 incidet
3024 3822 3321 3887 ultionem;
3357 3818 3604 3891 quoniam
3632 3806 3802 3869 ostendit

2288 3935 2348 3976 se
2378 3928 2535 3989 turpe
2558 3917 2741 3988 potius
2781 3914 2992 3971 lucrum
3021 3928 3183 3984 quam
3217 3911 3499 3983 religionis
3527 3906 3699 3963 cultum
3720 3911 3801 3955 esse

2288 4018 2579 4067 sectatum.
2623 4007 2773 4063 Illam
2813 4007 2977 4062 etiam
3013 4014 3200 4061 contra
3241 4002 3588 4074 apostolicam
3627 3991 3799 4066 regulam

2290 4102 2790 4174 praesumptionem,
2834 4112 2994 4169 quam
3023 4111 3197 4167 nuper
3235 4094 3431 4164 agnovi
3479 4107 3508 4147 a
3554 4082 3799 4158 quibusdam

2290 4195 2481 4250 illicita
2515 4191 2869 4263 usurpatione
2900 4187 3204 4252 committi,
3248 4186 3426 4240 modis
3458 4179 3680 4238 omnibus
3714 4182 3797 4226 con-

2290 4287 2458 4342 stituo
2504 4258 2834 4339 submoveri.
2868 4282 2942 4335 De
2971 4278 3293 4350 pmniteutia
3322 4274 3571 4330 videlicet
3598 4280 3696 4339 qua:
3715 4276 3739 4316 ι
3757 4258 3799 4313 ἥ-

2290 4375 2499 4431 delibus
2525 4373 2848 4446 postulatur,
2888 4386 2955 4426 ne
2985 4372 3051 4426 de
3081 4368 3419 4440 singulorum
3447 4376 3630 4438 genere
3659 4350 3797 4411 libellis

2292 4470 2494 4538 scripta
2527 4465 2792 4536 professio
2819 4463 3032 4535 publice
3068 4463 3355 4525 recitetur,
3387 4474 3506 4515 cum
3531 4462 3689 4511 reatus
3708 4459 3796 4501 cote

586 4526 883 4563 υιδιιιιιιιιιυυ
924 4526 1031 4557 viuu-
1080 4526 1206 4537 v-----
1254 4526 1285 4534 ν.
1324 4526 1521 4534 -..η-ηε
1566 4526 1575 4528 -
2404 4526 2419 4538 ι
2529 4526 2543 4536 -
2821 4526 2836 4535 -

585 4602 728 4660 saepe
757 4585 1035 4640 decretum
1060 4584 1179 4641 est,
1210 4580 1269 4628 ut
1304 4585 1407 4626 nec
1461 4568 1514 4622 iu
1557 4564 1964 4636 presbyteratus
2001 4551 2172 4623 gradu
2204 4526 2254 4586 Β
2281 4562 2628 4617 scientiarum
2643 4556 3010 4615 suﬁiciatsolis
3030 4538 3797 4611 sacerdotibusindicareconles'

1682 4657 1693 4660 ’
1931 4650 1962 4660 Α.
2033 4644 2078 4660 m
2121 4645 2133 4656 ’
2314 4653 2325 4660 ⁸
2724 4650 2758 4660 ’“
2933 4648 2942 4658 ι
3074 4646 3086 4657 ·
3210 4646 3222 4660 ι
3301 4646 3334 4660 ο.
3401 4644 3440 4660 ne
3475 4640 3586 4660 ‘91-:
3607 4634 3793 4660 .41-...“-

585 4644 688 4735 nee
719 4677 770 4732 in
800 4675 1116 4729 diaconatus
1141 4667 1352 4730 ordine,
1382 4675 1483 4718 nec
1526 4660 1581 4714 in
1616 4650 1965 4723 subsequeuti
1995 4644 2171 4701 ofﬁcio

585 4769 904 4826 clericorum
926 4764 993 4818 ab
1015 4758 1254 4815 Ecclesia
1283 4755 1534 4825 cuiquam
1559 4747 1790 4804 transire
1818 4744 1890 4798 sit
1916 4739 2168 4803 liberum,

576 4846 645 4916 ut
672 4860 725 4916 in
753 4858 1019 4927 integrum
1048 4864 1292 4914 revoces,
1318 4846 1691 4901 admonemus.
1713 4837 1780 4891 Et
1805 4829 2173 4900 unusquisque

586 4966 694 5007 non
744 4924 1037 5003 ambitione
1089 4940 1338 5004 illectus,
1390 4949 1496 4991 non
1551 4928 1842 5000 cupiditate
1895 4924 2171 4983 seductus,

588 5059 696 5102 non
728 5039 1079 5113 persuasione
1118 5032 1397 5090 hominum
1428 5028 1772 5098 depravatus,
1802 5018 1873 5074 ibi
1909 5014 1998 5072 ubi
2031 5012 2181 5069 ordi-

590 5146 749 5193 natus
788 5144 871 5189 est
912 5136 1241 5201 perseveret.
1296 5122 1374 5177 Ita
1420 5128 1480 5174 ut
1522 5116 1567 5173 si
1609 5113 1730 5186 quis
1767 5126 1865 5167 sua
1905 5118 2176 5179 qua-rens,

590 5242 699 5283 non
728 5237 849 5295 quae
880 5199 1007 5277 Jesu
1032 5215 1256 5281 Christi,
1288 5212 1352 5268 ad
1380 5208 1662 5267 ecclesiam
1698 5217 1850 5260 suam
1876 5199 2053 5255 redire
2080 5209 2177 5250 ne-

592 5316 841 5391 glexerit,
868 5322 923 5368 et
952 5313 1020 5367 ab
1044 5307 1268 5366 honoris
1308 5301 1612 5379 privilegio,
1642 5304 1697 5352 et
1726 5311 1755 5349 a
1783 5286 2178 5349 communionis

590 5376 807 5468 vinculo
844 5404 1108 5461 habeatur
1147 5376 1456 5453 extraneos.
1507 5389 1622 5445 Non
1650 5396 1832 5443 autem
1863 5381 2069 5438 dubitet
2095 5376 2178 5433 di-

592 5501 754 5559 lectio
791 5508 881 5553 tua
912 5510 1011 5551 nos
1048 5492 1094 5549 si
1123 5494 1207 5562 (ut
1234 5503 1341 5544 non
1372 5478 1721 5551 arbitramur)
1769 5476 2011 5548 neglecta
2061 5470 2177 5525 fue-

593 5595 722 5660 rint,
763 5605 883 5662 quae
914 5603 1012 5659 pro
1045 5583 1293 5642 custodia
1338 5592 1629 5641 canonum,
1665 5582 1721 5631 et
1754 5586 1853 5643 pro
1882 5568 2004 5624 tidei
2040 5566 2178 5621 inte-

592 5687 789 5758 gritate
813 5658 1173 5743 decernimus,
1197 5671 1567 5731 vehementius
1588 5663 2028 5726 commovendos,
2052 5658 2180 5730 quia

594 5777 911 5835 inferiorum
937 5772 1190 5830 ordinum
1215 5767 1383 5839 culpae
1414 5764 1481 5820 ad
1508 5761 1682 5818 nullos
1696 5758 1866 5828 magis
1883 5754 2179 5813 referendae

597 5878 746 5937 sunt,
774 5883 937 5941 quam
967 5866 1034 5922 ad
1061 5862 1274 5922 desides
1303 5838 2024 5931 negligentesqiifrectores
2040 5889 2055 5920 ,
2084 5838 2178 5920 qui

2282 4653 2433 4707 sione
2457 4662 2689 4707 secreta.
2719 4648 2976 4716 Quamvis
3001 4646 3146 4701 enim
3170 4644 3449 4717 plenitudo
3473 4640 3590 4697 fidei
3607 4634 3793 4692 videatur

2284 4759 2406 4799 esse
2444 4742 2731 4798 laudabilis
2765 4755 2885 4811 quae
2923 4747 3147 4809 propter
3175 4737 3269 4792 Dei
3319 4738 3561 4791 timorem
3595 4724 3707 4797 apud
3728 4722 3793 4776 h0-

2286 4834 2461 4889 mines
2508 4834 2831 4888 erubescere
2886 4845 2995 4885 non
3052 4838 3292 4895 veretur,
3358 4838 3531 4881 tamen
3579 4818 3682 4889 quia
3717 4823 3790 4866 0°“

2288 4925 2531 4981 omnium
2600 4922 2907 4992 huiusmodi
2973 4928 3098 4977 sunt
3144 4928 3365 4991 peccata
3395 4926 3543 4972 utea
3586 4904 3789 4981 prauitat-

2283 5016 2417 5071 tiam
2465 5023 2695 5086 poscunt
2741 5028 2849 5068 non
2899 5013 3126 5067 timeant
3174 5009 3479 5082 publicare,
3521 5001 3788 5059 removeatur

2284 5106 2716 5179 improbabiliter
2760 5104 3116 5168 consuetudo,
3166 5081 3234 5158 ne
3273 5101 3425 5156 multi
3473 5081 3787 5175 appenitentia

2284 5200 2539 5256 remediis
2583 5207 2894 5261 arceantur,
2943 5197 3070 5251 dum
3107 5202 3201 5250 aut
3237 5194 3575 5253 erubescunt,
3601 5189 3676 5237 aut
3707 5185 3787 5230 me-

2285 5300 2441 5346 tuunt
2472 5290 2705 5346 inimicis
2730 5289 2843 5343 suis
2874 5302 2972 5342 sua
3008 5286 3150 5343 facta
3183 5300 3459 5346 reserare,
3503 5277 3669 5350 quibus
3703 5276 3786 5336 P09

2286 5394 2414 5442 sunt
2461 5384 2637 5457 legum
2668 5383 3083 5437 constitutiones
3110 5378 3347 5451 percelli.
3373 5372 3564 5432 Sufﬁcit
3584 5364 3700 5421 enim
3721 5352 3780 5409 illa

2286 5476 2555 5534 confessio
2577 5491 2696 5547 qum
2724 5475 3083 5546 primumpeo
3096 5471 3337 5535 oﬂ‘ertur,
3358 5479 3478 5525 tunc
3496 5464 3634 5519 etiam
3655 5459 3781 5547 δίων·

2287 5568 2400 5625 doti
2426 5584 2524 5640 pro
2550 5539 2758 5623 delictis
2784 5539 3160 5637 pmnittentium
3186 5570 3437 5636 peccator
3458 5551 3651 5613 accedit.
3674 5539 3778 5595 Tunc

2287 5663 2432 5718 enim
2470 5662 2684 5717 demum
2726 5659 2910 5730 plures
2956 5658 3025 5713 ad
3055 5655 3425 5728 paenitentiam
3456 5642 3777 5730 potet‘IIIIlP'f"

2287 5752 2493 5819 vocari,
2527 5752 2570 5807 si
2597 5728 2779 5837 populi.
2800 5751 3024 5807 auribus
3050 5762 3156 5805 non
3185 5747 3482 5819 publicator
3518 5728 3770 5795 ωηεάωιη

2284 5845 2612 5905 confitentis.
