3832 5364
13 172 99 234 865
1021 157 1514 218 DECRETALIUM
1532 148 1948 217 ‘COLLECTIO.

1557 276 1608 335 Α
1639 268 1750 340 it).
1783 287 1802 322 ι
1840 267 1951 326 Hos
1974 282 2105 340 ergo
2134 268 2443 341 quicunque
2465 269 2600 326 tales
2629 268 2854 328 admissi
2881 281 3009 328 sunt
3035 271 3106 328 ab
3133 287 3224 330 ec-

95 274 251 337 LViiI.
276 301 342 316 -—
359 270 438 327 Ad
465 269 859 353 episcopostper
887 268 1258 342 Campaniam,
1294 278 1424 337 etc.,

581 351 910 397 consalutat.

65 467 107 522 i.
133 462 194 522 Ut
217 459 381 518 nullus
405 457 691 530 episcopus
715 471 932 516 servum
961 454 1186 514 alterius
1214 455 1284 512 ad
1303 453 1538 512 ofilcium

6 559 250 618 clericatus
270 561 599 626 promoveat.
1394 619 1404 628 ἡ

59 650 102 704 2.
142 646 204 704 Ut
242 645 541 716 quicunque
589 643 658 698 ad
705 641 1072 699 sacerdotium
1119 639 1204 696 vel
1249 636 1538 694 viduarum

5 739 151 800 mariti
174 779 188 807 ,
231 737 312 793 vel
355 736 618 792 habentes
670 750 960 792 numerosa
1010 732 1260 804 coniugia
1303 730 1536 802 promoti

3 833 186 896 fuerint,
212 830 278 886 ab
299 827 678 885 ecclesiasticis
703 825 893 883 ciliciis
923 835 1235 882 arceantur.

56 927 100 980 5.
124 922 259 990 Quod
284 934 473 976 usuras
499 935 606 976 non
634 918 807 976 solum
841 918 1028 975 clerici
1054 918 1269 990 exigere
1305 931 1412 972 non
1443 916 1536 972 de-

0 1015 130 1070 beant
155 1011 240 1068 sed
269 1025 364 1066 nec
394 1008 539 1064 laici.

52 1104 98 1159 4.
122 1102 185 1161 Ut
213 1101 433 1158 clericus
460 1114 573 1170 [nec
609 1115 736 1157 suos
772 1114 870 1156 nec
895 1099 1070 1156 alieno
1110 1099 1330 1158 nomine
1376 1097 1532 1155 fenus

0 1204 227 1252 exerceat.

51 1289 94 1343 5.
123 1285 244 1344 Utsi
273 1286 390 1356 quis
419 1286 763 1342 sacerdotum
804 1293 993 1342 contra
1024 1284 1314 1341 interdicta
1342 1281 1534 1339 fecerit

0 1395 23 1434 a
40 1394 118 1436 suo
143 1380 515 1437 submoveatur
541 1376 734 1436 officio.

52 1471 145 1529 Lso
191 1472 470 1542 episcopus
513 1472 664 1528 urbis
710 1471 898 1528 Romae
945 1471 1214 1526 universis
1267 1469 1536 1541 episcopis

0 1578 70 1634 per
88 1561 439 1635 Campaniam,
487 1573 541 1620 et
585 1563 878 1631 Picaenum,
929 1563 1015 1618 vel
1045 1561 1318 1628 Tusciam,
1354 1571 1407 1617 et
1437 1577 1536 1632 per

3113 159 3220 217 866

1641 356 1956 414 clesiasticis
1989 356 2198 426 ofﬁciis,
2229 367 2297 414 et
2321 375 2353 414 a
2377 359 2701 416 sacerdotali
2745 361 3230 434 nomine,”aposto-

1639 448 1757 506 licae
1783 449 1938 506 Sedis
1967 451 2288 508 auctoritate
2308 449 2562 521 iubemus
2586 454 2783 510 arceri.
2810 451 2921 511 Nec
2946 455 3051 512 hoc
3079 453 3228 512 enim

1639 541 1743 597 sibi
1775 550 2029 612 poterunt
2062 558 2160 613 pro
2196 543 2423 600 arbitrio
2464 544 2759 612 vindicare,
2799 546 2953 618 cujus
3001 561 3229 619 capaces

1638 647 1740 704 per
1782 632 1886 688 hoc
1931 634 2075 704 quod
2120 633 2227 689 illis
2271 633 2576 704 obstiterat,
2619 652 2728 693 non
2766 637 3006 694 fuerunt.
3057 637 3228 709 Hujus

1640 725 1992 782 discussionis
2027 743 2215 784 curam
2248 729 2404 785 nobis
2431 730 2742 801 specialiter
2767 731 3133 800 vindicantes,
3161 741 3224 788 ut

1603 820 1687 898 .si
1716 834 1822 890 qua
1861 821 2091 878 forsitan
2127 823 2194 880 de
2227 823 2312 879 his
2349 825 2640 881 commissa
2681 834 2828 892 sunt,
2858 825 3228 898 corrigantur,

1638 925 1710 966 ne
1745 910 1906 967 liceat
1939 911 2080 967 ultra
2113 914 2400 982 committi,
2426 923 2482 971 et
2515 928 2583 970 ne
2606 916 2886 972 excusatio
2913 915 2980 971 de
3010 916 3228 986 ignora-

1642 1004 1786 1058 tione
1798 1014 2073 1073 nascatur,
2098 1021 2406 1078 quanquam
2428 1007 2680 1078 ignorare
2706 1024 2983 1080 nunquam
3011 1008 3227 1064 licuerit

1639 1096 1975 1164 sacerdotem
2005 1097 2150 1167 quod
2182 1113 2451 1154 canonum
2483 1098 2649 1158 fuerit
2687 1100 2890 1171 regulis
2919 1100 3223 1156 deﬁnitum.

1639 1190 1766 1247 ﬂare
1795 1207 1924 1263 ergo
1955 1192 2022 1248 ad
2046 1193 2360 1265 provincias
2381 1204 2591 1250 vestras
2614 1209 2713 1265 per
2744 1193 3114 1250 innocentium
3150 1193 3228 1250 le-

1638 1282 1886 1354 gitimum
1911 1293 1965 1339 et
2001 1283 2276 1356 Segetium
2316 1285 2514 1342 fratres
2547 1295 2602 1342 et
2630 1286 2980 1357 coepiscopos
3009 1294 3227 1342 nostros

1637 1376 1840 1446 scripta
1863 1377 2182 1445 direximus,
2211 1389 2270 1434 ut
2291 1395 2410 1450 qua:
2435 1379 2575 1436 male
2594 1379 2885 1451 pullulasse
2905 1390 3226 1448 noscuntur,

1639 1469 1899 1524 radicitus
1939 1469 2262 1537 evellantur,
2309 1480 2362 1528 et
2390 1486 2620 1529 messem
2647 1472 2985 1528 Dominicam
3019 1471 3227 1528 zizania

1640 1562 1785 1618 nulla
1824 1573 2194 1636 corrumpant.
2239 1564 2317 1619 ita
2362 1565 2507 1623 enim
2553 1565 2793 1622 fructum
2841 1567 3064 1622 uberem
3105 1580 3229 1638 qua:

0 1657 230 1713 universas
250 1657 556 1728 provincias
588 1657 897 1713 constitutis
936 1657 989 1712 in
1019 1655 1250 1712 Domino
1278 1655 1527 1712 salutem.
1560 1647 1607 1708 B
1634 1665 1763 1712 sunt
1799 1655 2014 1714 sincera
2046 1658 2400 1728 praestabunt,
2439 1658 2486 1714 si
2522 1674 2588 1714 ea
2615 1674 2736 1732 quae
2771 1667 2954 1714 natam
2986 1664 3226 1731 segetem

48 1748 154 1804 Car.
171 1748 209 1802 l.
232 1748 296 1805 Ut
317 1749 473 1805 nobis
485 1749 897 1822 gratulationem
911 1748 1040 1805 facit
1056 1749 1402 1805 ecclesiarum
1417 1756 1532 1803 sta-

0 1850 60 1896 tus
84 1840 264 1896 salubri
305 1840 661 1913 dispositione
688 1842 1041 1912 compositus,
1068 1840 1143 1895 ita
1173 1854 1281 1894 non
1309 1837 1412 1894 levi
1435 1853 1532 1894 nos

0 1947 186 1990 merore
216 1931 537 1998 contristat,
601 1933 814 2004 quoties
861 1932 1040 2002 aliqua
1090 1940 1279 1987 contra
1329 1938 1531 1984 statuta

0 2039 214 2081 canonum
252 2025 790 2096 ecclesiasticamque
817 2023 1160 2093 disciplinam
1203 2029 1533 2093 praesumpta

0 2114 56 2170 rei
80 2115 342 2173 commissa
364 2116 765 2189 cognoscimus,
792 2131 912 2187 quae
939 2115 985 2171 si
1013 2131 1119 2171 non
1145 2127 1249 2184 qua
1275 2113 1533 2168 debemus

0 2208 275 2279 vigilantiam
306 2223 656 2266 recensemus
686 2208 762 2264 illi
779 2209 871 2279 qui
897 2222 998 2264 nos
1020 2205 1390 2278 speculatores
1413 2217 1535 2259 esse

0 2299 126 2355 voluit
154 2315 405 2358 excusare
441 2317 552 2357 non
590 2315 898 2372 possumus,
939 2297 1317 2372 permittentes
1357 2295 1537 2352 since-

0 2408 86 2447 rum
110 2409 289 2466 corpus
323 2394 582 2452 Ecclesiae
610 2395 755 2466 quod
798 2395 866 2449 ab
916 2392 1064 2450 omni
1103 2405 1298 2462 purum
1324 2388 1534 2445 macula

0 2487 220 2544 :ustodire
245 2490 509 2546 debemus
538 2488 890 2545 ambientium
932 2487 1177 2559 improba
1214 2485 1536 2556 contagione

0 2576 153 2633 ladani
181 2621 195 2647 ,
221 2594 338 2635 cum
363 2581 481 2652 ipsa
507 2580 612 2636 sidi
641 2581 1010 2638 membrorum
1041 2592 1137 2650 per
1163 2575 1535 2634 dissimilatio-

0 2688 82 2729 rem
106 2689 198 2731 ceu
218 2692 355 2749 pago
390 2663 502 2734 non
527 2684 809 2750 congruat.
838 2674 1209 2732 Admitunttur
1233 2671 1437 2743 passim
1468 2670 1537 2726 ad

0 2771 187 2830 irdinetn
210 2788 427 2828 sacrum
451 2775 650 2848 quibus
673 2771 816 2828 nulla
840 2768 1122 2837 natalium,
1149 2766 1292 2823 nulla
1323 2781 1534 2823 morum

0 2864 180 2936 lignitas
224 2868 588 2941 suffragatur,
619 2876 674 2921 et
697 2864 791 2936 qui
823 2878 854 2918 a
881 2861 1116 2918 dominis
1157 2861 1270 2916 suis
1314 2858 1537 2914 liberta-

0 2971 65 3012 em
87 2960 330 3033 consequi
370 2959 599 3017 minime
631 2964 922 3029 potuerunt
951 2953 1018 3009 ad
1045 2951 1324 3022 fastigium
1350 2965 1532 3006 sacer-

1635 1738 1867 1803 enecare
1896 1757 2312 1815 consueverunt,
2342 1748 2655 1820 diligentius
2682 1757 3054 1820 amputentur.

1704 1837 1790 1893 lli.
1819 1836 1930 1894 Nec
1957 1839 2059 1894 hoc
2080 1854 2295 1912 quoque
2320 1841 2750 1910 praetereundum
2781 1842 3033 1899 duximus
3058 1857 3226 1912 quos-

1637 1930 1762 1986 dam
1791 1929 1928 1986 lucri
1965 1931 2138 2003 turpis
2175 1933 2471 2002 cupiditate
2512 1942 2700 2004 captos
2735 1934 3043 1990 usurariam
3068 1949 3228 1990 exer-

1636 2036 1760 2079 cere
1789 2023 2092 2094 pecuniam,
2133 2033 2187 2082 et
2217 2023 2404 2080 fenore
2445 2024 2582 2082 velle
2616 2026 2901 2081 ditescere.
2933 2025 3088 2093 Quod
3126 2041 3226 2082 nos

1636 2133 1746 2173 non
1781 2118 1954 2174 dicam
1988 2119 2044 2174 in
2075 2134 2168 2176 eos
2194 2120 2285 2190 qui
2315 2129 2444 2176 sunt
2485 2121 2540 2176 in
2584 2121 2825 2177 clericali
2865 2121 3040 2180 oiiicio
3096 2137 3227 2178 con-

1637 2210 1838 2278 stituti,
1877 2212 1970 2268 sed
1997 2212 2054 2267 in
2094 2212 2262 2270 laicos
2301 2213 2518 2282 cadere,
2546 2216 2638 2287 qui
2665 2215 3008 2273 Christianos
3033 2230 3093 2272 se
3117 2215 3226 2272 dici

1637 2302 1885 2378 cupiunt,
1929 2303 2302 2372 condoiemus,
2341 2305 2485 2376 quod
2521 2306 2788 2363 vindicari
2827 2309 3008 2364 acrius
3046 2307 3104 2364 in
3129 2323 3225 2364 eos

1636 2393 1732 2462 qui
1759 2391 1961 2448 fuerint
1998 2395 2331 2466 comprobati
2368 2397 2744 2467 decernimus,
2785 2407 2847 2454 ut
2880 2398 3059 2456 omnis
3097 2412 3226 2472 pec-

1638 2488 1797 2545 candi
1827 2490 2205 2560 opportunitas
2233 2493 2524 2551 adimatur.

1709 2581 1798 2638 iV.
1843 2583 1975 2640 lllud
2011 2585 2176 2641 etiam
2215 2585 2449 2645 diximus
2493 2592 2958 2661 praemonendum,
2985 2601 3048 2648 ut
3083 2591 3226 2650 sicut

1637 2691 1747 2734 non
1779 2691 1897 2743 suo,
1939 2677 2014 2733 ita
2056 2693 2160 2736 nec
2201 2679 2377 2736 alieno
2411 2682 2632 2738 nomine
2671 2683 2865 2754 aliquis
2900 2683 3224 2740 clericorum

1639 2771 2003 2829 exercendum
2034 2773 2191 2830 fenus
2220 2783 2468 2831 attentet.
2514 2776 2776 2833 lndecens
2810 2778 2956 2834 enim
2993 2787 3078 2834 est
3112 2777 3227 2834 eri-

1640 2878 1764 2920 men
1801 2880 1956 2920 suum
1987 2867 2284 2923 commodis
2314 2867 2506 2924 alienis
2545 2869 2878 2938 impendere.
2921 2869 3101 2926 Fenus
3129 2885 3227 2926 au-

1639 2943 1750 3012 tem
1787 2957 1890 3014 hoc
1927 2959 2100 3014 solum
2135 2960 2408 3030 aspicere,
2452 2971 2508 3017 et
2545 2975 2802 3017 exercere
2838 2961 3134 3029 debemus,
3164 2969 3227 3018 ut

0 3050 104 3117 lotii,
134 3023 385 3126 tanquam
419 3023 695 3110 servilitas
725 3051 988 3107 honorem
1014 3047 1195 3116 capiat
1217 3044 1527 3116 provehun-
1557 3023 1604 3088 C
1633 3047 1778 3119 quod
1792 3049 1878 3106 hic
1891 3023 2317 3109 misericorditer
2330 3023 2641 3121 tribuimus,
2663 3023 3224 3125 zlﬂaoominoqui

0 3159 62 3211 ur,
95 3155 146 3203 et
175 3148 392 3218 probari
427 3148 542 3204 Deo
581 3161 639 3203 se
679 3159 838 3217 posse
874 3142 1134 3204 creditur,
1169 3141 1260 3212 qui
1299 3138 1527 3194 Domino

3 3249 56 3291 uo
79 3238 291 3295 necdum
316 3241 556 3312 probare
580 3252 638 3295 se
662 3237 852 3308 potuit.
897 3234 1103 3306 Duplex
1135 3241 1317 3304 itaque
1344 3232 1398 3286 in
1425 3232 1528 3286 hac

0 3341 52 3381 er
75 3337 119 3384 te
152 3340 331 3388 reatus
358 3341 473 3399 est,
513 3330 657 3403 quod
694 3340 750 3386 et
790 3343 1006 3386 sacrum
1044 3327 1370 3401 mysterium
1406 3325 1528 3382 talis

0 3424 196 3479 onsortii
227 3424 440 3481 vilitate
482 3423 762 3496 polluitur,
808 3430 864 3480 et
889 3423 1230 3478 dominorum
1264 3430 1527 3494 quantum

1 3511 27 3566 d
49 3514 230 3573 illicita:
257 3516 604 3589 usupationis
631 3515 989 3571 temeritatem
1018 3514 1256 3586 pertinet
1272 3511 1399 3583 jura
1425 3511 1531 3569 sol-

1 3619 156 3665 uatur.
184 3609 266 3665 Ab
286 3611 376 3666 his
397 3612 608 3680 itaque,
632 3606 830 3665 fratres
854 3606 1184 3674 charissimi,
1211 3621 1401 3663 omnes
1433 3620 1525 3662 ve-

0 3711 75 3758 tra:
99 3707 384 3776 provinciae
413 3703 728 3762 abstineant
748 3687 1085 3767 saCerdotes,
1105 3709 1293 3756 etnon
1320 3706 1531 3754 tantum

0 3795 140 3862 bbis,
169 3800 262 3856 sed
286 3800 356 3855 ab
383 3798 498 3854 illis
531 3796 696 3853 etiam
725 3794 816 3866 qui
847 3793 916 3849 ab
937 3792 1191 3865 originali
1235 3801 1330 3848 aut
1370 3791 1533 3848 alicui

0 3890 232 3946 onditioni
271 3891 506 3964 obligati
554 3899 712 3956 sunt,
751 3887 1001 3945 volumus
1048 3886 1376 3957 temperari,
1429 3885 1534 3940 nisi

0 3990 86 4038 irte
114 3998 296 4042 eorum
329 3985 550 4058 petilio,
574 3992 668 4040 aut
692 3983 940 4040 voluntas
971 3982 1281 4046 accesserit,
1312 3981 1403 4052 qui
1435 3980 1538 4036 ali-

0 4073 75 4129 uid
111 4076 210 4134 sibi
256 4078 312 4134 in
361 4079 446 4135 eis
502 4078 775 4132 vindicant
819 4075 1124 4147 potestatis.
1174 4073 1344 4130 Debet
1388 4074 1535 4131 enim

0 4181 68 4223 sse
106 4169 357 4228 immunis
385 4172 461 4228 ab
492 4170 612 4227 aliis
638 4170 729 4240 qui
768 4168 963 4225 divina:
1007 4167 1214 4223 militia:
1245 4166 1411 4222 fuerit
1439 4181 1534 4236 ag-

0 4263 260 4332 regandus,
285 4274 347 4321 ut
373 4279 406 4318 a
431 4263 628 4319 castris
650 4261 945 4317 Dominicis
969 4260 1165 4330 quibus
1193 4273 1390 4314 nomen
1417 4257 1534 4329 ejus

0 4353 231 4412 scribitur
261 4355 431 4412 nullis
459 4355 802 4411 necessitatis
825 4353 1055 4410 vinculis
1085 4353 1458 4410 abstrahatur.

23 4447 76 4502 ll.
108 4450 288 4517 Qualis
309 4466 447 4508 vero
474 4465 600 4506 cum
627 4448 916 4520 unicuique
941 4448 1247 4505 constiterit
1275 4446 1537 4503 natalium

0 4554 215 4614 onestas,
245 4553 303 4604 et
332 4559 554 4603 morum
583 4558 704 4600 esse
729 4542 922 4598 debeat
950 4540 1092 4598 sacri
1125 4539 1310 4597 altaris
1339 4547 1541 4611 myste-

0 4635 36 4690 io
77 4639 383 4706 sociandus,
431 4645 492 4691 et
529 4633 784 4706 Apostolo
832 4647 931 4690 nos
969 4634 1218 4698 docente,
1261 4641 1317 4688 et
1357 4632 1538 4688 divina

3 4732 302 4801 raeceptione
325 4731 643 4797 didicimus,
673 4738 727 4785 et
750 4743 1016 4785 canonum
1040 4727 1261 4798 regulis,
1288 4743 1319 4782 a
1344 4726 1540 4798 quibus

2 4817 227 4895 lerosque
272 4825 516 4880 fratrum
575 4821 896 4887 declinasse,
939 4830 994 4879 et
1035 4821 1251 4891 penitus
1297 4820 1542 4877 deviasse

1629 3142 2021 3214 multipliciter,
2065 3153 2120 3200 et
2165 3145 2220 3200 in
2261 3153 2581 3216 perpetuum
2629 3161 2884 3202 mensura
2935 3145 3222 3215 retribuet,

1632 3236 1878 3308 recipere
1913 3237 2216 3295 valeamus.

1703 3329 1768 3385 γ.
1808 3329 2118 3402 Hocitaque
2136 3331 2431 3389 admonitio
2459 3341 2642 3390 nostra
2665 3333 2964 3401 denuntiat,
3003 3331 3148 3405 quod
3172 3331 3223 3388 si

1631 3424 1756 3496 quis
1773 3422 2002 3481 fratrum
2029 3433 2214 3482 contra
2230 3426 2345 3482 ιιωο
2367 3427 2658 3483 constituta
2679 3427 2908 3492 venerit,
2932 3425 3016 3482 vel
3038 3425 3226 3482 venire

1633 3518 1948 3587 tentaverit,
1976 3529 2030 3576 et
2062 3519 2331 3590 prohibita
2361 3519 2526 3576 fuerit
2552 3537 2718 3577 ausus
2741 3521 3046 3588 admittere,
3071 3536 3102 3576 a
3125 3536 3226 3577 suo

1634 3627 1695 3668 se
1731 3613 1943 3669 noverit
1979 3611 2154 3670 ofﬁcio
2197 3614 2646 3683 submovendum,
2693 3630 2793 3672 nec
2829 3613 3226 3671 communionis

1635 3714 1833 3761 nostrae
1861 3704 2100 3761 futurum
2127 3721 2249 3763 esse
2271 3717 2577 3764 consortem
2629 3709 2720 3780 qui
2759 3709 2940 3764 socius
2974 3722 3095 3763 esse
3127 3721 3228 3761 no-

1635 3796 1738 3853 luit
1760 3796 2077 3870 disciplinae.
2106 3797 2183 3854 Ne
2211 3799 2342 3870 quid
2373 3814 2502 3855 vero
2530 3800 2601 3855 sit
2629 3799 2770 3870 quod
2799 3797 3224 3870 praetermissum

1639 3906 1671 3946 a
1717 3890 1872 3948 nobis
1916 3890 2056 3948 forte
2098 3893 2368 3959 credatur,
2399 3893 2580 3949 omnia
2611 3891 2901 3949 decretalia
2931 3890 3228 3947 constituta

1641 3994 1751 4041 tam
1798 3984 1972 4041 beata:
1994 3986 2388 4042 recordationis
2415 3985 2715 4042 Innocentii
2764 4000 2928 4056 quam
2984 3983 3230 4039 omnium

1637 4078 1984 4135 decessorum
2010 4087 2319 4134 nostrorum
2349 4094 2470 4149 quae
2497 4081 2564 4135 de
2586 4078 2975 4135 ecclesiasticis
3003 4077 3227 4134 ordina-

1640 4173 1878 4231 tionibus
1917 4187 2184 4228 canonum
2220 4171 2468 4228 ordinata
2499 4180 2626 4228 sunt
2654 4171 2975 4243 disciplinis,
3017 4171 3092 4225 ita
3130 4183 3228 4224 ve-

1638 4275 1808 4322 stram
1843 4265 2182 4321 dilectionem
2208 4265 2481 4322 custodire
2507 4264 2707 4322 debere
2724 4265 3064 4328 mandamus,
3091 4270 3153 4316 ut
3181 4261 3226 4316 si

1640 4359 1764 4428 quis
1787 4355 1876 4412 illa
1904 4356 2308 4427 contempserit,
2339 4356 2549 4411 veniam
2581 4355 2684 4412 sibi
2722 4355 2976 4424 deinceps
3016 4351 3230 4406 noverit

1643 4449 1920 4521 denegari.
1949 4448 2080 4504 Data
2110 4458 2262 4504 sexto
2286 4448 2412 4504 ldus
2441 4447 2712 4514 Octobris,
2744 4444 2978 4501 Maximo
3011 4457 3142 4499 vero
3172 4451 3228 4498 et

1641 4541 1858 4599 Paterio
1887 4540 2018 4598 viris
2041 4540 2355 4598 clarissimis
2381 4538 2714 4597 consulibus.

1761 4633 1898 4691 LIX.
1914 4663 1985 4674 —
2003 4635 2082 4689 Ad
2113 4631 2362 4690 Nicetam
2382 4633 2680 4704 episcopum
2711 4629 3110 4704 Aquileiensem.

1715 4726 1829 4784 Ι.εο
1859 4727 2081 4784 Νιοετε
2113 4725 2369 4800 episcopo
2398 4721 2751 4793 Aquileiensi.

1717 4817 2021 4890 Regressus
2044 4817 2110 4874 ad
2143 4831 2248 4875 nos
2280 4818 2419 4876 illius
2445 4827 2598 4869 meus
2644 4813 2954 4871 Adeodatus
2979 4807 3244 4864 diaconus

1643 4912 1792 4968 sedis
1821 4922 2023 4969 nostra:
2049 4911 2405 4972 dilectionem
2434 4916 2581 4960 tuam
2620 4909 2936 4980 poposcisse
2977 4903 3254 4958 memora-

1641 5005 1743 5071 vit,
1772 5016 1832 5062 ut
1858 5007 1924 5063 de
1949 5005 2034 5063 his
2060 5022 2091 5061 a
2131 5004 2308 5069 nobis
2334 4997 2720 5062 auctoritatem
2749 4997 3051 5076 apostolicae
3093 4991 3265 5051 Sedis

1642 5099 1943 5169 acciperes,
1973 5111 2093 5170 quae
2133 5099 2376 5165 quidem
2421 5103 2673 5158 magnam
2724 5089 3087 5152 diiiicultatem
3122 5082 3272 5151 diju-

1641 5190 1914 5249 dicatonis
1941 5190 2194 5245 videntur
2237 5191 2465 5250 afferre,
2492 5177 2584 5233 sed
2619 5195 2728 5250 pro
2752 5177 3085 5255 inspectione
3122 5177 3280 5228 tem-

1641 5283 1919 5353 poralium
1967 5276 2256 5338 necessita
2274 5295 2387 5343 ωσι
2441 5268 2751 5331 adhibenda
2808 5267 3015 5331 curatio
3059 5269 3166 5326 est,
3217 5272 3284 5364 rit

0 4914 266 4982 eperimus.
296 4914 439 4971 Nam
474 4921 688 4970 constat
715 4914 784 4969 ad
823 4913 1186 4972 sacerdotium
1226 4912 1539 4984 pervenisse

4 5004 233 5065 iduarum
276 5009 535 5074 maritos,
588 5007 844 5076 quosdam
890 5011 1054 5066 etiam
1101 5007 1300 5077 quibus
1339 5005 1543 5064 fuerint

0 5113 234 5157 numerosa
269 5100 552 5172 conjugia,
592 5107 646 5165 et
673 5112 793 5154 cum
823 5103 968 5159 omni
1003 5099 1224 5157 licentia
1251 5101 1373 5157 vitae
1406 5099 1540 5154 libe-

0 5189 138 5260 ioris,
165 5195 232 5252 ad
273 5207 498 5252 sacrum
541 5190 779 5247 ordinem
808 5197 1010 5263 passim
1051 5194 1334 5263 patefactis
1371 5191 1540 5250 obici-

0 5299 61 5340 »ηε
83 5284 239 5342 fuisse
262 5283 586 5357 permissos,
615 5291 798 5336 contra
826 5283 970 5342 illam
997 5283 1143 5341 beati
1170 5285 1413 5357 Apostoli
1449 5298 1539 5340 vo-
