3968 6456
664 363 771 421 απ

1483 353 1772 413 APPEND.
1815 351 1907 407 AD
1946 347 2119 407 SIEC.
2160 345 2252 403 IX.
2292 373 2364 388 -—
2398 340 2652 403 lSlDORl
2691 336 3134 397 MERCATORIS
3791 335 3857 392 863

667 477 774 535 etis
805 475 858 530 in
882 468 1251 544 captivitatem
1275 464 1410 521 viris
1435 464 1651 521 femina:
1676 478 1863 521 eorum
1891 457 2256 517 remanserint
2284 460 2333 520 Λ
2364 454 2542 513 tcotitc
2588 451 2908 516 remedium,
2940 459 2996 506 et
3043 464 3143 522 per
3184 445 3584 527 impositionem
3620 445 3858 519 episcopalis

674 568 972 630 destitutae,
988 578 1123 635 quae
1144 561 1294 616 vires
1310 559 1572 630 proprios
1604 565 1697 611 aut
1725 555 2077 625 interemptos
2102 560 2265 623 puta-

674 661 805 724 rint,
833 664 929 714 aut
957 664 1232 726 nunquam
1279 668 1310 706 a
1358 648 1728 708 dominatione
1758 644 2087 702 crediderint
2130 642 2267 698 libe-

668 752 889 815 randos,
938 756 994 809 et
1032 747 1099 803 ad
1134 744 1363 801 aliorum
1412 739 1722 811 cenjugium
1770 734 2131 791 sollicitudine
2174 748 2265 789 co-

654 840 831 917 ge'tite
858 838 1198 902 transierint,
1244 844 1478 904 cumque
1523 844 1667 886 nunc
1714 836 1856 885 statu
1887 840 2068 882 rerum
2114 823 2268 879 auxi-

669 936 839 992 liante
867 932 1094 989 Domino
1124 930 1181 985 in
1211 927 1436 983 meliora
1463 937 1749 987 converso,
1800 917 2044 974 nonnulli
2074 930 2263 972 eorum

668 1031 763 1099 qui
802 1027 1133 1100 putabantur
1176 1022 1404 1094 periisse
1432 1014 1816 1079 remeaverint,
1855 1012 2050 1068 merito
2083 1008 2267 1066 chari-

672 1130 755 1176 tas
782 1130 875 1177 tua
906 1119 1124 1175 videtur
1170 1113 1445 1184 ambigere
1497 1109 1627 1180 quid
1659 1107 1726 1161 de
1774 1103 2095 1160 mulieribus
2142 1113 2264 1170 quae

671 1215 793 1270 aliis
815 1211 1017 1283 juncta:
1041 1218 1168 1265 sunt
1199 1206 1352 1268 viris,
1385 1219 1416 1257 a
1449 1201 1606 1258 nobis
1633 1199 1827 1254 debeat
1857 1193 2122 1250 ordinari.
2156 1190 2263 1247 Sed

672 1306 802 1379 quia
831 1305 1082 1361 novimus
1107 1300 1394 1371 scriptum,
1420 1294 1563 1366 quod
1594 1309 1626 1347 a
1658 1293 1767 1346 Deo
1788 1288 2036 1359 jungitur
2069 1284 2267 1341 mulier

667 1374 813 1463 viro,
858 1405 915 1451 et
962 1396 1161 1449 iterum
1207 1396 1538 1462 prmeeptum
1584 1382 1925 1455 agnovimus,
1967 1388 2026 1434 ut
2079 1374 2264 1447 «quod

674 1490 819 1546 Deus
864 1486 1066 1557 junxit,
1105 1485 1267 1539 homo
1297 1495 1403 1535 non
1449 1483 1666 1547 separet
1710 1472 1925 1545 (Matth.
1979 1485 2094 1536 xix,
2126 1466 2205 1537 6),
2239 1485 2258 1519 ι

668 1595 896 1638 necesse
921 1586 1007 1634 est
1058 1586 1119 1631 ut
1151 1572 1518 1645 legitimarum
1549 1566 1752 1624 foedera
1783 1561 2096 1633 nuptiarum
2123 1557 2265 1614 rein-

668 1669 934 1744 tegranda
961 1667 1270 1728 Credamus,
1296 1671 1352 1718 et
1381 1659 1608 1716 remotis
1639 1656 1796 1712 malis
1820 1669 1942 1725 quae
1989 1649 2265 1708 hostilitas

673 1741 885 1828 intulit,
931 1758 1226 1829 unicuique
1255 1756 1361 1812 hoc
1385 1752 1532 1824 quod
1573 1750 1813 1822 legitime
1846 1745 2055 1811 habuit,
2087 1741 2263 1799 refor-

2370 563 2583 612 manus,
2624 544 3018 602 communionis
3056 541 3321 611 recipiant
3364 539 3643 604 unitatem,
3681 545 3859 611 temporis

2365 638 2718 714 paenitudinis
2746 638 2935 696 habita
2962 635 3338 695 moderatione
3361 642 3458 689 tuo
3485 632 3859 704 constituentib-

2369 733 2532 799 dicio,
2566 740 2726 803 prout
2767 744 3153 787 conversorum
3205 727 3419 791 animos
3453 725 3759 795 perspexeris
3786 742 3859 784 est

2369 814 2610 889 devotos,
2634 823 2844 893 pariter
2877 821 3042 877 etiam
3078 820 3287 877 habens
3337 818 3532 875 senilis
3572 819 3726 875 aetatis
3758 818 3861 875 intui-

2372 923 2519 980 tum,
2565 924 2620 973 et
2665 912 3047 985 periculorum
3081 925 3427 982 quorumque
3476 918 3571 965 aut
3618 910 3859 980 egritudinis

2368 1005 2666 1077 respiciens
2689 1005 3071 1070 necessitates,
3098 1003 3152 1059 in
3176 1002 3377 1072 quibus
3401 1002 3447 1059 si
3474 1001 3594 1070 quis
3617 1000 3682 1056 ita
3700 1002 3859 1072 graviter

2368 1108 2653 1171 urgeatur,
2690 1107 2752 1154 ut
2792 1097 2919 1155 dum
2956 1096 3134 1153 adhuc
3183 1094 3418 1167 pmnitet
3462 1093 3529 1148 dc
3572 1091 3721 1149 salute
3755 1092 3859 1164 ipsas

2370 1190 2703 1261 desperetur,
2732 1197 2948 1257 oportet
2975 1186 3022 1242 ei
3062 1201 3159 1256 per
3198 1182 3593 1241 sacerdotalem
3633 1181 3859 1238 sollicitudi-

2368 1295 2493 1337 nem
2545 1278 2941 1337 communionis
2996 1276 3172 1349 gratia
3225 1274 3529 1332 subveniri.
3576 1273 3692 1330 Nam
3734 1274 3773 1335 lii
3806 1277 3858 1345 cpi

2368 1371 2695 1442 baptismum
2732 1370 2799 1425 ab
2836 1370 3110 1425 haereticis
3160 1377 3499 1439 acceperunt
3536 1382 3648 1425 cum
3689 1367 3858 1438 bapliuti

2371 1470 2531 1518 antea
2560 1476 2669 1519 non
2702 1461 2954 1527 fuissent,
3000 1459 3113 1517 sola
3144 1459 3495 1516 invocatione
3524 1456 3730 1529 Spiritus
3755 1459 3857 1514 sancti

2370 1571 2469 1627 per
2515 1554 2916 1626 impositionem
2966 1568 3221 1607 manuum
3261 1550 3618 1608 confirmandi
3644 1560 3761 1617 sunt,
3786 1550 3859 1620 quia

2369 1647 2600 1705 formam
2638 1653 2843 1705 tantum
2868 1644 3120 1716 baptismi
3150 1644 3269 1700 sine
3297 1640 3722 1700 sanctiﬁcationis
3740 1640 3859 1696 virtute

2369 1753 2668 1812 sumpsere.
2718 1738 2784 1794 Et
2832 1739 2974 1816 hanc
3031 1735 3271 1808 regulam
3323 1743 3385 1791 ut
3411 1735 3599 1793 sciatis

614 1900 617 1903 ι
668 1809 1166 1921 metur.'0mnique
1196 1847 1376 1904 studio
1402 1809 1802 1917 procurandum
1823 1846 1910 1897 est
1949 1845 2012 1893 ut
2036 1834 2268 1904 recipiat
2293 1853 2343 1914 Β
2369 1809 2626 1891 omnibus
2669 1809 3318 1902 ecclesiis'przedicamus,
3367 1838 3432 1884 ut
3476 1827 3725 1883 lavacrum
3758 1809 3856 1881 sanel

670 1945 1045 2017 unusquisque
1067 1939 1217 2014 quod
1239 1938 1518 2011 proprium
1545 1944 1648 1992 est.
1676 1932 1786 1990 Nec
1812 1940 1994 1987 tamen
2025 1924 2271 2017 culpabif

617 2072 623 2077 η
666 2016 1051 2111 ὕε-ἱυᾶἱεειιιτ,
1092 2043 1150 2091 ct
1185 2041 1442 2102 tanquam
1472 2026 1636 2084 alieni
1672 2025 1813 2095 juris
1852 2035 2131 2094 pervasor,
2178 2016 2273 2088 qui

670 2144 966 2205 personam
991 2128 1108 2196 ejus
1135 2125 1316 2182 mariti
1346 2124 1439 2194 qui
1464 2122 1576 2194 jam
1600 2134 1708 2176 non
1732 2133 1852 2175 esse
1875 2114 2273 2177 aestimabatur,

675 2202 996 2293 assumpsit.
1025 2218 1117 2275 Sic
1143 2217 1288 2272 enim
1319 2214 1491 2273 multa
1521 2227 1644 2283 quae
1672 2211 1739 2267 ad
1768 2224 1864 2267 eos
1894 2206 1987 2279 qui
2014 2207 2068 2262 in
2100 2202 2275 2275 capti-

676 2316 902 2374 vitatem
947 2311 1097 2368 ducti
1157 2317 1323 2375 sunt,
1374 2305 1753 2379 pertinebant,
1800 2303 1854 2357 in
1901 2300 1992 2372 jus
2042 2296 2276 2353 alienum

673 2408 915 2466 transire
938 2411 1263 2478 potuerunt,
1290 2410 1345 2459 et
1373 2410 1552 2457 tamen
1581 2399 1802 2470 plenum
1832 2391 2057 2464 justitize
2085 2399 2192 2456 est,
2219 2396 2281 2445 ut

616 2550 619 2553 .
669 2501 875 2563 iisdem
926 2497 1164 2555 reversis
1212 2493 1438 2568 propria
1487 2491 1869 2549 reformentur.
1917 2485 2070 2555 Quod
2116 2484 2162 2540 si
2223 2483 2278 2538 in

681 2592 971 2663 mancipiis
1000 2590 1086 2646 vel
1112 2588 1167 2646 in
1196 2587 1362 2660 agris,
1391 2595 1485 2642 aut
1510 2587 1678 2642 etiam
1708 2584 1762 2639 in
1789 2581 2042 2638 domibus
2065 2594 2128 2634 ac
2153 2592 2279 2649 pos-

678 2687 1017 2746 sessionibus
1043 2685 1145 2740 rite
1175 2691 1443 2750 servatur,
1481 2689 1686 2752 quanto
1716 2677 1888 2749 magis
1918 2675 1973 2730 in
2002 2670 2280 2741 conjugio-

679 2795 809 2839 nim
840 2777 1266 2850 reintegratione
1313 2773 1623 2830 faciendum
1660 2779 1771 2836 est,
1808 2776 1866 2823 ut
1907 2768 2051 2837 quod
2086 2764 2279 2820 bellica

658 2872 1014 2937 necessitate
1044 2870 1320 2926 turbatum
1349 2876 1435 2923 est
1463 2865 1612 2937 pacis
1641 2862 1879 2919 remedio
1907 2855 2279 2917 reformetur?

654 2964 745 3029 ΕΙ.
787 2964 909 3020 ideo
935 2963 981 3018 si
1011 2961 1107 3031 qui
1132 2969 1258 3032 post
1284 2958 1501 3030 longam
1530 2954 1907 3026 captivitatem
1938 2950 2165 3015 reversi,
2204 2948 2278 3004 ita

672 3055 733 3117 in
759 3055 1056 3112 dilectione
1085 3065 1309 3108 suarum
1351 3047 1642 3119 conjugum
1669 3051 2050 3117 perseverant,
2078 3050 2139 3098 ut
2183 3056 2279 3097 eas

679 3149 906 3222 cupiant
951 3147 1005 3209 in
1052 3161 1213 3203 suum
1268 3143 1445 3199 redire
1493 3138 1869 3205 consortium,
1917 3134 2278 3193 omittendum

2379 1928 2573 1985 initum
2602 1927 2746 1984 nulla
2792 1926 3082 1982 iteratione
3126 1924 3386 1991 violetur,
3418 1923 3627 1980 dicente
3649 1918 3854 1991 Apostdo:

2383 2042 2403 2076 ‹
2434 2021 2586 2079 Unus
2612 2021 2897 2086 Dominus,
2933 2035 3038 2075 una
3067 2018 3226 2086 ﬁdes,
3253 2031 3429 2091 unum
3459 2015 3703 2087 baptisma
3726 2011 3851 2083 (Εμσ.

2379 2127 2456 2179 tv,
2484 2111 2564 2182 5),
2600 2130 2618 2164 ι
2658 2111 2813 2182 cujus
2840 2109 3048 2166 ablutio
3075 2108 3222 2165 nulla
3249 2108 3544 2167 iteratione
3580 2102 3852 2164 tentanda“.

2378 2204 2495 2271 sed,
2537 2213 2598 2260 ut
2647 2204 2906 2270 diximus,
2947 2201 3061 2259 sola
3110 2200 3481 2275 sanctiﬁcatio
3528 2197 3683 2255 sancti
3716 2194 3856 2265 Spiritu

2379 2298 2679 2356 invocanda
2709 2307 2814 2363 est,
2847 2298 3080 2368 utquod
3110 2297 3179 2353 ab
3207 2294 3490 2352 haereticis
3516 2304 3661 2349 nemo
3681 2286 3853 2358 atacipitl
3888 2300 3889 2319 ξ

2378 2393 2663 2450 catholicis
2712 2393 3092 2449 sacerdotibus
3148 2398 3546 2459 consequatur.
3591 2385 3720 2443 lianc
3753 2390 3856 2437 anu

2378 2486 2666 2559 epistolam
2695 2495 2942 2542 nostram
2966 2500 3130 2555 quam
3161 2484 3229 2539 ad
3255 2479 3692 2539 consultationem
3712 2474 3855 2531 tuab-

2379 2578 2659 2646 ternitatis
2706 2577 3009 2643 emisimus,
3060 2576 3129 2631 ad
3176 2588 3372 2631 omnes
3416 2571 3607 2629 fratres
3629 2564 3857 2637 comprom-

2379 2669 2548 2726 ciales
2572 2669 2860 2740 episcopos
2888 2667 3055 2725 facies
3084 2665 3398 2738 pervenire,
3431 2672 3491 2719 ut
3515 2662 3722 2721 omnium
3742 2656 3855 2715 alter
3888 2662 3889 2673 ‘

2378 2761 2577 2817 vantia:
2602 2761 2727 2817 data
2752 2760 2928 2832 prosit
2953 2758 3276 2817 auctoritas.

2484 2851 2600 2909 LX.
2629 2883 2699 2893 —-
2722 2851 2804 2906 Ad
2831 2850 3113 2911 lulianum
3131 2851 3441 2921 episcopum
3466 2844 3798 2921 Aquileiam
3888 2854 3889 2915 1

2449 2942 2562 3000 Leo
2590 2944 2879 3014 episcopus
2896 2940 3161 2999 JULLIANO
3187 2942 3451 3014 episcopo
3480 2935 3776 3011 Aquileiensi.

2448 3040 2631 3099 Lectis
2669 3039 3023 3097 fraternitatis
3054 3049 3160 3096 tua:
3200 3039 3407 3096 litteris
3436 3040 3659 3110 vigorem
3681 3032 3768 3091 ﬁdei
3796 3038 3853 3084 ιη

2379 3149 2540 3206 quem
2570 3133 2699 3190 olim
2732 3148 3078 3199 noveramus,
3123 3131 3480 3204 agnovimus,
3511 3124 3849 3201 congratulante,

680 3221 771 3303 est
797 3248 854 3296 et
883 3235 1212 3311 inculpabile
1236 3232 1590 3304 judicandum
1615 3230 1760 3302 quod
1803 3228 2101 3286 necessitas
2130 3226 2273 3283 intu—
2301 3234 2347 3297 α
2380 3226 2523 3299 quod
2546 3226 2614 3283 ad
2638 3226 2940 3283 custodiam
2966 3239 3192 3296 gregum
3213 3224 3423 3282 Christi
3447 3221 3851 3297 pastoralemch

674 3331 760 3401 lit,
778 3341 833 3389 et
847 3330 1236 3389 restituendum
1262 3326 1405 3399 quod
1423 3325 1559 3383 fides
1578 3325 1771 3397 poscit.
1800 3323 1857 3379 Si
1880 3332 2061 3379 autem
2090 3321 2284 3391 aliqua:

676 3426 936 3484 mulieres
980 3423 1054 3479 ita
1100 3421 1464 3495 posteriorum
1489 3419 1733 3476 virorum
1758 3431 1943 3473 amore
1967 3424 2091 3472 sunt
2112 3422 2285 3484 capta:

676 3529 739 3577 ut
783 3518 973 3574 malint
1010 3516 1097 3572 bis
1125 3515 1426 3581 cohaarere,
1453 3527 1616 3583 quam
1649 3511 1704 3566 in
1752 3509 2053 3583 legitimum
2100 3506 2283 3562 redire

677 3608 1038 3674 consortium,
1075 3605 1275 3662 merito
1316 3611 1445 3661 sunt
1470 3601 1745 3668 notandis,
1785 3600 1861 3656 ita
1912 3609 1973 3655 ut
2008 3598 2174 3654 etiam
2194 3613 2284 3654 ec-

660 3699 989 3778 ;clesiastica
1028 3697 1409 3755 communione
1438 3696 1745 3766 priventur,
1771 3693 1899 3764 quia
1939 3689 2283 3748 inexcusabi-

677 3794 807 3852 liter
834 3792 1352 3852 contaminationem
1385 3791 1633 3846 criminis
1660 3789 1961 3862 elegerunt,
1989 3787 2283 3844 ostenden-

681 3900 770 3946 tes
818 3888 1042 3944 sibimet
1088 3901 1189 3958 pro
1236 3901 1332 3941 sua
1368 3884 1760 3941 incontinentia
1806 3881 2079 3953 placuisse
2136 3879 2283 3952 quod

677 3983 830 4055 justa
857 3979 1107 4038 remissio
1133 3977 1312 4049 potuit
1338 3976 1578 4046 expiare.
1615 3974 1856 4029 Redeunt
1884 3989 2013 4045 ergo
2037 3973 2090 4028 in
2119 3987 2280 4028 suum

685 4079 888 4139 statum
938 4070 1241 4126 voluntaria
1300 4066 1726 4139 reintcgratione
1777 4064 2051 4134 conjugia,
2102 4078 2280 4136 neque

689 4163 800 4218 ullo
829 4163 989 4219 modo
1015 4164 1084 4218 ad
1113 4160 1462 4233 opprobrium
1494 4158 1647 4215 malae
1675 4157 1965 4213 voluntatis
2011 4156 2278 4221 trahatur,

654 4250 833 4326 'quod
866 4253 1106 4310 conditio
1154 4251 1500 4309 necessitatis
1542 4249 1794 4314 extorsit,
1838 4248 1964 4318 quia
2009 4247 2149 4302 sicut
2197 4247 2281 4303 iKB

686 4347 945 4406 mulieres
986 4362 1108 4418 qua:
1153 4344 1352 4401 reverti
1397 4343 1466 4398 ad
1510 4343 1658 4397 viros
1708 4356 1834 4396 suos
1865 4338 2056 4394 nolunt
2101 4337 2281 4408 impiae

686 4438 951 4496 habendae
987 4446 1135 4504 sunt,
1173 4437 1249 4491 ita
1293 4435 1394 4491 illa:
1434 4450 1556 4505 qua:
1604 4434 1658 4489 in
1699 4432 1950 4488 affectum
1984 4430 2178 4487 initum
2210 4444 2279 4485 ex

687 4532 800 4590 Deo
851 4532 1083 4595 redeunt
1130 4529 1325 4586 merito
1355 4535 1480 4583 sunt
1502 4525 1788 4580 laudanda:
1820 4522 2047 4594 judicio.
2078 4521 2154 4575 De
2190 4520 2279 4577 his

2388 3318 2677 3390 vigilanter
2703 3318 3040 3388 exsequeris,
3072 3333 3142 3372 ne
3172 3315 3282 3388 lupi
3310 3317 3410 3388 qui
3441 3317 3539 3372 sub
3564 3314 3715 3386 specie
3746 3312 3852 3364 ortu

2385 3409 2694 3466 subintrant
2722 3407 2935 3464 bestiali
2965 3407 3167 3462 saevitia
3200 3406 3482 3479 simplices
3506 3417 3714 3479 quosque
3733 3398 3851 3455 dilace-

2386 3512 2528 3570 rent,
2565 3511 2622 3559 et
2660 3518 2766 3558 non
2794 3502 2967 3559 solum
2996 3502 3098 3573 ipsi
3130 3502 3275 3558 nulla
3304 3501 3633 3559 correctione
3655 3493 3851 3569 putilth

2383 3597 2480 3654 sed
2510 3597 2677 3653 etiam
2715 3611 2778 3653 ea
2820 3612 2941 3667 qua:
2981 3606 3109 3653 sunt
3139 3611 3270 3653 sana
3305 3601 3659 3665 corrumpant.
3683 3585 3788 3658 Quod
3815 3593 3852 3636 ιε
3888 3632 3889 3651 η

2384 3690 2606 3760 viperea
2640 3689 2815 3759 possit
2850 3689 3099 3745 obtinere
3149 3687 3390 3756 fallacia,
3437 3687 3735 3744 dilectionem
3768 3688 3849 3732 tm

2383 3782 2637 3841 duximus
2676 3781 3146 3844 commonendum,
3182 3780 3524 3848 insinuantes
3549 3776 3609 3832 ad
3638 3772 3780 3828 anima
3798 3776 3847 3835 p8-

2381 3872 2613 3929 riculum
2657 3871 2953 3943 pertinere,
2983 3871 3032 3926 si
3055 3870 3350 3942 quisquam
3389 3869 3458 3925 de
3491 3868 3571 3925 his
3607 3865 3681 3935 qui
3712 3876 3734 3914 a
3762 3853 3845 3911 ιιοῶ

2384 3967 2439 4022 in
2467 3965 2847 4025 hatreticorum
2878 3972 3079 4021 sectam
3105 3962 3378 4034 delapsus,
3403 3969 3458 4018 et
3482 3977 3539 4017 se
3563 3965 3773 4024 utcunque
3789 3947 3847 4001 ὕπ’

2384 4061 2566 4118 retice:
2600 4060 3004 4117 communionis
3038 4058 3369 4130 contagione
3423 4051 3707 4117 macularit;

2384 4168 2543 4210 sccns
2574 4153 2629 4208 in
2669 4151 3050 4208 communione
3080 4129 3351 4206 catholica
3379 4149 3495 4204 sine
3528 4129 3846 4220 promotionelt'

2382 4247 2588 4320 gitima:
2629 4243 3012 4301 satisfactionis
3043 4243 3330 4299 habeatur.
3368 4239 3739 4299 Saluberrimum
3762 4224 3845 4282 enim

2382 4319 2438 4395 et
2478 4337 2742 4410 spirituali
2774 4335 3055 4392 medicinae
3086 4334 3320 4391 utilitate
3361 4331 3700 4406 plenissimum
3722 4319 3847 4383 est.“

2383 4432 2498 4488 sive
2543 4430 2873 4502 presbyteri,
2921 4430 3036 4484 sive
3067 4429 3305 4495 diaconi,
3339 4438 3433 4484 aut
3457 4424 3703 4498 cujuslibet
3721 4412 3844 4474 culinis

2384 4522 2594 4591 clerici,
2622 4522 2712 4592 qui
2744 4535 2803 4576 se
2839 4530 3117 4577 correctos
3159 4519 3331 4576 videri
3362 4520 3560 4581 volunt,
3584 4524 3716 4584 atque
3730 4506 3777 4563 ad
3792 4517 3844 4557 ca-

693 4632 877 4679 autem
920 4618 1248 4678 Christianis
1293 4617 1384 4688 qui
1431 4617 1578 4671 inter
1606 4629 1700 4670 eos
1744 4631 1775 4669 a
1819 4614 2017 4684 quibus
2058 4612 2277 4669 fuerant
2303 4610 2357 4672 D
2385 4615 2641 4672 tholicam
2673 4613 2854 4680 fidem,
2881 4628 3041 4685 quam
3066 4612 3393 4685 jampridem
3419 4612 3695 4672 amiserant,
3712 4608 3842 4656 unum

692 4716 946 4788 captivati
977 4711 1336 4770 immolatitiis
1378 4709 1515 4766 cibis
1538 4716 1858 4765 asseruntur
1901 4707 2114 4780 polluti,
2145 4722 2281 4767 con-

687 4807 969 4879 sultationi
1012 4804 1295 4861 charitatis
1326 4811 1432 4858 tua:
1479 4802 1583 4858 hoc
1630 4801 1796 4857 etiam
1843 4797 2281 4871 reSpondendum

687 4916 811 4957 esse
853 4898 1127 4955 credimus
1157 4905 1217 4952 ut
1256 4896 1593 4970 poenitentiae
1642 4892 2013 4950 satisfactione
2050 4908 2283 4964 purgen-

690 5000 799 5048 tur.
831 4991 962 5062 Quze
990 5006 1099 5047 non
1127 4999 1239 5046 tam
1266 4988 1524 5060 temporis
1547 4985 1886 5059 longitudine
1913 4999 2075 5057 quam
2101 4985 2283 5042 cordis

690 5085 1109 5157 compunctione
1134 5083 1410 5155 pensanda
1443 5089 1547 5146 cst,
1579 5089 1634 5134 et
1668 5080 1781 5134 sive
1829 5078 1933 5133 hoc
1963 5086 2139 5133 terror
2185 5093 2281 5134 ex-

687 5177 928 5241 torserit,
956 5176 1070 5232 sive
1106 5176 1276 5231 fames
1304 5172 1560 5238 suaserit,
1607 5184 1715 5226 non
1746 5168 2025 5223 dubitetur
2054 5167 2277 5226 abolen-

689 5273 842 5339 dum,
869 5286 992 5326 cum
1019 5267 1326 5339 hujusmodi
1356 5266 1508 5322 cibus
1532 5278 1633 5335 pro
1662 5269 1835 5329 metu,
1862 5269 1956 5315 aut
1986 5246 2282 5332 indigentia

685 5380 798 5423 non
828 5377 929 5436 pro
951 5360 1227 5430 religionis
1256 5358 1607 5415 veneratione
1635 5356 1707 5411 sit
1734 5363 2002 5424 sumptus.
2030 5353 2127 5411 llis
2152 5369 2283 5411 vero

686 5458 755 5516 de
793 5456 993 5531 quibus
1008 5452 1224 5509 dilectio
1249 5461 1337 5507 tua
1352 5450 1602 5508 similiter
1622 5463 1722 5505 nos
1741 5448 1974 5504 credidit
1997 5449 2286 5505 consulen-

685 5551 809 5618 dos,
823 5548 915 5619 qui
937 5545 1006 5601 ad
1022 5545 1322 5607 iterandum
1343 5544 1670 5615 baptismum
1689 5541 1776 5600 vel
1788 5549 1934 5599 metu
1947 5544 2118 5599 coacti
2134 5554 2281 5611 sunt,

685 5642 772 5700 vel
800 5655 990 5697 errore
1016 5636 1269 5705 traducti,
1298 5646 1354 5694 et
1374 5652 1519 5695 nunc
1544 5653 1605 5694 se
1627 5646 1822 5695 contra
1849 5637 2131 5694 catholicae
2154 5637 2282 5694 ﬁdei

686 5744 1096 5795 sacramentum
1121 5735 1298 5806 egisse
1328 5742 1683 5807 cognoscunt,
1716 5749 1783 5791 ea
1812 5733 2168 5793 custodienda
2196 5739 2283 5789 est

686 5829 851 5899 ratio,
881 5845 988 5901 qua
1013 5829 1068 5885 in
1096 5828 1414 5887 societatem
1437 5836 1680 5886 nostram
1714 5846 1823 5889 non
1851 5833 1954 5890 nisi
1984 5847 2081 5905 per
2106 5827 2283 5903 poeni-
2330 5886 2340 5901 ,

1848 5946 1913 5957 ναρ⁴⁴.
1923 5951 1932 5957 ,

2386 4709 2585 4765 reverti
2624 4708 2891 4774 ambiunt,
2921 4707 3073 4777 prius
3101 4722 3318 4763 errores
3346 4721 3492 4773 suos,
3519 4714 3570 4763 et
3605 4702 3719 4772 ipsos
3734 4695 3844 4748 ευσιο·

2387 4816 2477 4857 res
2503 4814 2755 4854 errorum
2785 4797 3032 4854 damnari
3061 4812 3093 4852 a
3118 4811 3178 4854 se
3222 4798 3342 4853 sine
3382 4792 3695 4866 ambiguitate
3713 4784 3840 4839 fatean-

2385 4902 2494 4959 tur,
2523 4900 2583 4947 ut
2612 4890 2861 4947 sensibus
2898 4888 3083 4961 pravis
3108 4888 3274 4945 etiam
3302 4885 3600 4960 peremptis,
3634 4875 3742 4935 nulla
3888 4912 3889 4915 η

2386 4985 2542 5041 randi
2578 4983 2812 5056 supersit
2842 4980 3080 5049 occasio,
3126 4994 3192 5035 ne
3237 4958 3404 5035 ullum
3446 4972 3706 5034 membrum
3888 5016 3889 5035 ξ

2384 5078 2558 5150 possit
2576 5052 2835 5132 societate
2862 5073 3075 5139 violari,
3102 5074 3223 5129 cbm
3247 5087 3344 5144 per
3368 5069 3540 5128 omnia
3563 5063 3650 5120 illis
3670 5052 3838 5131 prttho
3888 5076 3889 5131 ξ

2384 5149 2606 5244 propria
2634 5168 2860 5241 coeperit
2886 5167 3130 5222 obviare.
3161 5164 3321 5221 Circa
3347 5177 3480 5237 quos
3503 5157 3643 5215 etiam
3664 5149 3767 5244 illam
3784 5151 3836 5236 εξ·

2386 5278 2589 5320 nonum
2632 5260 3074 5318 constitutionem
3118 5254 3458 5328 praecipimus
3493 5240 3719 5310 custodiri,
3741 5241 3835 5331 01_“_‘

2387 5372 2583 5428 magno
2613 5356 2847 5412 habeant
2883 5351 3170 5418 beneficio,
3202 5350 3249 5406 si
3295 5351 3534 5418 adempta
3576 5337 3660 5397 sibi
3696 5329 3833 5428 auellit“

2387 5465 2485 5519 spe
2510 5446 2890 5520 promotionis,
2924 5444 2980 5499 in
3009 5458 3117 5514 quo
3155 5441 3493 5499 inveniuntur
3515 5409 3832 5520 ordinesillli“:

2389 5552 2500 5598 tate
2528 5551 2787 5613 perpetua
2833 5546 3111 5604 maneant,
3156 5536 3201 5591 si
3250 5545 3425 5591 tamen
3469 5531 3633 5586 iterata
3669 5512 3832 5613 illiCiliilie

2386 5651 2494 5693 non
2521 5633 2722 5690 fuerint
2749 5630 3027 5688 maculati.
3052 5627 3173 5684 Non
3195 5627 3368 5684 levem
3395 5621 3524 5696 apud
3549 5617 3684 5672 Deum
3705 5604 3828 5658 noxam

2385 5729 2634 5796 incurrit,
2663 5728 2756 5800 qui
2782 5726 2851 5783 de
2892 5724 3090 5783 talibus
3137 5722 3205 5779 ad
3232 5735 3415 5777 sacros
3440 5697 3826 5802 promovendo-if:

2386 5825 2541 5883 dines
2576 5788 2855 5894 iudicarit.
2900 5817 3055 5887 Quod
3101 5816 3147 5873 si
3194 5829 3318 5872 cum
3346 5805 3521 5882 grandi
3547 5788 3825 5859 enuntiatio“
