3968 6474
669 355 793 433 en'

1521 368 1947 446 aermnae
1987 367 2159 427 ssc.
2200 367 2254 425 lli

2328 395 2401 446 τ-
2435 367 2688 428 lSlDORI
2717 368 3161 429 MERCATORIS
3183 435 3186 440 ,
3771 386 3836 445 872

667 482 1017 546 numerosius
1033 480 1089 540 in
1109 480 1196 540 die
1219 479 1536 555 Epiphaniae
1562 498 1725 554 quam
1748 482 1987 554 paschali
2014 491 2256 554 tempore
2281 501 2336 560 Α
2361 481 2584 539 tinuatis
2631 491 2793 539 erunt
2838 484 3145 555 deputanda
3191 481 3368 554 festis,
3415 485 3536 559 quia
3577 493 3729 549 omnia
3759 512 3838 556 sui

669 575 980 645 celebratis,
997 575 1167 631 miror
1181 588 1276 632 vos
1287 573 1371 631 vel
1395 589 1756 646 praecessores
1769 585 1981 631 vestros
1998 583 2107 630 tam
2120 574 2260 630 irra-

672 669 987 728 tionabilem
1035 669 1332 726 novitatem
1370 684 1634 741 usurpare
1655 668 1916 740 potuisse,
1947 665 2258 744 utconluso

672 761 932 835 temporis
965 761 1251 834 utriusque
1298 761 1559 834 mysterio
1591 759 1798 817 nullam
1843 775 1965 818 esse
2007 758 2261 819 diﬁeren-

673 855 807 912 tiam
830 854 1127 912 crederetis
1147 853 1293 911 inter
1313 855 1456 912 diem
1483 869 1591 926 quo
1615 854 1874 926 adoratus
1898 862 1982 910 est
2007 852 2260 910 Christus

675 965 708 1006 a
739 950 947 1023 magis,
987 958 1044 1006 et
1070 950 1213 1006 diem
1255 964 1365 1021 quo
1401 949 1701 1006 resurrexit
1725 965 1756 1005 a
1794 949 2044 1008 mortuis.
2085 947 2258 1016 Quam

666 1043 884 1114 culpam
910 1041 1057 1098 nullo
1084 1041 1245 1098 modo
1269 1042 1588 1113 potuissetis
1616 1042 1858 1098 incidere
1883 1044 1929 1098 si
1947 1041 2089 1096 unde
2126 1055 2258 1096 con-

675 1133 1038 1191 secrationem
1065 1133 1290 1190 honoris
1319 1133 1585 1205 accipitis,
1615 1133 1742 1190 inde
1762 1133 1934 1205 legem
1964 1132 2129 1188 totius
2154 1131 2256 1187 ob-

662 1225 958 1283 servantia:
978 1225 1287 1294 sumeretis,
1312 1225 1526 1282 etbeati
1547 1225 1695 1282 Petri
1717 1225 1947 1298 apostoli
1963 1225 2119 1282 sedes
2139 1239 2260 1296 quae

663 1317 824 1374 vobis
849 1317 1204 1374 sacerdotalis
1231 1326 1406 1373 mater
1432 1325 1517 1374 est
1554 1317 1856 1390 dignitatis,
1903 1328 2049 1374 esset
2084 1316 2260 1373 eccle-

661 1407 902 1466 siasticae
917 1407 1358 1479 magistrationis.
1375 1406 1424 1462 A
1442 1407 1599 1479 cujus
1615 1424 1709 1466 vos
1737 1409 1938 1480 regulis
1968 1408 2259 1465 recessisse

663 1499 850 1556 minus
900 1509 1089 1571 posset
1135 1500 1516 1572 mquanimiter
1552 1501 1791 1570 tolerari,
1823 1503 1870 1558 si
1905 1501 2084 1574 aliqua
2114 1517 2259 1559 com-

673 1590 1001 1646 monitionis
1023 1599 1224 1647 nostra:
1245 1592 1442 1663 pagina
1465 1580 1852 1662 praecessisset.
1892 1592 2046 1650 Nunc
2073 1601 2258 1650 autem

649 1681 792 1754 quia
823 1697 931 1738 non
950 1681 1268 1754 desperatur
1290 1685 1577 1752 correctio,
1603 1685 1963 1742 mansuetudo
1984 1687 2255 1743 servanda

659 1782 766 1830 est.
794 1773 862 1830 Et
903 1774 1030 1832 licet
1057 1775 1149 1830 vix
1182 1775 1409 1833 ferenda
1453 1778 1525 1833 sit
1573 1779 1930 1834 sacerdotalis
1975 1780 2254 1835 excusatio

2359 573 2516 646 plena
2554 574 2850 632 miraculis.
2884 574 3084 632 Verum
3137 577 3261 649 quia
3310 579 3528 649 spiritus
3558 585 3778 654 sapientia:
3806 602 3838 645 et

2359 667 2698 738 intellectus,
2736 669 2810 724 ita
2836 670 3112 741 apostolos
3147 680 3201 728 et
3231 673 3394 729 totius
3424 672 3657 731 Ecclesia:
3673 681 3837 737 erudivit

2361 761 2672 832 magistros,
2699 772 2759 817 ut
2788 763 2843 817 in
2874 761 3185 819 Christiana
3206 765 3546 822 observantia
3576 769 3690 825 nihil
3706 772 3837 829 inord-

2357 862 2569 921 natum,
2599 853 2732 909 nihil
2785 863 3064 925 pateretur
3087 869 3210 912 esse
3236 856 3538 924 confusura,
3565 858 3837 918 discernenda

2357 952 2516 1000 erant
2541 959 2720 1001 causae
2747 944 3168 1013 solemnitatum,
3187 955 3244 1002 et
3274 947 3328 1002 in
3353 949 3594 1005 omnibus
3617 952 3836 1009 constitutis

2357 1037 2580 1094 Patrum
2613 1038 3030 1110 principumque
3098 1048 3408 1096 nostrorum
3450 1042 3739 1100 rationabilis
3768 1060 3838 1100 ser-

2357 1131 2536 1185 vanda
2576 1128 2855 1186 discretio.
2888 1129 3026 1196 Quia
3057 1145 3163 1185 non
3189 1130 3347 1186 aliter
3375 1145 3512 1186 unus
3537 1147 3668 1204 grex,
3693 1143 3735 1190 et
3751 1151 3838 1193 unus

2355 1230 2543 1294 pastor
2577 1236 2788 1289 sumus,
2816 1221 2944 1290 nisi,
2982 1223 3439 1294 quemadmodum
3453 1223 3708 1294 Apostolus
3725 1227 3837 1296 docet)

2357 1314 2592 1381 idipsum
2641 1315 2884 1372 dicamus
2912 1331 3120 1371 omnes.
3163 1315 3347 1372 Simus
3393 1326 3568 1373 autem
3610 1319 3780 1389 perfecti
3805 1322 3836 1376 in

2357 1406 2546 1462 eodem
2576 1420 2760 1472 sensu,
2792 1414 2846 1460 et
2875 1405 2927 1461 in
2952 1407 3141 1462 eadem
3165 1407 3415 1462 scicntia.
3447 1407 3680 1474 Quamvis
3699 1421 3836 1480 ergoet

2357 1496 2449 1552 illa
2471 1511 2592 1567 quae
2614 1496 2683 1552 ad
2704 1496 3086 1565 humilitatem,
3111 1506 3165 1552 et
3185 1514 3304 1569 quae
3331 1498 3400 1553 ad
3423 1498 3634 1570 gloriam
3651 1500 3835 1570 pertinent

2355 1589 2560 1647 Christi
2588 1590 2644 1646 in
2669 1605 2831 1645 unam
2876 1599 3199 1662 percurrant
3226 1590 3577 1660 eamdemque
3623 1606 3835 1662 personae,

2358 1691 2638 1755 totumque
2666 1682 2929 1754 quidquid
2988 1682 3044 1738 in
3074 1681 3185 1750 illo,
3211 1692 3267 1738 et
3293 1682 3511 1738 virtutis
3529 1682 3699 1738 divina:
3718 1691 3786 1748 est,
3803 1690 3834 1737 et

2356 1778 2692 1834 inﬁrmitatis
2737 1778 2990 1833 humana:
3028 1778 3094 1833 ad
3124 1787 3326 1833 nostra:
3369 1777 3695 1848 reparatiouis
3722 1777 3834 1832 tendit

659 1881 783 1938 qua:
803 1866 1106 1946 prmtendat
1130 1867 1496 1938 inscientiam,
1523 1869 1812 1926 maluimus
1834 1879 2012 1927 tamen
2041 1881 2098 1928 et
2121 1886 2248 1928 cen-
2274 1866 2324 1928 B
2351 1867 2621 1936 eﬁ‘ectum,
2645 1869 2862 1940 preprie
2887 1878 3069 1923 tamen
3096 1868 3150 1922 in
3181 1877 3357 1923 morte
3395 1868 3646 1933 cruciﬁxi,
3675 1876 3717 1924 et
3737 1868 3772 1922 iu
3786 1882 3834 1922 re-

662 1973 852 2016 suram
882 1961 1250 2016 necessariam
1279 1970 1604 2033 temperare,
1637 1973 1692 2020 et
1717 1964 1931 2020 ratione
1958 1979 2056 2020 vos
2089 1979 2248 2035 aper-

658 2050 886 2108 tissima:
901 2051 1453 2124 veritatisjinstruere.
1481 2051 1708 2125 Semper
1730 2055 1948 2125 quidem
1970 2054 2023 2110 iti
2045 2062 2250 2109 aeterno

659 2143 891 2200 consilio
913 2143 1009 2201 Dei
1031 2144 1466 2202 mansithumani
1490 2145 1709 2218 generis
1731 2145 2252 2202 incommutabiliter

653 2235 1024 2307 prmrdinata
1083 2237 1382 2308 reparatio,
1410 2238 1506 2293 sed
1534 2237 1668 2293 ordo
1715 2253 1902 2294 rerum
1933 2254 2031 2309 per
2064 2237 2250 2294 Jesum

657 2327 938 2383 Christum
964 2327 1252 2384 Dominum
1301 2337 1549 2385 nostrum
1586 2329 1961 2402 temporaliter
1981 2331 2250 2401 gerenda-

657 2435 781 2476 rum
817 2420 1194 2479 incarnatione
1239 2423 1406 2479 Verbi
1461 2423 1695 2494 sumpsit
1750 2424 2056 2482 exordium.
2099 2422 2252 2480 Unde

658 2511 806 2568 aliud
838 2522 1053 2586 tempus
1079 2524 1163 2572 est
1186 2530 1294 2586 quo
1312 2515 1668 2572 annuntiante
1684 2515 1880 2586 angelo
1900 2515 2057 2572 beata
2082 2515 2252 2570 Maria

656 2602 1054 2663 fecundandam
1100 2622 1161 2664 se
1195 2621 1292 2678 per
1329 2606 1597 2678 Spiritum
1634 2617 1885 2664 sanctum
1933 2607 2163 2665 credidit
2197 2614 2255 2662 et

659 2698 933 2768 concepit,
961 2697 1107 2754 aliud
1138 2714 1246 2769 quo
1285 2699 1434 2754 salva
1474 2699 1789 2770 integritate
1832 2699 2076 2768 virginea
2121 2713 2254 2768 puer

661 2785 845 2845 editus
871 2827 890 2856 ,
933 2789 1246 2846 exsultante
1281 2790 1478 2862 gaudio
1521 2790 1826 2846 ctelestium
1881 2791 2252 2846 ministrorum

657 2880 973 2952 pastoribus
1002 2883 1296 2951 indicatur,
1327 2884 1473 2940 aliud
1493 2898 1602 2954 quo
1626 2883 1804 2940 infans
1825 2883 2253 2952 circumciditur,

655 2973 806 3030 aliud
836 2990 943 3046 quo
970 2976 1146 3031 hostia
1174 2992 1273 3048 pro
1303 2992 1368 3032 eo
1393 2977 1662 3048 regularis
1689 2976 1933 3043 oﬁ'ertur,
1977 2977 2123 3033 aliud
2147 2994 2256 3048 quo

657 3073 776 3122 tres
804 3067 948 3138 magi
978 3067 1229 3124 claritate
1253 3069 1379 3125 novi
1407 3069 1605 3126 sideris
1625 3069 1834 3126 incitati
1857 3070 1912 3124 in
1937 3069 2254 3127 Bethlehem

658 3157 733 3214 ab
760 3158 971 3214 oriente
1002 3161 1344 3231 perveniunt,
1385 3171 1442 3218 et
1473 3162 1759 3219 adoratum
1805 3164 2088 3234 parvulum
2135 3179 2255 3236 my-

2349 1963 2686 2019 surrectione
2703 1962 2903 2018 mortui
2923 1962 3161 2034 potentia
3186 1962 3532 2034 baptismatis
3553 1976 3715 2033 novam
3736 1977 3830 2017 crea-

2356 2065 2538 2111 turam
2581 2056 2764 2112 condit
2809 2069 2877 2110 ex
2923 2055 3119 2122 veteri,
3145 2065 3206 2110 ut
3256 2056 3672 2122 renascentibus,
3691 2065 3730 2111 et
3749 2070 3831 2110 mou

2351 2147 2550 2204 Christi
2571 2156 2823 2220 operetur
2833 2156 2891 2203 et
2905 2147 3034 2213 vita,
3058 2147 3213 2203 dicen
3223 2156 3273 2203 te
3286 2148 3451 2204 beato
3466 2149 3682 2219 apostolo
3697 2148 3804 2202 Paulo
3822 2165 3829 2198 :

2337 2257 2376 2307 Δ‹
2410 2241 2495 2294 An
2537 2239 2800 2311 ignoratis
2838 2237 2962 2308 quia
2990 2237 3302 2308 quicunque
3352 2239 3601 2310 baptizati
3645 2253 3778 2294 sumus
3803 2236 3832 2289 in

2353 2330 2572 2387 Christo
2606 2327 2755 2395 Jesu,
2788 2329 2843 2384 in
2871 2338 3045 2384 morte
3071 2328 3240 2400 ipsius
3271 2330 3531 2400 baptizati
3559 2328 3832 2385 sumusmou

2353 2423 2550 2495 sepulti
2569 2424 2715 2480 enim
2743 2437 2930 2478 sumus
2959 2436 3085 2477 cum
3113 2422 3204 2478 illo
3226 2438 3328 2494 per
3355 2423 3663 2493 baptismum
3682 2421 3722 2476 in
3743 2435 3831 2475 mor-

2355 2524 2486 2582 tem,
2517 2523 2578 2569 ut
2618 2515 2888 2584 quomodo
2926 2514 3164 2569 surrexit
3214 2511 3470 2570 Christus
3505 2529 3537 2568 a
3577 2513 3757 2570 mortuis
3779 2525 3832 2580 per

2354 2606 2585 2679 gloriam
2620 2604 2835 2673 Patris,
2869 2605 2945 2659 ita
2959 2613 3030 2663 .et
3073 2620 3173 2661 nos
3201 2604 3257 2659 in
3289 2605 3530 2661 novitate
3556 2605 3660 2660 vita:
3684 2601 3833 2658 ambule-

2353 2715 2496 2755 mus.
2548 2697 2608 2754 Si
2649 2697 2796 2754 enim
2831 2696 3182 2768 complantati
3215 2697 3353 2754 facti
3390 2707 3573 2754 sumus
3599 2693 3832 2753 similitudini

2355 2794 2550 2848 mortis
2589 2791 2727 2863 ejus,
2759 2789 2920 2847 simul
2946 2801 3003 2846 et
3043 2792 3469 2848 resurrectionis
3511 2791 3688 2846 erimus
3718 2785 3830 2858 (Rau.

2331 2900 2431 2953 _vt,
2453 2884 2597 2956 5-5).
2635 2903 2654 2937 ι
2689 2885 2754 2940 Ει
2783 2892 2977 2940 caztera
2999 2899 3122 2954 qua:
3143 2884 3308 2941 latius
3338 2886 3589 2957 magister
3609 2878 3832 2955 gentiumad

2356 2977 2842 3034 commendandum
2867 2987 3270 3033 sacramentum
3286 2978 3618 3050 baptismatis
3635 2970 3830 3044 deputavit.

2361 3082 2423 3126 ut
2447 3079 2740 3142 appareret
2769 3084 2835 3125 ex
2860 3069 3020 3141 hujus
3049 3069 3313 3126 doctrinae
3362 3070 3553 3142 spiritu
3606 3079 3831 3140 regentur

2358 3163 2442 3220 dis
2466 3164 2593 3220 ﬁliis
2637 3163 2940 3231 hominum,
2968 3172 3025 3219 et
3068 3164 3124 3219 in
3156 3164 3254 3220 Dei
3292 3151 3422 3221 ﬁliis
3446 3161 3722 3234 adoptandis
3744 3157 3830 3212 illum

661 3250 799 3308 stica
812 3267 1099 3308 munerum
1131 3254 1408 3311 oblatione
1434 3263 1786 3312 venerantur.
1809 3254 1922 3312 Nec
1948 3255 2090 3311 idem
2121 3235 2249 3312 sunt
2283 3235 2329 3298 (ἶ
2361 3256 2507 3312 diem
2533 3270 2684 3323 esse,
2715 3255 2845 3311 illud
2877 3263 3090 3328 tempus
3113 3257 3351 3313 electum
3370 3299 3386 3325 ,
3413 3257 3468 3312 in
3503 3272 3601 3329 quo
3623 3269 3701 3328 per
3717 3248 3830 3308 simili-

661 3344 780 3400 dics
838 3345 1037 3416 quibus
1091 3345 1258 3418 impio
1305 3346 1503 3404 Herodi
1565 3348 1816 3406 ordinata
1871 3347 2130 3405 divinitus
2191 3349 2247 3404 in

656 3440 953 3514 Egyptum
994 3441 1352 3500 translatione
1381 3445 1694 3501 subtractus
1719 3451 1824 3510 est,
1852 3443 1938 3501 vel
1963 3443 2161 3515 quibus
2180 3444 2248 3500 ab

657 3531 897 3606 (Egypto
940 3534 996 3590 in
1039 3533 1316 3591 Galilaeam
1347 3543 1695 3606 persecutore
1721 3544 1935 3592 mortuo
1965 3545 2251 3591 revocatus

658 3633 760 3682 est.
786 3625 934 3684 lnter
960 3629 1060 3684 has
1085 3637 1264 3684 autem
1291 3627 1754 3698 diSpensationum
1781 3629 2074 3684 varietates
2095 3642 2251 3684 acce-

665 3715 803 3773 dunt
845 3729 1134 3790 augmenta
1193 3735 1479 3791 corporea,
1527 3721 1726 3777 crescit
1775 3721 2060 3788 Dominus,
2111 3722 2254 3777 sicut

663 3810 997 3881 evangelista
1014 3820 1266 3878 testatur,
1291 3811 1626 3882 profectibus
1647 3813 1824 3868 aetatis
1846 3822 1900 3868 et
1920 3813 2123 3884 gratiae.
2147 3811 2253 3869 Per

661 3900 780 3958 dies
811 3900 1036 3959 Paschae
1085 3905 1140 3958 in
1194 3904 1450 3974 templum
1506 3920 1629 3960 cum
1657 3906 1973 3976 parentibus
2003 3906 2168 3971 venit,
2199 3915 2254 3962 et

659 4005 785 4046 cum
811 3994 1027 4050 abesset
1045 3994 1321 4059 societate,
1348 3994 1689 4050 redeuntium
1709 3997 1903 4053 sedens
1927 4012 2051 4053 cum
2075 3996 2254 4052 senio-

659 4082 815 4140 ribus
837 4093 894 4140 et
923 4084 1064 4140 inter
1086 4085 1419 4141 admirantes
1454 4087 1741 4158 magistros
1767 4088 2059 4158 invenitur,
2089 4090 2253 4146 ratio-

647 4190 900 4262 nemque
957 4179 1319 4236 remansionis
1351 4195 1463 4235 sua:
1490 4180 1752 4250 reddens,
1777 4183 1870 4252 qui
1910 4193 2025 4252 est,
2054 4184 2250 4255 inquit,

660 4270 808 4342 quod
846 4286 936 4328 me
977 4271 1339 4343 quzerebatis?
1367 4273 1700 4332 Nesciebatis
1735 4276 1880 4346 quod
1912 4276 1968 4332 in
2005 4277 2090 4334 his
2133 4292 2254 4348 quae

664 4363 848 4422 Patris
870 4365 976 4421 mei
1005 4375 1132 4422 sunt
1155 4376 1370 4438 oportet
1398 4383 1485 4424 me
1522 4370 1680 4426 esse?
1703 4368 2029 4440 Signiﬁcans
2053 4370 2172 4441 ejus
2196 4384 2257 4427 se
2316 4437 2317 4440 η

659 4472 783 4515 esse
817 4457 985 4513 ﬁlium
1011 4459 1165 4529 cujus
1190 4467 1336 4516 esset
1360 4469 1416 4516 et
1440 4460 1720 4530 templum.
1743 4458 1864 4516 Jam
1893 4475 2023 4517 vero
2053 4475 2175 4516 cum
2199 4460 2255 4516 in

659 4548 822 4606 annis
869 4547 1167 4620 majoribus
1218 4551 1462 4620 apertius
1507 4551 1864 4607 declarandus
1920 4552 2251 4622 baptismum

2353 3349 2598 3405 tudinem
2627 3349 2873 3419 mysterii
2895 3363 2960 3404 ea
2976 3359 3296 3421 quaerantur
3322 3349 3579 3407 membris
3598 3362 3695 3419 qua:
3715 3343 3831 3410 iuil‘so

2352 3441 2528 3512 capite
2550 3449 2676 3498 sunt
2699 3453 2851 3514 gesta
2881 3457 3208 3512 congruere,
3232 3444 3365 3499 dum
3395 3439 3703 3516 baptismatis
3723 3432 3831 3505 regula

2352 3549 2500 3590 mors
2531 3533 2825 3590 intervenit
2863 3532 3232 3591 interfectioni
3264 3535 3503 3605 peccati,
3531 3542 3582 3590 et
3603 3529 3830 3601 sepulturam

2353 3625 2666 3681 triduanum
2690 3625 3095 3682 imitaturtrina
3123 3627 3406 3695 dimersio,
3443 3635 3498 3683 et
3521 3628 3583 3681 ab
3606 3622 3728 3692 aquis
3743 3618 3832 3672 lm-

2355 3718 2430 3774 tio
2470 3719 2802 3790 insurgentis
2831 3718 2899 3774 ad
2929 3719 3104 3774 instar
3124 3727 3208 3775 est
3235 3720 3300 3776 de
3333 3718 3594 3790 sepulcro.
3619 3715 3711 3786 Ipsa
3731 3710 3829 3780 itii“!

2353 3810 2532 3879 operis
2559 3810 2794 3880 qualitas
2822 3809 2980 3866 docet
3021 3809 3363 3867 celebrandae
3392 3808 3686 3884 generaliter
3709 3801 3824 3876 gruit

2354 3915 2477 3954 eum
2501 3915 2623 3957 esse
2657 3900 2960 3971 legitimum
2987 3901 3152 3968 diem,
3185 3901 3240 3956 in
3268 3917 3382 3972 quo
3411 3911 3526 3957 orta
3555 3908 3646 3965 est,
3670 3905 3712 3952 et
3731 3893 3831 3947 virm

2354 3990 2617 4055 muneris,
2656 4000 2708 4044 et
2736 3989 2946 4061 species
2981 3991 3232 4048 actionis.
3263 3992 3352 4048 Ad
3380 3990 3532 4062 cujus
3555 3990 3624 4044 rei
3645 3982 3830 4042 conﬁrma-

2356 4087 2558 4141 tionem
2609 4085 2902 4156 plurimum
2938 4086 3084 4142 valet
3131 4087 3279 4157 quod
3316 4087 3438 4159 ipse
3481 4086 3706 4142 Dominus
3738 4077 3830 4134 Jesus

2355 4177 2626 4246 Christus,
2642 4185 2829 4248 postea
2843 4193 3005 4247 quam
3023 4178 3326 4234 resurrexit
3349 4195 3381 4234 a
3406 4177 3637 4243 mortuis,
3649 4165 3831 4240 discipulis

2354 4270 2412 4326 in
2436 4270 2630 4340 quibus
2680 4284 2869 4326 omnes
2896 4269 3252 4326 ecclesiarum
3281 4271 3538 4341 praesules
3581 4265 3829 4324 docebantur,

2355 4371 2413 4418 et
2433 4360 2666 4418 formam
2688 4370 2742 4417 et
2767 4371 3090 4434 potestatem
3122 4363 3346 4418 tradidit
3375 4359 3676 4434 baptizandi,
3690 4356 3828 4410 dicens:

2364 4473 2382 4508 ι
2401 4455 2629 4524 _Euntes
2654 4469 2786 4526 ergo
2813 4470 2956 4511 nunc
2985 4455 3176 4512 docete
3200 4470 3392 4511 omnes
3431 4463 3620 4528 gentes,
3644 4446 3830 4518 baplitan

2368 4553 2454 4601 tes
2497 4559 2592 4601 eos
2635 4546 2693 4600 in
2740 4547 2961 4603 nomine
2988 4546 3168 4603 Patris
3194 4556 3249 4602 et
3278 4547 3404 4603 Filii
3429 4557 3482 4603 et
3512 4544 3709 4617 Spiritus
3726 4531 3830 4592 sancti

651 4642 1018 4722 .praecursoris
1047 4643 1132 4698 sui
1170 4640 1397 4700 Joannis
1435 4644 1662 4715 expetiit
1704 4643 1836 4715 quid
1879 4643 2097 4700 deitatis
2139 4642 2257 4713 ejus
2281 4623 2334 4686 Ῑ)
2361 4637 2581 4712 (ΜαιιΙιι
2613 4654 2808 4706 XXVIII,
2839 4640 2949 4711 l9).
2989 4659 3008 4692 ι
3043 4641 3119 4697 De
3147 4657 3257 4712 quo
3284 4643 3471 4713 utique
3499 4655 3585 4696 eos
3607 4637 3732 4694 etiam
3756 4635 3831 4722 ἔθεε

660 4735 924 4791 remansit
961 4735 1271 4807 ambiguum
1300 4735 1518 4806 quando
1551 4735 1790 4807 Spiritus
1822 4745 2046 4793 sanctus
2073 4737 2127 4792 in
2158 4750 2255 4793 co-

661 4827 863 4884 lumbae
886 4828 1068 4900 specie
1097 4843 1261 4900 super
1286 4843 1411 4885 eum
1434 4828 1713 4886 descendit
1738 4838 1793 4886 et
1821 4830 2042 4895 mansit,
2073 4830 2259 4886 audita

662 4921 731 4978 de
760 4921 915 4978 cretis
953 4920 1136 4977 Patris
1181 4935 1314 4977 voce
1355 4921 1586 4978 dicentis
1613 4937 1628 4976 :
1669 4940 1688 4974 ί
1711 4921 1792 4977 Tu
1818 4936 1878 4978 es
1902 4921 2073 4978 Filius
2105 4937 2258 4978 meus

661 5011 915 5079 dilectus,
944 5012 999 5068 in
1031 5020 1084 5069 te
1109 5012 1247 5069 bene
1267 5012 1604 5084 complacuiLl’
1635 5031 1654 5066 ι
1691 5012 1883 5085 (Marc.
1915 5028 1954 5080 ι,
1983 5014 2094 5084 ll.)
2127 5012 2256 5081 Quae

660 5101 847 5158 Omnia
871 5101 993 5158 ideo
1005 5111 1204 5173 quanta
1220 5102 1496 5174 potuimus
1517 5101 1780 5158 brevitate
1811 5102 2250 5173 perstrinximus,

662 5197 727 5245 ut
752 5199 941 5247 notum
977 5192 1049 5248 sit
1073 5191 1351 5248 dilectioni
1380 5201 1576 5248 vestrae
1602 5192 1886 5249 universos
1909 5193 2024 5250 dies
2049 5192 2252 5251 Christi

663 5282 969 5340 innumeris
999 5294 1347 5342 consecratos
1371 5284 1542 5342 fuisse
1564 5285 1855 5342 virtutibus
1877 5296 1933 5342 et
1960 5286 2012 5342 in
2042 5288 2254 5344 cunctis

658 5373 781 5447 ejus
801 5373 1106 5432 actionibus
1132 5384 1601 5432 sacramentorum
1627 5377 1890 5448 mysteria
1911 5391 2255 5445 coruscasse,

665 5469 764 5526 sed
791 5469 952 5526 aliter
973 5468 1144 5541 signis
1167 5469 1500 5538 denuntiari,
1529 5469 1688 5528 aliter
1714 5470 1878 5528 rebus
1899 5472 2134 5543 impleri,
2158 5487 2260 5530 nec

619 5571 1008 5635 ,‘quaecunque
1057 5570 1414 5617 numerantur
1441 5561 1496 5618 in
1532 5562 1789 5634 operibus
1821 5562 2152 5631 Salvator-is,
2187 5565 2257 5620 ad

663 5652 881 5720 tempus
906 5648 1178 5720 pertinere
1197 5649 1565 5722 baptismatis.
1592 5652 1727 5708 Nam
1756 5654 1801 5708 si
1831 5654 1998 5709 etiam
2021 5654 2109 5709 illa
2135 5671 2257 5726 qua:

656 5748 792 5822 post
809 5739 956 5796 beati
979 5739 1206 5797 Joannis
1225 5740 1504 5798 lavacrum
1534 5742 1600 5798 ab
1620 5759 1684 5799 eo
1708 5752 1861 5814 gesta
1883 5745 2251 5817 cognovimus,

668 5830 772 5889 sub
795 5831 1089 5896 indiscrete
1117 5833 1322 5895 honore
1349 5834 1614 5908 colamus,
1643 5836 1824 5894 omnia
1858 5845 2100 5910 tempora
2130 5854 2258 5897 con-

2358 4730 2668 4802 passionem
2691 4730 2958 4801 potuisset
2985 4732 3277 4799 instruere,
3309 4733 3414 4788 nisi
3437 4730 3645 4803 propria:
3661 4721 3831 4781 voluiert

2360 4812 2584 4896 intelligi
2615 4824 3043 4896 regenerationis
3069 4825 3302 4893 gratiam
3332 4841 3399 4880 ex
3424 4841 3514 4881 sua
3541 4815 3828 4878 resurrectio"e

2361 4915 2586 4986 cepisse.
2621 4917 2855 4972 Additur
2875 4932 3005 4974 sane
3033 4917 3158 4974 huic
3185 4918 3537 4974 observantire
3555 4916 3690 4971 etiam
3708 4909 3828 4963 Pente-

2363 5013 2547 5062 costes
2576 5022 2643 5061 ex
2673 5007 2909 5063 adventu
2938 5007 3170 5077 Spiritus
3192 5008 3365 5064 sancti
3397 5012 3678 5064 consecrata
3705 4997 3827 5054 solem-

2363 5095 2525 5163 nitas,
2548 5111 2668 5165 quae
2696 5097 2762 5152 de
2791 5096 3063 5168 paschalis
3088 5096 3212 5153 festi
3235 5098 3433 5168 pendet
3459 5093 3676 5158 articulo,
3699 5097 3739 5144 et
3755 5095 3826 5168 cuni

2362 5185 2432 5241 ad
2459 5187 2596 5242 alios
2635 5186 2751 5244 dies
2787 5167 2892 5243 alia
2932 5186 3074 5244 festa
3114 5167 3445 5260 pertineant,
3484 5188 3590 5244 base
3614 5167 3825 5250 semperad

2360 5281 2612 5338 eumdem
2624 5283 2716 5354 qui
2733 5283 3130 5340 resurrectione
3145 5283 3355 5340 Domini
3377 5292 3457 5340 est
3478 5277 3691 5350 insignis.
3707 5277 3825 5326 θείατ’

2359 5377 2452 5444 rit,
2488 5377 2774 5449 porrigens
2809 5377 3204 5447 quodammodo
3245 5374 3548 5433 auxiliantis
3591 5365 3736 5442 gratis
3756 5369 3824 5449 φα·

2316 5547 2320 5550 ι
2359 5446 2511 5535 num,
2545 5479 2608 5526 ut
2632 5446 2688 5526 lii
2716 5446 2853 5540 quos
2892 5485 2924 5524 a
2962 5470 3049 5527 die
3086 5469 3330 5538 Paschas,
3361 5477 3455 5525 aut
3491 5459 3702 5523 molestia
3731 5446 3824 5550 inm:

2359 5563 2586 5630 mitatis,
2637 5568 2733 5618 aut
2771 5561 3136 5634 longinquitas
3181 5561 3423 5628 itineris,
3450 5565 3538 5615 aut
3572 5542 3823 5620 navigationi?

2363 5657 2650 5718 difﬁcultas
2676 5659 2979 5716 interclusit
3010 5659 3228 5726 invitos,
3259 5667 3351 5714 aut
3377 5653 3674 5728 quibuslibet
3701 5646 3822 5732 negt?

2364 5752 2614 5808 sitatibus
2643 5752 2948 5824 impeditos,
2976 5750 3232 5806 desiderii
3260 5749 3340 5806 sui
3366 5726 3598 5805 ellectum
3626 5741 3733 5793 dono

2363 5845 2502 5901 ritus
2527 5847 2701 5904 sancti
2731 5852 3156 5915 Consequentur.
3191 5842 3308 5916 Ipse
3336 5841 3473 5900 enim
3499 5815 3820 5906 uniseﬂiwsw
