3968 6444
989 355 1020 365 υ-
1032 353 1113 365 ι-Ατι
1129 358 1131 361 -
1149 351 1176 360 ο-

88 396 236 454 873
1286 387 1770 450 oscusrauun
1805 372 2202 448 COLL'Ecrto.
3285 382 3394 440 tm

97 515 180 570 in
213 513 325 571 fide
364 512 724 579 credentium,
763 517 819 568 et
845 510 898 568 in
927 510 1128 567 virtute
1155 524 1378 581 operum
1406 505 1607 561 nullam
1634 504 1714 558 in-
1740 500 1793 562 A
1819 518 1945 558 rens
1960 503 2254 558 remedium
2273 497 2610 566 renascendi,
2639 499 2720 557 sic
2739 496 2908 554 voluit
2932 492 3222 569 baptizari,
3247 496 3390 554 sicut

99 615 216 662 ter
247 621 310 662 se
339 614 394 662 et
437 604 699 676 Spiritum
740 613 986 660 sanctum
1020 602 1191 658 voluit
1220 615 1340 656 esse
1371 598 1708 662 distantiam,
1812 593 1982 650 voluit
2018 592 2350 658 circumcidi,
2394 592 2732 662 hostiamque
2770 604 2868 660 pro
2919 605 2979 646 se
3026 587 3394 644 mundationis

102 701 259 772 quia
295 698 442 753 nulla
474 707 560 754 est
583 697 870 753 diversitas
893 697 946 752 in
973 695 1387 762 natura,dicens
1408 709 1420 746 :
1445 711 1464 743 ‹
1487 691 1596 761 Ego
1624 704 1714 744 ro-
1813 685 2015 751 oll‘erri,
2039 693 2099 741 ut
2128 685 2256 756 «qui
2284 684 2454 740 factus
2483 691 2602 740 erat
2625 699 2690 738 ex
2717 683 2940 739 muliere
2969 683 3133 755 (sicut
3160 682 3392 753 Aposto-

105 793 272 864 gabo
294 792 514 846 Patrem
532 800 585 847 et
609 792 773 846 alium
797 789 1137 845 Paracletum
1166 787 1314 843 dabit
1340 785 1507 851 vobis,
1537 793 1597 840 ut
1617 799 1715 840 vo-
1816 779 1955 835 tolus
1992 777 2088 849 ait)
2119 777 2273 832 fieret
2294 777 2393 832 sub
2416 777 2532 846 lege
2564 772 2704 847 (Gal.
2743 791 2818 840 IV,
2853 774 2933 846 4);
2971 793 2991 828 ι
3033 791 3053 826 ι
3083 789 3246 845 quam
3280 787 3387 829 non

107 885 348 940 hiscum
397 886 469 941 sit
498 887 551 942 in
594 895 875 951 aeternum,
927 885 1188 956 Spiritum
1243 882 1486 938 veritatis
1531 881 1713 953 (Joau.
1815 881 2038 930 venerat
2084 871 2313 936 solvere,
2345 871 2438 926 sed
2465 870 2758 939 adimplere
2803 868 3016 938 (Matth.
3054 882 3111 932 v,
3138 867 3249 939 l7),
3288 885 3307 920 ι
3337 873 3395 921 et

107 992 248 1041 xiv,
283 977 376 1041 16,
406 977 526 1048 l7);
566 996 586 1030 ι
617 985 671 1032 et
706 977 898 1031 iterum
933 993 947 1030 :
985 995 1003 1028 ‹
1038 974 1351 1030 Paracletus
1378 982 1555 1028 autem
1596 971 1718 1042 Spi-
1817 962 2090 1034 implendo
2120 962 2293 1026 finire,
2325 961 2464 1016 sicut
2483 962 2674 1016 beatus
2703 958 2986 1030 Apostolus
3001 956 3387 1028 prmdicat,di-

111 1066 276 1120 ritus
302 1081 463 1136 quem
496 1066 674 1121 mittet
705 1065 866 1120 Pater
891 1066 943 1120 in
971 1065 1188 1120 nomine
1209 1080 1347 1128 meo,
1377 1063 1466 1119 ille
1486 1078 1584 1116 vos
1612 1063 1711 1116 do-

114 1156 281 1211 cebit
313 1156 513 1221 omnia,
544 1164 598 1211 et
639 1165 889 1228 suggeret
931 1156 1182 1212 universa
1231 1169 1566 1226 quaecunque
1607 1152 1717 1208 dixi

111 1248 291 1302 vobis
329 1247 546 1317 (Ibid.);
584 1267 602 1298 ι
637 1257 691 1301 et
719 1249 912 1302 iterum
945 1263 959 1300 :
1000 1263 1020 1299 ‹
1049 1246 1182 1302 Cum
1224 1246 1430 1300 venerit
1458 1244 1545 1300 ille
1591 1241 1714 1313 Spi-

115 1339 276 1393 ritus
320 1339 588 1404 veritatis,
635 1338 726 1394 ille
752 1339 948 1409 diriget
973 1353 1069 1393 vos
1099 1338 1153 1392 in
1181 1352 1398 1392 omnem
1427 1335 1720 1390 veritatem

119 1428 328 1500 (Joan.
355 1446 469 1493 xvr,
495 1429 606 1500 15).
639 1449 657 1482 ι
694 1429 826 1484 Cum
851 1430 1031 1499 itaque
1051 1428 1251 1483 veritas
1274 1426 1520 1482 Christus
1541 1434 1643 1490 est,
1666 1433 1720 1479 et

114 1519 362 1589 spiritus
391 1520 634 1575 veritatis
663 1520 898 1590 Spiritus
928 1528 1170 1585 sanctus,
1201 1532 1502 1586 nomenque
1550 1515 1718 1570 Para-

123 1609 266 1665 cleti
296 1610 509 1680 utrique
535 1611 832 1682 proprium,
862 1626 968 1665 non
1001 1609 1261 1665 dissimile
1285 1617 1370 1664 est
1397 1608 1594 1663 festum
1620 1605 1714 1660 ubi

120 1721 310 1761 unum
334 1713 843 1761 estsacramentum.
865 1702 975 1759 Hoc
988 1712 1166 1759 autem
1201 1718 1298 1758 nos
1320 1717 1423 1756 non
1440 1715 1503 1756 ΘΧ
1535 1708 1721 1754 nostra

117 1789 492 1870 persuasione
519 1797 828 1863 defendere,
853 1798 947 1852 sed
970 1813 1037 1852 ex
1077 1795 1368 1868 apostolica
1397 1793 1722 1849 auctoritate

1817 1071 1947 1111 cens
1972 1075 1984 1110 :
2020 1073 2038 1106 ι
2068 1055 2219 1109 Finis
2241 1063 2418 1109 autem
2444 1051 2576 1124 legis
2593 1053 2842 1108 Christus
2865 1051 2929 1106 ad
2947 1049 3216 1120 justitiam
3241 1047 3392 1104 omni

1817 1151 2056 1208 credenti
2089 1149 2265 1222 (Rom.
2306 1164 2360 1213 x,
2395 1147 2469 1219 4).
2509 1167 2528 1200 ›
2563 1144 2825 1217 Baptismi
2873 1151 3054 1199 autem
3101 1141 3184 1197 sui
3238 1141 3293 1196 in
3335 1153 3398 1196 se

1819 1243 2061 1299 condidit
2106 1247 2530 1303 sacramentum,
2559 1238 2686 1308 quia
2721 1239 2773 1293 in
2803 1237 3054 1293 omnibus
3095 1235 3390 1308 primatum

1819 1346 2008 1392 tenens
2038 1350 2099 1390 se
2130 1335 2313 1390 docuit
2341 1349 2462 1389 esse
2488 1332 2834 1404 principium.
2868 1331 2936 1386 Et
2972 1345 3117 1386 nunc
3161 1344 3397 1401 regene-

1819 1433 1983 1503 216
2017 1429 2244 1485 rationis
2270 1429 2566 1499 potentiam
2609 1424 2823 1491 sanxit,
2850 1424 3066 1494 quando
3115 1424 3181 1479 de
3227 1422 3400 1477 latere

1822 1524 1990 1595 ipsius
2019 1522 2287 1576 fluxerunt
2313 1519 2536 1588 sanguis
2570 1516 2977 1588 redemptionis,
3019 1521 3076 1570 et
3125 1527 3262 1584 aqua
3305 1512 3404 1567 ba-

1819 1613 2114 1686 ptismatis.
2148 1612 2301 1667 Sicut
2328 1625 2456 1678 ergo
2492 1609 2660 1665 Vetus
2696 1608 3101 1665 Testamentum
3145 1601 3409 1660 testiﬁca-

1823 1707 1900 1762 tio
1933 1704 2035 1759 fuit
2074 1702 2226 1767 Novi,
2258 1708 2313 1756 et
2345 1700 2428 1755 lex
2457 1714 2554 1771 per
2581 1698 2797 1770 Moysen
2824 1699 2948 1753 data
2969 1705 3072 1761 est,
3101 1695 3274 1765 gratia
3299 1707 3398 1748 au-

1824 1807 1934 1854 tem
1959 1803 2015 1851 et
2039 1793 2240 1850 veritas
2267 1807 2364 1862 per
2389 1790 2571 1846 Jesum
2602 1789 2878 1845 Christum
2915 1788 3057 1844 facta
3091 1796 3195 1851 est,
3220 1786 3300 1840 sic
3321 1783 3408 1840 di-

119 1906 380 1956 servare,
409 1890 544 1945 satis
589 1890 782 1944 idoneo
820 1889 1112 1959 probamus
1157 1886 1403 1956 exemplo
1432 1892 1719 1954 sequentes
1748 1861 1795 1922 Β
1825 1905 1985 1944 versa
2014 1885 2283 1943 sacriﬁcia
2315 1899 2477 1938 unam
2500 1882 2730 1937 hostiam
2754 1879 3103 1953 puerei-mare
3127 1888 3181 1934 ει
3210 1876 3413 1933 multo.

117 1988 356 2062 beatum
395 1983 692 2056 apostolum
716 1983 934 2038 Petrum
963 1983 1053 2053 qui
1083 1982 1134 2035 in
1159 1997 1222 2035 eo
1249 1981 1333 2034 die
1360 1995 1464 2049 quo
1496 1991 1719 2033 omnem

127 2077 480 2134 credentium
521 2090 804 2130 numerum
834 2073 1134 2145 promissus
1163 2071 1398 2141 Spiritus
1426 2068 1599 2124 sancti
1637 2082 1724 2122 re-

123 2167 308 2240 plevit
346 2167 608 2222 adventus
642 2165 804 2220 trium
849 2163 1075 2218 millium
1117 2161 1372 2233 populum
1404 2174 1500 2214 sua
1527 2157 1726 2228 praedi-

125 2259 355 2316 catione
385 2273 728 2324 conversum,
757 2256 977 2311 lavacro
1004 2254 1341 2325 baptismatis
1363 2248 1719 2315 consecravit,

125 2352 282 2423 quod
312 2359 500 2406 sancta
522 2350 802 2420 Scriptura
832 2361 951 2418 quae
976 2345 1342 2418 apostolorum
1374 2352 1528 2398 actus
1549 2341 1724 2398 conti-

126 2447 251 2508 net,
283 2443 422 2498 fideli
448 2442 674 2498 historia
701 2442 881 2505 docet,
911 2441 1096 2496 dicens
1123 2456 1136 2492 :
1167 2455 1186 2490 ‹
1221 2437 1317 2492 His
1346 2435 1546 2491 auditis
1575 2449 1722 2489 com-

129 2537 328 2608 puncti
361 2544 486 2591 sunt
524 2535 709 2600 corde,
737 2542 794 2590 et
819 2533 1005 2588 dixere
1031 2532 1096 2586 ad
1126 2530 1366 2593 Petrum,
1399 2536 1455 2583 et
1496 2528 1561 2581 ad
1596 2525 1723 2580 reli-

131 2644 278 2698 quos
308 2626 604 2695 apostolos,
639 2625 767 2697 quid
812 2623 1073 2680 faciemus
1117 2621 1220 2676 viri
1269 2619 1502 2675 fratres?
1527 2618 1722 2674 Petrus

130 2734 270 2774 vero
297 2719 373 2772 ait
402 2718 467 2772 ad
514 2717 658 2781 illos,
687 2714 1086 2787 paenitentiam,
1116 2712 1310 2783 inquit,
1339 2710 1504 2782 agite,
1545 2717 1600 2764 et
1622 2707 1723 2765 ba-

129 2813 377 2884 ptizetur
403 2810 772 2880 unusquisque
820 2809 875 2863 in
903 2807 1120 2862 nomine
1151 2803 1278 2860 Jesu
1303 2802 1504 2859 Christi
1546 2801 1601 2856 in
1642 2815 1725 2857 re-

133 2903 376 2960 medium
406 2910 751 2973 peccatorum
772 2941 787 2964 ,
819 2906 874 2954 et
909 2896 1185 2967 accipietis
1231 2895 1429 2950 donum
1482 2890 1716 2962 Spiritus

136 2994 313 3051 sancti
341 3011 356 3059 ;
385 2993 540 3048 vobis
563 2993 706 3046 enim
752 2988 1102 3060 repromissio
1128 2996 1242 3051 est,
1273 2994 1326 3039 et
1346 2984 1472 3040 tlliis
1499 2983 1720 3048 vestris,

135 3099 194 3146 et
226 3087 478 3144 omnibus
514 3085 604 3156 qui
632 3076 788 3155 longe
816 3089 940 3138 sunt
971 3094 1317 3152 quoscunque
1365 3075 1712 3132 advocaverit

133 3181 401 3236 Dominus
423 3179 564 3234 Deus
591 3186 795 3232 noster.
822 3174 958 3229 Aliis
996 3173 1158 3227 etiam
1189 3170 1368 3225 verbis
1401 3168 1722 3224 testificatus

136 3272 530 3330 exhortabatur
556 3285 671 3335 eos,
697 3268 881 3323 dicens
913 3284 926 3320 :
965 3263 1261 3320 Salvamini
1302 3277 1331 3316 a
1359 3260 1725 3333 generatione

137 3368 244 3422 ista
273 3380 456 3436 prava.
487 3362 587 3430 Qui
618 3376 748 3432 ergo
779 3365 1105 3430 receperunt
1145 3369 1451 3412 sermonem
1484 3354 1600 3424 eius
1629 3353 1727 3407 ba-

138 3459 332 3532 ptizati
359 3466 502 3522 sunt,
537 3465 593 3511 et
638 3453 896 3524 appositae
921 3459 1049 3506 sunt
1074 3449 1128 3504 in
1161 3448 1248 3503 illa
1279 3448 1365 3502 die
1389 3447 1583 3501 animae
1611 3445 1724 3501 cir-

140 3553 285 3608 citer
314 3549 416 3604 tria
459 3546 625 3602 millia
657 3544 796 3615 (Act.
829 3559 892 3608 ιι,
916 3539 1128 3612 57-41).
1159 3557 1177 3591 ι
1210 3537 1364 3594 Unde
1393 3536 1518 3607 quia
1548 3534 1725 3590 mani-

140 3641 439 3700 festissime
462 3645 612 3709 patet
635 3632 978 3704 baptizandis
1020 3631 1074 3685 in
1115 3627 1361 3696 Ecclesia
1394 3625 1580 3682 electis
1609 3625 1725 3682 htec

137 3737 254 3791 ‘duo
289 3740 550 3802 tempora,
580 3730 646 3785 de
674 3727 868 3798 quibus
887 3723 1055 3780 locuti
1080 3737 1288 3785 sumus,
1313 3734 1432 3776 esse
1453 3717 1723 3789 legitima,

145 3827 496 3886 dilectionem
545 3829 782 3878 vestram
817 3831 1122 3881 monemus,
1155 3823 1217 3870 ut
1246 3813 1422 3869 nullos
1452 3811 1588 3867 alios
1612 3809 1728 3867 dies

144 3921 278 3978 huic
302 3915 658 3974 observantia:
683 3910 978 3969 miscentis.
1010 3907 1145 3976 Quia
1175 3914 1230 3962 et
1249 3905 1294 3962 si
1322 3911 1449 3960 sunt
1469 3901 1574 3958 alio
1596 3915 1730 3972 quo-

147 4027 257 4084 que
299 4008 431 4066 festa
458 4007 651 4078 quibus
696 4003 862 4060 multa
895 4002 950 4056 in
981 4002 1242 4056 honorem
1285 3997 1379 4052 Dei
1422 3993 1728 4052 reverentia

149 4103 432 4166 debeatur,
468 4096 784 4170 principalis
813 4104 994 4150 tamen
1022 4100 1077 4147 et
1129 4089 1352 4147 maximi
1401 4086 1729 4144 sacramenti

147 4189 501 4250 etistodienda
549 4187 703 4243 nobis
751 4185 992 4258 mysticae
1033 4181 1261 4238 rationis
1301 4179 1581 4251 exceptio,
1620 4193 1728 4234 non

152 4284 442 4342 interdicta
470 4279 690 4337 licentia
721 4293 827 4350 qua
863 4278 918 4332 in
945 4275 1216 4347 baptismo
1247 4271 1531 4328 tribuendo
1553 4269 1730 4340 quoli-

151 4379 251 4434 bet
280 4384 519 4444 tempore
545 4369 976 4442 periclitantibus
1012 4365 1350 4423 subvenitur.
1387 4361 1465 4418 Ita
1495 4361 1637 4416 enim
1663 4360 1732 4417 ad

153 4471 259 4526 has
281 4467 410 4523 duas
429 4465 748 4522 festivitates
771 4475 1043 4518 connexas
1057 4458 1272 4514 sibimet
1287 4463 1450 4527 atque
1473 4460 1734 4522 cognatas

159 4559 534 4623 incolumium,
563 4565 618 4613 et
644 4556 698 4611 in
723 4554 874 4626 pacis
899 4552 1191 4609 securitate
1221 4548 1526 4619 degentium
1557 4546 1730 4603 libera

156 4662 286 4712 vota
317 4651 634 4715 differimus,
665 4657 726 4703 ut
756 4647 808 4702 in
842 4644 1033 4701 mortis
1058 4641 1323 4714 periculo,
1357 4640 1411 4695 in
1440 4639 1737 4695 obsidionis

156 4743 492 4805 discrimine,
514 4740 569 4796 in
597 4736 987 4811 persecutionis
1009 4732 1298 4807 angustiis,
1317 4732 1370 4786 in
1397 4731 1590 4787 timore
1612 4745 1740 4784 nau-

157 4837 342 4908 fragii,
364 4834 509 4890 nullo
537 4842 778 4903 tempore
802 4831 905 4886 hoc
927 4843 1070 4884 verte
1094 4825 1284 4882 salutis
1305 4823 1600 4879 remedium
1627 4821 1741 4878 cui-

157 4941 322 4999 quam
347 4924 690 4992 dcnegemus.
715 4919 774 4976 Si
801 4920 922 4991 quis
942 4927 1120 4973 autem
1144 4913 1456 4985 Epiphaniae
1482 4910 1742 4967 festivita-

158 5027 272 5074 tem
302 5029 422 5086 quze
458 5013 512 5068 in
536 5026 632 5067 suo
659 5010 848 5066 ordine
873 5007 1056 5064 debito
1082 5005 1290 5060 honore
1318 5001 1626 5059 veneranda
1655 5007 1741 5056 est

157 5110 233 5165 ob
257 5107 361 5163 hoc
388 5105 620 5162 aestimat
640 5101 979 5174 privilegium
1006 5099 1209 5154 habere
1229 5093 1587 5165 baptismatis,
1603 5092 1731 5163 quia

157 5200 266 5256 hoc
283 5194 497 5267 quidam
515 5194 699 5249 dicunt
730 5191 871 5263 quod
903 5191 956 5245 in
983 5189 1171 5244 eadem
1199 5185 1286 5240 die
1301 5187 1366 5239 ad
1402 5183 1732 5254 baptismum

157 5287 419 5344 Dominus
448 5285 620 5341 sancti
640 5281 864 5338 Joannis
891 5278 1204 5342 accesserit,
1235 5276 1371 5332 sciat
1394 5273 1538 5330 illius
1556 5271 1732 5343 bapti-

165 5377 267 5436 smi
290 5376 448 5432 aliam
463 5375 713 5448 gratiam,
731 5373 890 5428 aliam
905 5370 1071 5426 fuisse
1087 5368 1369 5428 rationem,
1387 5379 1488 5422 nec
1501 5365 1566 5420 ad
1587 5379 1738 5420 eam-

165 5467 285 5524 dem
310 5466 636 5538 pertinuisse
659 5465 934 5528 virtutem,
959 5476 1062 5531 qua
1085 5474 1180 5531 per
1203 5457 1464 5528 Spiritum
1488 5465 1734 5512 sanctum

168 5565 544 5621 renascuntur,
560 5555 626 5611 de
641 5555 840 5626 quibus
862 5553 1059 5608 dicitur
1085 5571 1098 5606 :
1132 5569 1151 5604 ‹
1171 5548 1272 5616 Qui
1302 5562 1408 5602 non
1431 5560 1498 5600 ex
1523 5544 1741 5616 sangui-
1840 5589 1852 5596 .

169 5648 346 5712 nibus,
376 5661 549 5718 neque
574 5662 642 5702 ex
670 5645 950 5701 voluntate
963 5642 1356 5708 carnis,neqne
1375 5653 1441 5693 ex
1465 5635 1740 5692 voluntate

167 5737 270 5794 viri
289 5779 305 5804 ,
331 5737 425 5793 sed
455 5753 522 5792 ex
556 5738 666 5793 Deo
694 5735 803 5792 nati
828 5741 955 5790 sunt
984 5731 1170 5804 (Joan.
1200 5746 1243 5796 ιλ,
1272 5729 1382 5799 15).
1421 5747 1440 5781 ι
1475 5725 1739 5782 Dominus

169 5828 314 5918 enim
337 5827 536 5899 nullius
569 5827 814 5898 indigens
851 5825 1166 5896 remissione
1189 5820 1422 5896 peccati,
1451 5833 1553 5876 nec
1587 5833 1738 5898 quas?

1823 1995 1943 2036 rum
1975 1993 2235 2051 agnorum
2263 1975 2471 2054 (occisio
2511 1973 2654 2028 illius
2681 1969 3051 2027 immolatione
3101 1969 3253 2024 finita
3298 1977 3403 2034 est,

1824 2073 1892 2128 de
1928 2087 2035 2142 quo
2082 2069 2324 2125 dicitur:
2364 2086 2382 2119 ‹
2412 2067 2550 2122 Ecce
2597 2080 2770 2137 agnus
2813 2064 2928 2130 Dei,
2963 2077 3090 2118 ecce
3137 2060 3228 2134 qui
3260 2060 3404 2118 tollit

1823 2171 2044 2236 peccata
2084 2161 2269 2217 mundi
2293 2161 2473 2233 (Joan.
2503 2174 2542 2224 ι,
2567 2156 2680 2227 29).
2721 2175 2738 2208 ι
2781 2155 2874 2212 Sic
2921 2163 2976 2208 ct
3005 2153 3263 2219 Joannes,
3291 2166 3401 2208 non

1824 2257 2093 2321 Christus,
2134 2253 2227 2310 sed
2277 2249 2479 2308 Christi
2536 2248 2802 2320 przevius;
2854 2260 2961 2301 non
3012 2259 3263 2316 sponsus,
3314 2241 3411 2298 sed

1823 2349 2005 2420 sponsi
2035 2347 2262 2411 amicus,
2293 2343 2392 2399 fuit
2414 2343 2548 2398 adeo
2577 2341 2774 2406 fidelis,
2803 2350 2855 2396 et
2876 2355 2980 2394 non
3007 2355 3102 2395 sua
3128 2351 3406 2410 quaerens,

1824 2442 1919 2499 sed
1952 2456 2071 2511 quae
2098 2439 2224 2496 Jesu
2255 2437 2480 2502 Christi,
2511 2445 2570 2490 ut
2599 2449 2658 2490 se.
2679 2433 3028 2504 profiteretur
3048 2431 3115 2486 ad
3145 2428 3407 2486 solvenda

1824 2532 2187 2588 calceamenta
2235 2529 2429 2600 pedum
2471 2525 2589 2594 ejus
2635 2525 2944 2594 indignum,
2983 2521 3239 2592 quoniam
3279 2520 3400 2590 ipse

1823 2622 2039 2694 quidem
2055 2620 2358 2691 baptizaret
2378 2618 2430 2672 in
2455 2631 2594 2686 aqua
2625 2615 2677 2668 in
2699 2612 3095 2684 pcenitentiam,
3114 2610 3202 2666 ille
3231 2608 3412 2680 bapti-

1823 2721 2045 2770 zaturus
2060 2720 2202 2769 esset
2231 2711 2284 2765 in
2308 2710 2512 2781 Spiritu
2541 2717 2728 2764 sancto
2751 2714 2806 2762 et
2828 2705 2959 2777 igni,
2984 2701 3282 2775 quiduplici
3306 2698 3410 2773 po?

1823 2816 2020 2863 testate
2061 2815 2116 2862 et
2153 2806 2314 2860 vitam
2365 2803 2647 2868 redderet,
2682 2810 2736 2858 et
2773 2807 2995 2872 peccata
3031 2801 3405 2854 consumeret.

1824 2897 1920 2953 llis
1961 2897 2164 2965 itaque,
2224 2895 2439 2959 fratres,
2469 2901 2548 2948 tot
2585 2891 2856 2960 tantisque
2912 2886 3268 2944 existentibus
3294 2885 3415 2940 (ἰοσ-

1825 2989 2114 3054 cumentis,
2140 2988 2336 3057 quibus
2365 2984 2509 3040 omni
2540 2982 2891 3053 ambiguitate
2919 2979 3166 3034 submota
3192 2976 3413 3032 eviden-

1825 3090 1911 3138 ter
1948 3080 2262 3153 agnoscitis,
2305 3080 2358 3132 in
2391 3075 2733 3147 baptizandis
2761 3071 2948 3129 electis
2977 3069 3068 3140 qui
3107 3066 3406 3125 secundum

1829 3172 2180 3245 apostolicam
2211 3169 2456 3241 regulam
2490 3176 2544 3221 et
2577 3163 2898 3221 cxorcismis
2925 3160 3225 3225 scrutandi,
3250 3166 3303 3214 et
3319 3156 3408 3226 ie-

1821 3264 1990 3336 juniis
2020 3259 2415 3324 sanctificandi,
2445 3267 2499 3314 et
2527 3255 2896 3328 frequentibus
2924 3260 3052 3309 sunt
3070 3249 3413 3322 praedicatio-

1828 3358 1988 3415 nibus
2021 3353 2318 3417 imbuendi,
2357 3352 2462 3406 duo
2485 3358 2693 3404 tantum
2721 3356 2986 3417 tempora,
3015 3345 3066 3400 id
3093 3351 3176 3400 est
3200 3341 3412 3398 Pascha

1827 3457 1884 3505 et
1911 3448 2291 3509 Pentecosten,
2315 3457 2436 3499 esse
2463 3441 2747 3497 servanda.
2776 3437 2890 3493 Hoc
2914 3444 3108 3492 vestra:
3128 3433 3417 3491 indicimus

1827 3536 2102 3602 charitati,
2124 3543 2185 3589 ut
2209 3531 2518 3604 apostolicis
2543 3529 2805 3585 institutis
2832 3527 2982 3584 nullo
2999 3525 3229 3582 ulterius
3255 3538 3411 3580 rece-

1828 3629 1972 3686 datis
2007 3641 2256 3683 excessu.
2284 3624 2420 3693 Quia
2447 3622 2674 3678 multum
2697 3630 2823 3692 post
2847 3619 2964 3675 lucc
2983 3633 3104 3674 esse
3126 3632 3233 3674 non
3256 3624 3416 3688 pote-

1829 3724 1922 3790 rit,
1949 3723 1992 3778 si
2017 3722 2304 3792 quisquam
2329 3717 2653 3788 apostolicae
2690 3713 2904 3786 regulas
2944 3713 3000 3768 in
3027 3712 3208 3783 aliquo
3235 3709 3419 3766 credi-

1836 3817 1976 3874 derit
2000 3811 2366 3885 negligendas.
2399 3809 2578 3877 Quare
2600 3807 2728 3863 illud
2755 3805 3008 3878 primitus
3035 3817 3135 3874 pro
3164 3799 3414 3858 custodia

1828 3906 2265 3968 concordissimae
2286 3902 2508 3959 unitatis
2527 3900 2816 3972 exigimus,
2836 3907 2895 3954 ut
2911 3897 3035 3968 quia
3052 3892 3414 3952 saluberrime

1827 4019 1856 4059 a
1877 4000 2080 4058 sanctis
2100 3997 2354 4054 Patribus
2374 3995 2726 4052 constitutum
2748 3999 2833 4047 est
2855 3989 3012 4046 binos
3032 3989 3084 4043 in
3115 3985 3272 4042 annis
3288 3984 3407 4056 epio

1826 4108 2113 4167 scoparum
2123 4091 2320 4148 debere
2331 4103 2452 4146 esse
2465 4092 2777 4148 conventus,
2798 4082 2934 4139 terni
2949 4093 3162 4151 semper
3174 4093 3236 4134 ex
3260 4075 3418 4134 vobis

1829 4187 1899 4242 ad
1922 4166 2064 4242 diem
2087 4183 2306 4238 tertium
2320 4179 2687 4235 Kalendarum
2717 4173 3029 4233 Octobrium
3057 4171 3284 4226 Romam
3307 4166 3420 4223 fra-

1831 4285 1988 4332 terno
2012 4272 2243 4331 concilio
2266 4269 2509 4327 sociandi
2537 4273 2849 4329 occurrant,
2871 4271 2925 4319 et
2951 4258 3417 4318 indissimulanter

1835 4381 1866 4422 a
1888 4365 2041 4421 vobis
2064 4364 2180 4419 hzec
2194 4359 2526 4418 consuetudo
2547 4365 2812 4414 servetur.
2833 4353 3098 4423 Quoniam
3125 4350 3418 4420 adiuvante

1835 4455 2008 4529 gratia
2041 4453 2136 4509 Dei
2184 4451 2398 4508 facilius
2430 4448 2631 4522 poterit
2666 4445 2972 4519 provideri,
2999 4452 3060 4499 ut
3086 4444 3138 4498 in
3165 4439 3416 4497 ecclesiis

1837 4545 2036 4604 Christi
2069 4544 2214 4600 nulla
2239 4542 2514 4607 scandala,
2543 4539 2674 4596 nulli
2705 4547 3002 4596 nascantur
3020 4548 3255 4599 errores,
3290 4546 3417 4588 cum

1839 4656 2022 4698 coram
2059 4637 2374 4694 beatissimo
2398 4634 2640 4707 apostolo
2666 4632 2829 4689 Petro
2857 4645 3071 4700 semper
3093 4629 3146 4684 in
3175 4640 3419 4684 commu-

1839 4735 2005 4790 uionc
2033 4738 2320 4787 tractatum
2345 4727 2526 4794 fuerit,
2548 4735 2608 4782 ut
2631 4724 2814 4782 omnia
2834 4721 3080 4779 instituta
3109 4731 3412 4776 canonum-

1839 4841 1945 4898 que
1971 4825 2188 4880 decreta
2217 4820 2356 4891 apud
2385 4832 2574 4876 omnes
2596 4814 2810 4872 Domini
2830 4813 3140 4870 sacerdotes
3162 4806 3421 4864 inviolata

1837 4924 2214 4990 permaneant.
2247 4912 2373 4968 Haec
2423 4918 2601 4966 autem
2632 4922 2752 4978 quae
2776 4905 2928 4962 vobis
2971 4903 3274 4973 inspirante
3312 4898 3422 4968 Do-

1840 5012 1988 5067 mino
2003 5007 2326 5065 insinuanda
2350 5002 2698 5066 credidimus,
2723 5014 2823 5070 per
2842 4997 3040 5054 fratres
3066 5003 3121 5052 et
3141 4993 3418 5066 coepisco-

1837 5117 1938 5175 pos
1964 5095 2503 5156 nostrostBachillum
2525 5101 2688 5162 atque
2711 5088 3062 5147 Paschasium
3084 5085 3153 5175 ad
3171 5091 3412 5139 vestram

1838 5173 2089 5249 volumus
2138 5187 2388 5245 notitiam
2447 5181 2756 5256 pervenire.
2811 5179 3017 5248 Quibus
3053 5173 3418 5233 referentibus

1840 5297 2198 5358 agnoscamus
2249 5293 2412 5350 quam
2463 5282 2776 5333 reverenter
2820 5288 2851 5328 a
2904 5270 3058 5327 vobis
3099 5266 3412 5341 apostolica:

1840 5375 1984 5432 sedis
2010 5374 2252 5430 instituta
2279 5374 2583 5426 serventur.

1844 5467 2024 5525 LXIII.
2044 5494 2116 5508 -—
2142 5463 2223 5520 Ad
2249 5463 2512 5534 episcopos
2541 5457 2848 5586 ςῑῖοέιαιὶω
2893 5449 3186 5528 provincias
3223 5447 3421 5504 consti-

1843 5675 1845 5678 ‹
1913 5629 2027 5686 Leo
2053 5623 2317 5684 universis
2343 5622 2612 5695 episcopis
2641 5636 2738 5692 per
2773 5617 2940 5676 Italiae
2964 5610 3269 5689 provincias
3289 5622 3419 5666 con-

1842 5720 2046 5778 stitutis
2079 5719 2134 5774 iu
2169 5717 2397 5773 Domino
2421 5716 2672 5771 salutem.

1808 5847 1860 5896 ς·
1915 5811 1973 5887 In
2009 5810 2341 5889 consortium
2371 5824 2466 5883 vos
2506 5815 2705 5868 nostrae
2750 5799 3146 5883 sollicitudinis,
3180 5791 3396 5885 dilectis
