  <div class='ocr_page' id='page_1' title='image "/cluster/home/n/w/nwhite01/storage/ocr_20150623/130/hvd.32044015471717/467.png"; bbox 0 0 3974 6432; ppageno 0'>
   <div class='ocr_carea' id='block_1_1' title="bbox 609 351 730 414">
    <p class='ocr_par' dir='ltr' id='par_1_1' title="bbox 609 351 730 414">
     <span class='ocr_line' id='line_1_1' title="bbox 609 351 730 414; baseline -0.008 -2"><span class='ocrx_word' id='word_1_1' title='bbox 609 351 730 414; x_wconf 73' lang='grc' dir='ltr'><strong>8ἳὸ-</strong></span> 
     </span>
    </p>
   </div>
   <div class='ocr_carea' id='block_1_2' title="bbox 1399 334 3050 405">
    <p class='ocr_par' dir='ltr' id='par_1_2' title="bbox 1399 334 3050 405">
     <span class='ocr_line' id='line_1_2' title="bbox 1399 334 3050 405; baseline -0.005 -6"><span class='ocrx_word' id='word_1_2' title='bbox 1399 342 1712 399; x_wconf 69' lang='grc' dir='ltr'><strong>ἈΡΡΕΜ).</strong></span> <span class='ocrx_word' id='word_1_3' title='bbox 1753 337 2050 405; x_wconf 67' lang='grc' dir='ltr'><strong>ΑΟΒᾹΞΟ.</strong></span> <span class='ocrx_word' id='word_1_4' title='bbox 2091 337 2182 394; x_wconf 80' lang='lat' dir='ltr'><strong>IX.</strong></span> <span class='ocrx_word' id='word_1_5' title='bbox 2220 366 2292 378; x_wconf 90' lang='lat'><strong>—-</strong></span> <span class='ocrx_word' id='word_1_6' title='bbox 2321 334 2573 394; x_wconf 80' lang='lat' dir='ltr'><strong>lSlDORl</strong></span> <span class='ocrx_word' id='word_1_7' title='bbox 2611 334 3050 394; x_wconf 80' lang='lat' dir='ltr'><strong>MERCATORIS</strong></span> 
     </span>
    </p>
   </div>
   <div class='ocr_carea' id='block_1_3' title="bbox 3732 347 3802 403">
    <p class='ocr_par' dir='ltr' id='par_1_3' title="bbox 3732 347 3802 403">
     <span class='ocr_line' id='line_1_3' title="bbox 3732 347 3802 403; baseline -0.014 0"><span class='ocrx_word' id='word_1_8' title='bbox 3732 347 3802 403; x_wconf 66' lang='grc' dir='ltr'><strong>εἶθ</strong></span> 
     </span>
    </p>
   </div>
   <div class='ocr_carea' id='block_1_4' title="bbox 611 447 3802 529">
    <p class='ocr_par' dir='ltr' id='par_1_4' title="bbox 611 447 3802 529">
     <span class='ocr_line' id='line_1_4' title="bbox 611 447 3802 529; baseline 0.004 -27"><span class='ocrx_word' id='word_1_9' title='bbox 611 461 735 518; x_wconf 69' lang='lat' dir='ltr'><strong>simi</strong></span> <span class='ocrx_word' id='word_1_10' title='bbox 778 459 995 526; x_wconf 64' lang='lat' dir='ltr'><strong>fratres,</strong></span> <span class='ocrx_word' id='word_1_11' title='bbox 1024 459 1370 523; x_wconf 76' lang='lat' dir='ltr'><strong>advocamus,</strong></span> <span class='ocrx_word' id='word_1_12' title='bbox 1399 466 1460 512; x_wconf 87' lang='lat' dir='ltr'><strong>ut</strong></span> <span class='ocrx_word' id='word_1_13' title='bbox 1486 455 1762 529; x_wconf 77' lang='lat' dir='ltr'><strong>vigilantia</strong></span> <span class='ocrx_word' id='word_1_14' title='bbox 1810 450 2088 526; x_wconf 79' lang='lat' dir='ltr'><strong>paStorali.</strong></span> <span class='ocrx_word' id='word_1_15' title='bbox 2122 463 2190 504; x_wconf 90' lang='lat' dir='ltr'><strong>ne</strong></span> <span class='ocrx_word' id='word_1_16' title='bbox 2219 447 2529 514; x_wconf 66' lang='lat' dir='ltr'><strong>Astionnm</strong></span> <span class='ocrx_word' id='word_1_17' title='bbox 2581 447 2867 502; x_wconf 90' lang='lat' dir='ltr'><strong>titubantia</strong></span> <span class='ocrx_word' id='word_1_18' title='bbox 2916 447 3144 514; x_wconf 75' lang='lat' dir='ltr'><strong>fratrum</strong></span> <span class='ocrx_word' id='word_1_19' title='bbox 3191 450 3357 506; x_wconf 86' lang='lat' dir='ltr'><strong>corda</strong></span> <span class='ocrx_word' id='word_1_20' title='bbox 3400 453 3586 523; x_wconf 84' lang='lat' dir='ltr'><strong>spiritu</strong></span> <span class='ocrx_word' id='word_1_21' title='bbox 3631 453 3708 512; x_wconf 84' lang='lat' dir='ltr'><strong>Dei</strong></span> <span class='ocrx_word' id='word_1_22' title='bbox 3746 461 3802 514; x_wconf 79' lang='lat' dir='ltr'><strong>in-</strong></span> 
     </span>
    </p>
   </div>
   <div class='ocr_carea' id='block_1_5' title="bbox 613 544 2195 624">
    <p class='ocr_par' dir='ltr' id='par_1_5' title="bbox 613 544 2195 624">
     <span class='ocr_line' id='line_1_5' title="bbox 613 544 2195 624; baseline -0.007 -16"><span class='ocrx_word' id='word_1_23' title='bbox 613 555 744 624; x_wconf 90' lang='lat' dir='ltr'><strong>quid</strong></span> <span class='ocrx_word' id='word_1_24' title='bbox 769 553 1048 612; x_wconf 64' lang='lat' dir='ltr'><strong>diabolicae</strong></span> <span class='ocrx_word' id='word_1_25' title='bbox 1075 553 1237 614; x_wconf 82' lang='lat' dir='ltr'><strong>licere</strong></span> <span class='ocrx_word' id='word_1_26' title='bbox 1278 551 1452 623; x_wconf 84' lang='lat' dir='ltr'><strong>possit</strong></span> <span class='ocrx_word' id='word_1_27' title='bbox 1493 549 1728 614; x_wconf 85' lang='lat' dir='ltr'><strong>astutiae,</strong></span> <span class='ocrx_word' id='word_1_28' title='bbox 1759 544 2064 603; x_wconf 88' lang='lat' dir='ltr'><strong>commissis</strong></span> <span class='ocrx_word' id='word_1_29' title='bbox 2100 558 2195 597; x_wconf 79' lang='lat' dir='ltr'><strong>vo-</strong></span> 
     </span>
    </p>
   </div>
   <div class='ocr_carea' id='block_1_6' title="bbox 615 637 2194 722">
    <p class='ocr_par' dir='ltr' id='par_1_6' title="bbox 615 637 2194 722">
     <span class='ocr_line' id='line_1_6' title="bbox 615 637 2194 722; baseline -0.008 -18"><span class='ocrx_word' id='word_1_30' title='bbox 615 649 697 706; x_wconf 92' lang='lat' dir='ltr'><strong>bis</strong></span> <span class='ocrx_word' id='word_1_31' title='bbox 726 649 980 722; x_wconf 81' lang='lat' dir='ltr'><strong>gregibus</strong></span> <span class='ocrx_word' id='word_1_32' title='bbox 1008 646 1316 718; x_wconf 85' lang='lat' dir='ltr'><strong>diligentius</strong></span> <span class='ocrx_word' id='word_1_33' title='bbox 1346 642 1660 708; x_wconf 89' lang='lat' dir='ltr'><strong>consulatis,</strong></span> <span class='ocrx_word' id='word_1_34' title='bbox 1685 657 1754 697; x_wconf 91' lang='lat' dir='ltr'><strong>ne</strong></span> <span class='ocrx_word' id='word_1_35' title='bbox 1780 641 1826 696; x_wconf 91' lang='lat' dir='ltr'><strong>is</strong></span> <span class='ocrx_word' id='word_1_36' title='bbox 1859 640 1950 710; x_wconf 92' lang='lat' dir='ltr'><strong>qui</strong></span> <span class='ocrx_word' id='word_1_37' title='bbox 1978 637 2194 694; x_wconf 87' lang='lat' dir='ltr'><strong>Domini</strong></span> 
     </span>
    </p>
   </div>
   <div class='ocr_carea' id='block_1_7' title="bbox 615 729 2198 816">
    <p class='ocr_par' dir='ltr' id='par_1_7' title="bbox 615 729 2198 816">
     <span class='ocr_line' id='line_1_7' title="bbox 615 729 2198 816; baseline -0.004 -23"><span class='ocrx_word' id='word_1_38' title='bbox 615 737 994 816; x_wconf 77' lang='lat' dir='ltr'><strong>misericordia</strong></span> <span class='ocrx_word' id='word_1_39' title='bbox 1030 737 1302 794; x_wconf 86' lang='lat' dir='ltr'><strong>revelante</strong></span> <span class='ocrx_word' id='word_1_40' title='bbox 1334 751 1430 808; x_wconf 89' lang='lat' dir='ltr'><strong>per</strong></span> <span class='ocrx_word' id='word_1_41' title='bbox 1458 744 1698 791; x_wconf 89' lang='lat' dir='ltr'><strong>nostram</strong></span> <span class='ocrx_word' id='word_1_42' title='bbox 1722 747 1910 789; x_wconf 90' lang='lat' dir='ltr'><strong>curam</strong></span> <span class='ocrx_word' id='word_1_43' title='bbox 1934 748 1964 786; x_wconf 95' lang='lat' dir='ltr'><strong>a</strong></span> <span class='ocrx_word' id='word_1_44' title='bbox 1997 729 2198 786; x_wconf 88' lang='lat' dir='ltr'><strong>nostris</strong></span> 
     </span>
    </p>
   </div>
   <div class='ocr_carea' id='block_1_8' title="bbox 615 828 2198 901">
    <p class='ocr_par' dir='ltr' id='par_1_8' title="bbox 615 828 2198 901">
     <span class='ocr_line' id='line_1_8' title="bbox 615 828 2198 901; baseline -0.003 -15"><span class='ocrx_word' id='word_1_45' title='bbox 615 833 820 894; x_wconf 66' lang='lat' dir='ltr'><strong>ovibus,</strong></span> <span class='ocrx_word' id='word_1_46' title='bbox 857 834 1082 890; x_wconf 82' lang='lat' dir='ltr'><strong>morbus</strong></span> <span class='ocrx_word' id='word_1_47' title='bbox 1126 831 1404 901; x_wconf 72' lang='lat' dir='ltr'><strong>altjicitur,</strong></span> <span class='ocrx_word' id='word_1_48' title='bbox 1436 832 1664 888; x_wconf 88' lang='lat' dir='ltr'><strong>necdum</strong></span> <span class='ocrx_word' id='word_1_49' title='bbox 1690 830 1841 886; x_wconf 84' lang='lat' dir='ltr'><strong>vobis</strong></span> <span class='ocrx_word' id='word_1_50' title='bbox 1868 828 2198 900; x_wconf 75' lang='lat' dir='ltr'><strong>praemonitis</strong></span> 
     </span>
    </p>
   </div>
   <div class='ocr_carea' id='block_1_9' title="bbox 614 920 2198 998">
    <p class='ocr_par' dir='ltr' id='par_1_9' title="bbox 614 920 2198 998">
     <span class='ocr_line' id='line_1_9' title="bbox 614 920 2198 998; baseline -0.001 -24"><span class='ocrx_word' id='word_1_51' title='bbox 614 930 668 976; x_wconf 90' lang='lat' dir='ltr'><strong>et</strong></span> <span class='ocrx_word' id='word_1_52' title='bbox 693 925 868 980; x_wconf 87' lang='lat' dir='ltr'><strong>adhuc</strong></span> <span class='ocrx_word' id='word_1_53' title='bbox 897 924 1027 996; x_wconf 89' lang='lat' dir='ltr'><strong>quid</strong></span> <span class='ocrx_word' id='word_1_54' title='bbox 1051 933 1246 996; x_wconf 90' lang='lat' dir='ltr'><strong>agatur</strong></span> <span class='ocrx_word' id='word_1_55' title='bbox 1273 925 1496 998; x_wconf 88' lang='lat' dir='ltr'><strong>ignaris,</strong></span> <span class='ocrx_word' id='word_1_56' title='bbox 1529 938 1626 994; x_wconf 88' lang='lat' dir='ltr'><strong>per</strong></span> <span class='ocrx_word' id='word_1_57' title='bbox 1664 932 1876 982; x_wconf 86' lang='lat' dir='ltr'><strong>vestras</strong></span> <span class='ocrx_word' id='word_1_58' title='bbox 1903 937 1962 976; x_wconf 87' lang='lat' dir='ltr'><strong>se</strong></span> <span class='ocrx_word' id='word_1_59' title='bbox 1987 920 2198 990; x_wconf 84' lang='lat' dir='ltr'><strong>disper-</strong></span> 
     </span>
    </p>
   </div>
   <div class='ocr_carea' id='block_1_10' title="bbox 615 1008 2218 1085">
    <p class='ocr_par' dir='ltr' id='par_1_10' title="bbox 615 1008 2218 1085">
     <span class='ocr_line' id='line_1_10' title="bbox 615 1008 2218 1085; baseline -0.002 -16"><span class='ocrx_word' id='word_1_60' title='bbox 615 1022 707 1085; x_wconf 85' lang='lat' dir='ltr'><strong>gat</strong></span> <span class='ocrx_word' id='word_1_61' title='bbox 740 1014 1019 1081; x_wconf 87' lang='lat' dir='ltr'><strong>ecclesias,</strong></span> <span class='ocrx_word' id='word_1_62' title='bbox 1051 1027 1105 1070; x_wconf 88' lang='lat' dir='ltr'><strong>et</strong></span> <span class='ocrx_word' id='word_1_63' title='bbox 1153 1031 1375 1072; x_wconf 90' lang='lat' dir='ltr'><strong>suarum</strong></span> <span class='ocrx_word' id='word_1_64' title='bbox 1424 1013 1610 1070; x_wconf 85' lang='lat' dir='ltr'><strong>furtim</strong></span> <span class='ocrx_word' id='word_1_65' title='bbox 1641 1011 1920 1068; x_wconf 90' lang='lat' dir='ltr'><strong>cuniculos</strong></span> <span class='ocrx_word' id='word_1_66' title='bbox 1961 1008 2218 1084; x_wconf 75' lang='lat' dir='ltr'><strong>inveniat</strong></span> 
     </span>
    </p>
   </div>
   <div class='ocr_carea' id='block_1_11' title="bbox 614 1101 2216 1178">
    <p class='ocr_par' dir='ltr' id='par_1_11' title="bbox 614 1101 2216 1178">
     <span class='ocr_line' id='line_1_11' title="bbox 614 1101 2216 1178; baseline -0.004 -20"><span class='ocrx_word' id='word_1_67' title='bbox 614 1104 971 1172; x_wconf 90' lang='lat' dir='ltr'><strong>latebrarum,</strong></span> <span class='ocrx_word' id='word_1_68' title='bbox 1018 1115 1080 1162; x_wconf 92' lang='lat' dir='ltr'><strong>ut</strong></span> <span class='ocrx_word' id='word_1_69' title='bbox 1112 1107 1252 1178; x_wconf 92' lang='lat' dir='ltr'><strong>quod</strong></span> <span class='ocrx_word' id='word_1_70' title='bbox 1283 1122 1314 1162; x_wconf 92' lang='lat' dir='ltr'><strong>a</strong></span> <span class='ocrx_word' id='word_1_71' title='bbox 1363 1105 1518 1162; x_wconf 84' lang='lat' dir='ltr'><strong>nobis</strong></span> <span class='ocrx_word' id='word_1_72' title='bbox 1558 1106 1610 1159; x_wconf 91' lang='lat' dir='ltr'><strong>in</strong></span> <span class='ocrx_word' id='word_1_73' title='bbox 1640 1103 1774 1160; x_wconf 87' lang='lat' dir='ltr'><strong>urbe</strong></span> <span class='ocrx_word' id='word_1_74' title='bbox 1817 1101 2216 1174; x_wconf 71' lang='lat' dir='ltr'><strong>exstinguitur,</strong></span> 
     </span>
    </p>
   </div>
   <div class='ocr_carea' id='block_1_12' title="bbox 618 1191 2201 1268">
    <p class='ocr_par' dir='ltr' id='par_1_12' title="bbox 618 1191 2201 1268">
     <span class='ocr_line' id='line_1_12' title="bbox 618 1191 2201 1268; baseline -0.003 -20"><span class='ocrx_word' id='word_1_75' title='bbox 618 1195 938 1256; x_wconf 81' lang='lat' dir='ltr'><strong>tenebrosis</strong></span> <span class='ocrx_word' id='word_1_76' title='bbox 974 1197 1114 1268; x_wconf 89' lang='lat' dir='ltr'><strong>apud</strong></span> <span class='ocrx_word' id='word_1_77' title='bbox 1145 1211 1241 1251; x_wconf 90' lang='lat' dir='ltr'><strong>vos</strong></span> <span class='ocrx_word' id='word_1_78' title='bbox 1270 1195 1545 1258; x_wconf 86' lang='lat' dir='ltr'><strong>radicibus</strong></span> <span class='ocrx_word' id='word_1_79' title='bbox 1588 1194 1902 1250; x_wconf 89' lang='lat' dir='ltr'><strong>seminetnr.</strong></span> <span class='ocrx_word' id='word_1_80' title='bbox 1931 1191 2201 1245; x_wconf 88' lang='lat' dir='ltr'><strong>Plurimos</strong></span> 
     </span>
    </p>
   </div>
   <div class='ocr_carea' id='block_1_13' title="bbox 618 1279 2212 1358">
    <p class='ocr_par' dir='ltr' id='par_1_13' title="bbox 618 1279 2212 1358">
     <span class='ocr_line' id='line_1_13' title="bbox 618 1279 2212 1358; baseline -0.004 -15"><span class='ocrx_word' id='word_1_81' title='bbox 618 1288 920 1358; x_wconf 84' lang='lat' dir='ltr'><strong>impietatis</strong></span> <span class='ocrx_word' id='word_1_82' title='bbox 947 1288 1258 1354; x_wconf 67' lang='lat' dir='ltr'><strong>Manich&#39;ra:</strong></span> <span class='ocrx_word' id='word_1_83' title='bbox 1284 1302 1545 1358; x_wconf 89' lang='lat' dir='ltr'><strong>sequaces</strong></span> <span class='ocrx_word' id='word_1_84' title='bbox 1574 1286 1824 1342; x_wconf 89' lang='lat' dir='ltr'><strong>doctores</strong></span> <span class='ocrx_word' id='word_1_85' title='bbox 1853 1284 1906 1340; x_wconf 91' lang='lat' dir='ltr'><strong>in</strong></span> <span class='ocrx_word' id='word_1_86' title='bbox 1937 1283 2071 1338; x_wconf 88' lang='lat' dir='ltr'><strong>urbe</strong></span> <span class='ocrx_word' id='word_1_87' title='bbox 2116 1279 2212 1344; x_wconf 68' lang='lat' dir='ltr'><strong>in-~</strong></span> 
     </span>
    </p>
   </div>
   <div class='ocr_carea' id='block_1_14' title="bbox 616 1374 2200 1452">
    <p class='ocr_par' dir='ltr' id='par_1_14' title="bbox 616 1374 2200 1452">
     <span class='ocr_line' id='line_1_14' title="bbox 616 1374 2200 1452; baseline -0.004 -18"><span class='ocrx_word' id='word_1_88' title='bbox 616 1380 911 1452; x_wconf 85' lang='lat' dir='ltr'><strong>vestigatio</strong></span> <span class='ocrx_word' id='word_1_89' title='bbox 940 1389 1128 1437; x_wconf 86' lang='lat' dir='ltr'><strong>nostra</strong></span> <span class='ocrx_word' id='word_1_90' title='bbox 1175 1381 1398 1450; x_wconf 88' lang='lat' dir='ltr'><strong>reperit,</strong></span> <span class='ocrx_word' id='word_1_91' title='bbox 1429 1378 1705 1451; x_wconf 76' lang='lat' dir='ltr'><strong>vigilantia</strong></span> <span class='ocrx_word' id='word_1_92' title='bbox 1752 1374 2071 1448; x_wconf 88' lang='lat' dir='ltr'><strong>divulgavit,</strong></span> <span class='ocrx_word' id='word_1_93' title='bbox 2102 1389 2200 1429; x_wconf 81' lang='lat' dir='ltr'><strong>au-</strong></span> 
     </span>
    </p>
   </div>
   <div class='ocr_carea' id='block_1_15' title="bbox 619 1453 2202 1546">
    <p class='ocr_par' dir='ltr' id='par_1_15' title="bbox 619 1453 2202 1546">
     <span class='ocr_line' id='line_1_15' title="bbox 619 1453 2202 1546; baseline -0.003 -20"><span class='ocrx_word' id='word_1_94' title='bbox 619 1472 847 1530; x_wconf 84' lang='lat' dir='ltr'><strong>ctoritas</strong></span> <span class='ocrx_word' id='word_1_95' title='bbox 867 1481 921 1528; x_wconf 90' lang='lat' dir='ltr'><strong>et</strong></span> <span class='ocrx_word' id='word_1_96' title='bbox 947 1488 1173 1546; x_wconf 84' lang='lat' dir='ltr'><strong>censura</strong></span> <span class='ocrx_word' id='word_1_97' title='bbox 1201 1453 1476 1539; x_wconf 81' lang='lat' dir='ltr'><strong>coercuit,</strong></span> <span class='ocrx_word' id='word_1_98' title='bbox 1530 1487 1666 1542; x_wconf 91' lang='lat' dir='ltr'><strong>quos</strong></span> <span class='ocrx_word' id='word_1_99' title='bbox 1706 1469 1978 1542; x_wconf 87' lang='lat' dir='ltr'><strong>potuimus</strong></span> <span class='ocrx_word' id='word_1_100' title='bbox 2013 1482 2202 1522; x_wconf 87' lang='lat' dir='ltr'><strong>emcn-</strong></span> 
     </span>
    </p>
   </div>
   <div class='ocr_carea' id='block_1_16' title="bbox 620 1558 2204 1632">
    <p class='ocr_par' dir='ltr' id='par_1_16' title="bbox 620 1558 2204 1632">
     <span class='ocr_line' id='line_1_16' title="bbox 620 1558 2204 1632; baseline -0.001 -18"><span class='ocrx_word' id='word_1_101' title='bbox 620 1559 769 1627; x_wconf 90' lang='lat' dir='ltr'><strong>dare,</strong></span> <span class='ocrx_word' id='word_1_102' title='bbox 795 1561 1153 1628; x_wconf 80' lang='lat' dir='ltr'><strong>correximus,</strong></span> <span class='ocrx_word' id='word_1_103' title='bbox 1179 1572 1236 1618; x_wconf 92' lang='lat' dir='ltr'><strong>et</strong></span> <span class='ocrx_word' id='word_1_104' title='bbox 1265 1570 1324 1616; x_wconf 91' lang='lat' dir='ltr'><strong>ut</strong></span> <span class='ocrx_word' id='word_1_105' title='bbox 1351 1562 1670 1632; x_wconf 80' lang='lat' dir='ltr'><strong>damnarent</strong></span> <span class='ocrx_word' id='word_1_106' title='bbox 1699 1558 2050 1615; x_wconf 69' lang='lat' dir='ltr'><strong>Manichazum</strong></span> <span class='ocrx_word' id='word_1_107' title='bbox 2081 1573 2204 1613; x_wconf 87' lang='lat' dir='ltr'><strong>cum</strong></span> 
     </span>
    </p>
   </div>
   <div class='ocr_carea' id='block_1_17' title="bbox 618 1649 2205 1724">
    <p class='ocr_par' dir='ltr' id='par_1_17' title="bbox 618 1649 2205 1724">
     <span class='ocr_line' id='line_1_17' title="bbox 618 1649 2205 1724; baseline 0 -18"><span class='ocrx_word' id='word_1_108' title='bbox 618 1649 1098 1723; x_wconf 63' lang='lat' dir='ltr'><strong>prtedicationibus</strong></span> <span class='ocrx_word' id='word_1_109' title='bbox 1127 1663 1180 1710; x_wconf 92' lang='lat' dir='ltr'><strong>et</strong></span> <span class='ocrx_word' id='word_1_110' title='bbox 1207 1651 1482 1724; x_wconf 91' lang='lat' dir='ltr'><strong>discipulis</strong></span> <span class='ocrx_word' id='word_1_111' title='bbox 1508 1653 1640 1719; x_wconf 80' lang='lat' dir='ltr'><strong>suis,</strong></span> <span class='ocrx_word' id='word_1_112' title='bbox 1657 1652 1869 1723; x_wconf 88' lang='lat' dir='ltr'><strong>publica</strong></span> <span class='ocrx_word' id='word_1_113' title='bbox 1899 1652 1951 1707; x_wconf 92' lang='lat' dir='ltr'><strong>in</strong></span> <span class='ocrx_word' id='word_1_114' title='bbox 1974 1650 2205 1712; x_wconf 85' lang='lat' dir='ltr'><strong>ecclesia</strong></span> 
     </span>
    </p>
   </div>
   <div class='ocr_carea' id='block_1_18' title="bbox 621 1741 2208 1821">
    <p class='ocr_par' dir='ltr' id='par_1_18' title="bbox 621 1741 2208 1821">
     <span class='ocr_line' id='line_1_18' title="bbox 621 1741 2208 1821; baseline 0.001 -24"><span class='ocrx_word' id='word_1_115' title='bbox 621 1743 968 1802; x_wconf 81' lang='lat' dir='ltr'><strong>confessione</strong></span> <span class='ocrx_word' id='word_1_116' title='bbox 1006 1755 1061 1801; x_wconf 90' lang='lat' dir='ltr'><strong>et</strong></span> <span class='ocrx_word' id='word_1_117' title='bbox 1115 1761 1310 1802; x_wconf 90' lang='lat' dir='ltr'><strong>manus</strong></span> <span class='ocrx_word' id='word_1_118' title='bbox 1353 1761 1463 1806; x_wconf 61' lang='lat' dir='ltr'><strong>suae</strong></span> <span class='ocrx_word' id='word_1_119' title='bbox 1519 1741 2208 1821; x_wconf 86' lang='lat' dir='ltr'><strong>subscriptiouecompuli-</strong></span> 
     </span>
    </p>
   </div>
   <div class='ocr_carea' id='block_1_19' title="bbox 2297 541 3806 614">
    <p class='ocr_par' dir='ltr' id='par_1_19' title="bbox 2297 541 3806 614">
     <span class='ocr_line' id='line_1_19' title="bbox 2297 541 3806 614; baseline 0.01 -19"><span class='ocrx_word' id='word_1_120' title='bbox 2297 541 2552 595; x_wconf 82' lang='lat' dir='ltr'><strong>stituentc</strong></span> <span class='ocrx_word' id='word_1_121' title='bbox 2587 541 2960 606; x_wconf 87' lang='lat' dir='ltr'><strong>solidavimus,</strong></span> <span class='ocrx_word' id='word_1_122' title='bbox 3012 545 3382 614; x_wconf 82' lang='lat' dir='ltr'><strong>responsionis</strong></span> <span class='ocrx_word' id='word_1_123' title='bbox 3414 545 3628 604; x_wconf 86' lang='lat' dir='ltr'><strong>formam</strong></span> <span class='ocrx_word' id='word_1_124' title='bbox 3661 551 3726 604; x_wconf 84' lang='lat' dir='ltr'><strong>vel</strong></span> <span class='ocrx_word' id='word_1_125' title='bbox 3761 570 3806 610; x_wconf 77' lang='lat' dir='ltr'><strong>ex</strong></span> 
     </span>
    </p>
   </div>
   <div class='ocr_carea' id='block_1_20' title="bbox 2298 634 3804 710">
    <p class='ocr_par' dir='ltr' id='par_1_20' title="bbox 2298 634 3804 710">
     <span class='ocr_line' id='line_1_20' title="bbox 2298 634 3804 710; baseline 0.008 -23"><span class='ocrx_word' id='word_1_126' title='bbox 2298 643 2611 689; x_wconf 87' lang='lat' dir='ltr'><strong>sanctarum</strong></span> <span class='ocrx_word' id='word_1_127' title='bbox 2663 634 3064 705; x_wconf 89' lang='lat' dir='ltr'><strong>Scripturarum</strong></span> <span class='ocrx_word' id='word_1_128' title='bbox 3121 637 3460 710; x_wconf 87' lang='lat' dir='ltr'><strong>disciplinis,</strong></span> <span class='ocrx_word' id='word_1_129' title='bbox 3522 641 3599 694; x_wconf 85' lang='lat' dir='ltr'><strong>vel</strong></span> <span class='ocrx_word' id='word_1_130' title='bbox 3647 657 3697 696; x_wconf 76' lang='lat' dir='ltr'><strong>ex</strong></span> <span class='ocrx_word' id='word_1_131' title='bbox 3736 643 3804 698; x_wconf 77' lang='lat' dir='ltr'><strong>Pa-</strong></span> 
     </span>
    </p>
   </div>
   <div class='ocr_carea' id='block_1_21' title="bbox 2299 723 3806 804">
    <p class='ocr_par' dir='ltr' id='par_1_21' title="bbox 2299 723 3806 804">
     <span class='ocr_line' id='line_1_21' title="bbox 2299 723 3806 804; baseline 0.008 -27"><span class='ocrx_word' id='word_1_132' title='bbox 2299 729 2442 778; x_wconf 86' lang='lat' dir='ltr'><strong>trum</strong></span> <span class='ocrx_word' id='word_1_133' title='bbox 2508 723 2705 796; x_wconf 87' lang='lat' dir='ltr'><strong>regulis</strong></span> <span class='ocrx_word' id='word_1_134' title='bbox 2757 724 3101 796; x_wconf 76' lang='lat' dir='ltr'><strong>colligentes.</strong></span> <span class='ocrx_word' id='word_1_135' title='bbox 3167 727 3271 784; x_wconf 86' lang='lat' dir='ltr'><strong>Sed</strong></span> <span class='ocrx_word' id='word_1_136' title='bbox 3335 746 3508 802; x_wconf 89' lang='lat' dir='ltr'><strong>nuper</strong></span> <span class='ocrx_word' id='word_1_137' title='bbox 3559 731 3608 786; x_wconf 90' lang='lat' dir='ltr'><strong>in</strong></span> <span class='ocrx_word' id='word_1_138' title='bbox 3659 737 3806 804; x_wconf 78' lang='lat' dir='ltr'><strong>synodo</strong></span> 
     </span>
    </p>
   </div>
   <div class='ocr_carea' id='block_1_22' title="bbox 2300 819 3809 892">
    <p class='ocr_par' dir='ltr' id='par_1_22' title="bbox 2300 819 3809 892">
     <span class='ocr_line' id='line_1_22' title="bbox 2300 819 3809 892; baseline 0.007 -20"><span class='ocrx_word' id='word_1_139' title='bbox 2300 832 2498 880; x_wconf 87' lang='lat' dir='ltr'><strong>novum</strong></span> <span class='ocrx_word' id='word_1_140' title='bbox 2558 829 2613 872; x_wconf 90' lang='lat' dir='ltr'><strong>ct</strong></span> <span class='ocrx_word' id='word_1_141' title='bbox 2666 819 2965 874; x_wconf 89' lang='lat' dir='ltr'><strong>inauditum</strong></span> <span class='ocrx_word' id='word_1_142' title='bbox 3016 829 3174 874; x_wconf 84' lang='lat' dir='ltr'><strong>antea</strong></span> <span class='ocrx_word' id='word_1_143' title='bbox 3235 837 3414 892; x_wconf 90' lang='lat' dir='ltr'><strong>genus</strong></span> <span class='ocrx_word' id='word_1_144' title='bbox 3473 823 3809 883; x_wconf 79' lang='lat' dir='ltr'><strong>consultationis</strong></span> 
     </span>
    </p>
   </div>
   <div class='ocr_carea' id='block_1_23' title="bbox 2301 907 3807 986">
    <p class='ocr_par' dir='ltr' id='par_1_23' title="bbox 2301 907 3807 986">
     <span class='ocr_line' id='line_1_23' title="bbox 2301 907 3807 986; baseline 0.007 -23"><span class='ocrx_word' id='word_1_145' title='bbox 2301 919 2548 964; x_wconf 76' lang='lat' dir='ltr'><strong>exortum</strong></span> <span class='ocrx_word' id='word_1_146' title='bbox 2583 915 2682 964; x_wconf 89' lang='lat' dir='ltr'><strong>est.</strong></span> <span class='ocrx_word' id='word_1_147' title='bbox 2712 907 2844 963; x_wconf 80' lang='lat' dir='ltr'><strong>Nam</strong></span> <span class='ocrx_word' id='word_1_148' title='bbox 2879 911 3238 980; x_wconf 90' lang='lat' dir='ltr'><strong>quorumdam</strong></span> <span class='ocrx_word' id='word_1_149' title='bbox 3277 909 3513 966; x_wconf 72' lang='lat' dir='ltr'><strong>fratrum</strong></span> <span class='ocrx_word' id='word_1_150' title='bbox 3543 918 3807 986; x_wconf 77' lang='lat' dir='ltr'><strong>suggestione</strong></span> 
     </span>
    </p>
   </div>
   <div class='ocr_carea' id='block_1_24' title="bbox 2304 1003 3810 1076">
    <p class='ocr_par' dir='ltr' id='par_1_24' title="bbox 2304 1003 3810 1076">
     <span class='ocr_line' id='line_1_24' title="bbox 2304 1003 3810 1076; baseline 0.005 -16"><span class='ocrx_word' id='word_1_151' title='bbox 2304 1004 2664 1074; x_wconf 90' lang='lat' dir='ltr'><strong>comperimus</strong></span> <span class='ocrx_word' id='word_1_152' title='bbox 2702 1003 2910 1076; x_wconf 91' lang='lat' dir='ltr'><strong>aliquos</strong></span> <span class='ocrx_word' id='word_1_153' title='bbox 2969 1005 3304 1076; x_wconf 90' lang='lat' dir='ltr'><strong>captivorum</strong></span> <span class='ocrx_word' id='word_1_154' title='bbox 3360 1006 3426 1060; x_wconf 88' lang='lat' dir='ltr'><strong>ad</strong></span> <span class='ocrx_word' id='word_1_155' title='bbox 3459 1007 3605 1063; x_wconf 88' lang='lat' dir='ltr'><strong>sedes</strong></span> <span class='ocrx_word' id='word_1_156' title='bbox 3644 1024 3741 1065; x_wconf 78' lang='lat' dir='ltr'><strong>suas</strong></span> <span class='ocrx_word' id='word_1_157' title='bbox 3772 1013 3810 1068; x_wconf 91' lang='lat' dir='ltr'><strong>li-</strong></span> 
     </span>
    </p>
   </div>
   <div class='ocr_carea' id='block_1_25' title="bbox 2305 1096 3808 1171">
    <p class='ocr_par' dir='ltr' id='par_1_25' title="bbox 2305 1096 3808 1171">
     <span class='ocr_line' id='line_1_25' title="bbox 2305 1096 3808 1171; baseline 0.007 -21"><span class='ocrx_word' id='word_1_158' title='bbox 2305 1096 2681 1166; x_wconf 88' lang='lat' dir='ltr'><strong>bertatemque</strong></span> <span class='ocrx_word' id='word_1_159' title='bbox 2719 1096 3030 1162; x_wconf 87' lang='lat' dir='ltr'><strong>redeuntes,</strong></span> <span class='ocrx_word' id='word_1_160' title='bbox 3072 1098 3162 1168; x_wconf 90' lang='lat' dir='ltr'><strong>qui</strong></span> <span class='ocrx_word' id='word_1_161' title='bbox 3193 1097 3403 1153; x_wconf 89' lang='lat' dir='ltr'><strong>scilicet</strong></span> <span class='ocrx_word' id='word_1_162' title='bbox 3434 1098 3487 1156; x_wconf 87' lang='lat' dir='ltr'><strong>in</strong></span> <span class='ocrx_word' id='word_1_163' title='bbox 3527 1101 3808 1171; x_wconf 79' lang='lat' dir='ltr'><strong>captivitatem</strong></span> 
     </span>
    </p>
   </div>
   <div class='ocr_carea' id='block_1_26' title="bbox 2305 1186 3811 1263">
    <p class='ocr_par' dir='ltr' id='par_1_26' title="bbox 2305 1186 3811 1263">
     <span class='ocr_line' id='line_1_26' title="bbox 2305 1186 3811 1263; baseline 0.003 -22"><span class='ocrx_word' id='word_1_164' title='bbox 2305 1186 2395 1241; x_wconf 91' lang='lat' dir='ltr'><strong>illa</strong></span> <span class='ocrx_word' id='word_1_165' title='bbox 2426 1195 2584 1242; x_wconf 64' lang='lat' dir='ltr'><strong>aetate</strong></span> <span class='ocrx_word' id='word_1_166' title='bbox 2629 1188 2976 1256; x_wconf 88' lang='lat' dir='ltr'><strong>pervenerint</strong></span> <span class='ocrx_word' id='word_1_167' title='bbox 3018 1203 3138 1258; x_wconf 75' lang='lat' dir='ltr'><strong>qua:</strong></span> <span class='ocrx_word' id='word_1_168' title='bbox 3183 1187 3388 1244; x_wconf 89' lang='lat' dir='ltr'><strong>nullius</strong></span> <span class='ocrx_word' id='word_1_169' title='bbox 3437 1189 3516 1244; x_wconf 86' lang='lat' dir='ltr'><strong>rei</strong></span> <span class='ocrx_word' id='word_1_170' title='bbox 3553 1190 3811 1263; x_wconf 79' lang='lat' dir='ltr'><strong>firmampo-</strong></span> 
     </span>
    </p>
   </div>
   <div class='ocr_carea' id='block_1_27' title="bbox 2308 1278 3810 1354">
    <p class='ocr_par' dir='ltr' id='par_1_27' title="bbox 2308 1278 3810 1354">
     <span class='ocr_line' id='line_1_27' title="bbox 2308 1278 3810 1354; baseline 0.006 -21"><span class='ocrx_word' id='word_1_171' title='bbox 2308 1279 2472 1334; x_wconf 89' lang='lat' dir='ltr'><strong>tuerit</strong></span> <span class='ocrx_word' id='word_1_172' title='bbox 2502 1278 2701 1335; x_wconf 88' lang='lat' dir='ltr'><strong>habere</strong></span> <span class='ocrx_word' id='word_1_173' title='bbox 2731 1280 2996 1346; x_wconf 90' lang='lat' dir='ltr'><strong>notitiam,</strong></span> <span class='ocrx_word' id='word_1_174' title='bbox 3026 1279 3322 1336; x_wconf 87' lang='lat' dir='ltr'><strong>remedium</strong></span> <span class='ocrx_word' id='word_1_175' title='bbox 3357 1282 3571 1352; x_wconf 88' lang='lat' dir='ltr'><strong>quidem</strong></span> <span class='ocrx_word' id='word_1_176' title='bbox 3601 1283 3810 1354; x_wconf 77' lang='lat' dir='ltr'><strong>implorare</strong></span> 
     </span>
    </p>
   </div>
   <div class='ocr_carea' id='block_1_28' title="bbox 2309 1370 3811 1442">
    <p class='ocr_par' dir='ltr' id='par_1_28' title="bbox 2309 1370 3811 1442">
     <span class='ocr_line' id='line_1_28' title="bbox 2309 1370 3811 1442; baseline 0.005 -17"><span class='ocrx_word' id='word_1_177' title='bbox 2309 1370 2584 1442; x_wconf 85' lang='lat' dir='ltr'><strong>baptismi.</strong></span> <span class='ocrx_word' id='word_1_178' title='bbox 2619 1371 2723 1428; x_wconf 92' lang='lat' dir='ltr'><strong>Sed</strong></span> <span class='ocrx_word' id='word_1_179' title='bbox 2770 1381 2949 1426; x_wconf 92' lang='lat' dir='ltr'><strong>utrum</strong></span> <span class='ocrx_word' id='word_1_180' title='bbox 3001 1372 3240 1440; x_wconf 86' lang='lat' dir='ltr'><strong>ejusdem</strong></span> <span class='ocrx_word' id='word_1_181' title='bbox 3275 1373 3508 1431; x_wconf 82' lang='lat' dir='ltr'><strong>remedii</strong></span> <span class='ocrx_word' id='word_1_182' title='bbox 3545 1387 3657 1432; x_wconf 85' lang='lat' dir='ltr'><strong>ante</strong></span> <span class='ocrx_word' id='word_1_183' title='bbox 3690 1392 3811 1432; x_wconf 79' lang='lat' dir='ltr'><strong>sacra-</strong></span> 
     </span>
    </p>
   </div>
   <div class='ocr_carea' id='block_1_29' title="bbox 2310 1465 3809 1541">
    <p class='ocr_par' dir='ltr' id='par_1_29' title="bbox 2310 1465 3809 1541">
     <span class='ocr_line' id='line_1_29' title="bbox 2310 1465 3809 1541; baseline 0.004 -23"><span class='ocrx_word' id='word_1_184' title='bbox 2310 1475 2492 1520; x_wconf 87' lang='lat' dir='ltr'><strong>menta</strong></span> <span class='ocrx_word' id='word_1_185' title='bbox 2537 1466 2920 1535; x_wconf 88' lang='lat' dir='ltr'><strong>perceperint,</strong></span> <span class='ocrx_word' id='word_1_186' title='bbox 2971 1465 3214 1521; x_wconf 81' lang='lat' dir='ltr'><strong>infantiae</strong></span> <span class='ocrx_word' id='word_1_187' title='bbox 3253 1466 3542 1524; x_wconf 88' lang='lat' dir='ltr'><strong>inscientia</strong></span> <span class='ocrx_word' id='word_1_188' title='bbox 3590 1486 3680 1526; x_wconf 91' lang='lat' dir='ltr'><strong>non</strong></span> <span class='ocrx_word' id='word_1_189' title='bbox 3708 1487 3809 1541; x_wconf 75' lang='lat' dir='ltr'><strong>posse</strong></span> 
     </span>
    </p>
   </div>
   <div class='ocr_carea' id='block_1_30' title="bbox 2311 1549 3811 1622">
    <p class='ocr_par' dir='ltr' id='par_1_30' title="bbox 2311 1549 3811 1622">
     <span class='ocr_line' id='line_1_30' title="bbox 2311 1549 3811 1622; baseline 0.007 -12"><span class='ocrx_word' id='word_1_190' title='bbox 2311 1555 2631 1622; x_wconf 90' lang='lat' dir='ltr'><strong>reminisci,</strong></span> <span class='ocrx_word' id='word_1_191' title='bbox 2681 1565 2736 1611; x_wconf 89' lang='lat' dir='ltr'><strong>et</strong></span> <span class='ocrx_word' id='word_1_192' title='bbox 2787 1549 2909 1612; x_wconf 80' lang='lat' dir='ltr'><strong>ideo</strong></span> <span class='ocrx_word' id='word_1_193' title='bbox 2951 1555 3051 1612; x_wconf 90' lang='lat' dir='ltr'><strong>sub</strong></span> <span class='ocrx_word' id='word_1_194' title='bbox 3082 1557 3186 1614; x_wconf 93' lang='lat' dir='ltr'><strong>hoc</strong></span> <span class='ocrx_word' id='word_1_195' title='bbox 3228 1557 3453 1614; x_wconf 85' lang='lat' dir='ltr'><strong>latentis</strong></span> <span class='ocrx_word' id='word_1_196' title='bbox 3505 1561 3811 1620; x_wconf 70' lang='lat' dir='ltr'><strong>recordationis</strong></span> 
     </span>
    </p>
   </div>
   <div class='ocr_carea' id='block_1_31' title="bbox 2313 1647 3809 1716">
    <p class='ocr_par' dir='ltr' id='par_1_31' title="bbox 2313 1647 3809 1716">
     <span class='ocr_line' id='line_1_31' title="bbox 2313 1647 3809 1716; baseline 0.004 -14"><span class='ocrx_word' id='word_1_197' title='bbox 2313 1647 2522 1703; x_wconf 85' lang='lat' dir='ltr'><strong>incerto</strong></span> <span class='ocrx_word' id='word_1_198' title='bbox 2566 1647 2778 1703; x_wconf 90' lang='lat' dir='ltr'><strong>animas</strong></span> <span class='ocrx_word' id='word_1_199' title='bbox 2809 1664 2935 1704; x_wconf 88' lang='lat' dir='ltr'><strong>suas</strong></span> <span class='ocrx_word' id='word_1_200' title='bbox 2972 1647 3024 1703; x_wconf 91' lang='lat' dir='ltr'><strong>in</strong></span> <span class='ocrx_word' id='word_1_201' title='bbox 3057 1647 3350 1711; x_wconf 86' lang='lat' dir='ltr'><strong>discrimen</strong></span> <span class='ocrx_word' id='word_1_202' title='bbox 3383 1650 3572 1706; x_wconf 89' lang='lat' dir='ltr'><strong>adduci</strong></span> <span class='ocrx_word' id='word_1_203' title='bbox 3615 1651 3714 1708; x_wconf 88' lang='lat' dir='ltr'><strong>dum</strong></span> <span class='ocrx_word' id='word_1_204' title='bbox 3749 1655 3809 1716; x_wconf 78' lang='lat' dir='ltr'><strong>sub</strong></span> 
     </span>
    </p>
   </div>
   <div class='ocr_carea' id='block_1_32' title="bbox 2313 1742 3810 1814">
    <p class='ocr_par' dir='ltr' id='par_1_32' title="bbox 2313 1742 3810 1814">
     <span class='ocr_line' id='line_1_32' title="bbox 2313 1742 3810 1814; baseline 0.006 -19"><span class='ocrx_word' id='word_1_205' title='bbox 2313 1743 2492 1812; x_wconf 89' lang='lat' dir='ltr'><strong>specie</strong></span> <span class='ocrx_word' id='word_1_206' title='bbox 2542 1742 2812 1798; x_wconf 88' lang='lat' dir='ltr'><strong>cautionis</strong></span> <span class='ocrx_word' id='word_1_207' title='bbox 2867 1750 3096 1813; x_wconf 85' lang='lat' dir='ltr'><strong>negatur</strong></span> <span class='ocrx_word' id='word_1_208' title='bbox 3126 1742 3211 1802; x_wconf 89' lang='lat' dir='ltr'><strong>his</strong></span> <span class='ocrx_word' id='word_1_209' title='bbox 3247 1743 3450 1814; x_wconf 82' lang='lat' dir='ltr'><strong>gratia,</strong></span> <span class='ocrx_word' id='word_1_210' title='bbox 3497 1759 3607 1814; x_wconf 71' lang='lat' dir='ltr'><strong>qua:</strong></span> <span class='ocrx_word' id='word_1_211' title='bbox 3632 1745 3724 1802; x_wconf 86' lang='lat' dir='ltr'><strong>ideo</strong></span> <span class='ocrx_word' id='word_1_212' title='bbox 3745 1762 3810 1804; x_wconf 81' lang='lat' dir='ltr'><strong>non</strong></span> 
     </span>
    </p>
   </div>
   <div class='ocr_carea' id='block_1_33' title="bbox 619 1811 3807 1910">
    <p class='ocr_par' dir='ltr' id='par_1_33' title="bbox 619 1811 3807 1910">
     <span class='ocr_line' id='line_1_33' title="bbox 619 1811 3807 1910; baseline 0.002 -20"><span class='ocrx_word' id='word_1_213' title='bbox 619 1849 766 1910; x_wconf 81' lang='lat' dir='ltr'><strong>mus,</strong></span> <span class='ocrx_word' id='word_1_214' title='bbox 792 1844 848 1891; x_wconf 88' lang='lat' dir='ltr'><strong>et</strong></span> <span class='ocrx_word' id='word_1_215' title='bbox 897 1836 972 1898; x_wconf 85' lang='lat' dir='ltr'><strong>ita</strong></span> <span class='ocrx_word' id='word_1_216' title='bbox 1022 1835 1088 1892; x_wconf 90' lang='lat' dir='ltr'><strong>de</strong></span> <span class='ocrx_word' id='word_1_217' title='bbox 1135 1835 1393 1904; x_wconf 80' lang='lat' dir='ltr'><strong>voragine</strong></span> <span class='ocrx_word' id='word_1_218' title='bbox 1428 1811 1877 1908; x_wconf 44' lang='lat' dir='ltr'><strong>impietatis-sua:</strong></span> <span class='ocrx_word' id='word_1_219' title='bbox 1925 1811 2210 1893; x_wconf 84' lang='lat' dir='ltr'><strong>confessos</strong></span> <span class='ocrx_word' id='word_1_220' title='bbox 2314 1811 2665 1904; x_wconf 82' lang='lat' dir='ltr'><strong>impenditur,</strong></span> <span class='ocrx_word' id='word_1_221' title='bbox 2690 1833 2816 1904; x_wconf 88' lang='lat' dir='ltr'><strong>quia</strong></span> <span class='ocrx_word' id='word_1_222' title='bbox 2839 1811 3063 1904; x_wconf 75' lang='lat' dir='ltr'><strong>putatur</strong></span> <span class='ocrx_word' id='word_1_223' title='bbox 3091 1811 3362 1906; x_wconf 78' lang='lat' dir='ltr'><strong>impensa.</strong></span> <span class='ocrx_word' id='word_1_224' title='bbox 3392 1811 3531 1892; x_wconf 74' lang='lat' dir='ltr'><strong>Cum</strong></span> <span class='ocrx_word' id='word_1_225' title='bbox 3571 1837 3720 1908; x_wconf 87' lang='lat' dir='ltr'><strong>itaque</strong></span> <span class='ocrx_word' id='word_1_226' title='bbox 3744 1839 3807 1896; x_wconf 85' lang='lat' dir='ltr'><strong>tri-</strong></span> 
     </span>
    </p>
   </div>
   <div class='ocr_carea' id='block_1_34' title="bbox 617 1925 2210 2000">
    <p class='ocr_par' dir='ltr' id='par_1_34' title="bbox 617 1925 2210 2000">
     <span class='ocr_line' id='line_1_34' title="bbox 617 1925 2210 2000; baseline 0 -18"><span class='ocrx_word' id='word_1_227' title='bbox 617 1925 999 1996; x_wconf 87' lang='lat' dir='ltr'><strong>poenitentiam</strong></span> <span class='ocrx_word' id='word_1_228' title='bbox 1049 1925 1396 1984; x_wconf 88' lang='lat' dir='ltr'><strong>concedendo</strong></span> <span class='ocrx_word' id='word_1_229' title='bbox 1423 1927 1743 1984; x_wconf 89' lang='lat' dir='ltr'><strong>levavimns.</strong></span> <span class='ocrx_word' id='word_1_230' title='bbox 1775 1928 2050 2000; x_wconf 82' lang='lat' dir='ltr'><strong>Aliquanti</strong></span> <span class='ocrx_word' id='word_1_231' title='bbox 2081 1943 2210 1996; x_wconf 86' lang='lat' dir='ltr'><strong>vero</strong></span> 
     </span>
    </p>
   </div>
   <div class='ocr_carea' id='block_1_35' title="bbox 622 2013 2212 2094">
    <p class='ocr_par' dir='ltr' id='par_1_35' title="bbox 622 2013 2212 2094">
     <span class='ocr_line' id='line_1_35' title="bbox 622 2013 2212 2094; baseline 0.003 -22"><span class='ocrx_word' id='word_1_232' title='bbox 622 2013 716 2088; x_wconf 65' lang='lat' dir='ltr'><strong>(iui</strong></span> <span class='ocrx_word' id='word_1_233' title='bbox 764 2017 840 2094; x_wconf 84' lang='lat' dir='ltr'><strong>ita</strong></span> <span class='ocrx_word' id='word_1_234' title='bbox 887 2033 945 2073; x_wconf 91' lang='lat' dir='ltr'><strong>se</strong></span> <span class='ocrx_word' id='word_1_235' title='bbox 984 2018 1393 2094; x_wconf 86' lang='lat' dir='ltr'><strong>demerserant,</strong></span> <span class='ocrx_word' id='word_1_236' title='bbox 1433 2029 1504 2093; x_wconf 22' lang='lat' dir='ltr'><strong>ut.</strong></span> <span class='ocrx_word' id='word_1_237' title='bbox 1527 2020 1730 2075; x_wconf 90' lang='lat' dir='ltr'><strong>nullum</strong></span> <span class='ocrx_word' id='word_1_238' title='bbox 1763 2021 1850 2077; x_wconf 87' lang='lat' dir='ltr'><strong>his</strong></span> <span class='ocrx_word' id='word_1_239' title='bbox 1900 2020 2212 2076; x_wconf 84' lang='lat' dir='ltr'><strong>auxiliantis</strong></span> 
     </span>
    </p>
   </div>
   <div class='ocr_carea' id='block_1_36' title="bbox 620 2111 2211 2186">
    <p class='ocr_par' dir='ltr' id='par_1_36' title="bbox 620 2111 2211 2186">
     <span class='ocr_line' id='line_1_36' title="bbox 620 2111 2211 2186; baseline 0.003 -19"><span class='ocrx_word' id='word_1_240' title='bbox 620 2118 809 2184; x_wconf 80' lang='lat' dir='ltr'><strong>posset</strong></span> <span class='ocrx_word' id='word_1_241' title='bbox 836 2111 1097 2168; x_wconf 75' lang='lat' dir='ltr'><strong>auxilium</strong></span> <span class='ocrx_word' id='word_1_242' title='bbox 1136 2112 1424 2168; x_wconf 89' lang='lat' dir='ltr'><strong>subvenire</strong></span> <span class='ocrx_word' id='word_1_243' title='bbox 1446 2114 1646 2170; x_wconf 83' lang='lat' dir='ltr'><strong>subditi</strong></span> <span class='ocrx_word' id='word_1_244' title='bbox 1678 2114 1885 2186; x_wconf 87' lang='lat' dir='ltr'><strong>legibus</strong></span> <span class='ocrx_word' id='word_1_245' title='bbox 1916 2115 2211 2172; x_wconf 89' lang='lat' dir='ltr'><strong>secundum</strong></span> 
     </span>
    </p>
   </div>
   <div class='ocr_carea' id='block_1_37' title="bbox 625 2202 2213 2284">
    <p class='ocr_par' dir='ltr' id='par_1_37' title="bbox 625 2202 2213 2284">
     <span class='ocr_line' id='line_1_37' title="bbox 625 2202 2213 2284; baseline 0.005 -24"><span class='ocrx_word' id='word_1_246' title='bbox 625 2202 1058 2262; x_wconf 86' lang='lat' dir='ltr'><strong>Christianorum</strong></span> <span class='ocrx_word' id='word_1_247' title='bbox 1110 2204 1415 2276; x_wconf 89' lang='lat' dir='ltr'><strong>principum</strong></span> <span class='ocrx_word' id='word_1_248' title='bbox 1464 2207 1798 2272; x_wconf 88' lang='lat' dir='ltr'><strong>constituta,</strong></span> <span class='ocrx_word' id='word_1_249' title='bbox 1843 2223 1911 2264; x_wconf 91' lang='lat' dir='ltr'><strong>ne</strong></span> <span class='ocrx_word' id='word_1_250' title='bbox 1963 2217 2213 2284; x_wconf 75' lang='lat' dir='ltr'><strong>sanctum</strong></span> 
     </span>
    </p>
   </div>
   <div class='ocr_carea' id='block_1_38' title="bbox 628 2297 2216 2372">
    <p class='ocr_par' dir='ltr' id='par_1_38' title="bbox 628 2297 2216 2372">
     <span class='ocr_line' id='line_1_38' title="bbox 628 2297 2216 2372; baseline 0.008 -24"><span class='ocrx_word' id='word_1_251' title='bbox 628 2308 852 2366; x_wconf 79' lang='lat' dir='ltr'><strong>gregem</strong></span> <span class='ocrx_word' id='word_1_252' title='bbox 899 2311 997 2350; x_wconf 87' lang='lat' dir='ltr'><strong>sua</strong></span> <span class='ocrx_word' id='word_1_253' title='bbox 1060 2297 1384 2368; x_wconf 84' lang='lat' dir='ltr'><strong>contagione</strong></span> <span class='ocrx_word' id='word_1_254' title='bbox 1443 2297 1750 2369; x_wconf 90' lang='lat' dir='ltr'><strong>polluerent</strong></span> <span class='ocrx_word' id='word_1_255' title='bbox 1817 2316 1916 2372; x_wconf 89' lang='lat' dir='ltr'><strong>per</strong></span> <span class='ocrx_word' id='word_1_256' title='bbox 1972 2301 2216 2371; x_wconf 85' lang='lat' dir='ltr'><strong>publicos</strong></span> 
     </span>
    </p>
   </div>
   <div class='ocr_carea' id='block_1_39' title="bbox 621 2381 2218 2465">
    <p class='ocr_par' dir='ltr' id='par_1_39' title="bbox 621 2381 2218 2465">
     <span class='ocr_line' id='line_1_39' title="bbox 621 2381 2218 2465; baseline 0.005 -25"><span class='ocrx_word' id='word_1_257' title='bbox 621 2381 838 2454; x_wconf 76' lang='lat' dir='ltr'><strong>iudices</strong></span> <span class='ocrx_word' id='word_1_258' title='bbox 865 2395 1128 2462; x_wconf 86' lang='lat' dir='ltr'><strong>perpetuo</strong></span> <span class='ocrx_word' id='word_1_259' title='bbox 1155 2396 1280 2444; x_wconf 91' lang='lat' dir='ltr'><strong>sunt</strong></span> <span class='ocrx_word' id='word_1_260' title='bbox 1300 2388 1491 2446; x_wconf 76' lang='lat' dir='ltr'><strong>exsilio</strong></span> <span class='ocrx_word' id='word_1_261' title='bbox 1527 2389 1770 2464; x_wconf 77' lang='lat' dir='ltr'><strong>relegati.</strong></span> <span class='ocrx_word' id='word_1_262' title='bbox 1802 2391 1867 2448; x_wconf 88' lang='lat' dir='ltr'><strong>Et</strong></span> <span class='ocrx_word' id='word_1_263' title='bbox 1889 2393 2070 2458; x_wconf 84' lang='lat' dir='ltr'><strong>omnia</strong></span> <span class='ocrx_word' id='word_1_264' title='bbox 2097 2409 2218 2465; x_wconf 57' lang='lat' dir='ltr'><strong>qua;</strong></span> 
     </span>
    </p>
   </div>
   <div class='ocr_carea' id='block_1_40' title="bbox 631 2465 2218 2555">
    <p class='ocr_par' dir='ltr' id='par_1_40' title="bbox 631 2465 2218 2555">
     <span class='ocr_line' id='line_1_40' title="bbox 631 2465 2218 2555; baseline 0.008 -20"><span class='ocrx_word' id='word_1_265' title='bbox 631 2465 743 2542; x_wconf 80' lang='lat' dir='ltr'><strong>tam</strong></span> <span class='ocrx_word' id='word_1_266' title='bbox 785 2481 837 2550; x_wconf 85' lang='lat' dir='ltr'><strong>in</strong></span> <span class='ocrx_word' id='word_1_267' title='bbox 885 2479 1183 2554; x_wconf 89' lang='lat' dir='ltr'><strong>Scripturis</strong></span> <span class='ocrx_word' id='word_1_268' title='bbox 1232 2499 1396 2555; x_wconf 88' lang='lat' dir='ltr'><strong>quam</strong></span> <span class='ocrx_word' id='word_1_269' title='bbox 1447 2485 1502 2542; x_wconf 93' lang='lat' dir='ltr'><strong>in</strong></span> <span class='ocrx_word' id='word_1_270' title='bbox 1552 2485 1780 2543; x_wconf 88' lang='lat' dir='ltr'><strong>occultis</strong></span> <span class='ocrx_word' id='word_1_271' title='bbox 1834 2487 2218 2554; x_wconf 82' lang='lat' dir='ltr'><strong>traditionibus</strong></span> 
     </span>
    </p>
   </div>
   <div class='ocr_carea' id='block_1_41' title="bbox 628 2571 2220 2652">
    <p class='ocr_par' dir='ltr' id='par_1_41' title="bbox 628 2571 2220 2652">
     <span class='ocr_line' id='line_1_41' title="bbox 628 2571 2220 2652; baseline 0.008 -26"><span class='ocrx_word' id='word_1_272' title='bbox 628 2571 974 2632; x_wconf 88' lang='lat' dir='ltr'><strong>suishabent</strong></span> <span class='ocrx_word' id='word_1_273' title='bbox 1016 2574 1249 2646; x_wconf 85' lang='lat' dir='ltr'><strong>profana</strong></span> <span class='ocrx_word' id='word_1_274' title='bbox 1276 2576 1360 2633; x_wconf 86' lang='lat' dir='ltr'><strong>vel</strong></span> <span class='ocrx_word' id='word_1_275' title='bbox 1393 2576 1606 2649; x_wconf 88' lang='lat' dir='ltr'><strong>turpia,</strong></span> <span class='ocrx_word' id='word_1_276' title='bbox 1656 2587 1718 2635; x_wconf 90' lang='lat' dir='ltr'><strong>ut</strong></span> <span class='ocrx_word' id='word_1_277' title='bbox 1759 2589 1946 2642; x_wconf 82' lang='lat' dir='ltr'><strong>nosset</strong></span> <span class='ocrx_word' id='word_1_278' title='bbox 1989 2581 2220 2652; x_wconf 69' lang='lat' dir='ltr'><strong>populus.</strong></span> 
     </span>
    </p>
   </div>
   <div class='ocr_carea' id='block_1_42' title="bbox 632 2668 2219 2746">
    <p class='ocr_par' dir='ltr' id='par_1_42' title="bbox 632 2668 2219 2746">
     <span class='ocr_line' id='line_1_42' title="bbox 632 2668 2219 2746; baseline 0.005 -20"><span class='ocrx_word' id='word_1_279' title='bbox 632 2669 761 2739; x_wconf 88' lang='lat' dir='ltr'><strong>quid</strong></span> <span class='ocrx_word' id='word_1_280' title='bbox 788 2668 1061 2742; x_wconf 81' lang='lat' dir='ltr'><strong>refugeret</strong></span> <span class='ocrx_word' id='word_1_281' title='bbox 1092 2681 1188 2746; x_wconf 83' lang='lat' dir='ltr'><strong>aut</strong></span> <span class='ocrx_word' id='word_1_282' title='bbox 1231 2673 1452 2738; x_wconf 83' lang='lat' dir='ltr'><strong>vitaret,</strong></span> <span class='ocrx_word' id='word_1_283' title='bbox 1483 2673 1656 2730; x_wconf 87' lang='lat' dir='ltr'><strong>oculis</strong></span> <span class='ocrx_word' id='word_1_284' title='bbox 1695 2672 2019 2732; x_wconf 71' lang='lat' dir='ltr'><strong>Christiana:</strong></span> <span class='ocrx_word' id='word_1_285' title='bbox 2046 2676 2219 2746; x_wconf 83' lang='lat' dir='ltr'><strong>plebis</strong></span> 
     </span>
    </p>
   </div>
   <div class='ocr_carea' id='block_1_43' title="bbox 636 2761 2218 2838">
    <p class='ocr_par' dir='ltr' id='par_1_43' title="bbox 636 2761 2218 2838">
     <span class='ocr_line' id='line_1_43' title="bbox 636 2761 2218 2838; baseline 0.004 -22"><span class='ocrx_word' id='word_1_286' title='bbox 636 2769 806 2818; x_wconf 84' lang='lat' dir='ltr'><strong>certa,</strong></span> <span class='ocrx_word' id='word_1_287' title='bbox 833 2761 1271 2836; x_wconf 85' lang='lat' dir='ltr'><strong>manifestatione</strong></span> <span class='ocrx_word' id='word_1_288' title='bbox 1316 2765 1680 2835; x_wconf 87' lang='lat' dir='ltr'><strong>probavimus,</strong></span> <span class='ocrx_word' id='word_1_289' title='bbox 1713 2765 1850 2820; x_wconf 89' lang='lat' dir='ltr'><strong>adeo</strong></span> <span class='ocrx_word' id='word_1_290' title='bbox 1890 2774 1950 2820; x_wconf 92' lang='lat' dir='ltr'><strong>ut</strong></span> <span class='ocrx_word' id='word_1_291' title='bbox 1977 2766 2092 2836; x_wconf 86' lang='lat' dir='ltr'><strong>ipse</strong></span> <span class='ocrx_word' id='word_1_292' title='bbox 2125 2765 2218 2838; x_wconf 89' lang='lat' dir='ltr'><strong>qui</strong></span> 
     </span>
    </p>
   </div>
   <div class='ocr_carea' id='block_1_44' title="bbox 640 2855 2221 2930">
    <p class='ocr_par' dir='ltr' id='par_1_44' title="bbox 640 2855 2221 2930">
     <span class='ocr_line' id='line_1_44' title="bbox 640 2855 2221 2930; baseline 0.005 -22"><span class='ocrx_word' id='word_1_293' title='bbox 640 2868 830 2912; x_wconf 87' lang='lat' dir='ltr'><strong>eorum</strong></span> <span class='ocrx_word' id='word_1_294' title='bbox 871 2855 1153 2926; x_wconf 87' lang='lat' dir='ltr'><strong>dicebatur</strong></span> <span class='ocrx_word' id='word_1_295' title='bbox 1184 2856 1521 2928; x_wconf 88' lang='lat' dir='ltr'><strong>episcopusa</strong></span> <span class='ocrx_word' id='word_1_296' title='bbox 1563 2857 1719 2914; x_wconf 90' lang='lat' dir='ltr'><strong>nobis</strong></span> <span class='ocrx_word' id='word_1_297' title='bbox 1759 2866 1941 2914; x_wconf 88' lang='lat' dir='ltr'><strong>tentus</strong></span> <span class='ocrx_word' id='word_1_298' title='bbox 1966 2860 2221 2930; x_wconf 86' lang='lat' dir='ltr'><strong>proderet</strong></span> 
     </span>
    </p>
   </div>
   <div class='ocr_carea' id='block_1_45' title="bbox 635 2944 2220 3020">
    <p class='ocr_par' dir='ltr' id='par_1_45' title="bbox 635 2944 2220 3020">
     <span class='ocr_line' id='line_1_45' title="bbox 635 2944 2220 3020; baseline 0.004 -20"><span class='ocrx_word' id='word_1_299' title='bbox 635 2944 905 3017; x_wconf 80' lang='lat' dir='ltr'><strong>ﬂagitiosa</strong></span> <span class='ocrx_word' id='word_1_300' title='bbox 947 2947 1002 3002; x_wconf 92' lang='lat' dir='ltr'><strong>in</strong></span> <span class='ocrx_word' id='word_1_301' title='bbox 1031 2947 1143 3002; x_wconf 85' lang='lat' dir='ltr'><strong>suis</strong></span> <span class='ocrx_word' id='word_1_302' title='bbox 1184 2947 1456 3019; x_wconf 86' lang='lat' dir='ltr'><strong>mysteriis</strong></span> <span class='ocrx_word' id='word_1_303' title='bbox 1482 2963 1601 3018; x_wconf 72' lang='lat' dir='ltr'><strong>qua:</strong></span> <span class='ocrx_word' id='word_1_304' title='bbox 1624 2957 1851 3014; x_wconf 87' lang='lat' dir='ltr'><strong>teneret,</strong></span> <span class='ocrx_word' id='word_1_305' title='bbox 1875 2949 2016 3004; x_wconf 86' lang='lat' dir='ltr'><strong>sicut</strong></span> <span class='ocrx_word' id='word_1_306' title='bbox 2044 2959 2220 3020; x_wconf 84' lang='lat' dir='ltr'><strong>gesto-</strong></span> 
     </span>
    </p>
   </div>
   <div class='ocr_carea' id='block_1_46' title="bbox 636 3039 2219 3114">
    <p class='ocr_par' dir='ltr' id='par_1_46' title="bbox 636 3039 2219 3114">
     <span class='ocr_line' id='line_1_46' title="bbox 636 3039 2219 3114; baseline 0.003 -20"><span class='ocrx_word' id='word_1_307' title='bbox 636 3054 761 3112; x_wconf 85' lang='lat' dir='ltr'><strong>rum</strong></span> <span class='ocrx_word' id='word_1_308' title='bbox 791 3054 888 3109; x_wconf 73' lang='lat' dir='ltr'><strong>vos</strong></span> <span class='ocrx_word' id='word_1_309' title='bbox 929 3039 1098 3096; x_wconf 88' lang='lat' dir='ltr'><strong>series</strong></span> <span class='ocrx_word' id='word_1_310' title='bbox 1146 3049 1327 3110; x_wconf 88' lang='lat' dir='ltr'><strong>potest</strong></span> <span class='ocrx_word' id='word_1_311' title='bbox 1371 3042 1638 3103; x_wconf 88' lang='lat' dir='ltr'><strong>edocere,</strong></span> <span class='ocrx_word' id='word_1_312' title='bbox 1689 3042 1757 3098; x_wconf 87' lang='lat' dir='ltr'><strong>ad</strong></span> <span class='ocrx_word' id='word_1_313' title='bbox 1804 3041 2219 3114; x_wconf 80' lang='lat' dir='ltr'><strong>instructionem</strong></span> 
     </span>
    </p>
   </div>
   <div class='ocr_carea' id='block_1_47' title="bbox 641 3132 2219 3208">
    <p class='ocr_par' dir='ltr' id='par_1_47' title="bbox 641 3132 2219 3208">
     <span class='ocr_line' id='line_1_47' title="bbox 641 3132 2219 3208; baseline 0.003 -19"><span class='ocrx_word' id='word_1_314' title='bbox 641 3132 788 3190; x_wconf 84' lang='lat' dir='ltr'><strong>enim</strong></span> <span class='ocrx_word' id='word_1_315' title='bbox 830 3142 1066 3189; x_wconf 77' lang='lat' dir='ltr'><strong>vestram</strong></span> <span class='ocrx_word' id='word_1_316' title='bbox 1115 3134 1279 3194; x_wconf 85' lang='lat' dir='ltr'><strong>etiam</strong></span> <span class='ocrx_word' id='word_1_317' title='bbox 1326 3135 1427 3192; x_wconf 86' lang='lat' dir='ltr'><strong>ista</strong></span> <span class='ocrx_word' id='word_1_318' title='bbox 1457 3135 1778 3200; x_wconf 77' lang='lat' dir='ltr'><strong>direximus,</strong></span> <span class='ocrx_word' id='word_1_319' title='bbox 1815 3136 2012 3208; x_wconf 85' lang='lat' dir='ltr'><strong>quibus</strong></span> <span class='ocrx_word' id='word_1_320' title='bbox 2041 3137 2219 3204; x_wconf 83' lang='lat' dir='ltr'><strong>lectis,</strong></span> 
     </span>
    </p>
   </div>
   <div class='ocr_carea' id='block_1_48' title="bbox 637 3223 2226 3297">
    <p class='ocr_par' dir='ltr' id='par_1_48' title="bbox 637 3223 2226 3297">
     <span class='ocr_line' id='line_1_48' title="bbox 637 3223 2226 3297; baseline 0.004 -19"><span class='ocrx_word' id='word_1_321' title='bbox 637 3223 821 3279; x_wconf 87' lang='lat' dir='ltr'><strong>omnia</strong></span> <span class='ocrx_word' id='word_1_322' title='bbox 851 3238 972 3294; x_wconf 79' lang='lat' dir='ltr'><strong>quae</strong></span> <span class='ocrx_word' id='word_1_323' title='bbox 1009 3240 1040 3279; x_wconf 92' lang='lat' dir='ltr'><strong>a</strong></span> <span class='ocrx_word' id='word_1_324' title='bbox 1069 3223 1223 3284; x_wconf 87' lang='lat' dir='ltr'><strong>nobis</strong></span> <span class='ocrx_word' id='word_1_325' title='bbox 1258 3225 1591 3296; x_wconf 88' lang='lat' dir='ltr'><strong>deprehensa</strong></span> <span class='ocrx_word' id='word_1_326' title='bbox 1640 3233 1785 3294; x_wconf 89' lang='lat' dir='ltr'><strong>sunt,</strong></span> <span class='ocrx_word' id='word_1_327' title='bbox 1817 3241 1978 3284; x_wconf 87' lang='lat' dir='ltr'><strong>nosse</strong></span> <span class='ocrx_word' id='word_1_328' title='bbox 2024 3227 2226 3297; x_wconf 87' lang='lat' dir='ltr'><strong>poteri-</strong></span> 
     </span>
    </p>
   </div>
   <div class='ocr_carea' id='block_1_49' title="bbox 637 3316 2227 3390">
    <p class='ocr_par' dir='ltr' id='par_1_49' title="bbox 637 3316 2227 3390">
     <span class='ocr_line' id='line_1_49' title="bbox 637 3316 2227 3390; baseline 0.004 -18"><span class='ocrx_word' id='word_1_329' title='bbox 637 3316 729 3373; x_wconf 88' lang='lat' dir='ltr'><strong>tis.</strong></span> <span class='ocrx_word' id='word_1_330' title='bbox 775 3317 844 3390; x_wconf 85' lang='lat' dir='ltr'><strong>Et</strong></span> <span class='ocrx_word' id='word_1_331' title='bbox 884 3318 1011 3390; x_wconf 85' lang='lat' dir='ltr'><strong>quia</strong></span> <span class='ocrx_word' id='word_1_332' title='bbox 1047 3317 1356 3387; x_wconf 88' lang='lat' dir='ltr'><strong>aliquantus</strong></span> <span class='ocrx_word' id='word_1_333' title='bbox 1389 3317 1454 3389; x_wconf 65' lang='lat' dir='ltr'><strong>de</strong></span> <span class='ocrx_word' id='word_1_334' title='bbox 1485 3318 1571 3373; x_wconf 89' lang='lat' dir='ltr'><strong>his</strong></span> <span class='ocrx_word' id='word_1_335' title='bbox 1601 3333 1736 3389; x_wconf 90' lang='lat' dir='ltr'><strong>quos</strong></span> <span class='ocrx_word' id='word_1_336' title='bbox 1767 3333 1833 3374; x_wconf 89' lang='lat' dir='ltr'><strong>ne</strong></span> <span class='ocrx_word' id='word_1_337' title='bbox 1879 3318 2227 3378; x_wconf 86' lang='lat' dir='ltr'><strong>absolveren-</strong></span> 
     </span>
    </p>
   </div>
   <div class='ocr_carea' id='block_1_50' title="bbox 643 3407 2224 3482">
    <p class='ocr_par' dir='ltr' id='par_1_50' title="bbox 643 3407 2224 3482">
     <span class='ocr_line' id='line_1_50' title="bbox 643 3407 2224 3482; baseline 0.003 -20"><span class='ocrx_word' id='word_1_338' title='bbox 643 3415 751 3476; x_wconf 84' lang='lat' dir='ltr'><strong>tur,</strong></span> <span class='ocrx_word' id='word_1_339' title='bbox 781 3409 981 3464; x_wconf 85' lang='lat' dir='ltr'><strong>arctior</strong></span> <span class='ocrx_word' id='word_1_340' title='bbox 1009 3417 1194 3462; x_wconf 83' lang='lat' dir='ltr'><strong>reatus</strong></span> <span class='ocrx_word' id='word_1_341' title='bbox 1225 3407 1544 3480; x_wconf 64' lang='lat' dir='ltr'><strong>involveqat,</strong></span> <span class='ocrx_word' id='word_1_342' title='bbox 1562 3409 1914 3480; x_wconf 82' lang='lat' dir='ltr'><strong>cognovimus</strong></span> <span class='ocrx_word' id='word_1_343' title='bbox 1929 3409 2224 3482; x_wconf 77' lang='lat' dir='ltr'><strong>aufugisse,</strong></span> 
     </span>
    </p>
   </div>
   <div class='ocr_carea' id='block_1_51' title="bbox 639 3485 2228 3573">
    <p class='ocr_par' dir='ltr' id='par_1_51' title="bbox 639 3485 2228 3573">
     <span class='ocr_line' id='line_1_51' title="bbox 639 3485 2228 3573; baseline 0.003 -19"><span class='ocrx_word' id='word_1_344' title='bbox 639 3497 786 3558; x_wconf 87' lang='lat' dir='ltr'><strong>banc</strong></span> <span class='ocrx_word' id='word_1_345' title='bbox 839 3485 905 3568; x_wconf 71' lang='lat' dir='ltr'><strong>ad</strong></span> <span class='ocrx_word' id='word_1_346' title='bbox 943 3499 1285 3568; x_wconf 83' lang='lat' dir='ltr'><strong>dilectionem</strong></span> <span class='ocrx_word' id='word_1_347' title='bbox 1355 3509 1592 3573; x_wconf 78' lang='lat' dir='ltr'><strong>vestram</strong></span> <span class='ocrx_word' id='word_1_348' title='bbox 1643 3498 1927 3570; x_wconf 90' lang='lat' dir='ltr'><strong>epistolam</strong></span> <span class='ocrx_word' id='word_1_349' title='bbox 1980 3500 2228 3566; x_wconf 84' lang='lat' dir='ltr'><strong>misimus</strong></span> 
     </span>
    </p>
   </div>
   <div class='ocr_carea' id='block_1_52' title="bbox 639 3589 2224 3664">
    <p class='ocr_par' dir='ltr' id='par_1_52' title="bbox 639 3589 2224 3664">
     <span class='ocr_line' id='line_1_52' title="bbox 639 3589 2224 3664; baseline 0.003 -18"><span class='ocrx_word' id='word_1_350' title='bbox 639 3603 746 3659; x_wconf 79' lang='lat' dir='ltr'><strong>per</strong></span> <span class='ocrx_word' id='word_1_351' title='bbox 769 3589 1389 3664; x_wconf 70' lang='lat' dir='ltr'><strong>acquthttmnostrum,</strong></span> <span class='ocrx_word' id='word_1_352' title='bbox 1422 3599 1482 3652; x_wconf 89' lang='lat' dir='ltr'><strong>ut</strong></span> <span class='ocrx_word' id='word_1_353' title='bbox 1512 3590 1702 3650; x_wconf 80' lang='lat' dir='ltr'><strong>effectu</strong></span> <span class='ocrx_word' id='word_1_354' title='bbox 1729 3592 1932 3648; x_wconf 85' lang='lat' dir='ltr'><strong>certior</strong></span> <span class='ocrx_word' id='word_1_355' title='bbox 1962 3594 2224 3656; x_wconf 83' lang='lat' dir='ltr'><strong>sanctitas</strong></span> 
     </span>
    </p>
   </div>
   <div class='ocr_carea' id='block_1_53' title="bbox 638 3683 2227 3756">
    <p class='ocr_par' dir='ltr' id='par_1_53' title="bbox 638 3683 2227 3756">
     <span class='ocr_line' id='line_1_53' title="bbox 638 3683 2227 3756; baseline 0.005 -21"><span class='ocrx_word' id='word_1_356' title='bbox 638 3691 822 3756; x_wconf 82' lang='lat' dir='ltr'><strong>vestra</strong></span> <span class='ocrx_word' id='word_1_357' title='bbox 860 3683 1147 3744; x_wconf 88' lang='lat' dir='ltr'><strong>sollicitius</strong></span> <span class='ocrx_word' id='word_1_358' title='bbox 1177 3699 1341 3754; x_wconf 78' lang='lat' dir='ltr'><strong>agere</strong></span> <span class='ocrx_word' id='word_1_359' title='bbox 1371 3684 1622 3755; x_wconf 78' lang='lat' dir='ltr'><strong>dignetur</strong></span> <span class='ocrx_word' id='word_1_360' title='bbox 1663 3693 1718 3740; x_wconf 88' lang='lat' dir='ltr'><strong>et</strong></span> <span class='ocrx_word' id='word_1_361' title='bbox 1745 3687 1976 3753; x_wconf 90' lang='lat' dir='ltr'><strong>cautius,</strong></span> <span class='ocrx_word' id='word_1_362' title='bbox 2005 3703 2105 3748; x_wconf 78' lang='lat' dir='ltr'><strong>nec,</strong></span> <span class='ocrx_word' id='word_1_363' title='bbox 2135 3689 2227 3744; x_wconf 92' lang='lat' dir='ltr'><strong>ubi</strong></span> 
     </span>
    </p>
   </div>
   <div class='ocr_carea' id='block_1_54' title="bbox 639 3771 2230 3850">
    <p class='ocr_par' dir='ltr' id='par_1_54' title="bbox 639 3771 2230 3850">
     <span class='ocr_line' id='line_1_54' title="bbox 639 3771 2230 3850; baseline 0.005 -20"><span class='ocrx_word' id='word_1_364' title='bbox 639 3771 968 3845; x_wconf 66' lang='lat' dir='ltr'><strong>Manicheam.</strong></span> <span class='ocrx_word' id='word_1_365' title='bbox 995 3775 1367 3847; x_wconf 78' lang='lat' dir='ltr'><strong>perversitatis</strong></span> <span class='ocrx_word' id='word_1_366' title='bbox 1405 3776 1653 3836; x_wconf 84' lang='lat' dir='ltr'><strong>homines</strong></span> <span class='ocrx_word' id='word_1_367' title='bbox 1687 3777 1869 3848; x_wconf 84' lang='lat' dir='ltr'><strong>plebes</strong></span> <span class='ocrx_word' id='word_1_368' title='bbox 1897 3787 2104 3836; x_wconf 85' lang='lat' dir='ltr'><strong>vestras</strong></span> <span class='ocrx_word' id='word_1_369' title='bbox 2150 3779 2230 3850; x_wconf 58' lang='lat' dir='ltr'><strong>fa:</strong></span> 
     </span>
    </p>
   </div>
   <div class='ocr_carea' id='block_1_55' title="bbox 642 3867 2229 3941">
    <p class='ocr_par' dir='ltr' id='par_1_55' title="bbox 642 3867 2229 3941">
     <span class='ocr_line' id='line_1_55' title="bbox 642 3867 2229 3941; baseline 0.003 -19"><span class='ocrx_word' id='word_1_370' title='bbox 642 3867 900 3934; x_wconf 80' lang='lat' dir='ltr'><strong>cultatent</strong></span> <span class='ocrx_word' id='word_1_371' title='bbox 929 3867 1151 3932; x_wconf 65' lang='lat' dir='ltr'><strong>laedendi</strong></span> <span class='ocrx_word' id='word_1_372' title='bbox 1183 3877 1235 3926; x_wconf 90' lang='lat' dir='ltr'><strong>et</strong></span> <span class='ocrx_word' id='word_1_373' title='bbox 1264 3867 1432 3937; x_wconf 82' lang='lat' dir='ltr'><strong>hujus</strong></span> <span class='ocrx_word' id='word_1_374' title='bbox 1451 3869 1723 3941; x_wconf 77' lang='lat' dir='ltr'><strong>sacrilegii</strong></span> <span class='ocrx_word' id='word_1_375' title='bbox 1757 3869 1965 3938; x_wconf 81' lang='lat' dir='ltr'><strong>possint</strong></span> <span class='ocrx_word' id='word_1_376' title='bbox 1986 3870 2229 3928; x_wconf 86' lang='lat' dir='ltr'><strong>invenire</strong></span> 
     </span>
    </p>
   </div>
   <div class='ocr_carea' id='block_1_56' title="bbox 645 3959 2228 4034">
    <p class='ocr_par' dir='ltr' id='par_1_56' title="bbox 645 3959 2228 4034">
     <span class='ocr_line' id='line_1_56' title="bbox 645 3959 2228 4034; baseline 0.003 -20"><span class='ocrx_word' id='word_1_377' title='bbox 645 3960 915 4020; x_wconf 88' lang='lat' dir='ltr'><strong>doctores.</strong></span> <span class='ocrx_word' id='word_1_378' title='bbox 945 3959 1116 4026; x_wconf 80' lang='lat' dir='ltr'><strong>Aliter</strong></span> <span class='ocrx_word' id='word_1_379' title='bbox 1158 3960 1302 4016; x_wconf 88' lang='lat' dir='ltr'><strong>enim</strong></span> <span class='ocrx_word' id='word_1_380' title='bbox 1353 3961 1507 4016; x_wconf 88' lang='lat' dir='ltr'><strong>nobis</strong></span> <span class='ocrx_word' id='word_1_381' title='bbox 1543 3962 1864 4032; x_wconf 82' lang='lat' dir='ltr'><strong>commissos</strong></span> <span class='ocrx_word' id='word_1_382' title='bbox 1906 3978 2091 4034; x_wconf 84' lang='lat' dir='ltr'><strong>regere</strong></span> <span class='ocrx_word' id='word_1_383' title='bbox 2122 3981 2228 4028; x_wconf 83' lang='lat' dir='ltr'><strong>non</strong></span> 
     </span>
    </p>
   </div>
   <div class='ocr_carea' id='block_1_57' title="bbox 643 4053 2226 4126">
    <p class='ocr_par' dir='ltr' id='par_1_57' title="bbox 643 4053 2226 4126">
     <span class='ocr_line' id='line_1_57' title="bbox 643 4053 2226 4126; baseline 0.006 -21"><span class='ocrx_word' id='word_1_384' title='bbox 643 4066 961 4122; x_wconf 85' lang='lat' dir='ltr'><strong>possumus,</strong></span> <span class='ocrx_word' id='word_1_385' title='bbox 1019 4053 1120 4112; x_wconf 88' lang='lat' dir='ltr'><strong>nisi</strong></span> <span class='ocrx_word' id='word_1_386' title='bbox 1159 4053 1374 4123; x_wconf 88' lang='lat' dir='ltr'><strong>hosqui</strong></span> <span class='ocrx_word' id='word_1_387' title='bbox 1423 4062 1549 4110; x_wconf 89' lang='lat' dir='ltr'><strong>sunt</strong></span> <span class='ocrx_word' id='word_1_388' title='bbox 1596 4055 1895 4123; x_wconf 84' lang='lat' dir='ltr'><strong>perditorcs</strong></span> <span class='ocrx_word' id='word_1_389' title='bbox 1940 4065 1995 4114; x_wconf 84' lang='lat' dir='ltr'><strong>et</strong></span> <span class='ocrx_word' id='word_1_390' title='bbox 2037 4059 2226 4126; x_wconf 89' lang='lat' dir='ltr'><strong>perditi</strong></span> 
     </span>
    </p>
   </div>
   <div class='ocr_carea' id='block_1_58' title="bbox 645 4141 2228 4214">
    <p class='ocr_par' dir='ltr' id='par_1_58' title="bbox 645 4141 2228 4214">
     <span class='ocr_line' id='line_1_58' title="bbox 645 4141 2228 4214; baseline 0.005 -16"><span class='ocrx_word' id='word_1_391' title='bbox 645 4141 766 4200; x_wconf 81' lang='lat' dir='ltr'><strong>zelo</strong></span> <span class='ocrx_word' id='word_1_392' title='bbox 808 4142 930 4198; x_wconf 88' lang='lat' dir='ltr'><strong>lldei</strong></span> <span class='ocrx_word' id='word_1_393' title='bbox 957 4143 1246 4206; x_wconf 80' lang='lat' dir='ltr'><strong>Dominicae</strong></span> <span class='ocrx_word' id='word_1_394' title='bbox 1277 4159 1688 4214; x_wconf 84' lang='lat' dir='ltr'><strong>persequamur,</strong></span> <span class='ocrx_word' id='word_1_395' title='bbox 1715 4156 1769 4202; x_wconf 87' lang='lat' dir='ltr'><strong>et</strong></span> <span class='ocrx_word' id='word_1_396' title='bbox 1803 4162 1834 4202; x_wconf 88' lang='lat' dir='ltr'><strong>a</strong></span> <span class='ocrx_word' id='word_1_397' title='bbox 1864 4148 2010 4204; x_wconf 87' lang='lat' dir='ltr'><strong>sanis</strong></span> <span class='ocrx_word' id='word_1_398' title='bbox 2036 4151 2228 4206; x_wconf 83' lang='lat' dir='ltr'><strong>menti-</strong></span> 
     </span>
    </p>
   </div>
   <div class='ocr_carea' id='block_1_59' title="bbox 647 4231 2228 4312">
    <p class='ocr_par' dir='ltr' id='par_1_59' title="bbox 647 4231 2228 4312">
     <span class='ocr_line' id='line_1_59' title="bbox 647 4231 2228 4312; baseline 0.008 -25"><span class='ocrx_word' id='word_1_399' title='bbox 647 4231 770 4298; x_wconf 83' lang='lat' dir='ltr'><strong>bus,</strong></span> <span class='ocrx_word' id='word_1_400' title='bbox 805 4247 873 4288; x_wconf 91' lang='lat' dir='ltr'><strong>ne</strong></span> <span class='ocrx_word' id='word_1_401' title='bbox 901 4233 1068 4302; x_wconf 85' lang='lat' dir='ltr'><strong>pestis</strong></span> <span class='ocrx_word' id='word_1_402' title='bbox 1109 4233 1269 4290; x_wconf 89' lang='lat' dir='ltr'><strong>latius</strong></span> <span class='ocrx_word' id='word_1_403' title='bbox 1299 4236 1605 4308; x_wconf 86' lang='lat' dir='ltr'><strong>divulgetur</strong></span> <span class='ocrx_word' id='word_1_404' title='bbox 1645 4241 1936 4296; x_wconf 88' lang='lat' dir='ltr'><strong>severitate</strong></span> <span class='ocrx_word' id='word_1_405' title='bbox 1964 4258 2067 4312; x_wconf 88' lang='lat' dir='ltr'><strong>qna</strong></span> <span class='ocrx_word' id='word_1_406' title='bbox 2099 4258 2228 4312; x_wconf 88' lang='lat' dir='ltr'><strong>pos-</strong></span> 
     </span>
    </p>
   </div>
   <div class='ocr_carea' id='block_1_60' title="bbox 643 4326 2228 4390">
    <p class='ocr_par' dir='ltr' id='par_1_60' title="bbox 643 4326 2228 4390">
     <span class='ocr_line' id='line_1_60' title="bbox 643 4326 2228 4390; baseline 0.006 -10"><span class='ocrx_word' id='word_1_407' title='bbox 643 4339 834 4386; x_wconf 83' lang='lat' dir='ltr'><strong>sumus</strong></span> <span class='ocrx_word' id='word_1_408' title='bbox 874 4326 1275 4384; x_wconf 84' lang='lat' dir='ltr'><strong>abscindamus.</strong></span> <span class='ocrx_word' id='word_1_409' title='bbox 1311 4328 1461 4385; x_wconf 84' lang='lat' dir='ltr'><strong>Unde</strong></span> <span class='ocrx_word' id='word_1_410' title='bbox 1504 4330 1693 4388; x_wconf 84' lang='lat' dir='ltr'><strong>hortor</strong></span> <span class='ocrx_word' id='word_1_411' title='bbox 1742 4333 2082 4388; x_wconf 85' lang='lat' dir='ltr'><strong>dilectionem</strong></span> <span class='ocrx_word' id='word_1_412' title='bbox 2133 4350 2228 4390; x_wconf 76' lang='lat' dir='ltr'><strong>ve-</strong></span> 
     </span>
    </p>
   </div>
   <div class='ocr_carea' id='block_1_61' title="bbox 646 4416 2227 4495">
    <p class='ocr_par' dir='ltr' id='par_1_61' title="bbox 646 4416 2227 4495">
     <span class='ocr_line' id='line_1_61' title="bbox 646 4416 2227 4495; baseline 0.006 -24"><span class='ocrx_word' id='word_1_413' title='bbox 646 4423 842 4482; x_wconf 90' lang='lat' dir='ltr'><strong>stram,</strong></span> <span class='ocrx_word' id='word_1_414' title='bbox 858 4416 1100 4470; x_wconf 88' lang='lat' dir='ltr'><strong>obtestor</strong></span> <span class='ocrx_word' id='word_1_415' title='bbox 1116 4426 1168 4472; x_wconf 92' lang='lat' dir='ltr'><strong>ct</strong></span> <span class='ocrx_word' id='word_1_416' title='bbox 1197 4434 1412 4485; x_wconf 88' lang='lat' dir='ltr'><strong>moueo,</strong></span> <span class='ocrx_word' id='word_1_417' title='bbox 1437 4431 1493 4475; x_wconf 93' lang='lat' dir='ltr'><strong>ut</strong></span> <span class='ocrx_word' id='word_1_418' title='bbox 1515 4438 1674 4492; x_wconf 88' lang='lat' dir='ltr'><strong>quam</strong></span> <span class='ocrx_word' id='word_1_419' title='bbox 1701 4424 1907 4479; x_wconf 90' lang='lat' dir='ltr'><strong>debetis</strong></span> <span class='ocrx_word' id='word_1_420' title='bbox 1927 4431 1981 4478; x_wconf 92' lang='lat' dir='ltr'><strong>ct</strong></span> <span class='ocrx_word' id='word_1_421' title='bbox 2003 4425 2227 4495; x_wconf 78' lang='lat' dir='ltr'><strong>potestis</strong></span> 
     </span>
    </p>
   </div>
   <div class='ocr_carea' id='block_1_62' title="bbox 643 4507 2222 4586">
    <p class='ocr_par' dir='ltr' id='par_1_62' title="bbox 643 4507 2222 4586">
     <span class='ocr_line' id='line_1_62' title="bbox 643 4507 2222 4586; baseline 0.008 -26"><span class='ocrx_word' id='word_1_422' title='bbox 643 4507 1005 4568; x_wconf 80' lang='lat' dir='ltr'><strong>sollicitudine</strong></span> <span class='ocrx_word' id='word_1_423' title='bbox 1043 4509 1276 4581; x_wconf 87' lang='lat' dir='ltr'><strong>vigiletis</strong></span> <span class='ocrx_word' id='word_1_424' title='bbox 1307 4511 1373 4565; x_wconf 90' lang='lat' dir='ltr'><strong>ad</strong></span> <span class='ocrx_word' id='word_1_425' title='bbox 1411 4512 1813 4586; x_wconf 82' lang='lat' dir='ltr'><strong>investigandos</strong></span> <span class='ocrx_word' id='word_1_426' title='bbox 1841 4533 1953 4581; x_wconf 89' lang='lat' dir='ltr'><strong>eos,</strong></span> <span class='ocrx_word' id='word_1_427' title='bbox 1997 4533 2097 4573; x_wconf 89' lang='lat' dir='ltr'><strong>nec</strong></span> <span class='ocrx_word' id='word_1_428' title='bbox 2135 4517 2222 4573; x_wconf 85' lang='lat' dir='ltr'><strong>ubi</strong></span> 
     </span>
    </p>
   </div>
   <div class='ocr_carea' id='block_1_63' title="bbox 641 4599 2225 4674">
    <p class='ocr_par' dir='ltr' id='par_1_63' title="bbox 641 4599 2225 4674">
     <span class='ocr_line' id='line_1_63' title="bbox 641 4599 2225 4674; baseline 0.004 -19"><span class='ocrx_word' id='word_1_429' title='bbox 641 4599 950 4656; x_wconf 88' lang='lat' dir='ltr'><strong>occultandi</strong></span> <span class='ocrx_word' id='word_1_430' title='bbox 974 4614 1031 4654; x_wconf 89' lang='lat' dir='ltr'><strong>se</strong></span> <span class='ocrx_word' id='word_1_431' title='bbox 1054 4600 1326 4670; x_wconf 88' lang='lat' dir='ltr'><strong>reperiant</strong></span> <span class='ocrx_word' id='word_1_432' title='bbox 1365 4599 1698 4662; x_wconf 80' lang='lat' dir='ltr'><strong>facultatem.</strong></span> <span class='ocrx_word' id='word_1_433' title='bbox 1725 4606 1795 4662; x_wconf 91' lang='lat' dir='ltr'><strong>Ut</strong></span> <span class='ocrx_word' id='word_1_434' title='bbox 1834 4608 1976 4664; x_wconf 88' lang='lat' dir='ltr'><strong>enim</strong></span> <span class='ocrx_word' id='word_1_435' title='bbox 2006 4607 2225 4674; x_wconf 78' lang='lat' dir='ltr'><strong>habebit</strong></span> 
     </span>
    </p>
   </div>
   <div class='ocr_carea' id='block_1_64' title="bbox 639 4693 2224 4771">
    <p class='ocr_par' dir='ltr' id='par_1_64' title="bbox 639 4693 2224 4771">
     <span class='ocr_line' id='line_1_64' title="bbox 639 4693 2224 4771; baseline 0.003 -19"><span class='ocrx_word' id='word_1_436' title='bbox 639 4695 780 4752; x_wconf 78' lang='lat' dir='ltr'><strong>adeo</strong></span> <span class='ocrx_word' id='word_1_437' title='bbox 807 4693 997 4766; x_wconf 82' lang='lat' dir='ltr'><strong>ingens</strong></span> <span class='ocrx_word' id='word_1_438' title='bbox 1020 4694 1765 4765; x_wconf 66' lang='lat' dir='ltr'><strong>remunerationispraemium</strong></span> <span class='ocrx_word' id='word_1_439' title='bbox 1793 4699 1883 4770; x_wconf 92' lang='lat' dir='ltr'><strong>qui</strong></span> <span class='ocrx_word' id='word_1_440' title='bbox 1916 4700 2224 4771; x_wconf 83' lang='lat' dir='ltr'><strong>diligentius</strong></span> 
     </span>
    </p>
   </div>
   <div class='ocr_carea' id='block_1_65' title="bbox 641 4785 2228 4861">
    <p class='ocr_par' dir='ltr' id='par_1_65' title="bbox 641 4785 2228 4861">
     <span class='ocr_line' id='line_1_65' title="bbox 641 4785 2228 4861; baseline 0.007 -22"><span class='ocrx_word' id='word_1_441' title='bbox 641 4787 785 4856; x_wconf 83' lang='lat' dir='ltr'><strong>quod</strong></span> <span class='ocrx_word' id='word_1_442' title='bbox 845 4785 912 4841; x_wconf 88' lang='lat' dir='ltr'><strong>ad</strong></span> <span class='ocrx_word' id='word_1_443' title='bbox 966 4785 1193 4840; x_wconf 77' lang='lat' dir='ltr'><strong>salutent</strong></span> <span class='ocrx_word' id='word_1_444' title='bbox 1243 4787 1548 4844; x_wconf 73' lang='lat' dir='ltr'><strong>commissa:</strong></span> <span class='ocrx_word' id='word_1_445' title='bbox 1592 4788 1692 4844; x_wconf 89' lang='lat' dir='ltr'><strong>sibi</strong></span> <span class='ocrx_word' id='word_1_446' title='bbox 1753 4790 1924 4859; x_wconf 89' lang='lat' dir='ltr'><strong>plebis</strong></span> <span class='ocrx_word' id='word_1_447' title='bbox 1977 4791 2228 4861; x_wconf 85' lang='lat' dir='ltr'><strong>proﬁciat</strong></span> 
     </span>
    </p>
   </div>
   <div class='ocr_carea' id='block_1_66' title="bbox 641 4878 2226 4950">
    <p class='ocr_par' dir='ltr' id='par_1_66' title="bbox 641 4878 2226 4950">
     <span class='ocr_line' id='line_1_66' title="bbox 641 4878 2226 4950; baseline 0.006 -16"><span class='ocrx_word' id='word_1_448' title='bbox 641 4878 812 4936; x_wconf 87' lang='lat' dir='ltr'><strong>fuerit</strong></span> <span class='ocrx_word' id='word_1_449' title='bbox 840 4890 1148 4950; x_wconf 74' lang='lat' dir='ltr'><strong>exsecutus,</strong></span> <span class='ocrx_word' id='word_1_450' title='bbox 1186 4883 1260 4937; x_wconf 90' lang='lat' dir='ltr'><strong>ita</strong></span> <span class='ocrx_word' id='word_1_451' title='bbox 1301 4893 1428 4938; x_wconf 88' lang='lat' dir='ltr'><strong>ante</strong></span> <span class='ocrx_word' id='word_1_452' title='bbox 1457 4882 1693 4937; x_wconf 91' lang='lat' dir='ltr'><strong>tribunal</strong></span> <span class='ocrx_word' id='word_1_453' title='bbox 1736 4882 1947 4940; x_wconf 90' lang='lat' dir='ltr'><strong>Domini</strong></span> <span class='ocrx_word' id='word_1_454' title='bbox 1975 4885 2042 4940; x_wconf 92' lang='lat' dir='ltr'><strong>de</strong></span> <span class='ocrx_word' id='word_1_455' title='bbox 2070 4896 2226 4944; x_wconf 83' lang='lat' dir='ltr'><strong>reatu</strong></span> 
     </span>
    </p>
   </div>
   <div class='ocr_carea' id='block_1_67' title="bbox 641 4976 2224 5053">
    <p class='ocr_par' dir='ltr' id='par_1_67' title="bbox 641 4976 2224 5053">
     <span class='ocr_line' id='line_1_67' title="bbox 641 4976 2224 5053; baseline 0.004 -21"><span class='ocrx_word' id='word_1_456' title='bbox 641 4976 984 5050; x_wconf 77' lang='lat' dir='ltr'><strong>negligentia:</strong></span> <span class='ocrx_word' id='word_1_457' title='bbox 1022 4996 1080 5038; x_wconf 84' lang='lat' dir='ltr'><strong>se</strong></span> <span class='ocrx_word' id='word_1_458' title='bbox 1111 4995 1216 5036; x_wconf 93' lang='lat' dir='ltr'><strong>non</strong></span> <span class='ocrx_word' id='word_1_459' title='bbox 1244 4979 1444 5050; x_wconf 90' lang='lat' dir='ltr'><strong>poterit</strong></span> <span class='ocrx_word' id='word_1_460' title='bbox 1471 4994 1738 5036; x_wconf 79' lang='lat' dir='ltr'><strong>excusare</strong></span> <span class='ocrx_word' id='word_1_461' title='bbox 1768 4980 2080 5051; x_wconf 79' lang='lat' dir='ltr'><strong>quicunque</strong></span> <span class='ocrx_word' id='word_1_462' title='bbox 2109 4982 2224 5053; x_wconf 85' lang='lat' dir='ltr'><strong>plc-</strong></span> 
     </span>
    </p>
   </div>
   <div class='ocr_carea' id='block_1_68' title="bbox 642 5068 2225 5140">
    <p class='ocr_par' dir='ltr' id='par_1_68' title="bbox 642 5068 2225 5140">
     <span class='ocr_line' id='line_1_68' title="bbox 642 5068 2225 5140; baseline 0.002 -14"><span class='ocrx_word' id='word_1_463' title='bbox 642 5069 774 5126; x_wconf 79' lang='lat' dir='ltr'><strong>hem.</strong></span> <span class='ocrx_word' id='word_1_464' title='bbox 814 5085 968 5130; x_wconf 83' lang='lat' dir='ltr'><strong>suam</strong></span> <span class='ocrx_word' id='word_1_465' title='bbox 1021 5080 1211 5128; x_wconf 89' lang='lat' dir='ltr'><strong>contra</strong></span> <span class='ocrx_word' id='word_1_466' title='bbox 1254 5068 1530 5138; x_wconf 80' lang='lat' dir='ltr'><strong>sacrilegae</strong></span> <span class='ocrx_word' id='word_1_467' title='bbox 1574 5070 1943 5140; x_wconf 85' lang='lat' dir='ltr'><strong>persuasionis</strong></span> <span class='ocrx_word' id='word_1_468' title='bbox 1974 5081 2225 5128; x_wconf 87' lang='lat' dir='ltr'><strong>auctores</strong></span> 
     </span>
    </p>
   </div>
   <div class='ocr_carea' id='block_1_69' title="bbox 644 5161 2224 5237">
    <p class='ocr_par' dir='ltr' id='par_1_69' title="bbox 644 5161 2224 5237">
     <span class='ocr_line' id='line_1_69' title="bbox 644 5161 2224 5237; baseline 0 -19"><span class='ocrx_word' id='word_1_469' title='bbox 644 5161 882 5218; x_wconf 87' lang='lat' dir='ltr'><strong>noluerit</strong></span> <span class='ocrx_word' id='word_1_470' title='bbox 914 5164 1368 5237; x_wconf 75' lang='lat' dir='ltr'><strong>Custodire.Data</strong></span> <span class='ocrx_word' id='word_1_471' title='bbox 1403 5163 1562 5218; x_wconf 90' lang='lat' dir='ltr'><strong>tertio</strong></span> <span class='ocrx_word' id='word_1_472' title='bbox 1614 5162 1882 5221; x_wconf 80' lang='lat' dir='ltr'><strong>Kalendas</strong></span> <span class='ocrx_word' id='word_1_473' title='bbox 1918 5163 2224 5230; x_wconf 87' lang='lat' dir='ltr'><strong>Februarii,</strong></span> 
     </span>
    </p>
   </div>
   <div class='ocr_carea' id='block_1_70' title="bbox 646 5255 2228 5316">
    <p class='ocr_par' dir='ltr' id='par_1_70' title="bbox 646 5255 2228 5316">
     <span class='ocr_line' id='line_1_70' title="bbox 646 5255 2228 5316; baseline 0 -3"><span class='ocrx_word' id='word_1_474' title='bbox 646 5257 949 5314; x_wconf 79' lang='lat' dir='ltr'><strong>Theodosio</strong></span> <span class='ocrx_word' id='word_1_475' title='bbox 990 5256 1153 5313; x_wconf 73' lang='lat' dir='ltr'><strong>XVIII</strong></span> <span class='ocrx_word' id='word_1_476' title='bbox 1188 5266 1244 5314; x_wconf 90' lang='lat' dir='ltr'><strong>et</strong></span> <span class='ocrx_word' id='word_1_477' title='bbox 1290 5257 1486 5316; x_wconf 84' lang='lat' dir='ltr'><strong>Aluino</strong></span> <span class='ocrx_word' id='word_1_478' title='bbox 1515 5257 1656 5316; x_wconf 71' lang='lat' dir='ltr'><strong>viris.</strong></span> <span class='ocrx_word' id='word_1_479' title='bbox 1677 5255 1999 5316; x_wconf 88' lang='lat' dir='ltr'><strong>clarissimis</strong></span> <span class='ocrx_word' id='word_1_480' title='bbox 2033 5271 2228 5314; x_wconf 59' lang='lat' dir='ltr'><strong>censu.</strong></span> 
     </span>
    </p>
   </div>
   <div class='ocr_carea' id='block_1_71' title="bbox 644 5348 809 5405">
    <p class='ocr_par' dir='ltr' id='par_1_71' title="bbox 644 5348 809 5405">
     <span class='ocr_line' id='line_1_71' title="bbox 644 5348 809 5405; baseline -0.018 0"><span class='ocrx_word' id='word_1_481' title='bbox 644 5348 809 5405; x_wconf 88' lang='lat' dir='ltr'><strong>libus.</strong></span> 
     </span>
    </p>
   </div>
   <div class='ocr_carea' id='block_1_72' title="bbox 717 5437 2153 5510">
    <p class='ocr_par' dir='ltr' id='par_1_72' title="bbox 717 5437 2153 5510">
     <span class='ocr_line' id='line_1_72' title="bbox 717 5437 2153 5510; baseline -0.001 -14"><span class='ocrx_word' id='word_1_482' title='bbox 717 5439 904 5496; x_wconf 77' lang='lat' dir='ltr'><strong>LXIV.</strong></span> <span class='ocrx_word' id='word_1_483' title='bbox 939 5468 1009 5479; x_wconf 90' lang='lat'><strong>--</strong></span> <span class='ocrx_word' id='word_1_484' title='bbox 1039 5438 1119 5491; x_wconf 79' lang='lat' dir='ltr'><strong>Ad</strong></span> <span class='ocrx_word' id='word_1_485' title='bbox 1151 5437 1407 5496; x_wconf 82' lang='lat' dir='ltr'><strong>Neoniam</strong></span> <span class='ocrx_word' id='word_1_486' title='bbox 1434 5440 1732 5510; x_wconf 79' lang='lat' dir='ltr'><strong>episcopum</strong></span> <span class='ocrx_word' id='word_1_487' title='bbox 1776 5437 2153 5496; x_wconf 79' lang='lat' dir='ltr'><strong>Ravennatem.</strong></span> 
     </span>
    </p>
   </div>
   <div class='ocr_carea' id='block_1_73' title="bbox 721 5528 2226 5602">
    <p class='ocr_par' dir='ltr' id='par_1_73' title="bbox 721 5528 2226 5602">
     <span class='ocr_line' id='line_1_73' title="bbox 721 5528 2226 5602; baseline -0.003 -13"><span class='ocrx_word' id='word_1_488' title='bbox 721 5533 834 5589; x_wconf 74' lang='lat' dir='ltr'><strong>Leo</strong></span> <span class='ocrx_word' id='word_1_489' title='bbox 866 5531 1086 5587; x_wconf 67' lang='lat' dir='ltr'><strong>Neon”;</strong></span> <span class='ocrx_word' id='word_1_490' title='bbox 1129 5531 1382 5602; x_wconf 86' lang='lat' dir='ltr'><strong>episcopo</strong></span> <span class='ocrx_word' id='word_1_491' title='bbox 1426 5531 1726 5586; x_wconf 82' lang='lat' dir='ltr'><strong>Ravennati</strong></span> <span class='ocrx_word' id='word_1_492' title='bbox 1759 5531 1823 5585; x_wconf 90' lang='lat' dir='ltr'><strong>de</strong></span> <span class='ocrx_word' id='word_1_493' title='bbox 1855 5530 1938 5586; x_wconf 92' lang='lat' dir='ltr'><strong>his</strong></span> <span class='ocrx_word' id='word_1_494' title='bbox 1977 5530 2068 5600; x_wconf 93' lang='lat' dir='ltr'><strong>qui</strong></span> <span class='ocrx_word' id='word_1_495' title='bbox 2100 5528 2226 5584; x_wconf 89' lang='lat' dir='ltr'><strong>red-</strong></span> 
     </span>
    </p>
   </div>
   <div class='ocr_carea' id='block_1_74' title="bbox 646 5620 2227 5694">
    <p class='ocr_par' dir='ltr' id='par_1_74' title="bbox 646 5620 2227 5694">
     <span class='ocr_line' id='line_1_74' title="bbox 646 5620 2227 5694; baseline -0.005 -10"><span class='ocrx_word' id='word_1_496' title='bbox 646 5633 841 5685; x_wconf 81' lang='lat' dir='ltr'><strong>euntes</strong></span> <span class='ocrx_word' id='word_1_497' title='bbox 909 5625 974 5680; x_wconf 89' lang='lat' dir='ltr'><strong>de</strong></span> <span class='ocrx_word' id='word_1_498' title='bbox 1031 5623 1373 5694; x_wconf 86' lang='lat' dir='ltr'><strong>captivitate,</strong></span> <span class='ocrx_word' id='word_1_499' title='bbox 1451 5622 1716 5679; x_wconf 88' lang='lat' dir='ltr'><strong>incertum</strong></span> <span class='ocrx_word' id='word_1_500' title='bbox 1778 5620 1980 5678; x_wconf 85' lang='lat' dir='ltr'><strong>habent</strong></span> <span class='ocrx_word' id='word_1_501' title='bbox 2044 5630 2227 5678; x_wconf 87' lang='lat' dir='ltr'><strong>utrum</strong></span> 
     </span>
    </p>
   </div>
   <div class='ocr_carea' id='block_1_75' title="bbox 649 5715 2015 5792">
    <p class='ocr_par' dir='ltr' id='par_1_75' title="bbox 649 5715 2015 5792">
     <span class='ocr_line' id='line_1_75' title="bbox 649 5715 2015 5792; baseline -0.008 -14"><span class='ocrx_word' id='word_1_502' title='bbox 649 5731 779 5779; x_wconf 79' lang='lat' dir='ltr'><strong>ante</strong></span> <span class='ocrx_word' id='word_1_503' title='bbox 821 5719 1194 5792; x_wconf 88' lang='lat' dir='ltr'><strong>captivitatem</strong></span> <span class='ocrx_word' id='word_1_504' title='bbox 1247 5717 1511 5788; x_wconf 88' lang='lat' dir='ltr'><strong>baptisma</strong></span> <span class='ocrx_word' id='word_1_505' title='bbox 1543 5715 1822 5770; x_wconf 89' lang='lat' dir='ltr'><strong>consecuti</strong></span> <span class='ocrx_word' id='word_1_506' title='bbox 1863 5722 2015 5770; x_wconf 90' lang='lat' dir='ltr'><strong>sunt.</strong></span> 
     </span>
    </p>
   </div>
   <div class='ocr_carea' id='block_1_76' title="bbox 635 5807 2225 5890">
    <p class='ocr_par' dir='ltr' id='par_1_76' title="bbox 635 5807 2225 5890">
     <span class='ocr_line' id='line_1_76' title="bbox 635 5807 2225 5890; baseline -0.002 -25"><span class='ocrx_word' id='word_1_507' title='bbox 635 5859 640 5888; x_wconf 39' lang='grc' dir='ltr'><strong>ε</strong></span> <span class='ocrx_word' id='word_1_508' title='bbox 720 5809 1054 5890; x_wconf 72' lang='lat' dir='ltr'><strong>Frequenter</strong></span> <span class='ocrx_word' id='word_1_509' title='bbox 1075 5809 1292 5883; x_wconf 87' lang='lat' dir='ltr'><strong>quidem</strong></span> <span class='ocrx_word' id='word_1_510' title='bbox 1327 5808 1378 5866; x_wconf 91' lang='lat' dir='ltr'><strong>in</strong></span> <span class='ocrx_word' id='word_1_511' title='bbox 1415 5807 1751 5864; x_wconf 85' lang='lat' dir='ltr'><strong>diversarum</strong></span> <span class='ocrx_word' id='word_1_512' title='bbox 1798 5807 2051 5880; x_wconf 81' lang='lat' dir='ltr'><strong>ambiguo</strong></span> <span class='ocrx_word' id='word_1_513' title='bbox 2080 5819 2225 5884; x_wconf 80' lang='lat' dir='ltr'><strong>quae-</strong></span> 
     </span>
    </p>
   </div>
   <div class='ocr_carea' id='block_1_77' title="bbox 2310 1927 3809 2002">
    <p class='ocr_par' dir='ltr' id='par_1_77' title="bbox 2310 1927 3809 2002">
     <span class='ocr_line' id='line_1_77' title="bbox 2310 1927 3809 2002; baseline 0.003 -19"><span class='ocrx_word' id='word_1_514' title='bbox 2310 1927 2479 1983; x_wconf 88' lang='lat' dir='ltr'><strong>buerc</strong></span> <span class='ocrx_word' id='word_1_515' title='bbox 2531 1927 2728 1983; x_wconf 87' lang='lat' dir='ltr'><strong>talibus</strong></span> <span class='ocrx_word' id='word_1_516' title='bbox 2777 1927 3041 1983; x_wconf 89' lang='lat' dir='ltr'><strong>Dominici</strong></span> <span class='ocrx_word' id='word_1_517' title='bbox 3099 1936 3448 1986; x_wconf 86' lang='lat' dir='ltr'><strong>sacramenta</strong></span> <span class='ocrx_word' id='word_1_518' title='bbox 3496 1931 3707 2002; x_wconf 83' lang='lat' dir='ltr'><strong>mysterii</strong></span> <span class='ocrx_word' id='word_1_519' title='bbox 3745 1947 3809 1988; x_wconf 82' lang='lat' dir='ltr'><strong>non</strong></span> 
     </span>
    </p>
   </div>
   <div class='ocr_carea' id='block_1_78' title="bbox 2313 2017 3806 2088">
    <p class='ocr_par' dir='ltr' id='par_1_78' title="bbox 2313 2017 3806 2088">
     <span class='ocr_line' id='line_1_78' title="bbox 2313 2017 3806 2088; baseline 0.004 -15"><span class='ocrx_word' id='word_1_520' title='bbox 2313 2017 2588 2078; x_wconf 88' lang='lat' dir='ltr'><strong>immerito</strong></span> <span class='ocrx_word' id='word_1_521' title='bbox 2614 2019 2974 2088; x_wconf 88' lang='lat' dir='ltr'><strong>quorumdam</strong></span> <span class='ocrx_word' id='word_1_522' title='bbox 3001 2017 3234 2076; x_wconf 89' lang='lat' dir='ltr'><strong>fratrum</strong></span> <span class='ocrx_word' id='word_1_523' title='bbox 3257 2018 3498 2076; x_wconf 88' lang='lat' dir='ltr'><strong>formido</strong></span> <span class='ocrx_word' id='word_1_524' title='bbox 3519 2021 3760 2087; x_wconf 81' lang='lat' dir='ltr'><strong>dubitaret,</strong></span> <span class='ocrx_word' id='word_1_525' title='bbox 3777 2024 3806 2080; x_wconf 87' lang='lat' dir='ltr'><strong>in</strong></span> 
     </span>
    </p>
   </div>
   <div class='ocr_carea' id='block_1_79' title="bbox 2314 2099 3810 2186">
    <p class='ocr_par' dir='ltr' id='par_1_79' title="bbox 2314 2099 3810 2186">
     <span class='ocr_line' id='line_1_79' title="bbox 2314 2099 3810 2186; baseline 0.005 -22"><span class='ocrx_word' id='word_1_526' title='bbox 2314 2109 2584 2181; x_wconf 83' lang='lat' dir='ltr'><strong>synodali,</strong></span> <span class='ocrx_word' id='word_1_527' title='bbox 2633 2117 2690 2164; x_wconf 92' lang='lat' dir='ltr'><strong>ut</strong></span> <span class='ocrx_word' id='word_1_528' title='bbox 2742 2110 2998 2176; x_wconf 85' lang='lat' dir='ltr'><strong>diximus,</strong></span> <span class='ocrx_word' id='word_1_529' title='bbox 3057 2122 3204 2168; x_wconf 67' lang='lat' dir='ltr'><strong>centu</strong></span> <span class='ocrx_word' id='word_1_530' title='bbox 3253 2111 3491 2176; x_wconf 83' lang='lat' dir='ltr'><strong>formam</strong></span> <span class='ocrx_word' id='word_1_531' title='bbox 3528 2099 3810 2186; x_wconf 74' lang='lat' dir='ltr'><strong>hujuscemodi</strong></span> 
     </span>
    </p>
   </div>
   <div class='ocr_carea' id='block_1_80' title="bbox 2314 2202 3810 2277">
    <p class='ocr_par' dir='ltr' id='par_1_80' title="bbox 2314 2202 3810 2277">
     <span class='ocr_line' id='line_1_80' title="bbox 2314 2202 3810 2277; baseline 0.001 -19"><span class='ocrx_word' id='word_1_532' title='bbox 2314 2202 2730 2260; x_wconf 90' lang='lat' dir='ltr'><strong>consultationis</strong></span> <span class='ocrx_word' id='word_1_533' title='bbox 2760 2204 3090 2274; x_wconf 89' lang='lat' dir='ltr'><strong>accepimus.</strong></span> <span class='ocrx_word' id='word_1_534' title='bbox 3125 2204 3302 2274; x_wconf 84' lang='lat' dir='ltr'><strong>Quam</strong></span> <span class='ocrx_word' id='word_1_535' title='bbox 3346 2205 3641 2277; x_wconf 89' lang='lat' dir='ltr'><strong>diligentius</strong></span> <span class='ocrx_word' id='word_1_536' title='bbox 3665 2206 3810 2272; x_wconf 85' lang='lat' dir='ltr'><strong>discuti,</strong></span> 
     </span>
    </p>
   </div>
   <div class='ocr_carea' id='block_1_81' title="bbox 2317 2297 3811 2370">
    <p class='ocr_par' dir='ltr' id='par_1_81' title="bbox 2317 2297 3811 2370">
     <span class='ocr_line' id='line_1_81' title="bbox 2317 2297 3811 2370; baseline -0.001 -16"><span class='ocrx_word' id='word_1_537' title='bbox 2317 2307 2372 2354; x_wconf 90' lang='lat' dir='ltr'><strong>et</strong></span> <span class='ocrx_word' id='word_1_538' title='bbox 2429 2314 2526 2369; x_wconf 89' lang='lat' dir='ltr'><strong>pro</strong></span> <span class='ocrx_word' id='word_1_539' title='bbox 2561 2298 2989 2370; x_wconf 82' lang='lat' dir='ltr'><strong>uniuscujusque</strong></span> <span class='ocrx_word' id='word_1_540' title='bbox 3037 2314 3200 2360; x_wconf 85' lang='lat' dir='ltr'><strong>sensu</strong></span> <span class='ocrx_word' id='word_1_541' title='bbox 3243 2297 3476 2364; x_wconf 89' lang='lat' dir='ltr'><strong>sollicita</strong></span> <span class='ocrx_word' id='word_1_542' title='bbox 3510 2298 3732 2356; x_wconf 87' lang='lat' dir='ltr'><strong>voluimus</strong></span> <span class='ocrx_word' id='word_1_543' title='bbox 3760 2313 3811 2352; x_wconf 77' lang='lat' dir='ltr'><strong>ra-</strong></span> 
     </span>
    </p>
   </div>
   <div class='ocr_carea' id='block_1_82' title="bbox 2318 2387 3812 2462">
    <p class='ocr_par' dir='ltr' id='par_1_82' title="bbox 2318 2387 3812 2462">
     <span class='ocr_line' id='line_1_82' title="bbox 2318 2387 3812 2462; baseline 0 -16"><span class='ocrx_word' id='word_1_544' title='bbox 2318 2391 2464 2448; x_wconf 92' lang='lat' dir='ltr'><strong>tione</strong></span> <span class='ocrx_word' id='word_1_545' title='bbox 2496 2391 2742 2456; x_wconf 88' lang='lat' dir='ltr'><strong>tractari,</strong></span> <span class='ocrx_word' id='word_1_546' title='bbox 2772 2391 2916 2462; x_wconf 87' lang='lat' dir='ltr'><strong>quod</strong></span> <span class='ocrx_word' id='word_1_547' title='bbox 2963 2387 3030 2452; x_wconf 84' lang='lat' dir='ltr'><strong>ad</strong></span> <span class='ocrx_word' id='word_1_548' title='bbox 3085 2390 3380 2453; x_wconf 79' lang='lat' dir='ltr'><strong>veritatem</strong></span> <span class='ocrx_word' id='word_1_549' title='bbox 3425 2391 3646 2452; x_wconf 87' lang='lat' dir='ltr'><strong>adhibita</strong></span> <span class='ocrx_word' id='word_1_550' title='bbox 3681 2390 3812 2461; x_wconf 78' lang='lat' dir='ltr'><strong>cogita-</strong></span> 
     </span>
    </p>
   </div>
   <div class='ocr_carea' id='block_1_83' title="bbox 2321 2482 3810 2555">
    <p class='ocr_par' dir='ltr' id='par_1_83' title="bbox 2321 2482 3810 2555">
     <span class='ocr_line' id='line_1_83' title="bbox 2321 2482 3810 2555; baseline 0 -17"><span class='ocrx_word' id='word_1_551' title='bbox 2321 2483 2470 2540; x_wconf 86' lang='lat' dir='ltr'><strong>tione</strong></span> <span class='ocrx_word' id='word_1_552' title='bbox 2497 2483 2788 2544; x_wconf 87' lang='lat' dir='ltr'><strong>multorum</strong></span> <span class='ocrx_word' id='word_1_553' title='bbox 2828 2483 3033 2540; x_wconf 87' lang='lat' dir='ltr'><strong>certius</strong></span> <span class='ocrx_word' id='word_1_554' title='bbox 3059 2484 3352 2555; x_wconf 81' lang='lat' dir='ltr'><strong>pervenire</strong></span> <span class='ocrx_word' id='word_1_555' title='bbox 3377 2499 3656 2555; x_wconf 88' lang='lat' dir='ltr'><strong>possemus.</strong></span> <span class='ocrx_word' id='word_1_556' title='bbox 3679 2482 3810 2538; x_wconf 77' lang='lat' dir='ltr'><strong>Eadem</strong></span> 
     </span>
    </p>
   </div>
   <div class='ocr_carea' id='block_1_84' title="bbox 2319 2576 3811 2651">
    <p class='ocr_par' dir='ltr' id='par_1_84' title="bbox 2319 2576 3811 2651">
     <span class='ocr_line' id='line_1_84' title="bbox 2319 2576 3811 2651; baseline -0.003 -15"><span class='ocrx_word' id='word_1_557' title='bbox 2319 2593 2450 2651; x_wconf 90' lang='lat' dir='ltr'><strong>ergo</strong></span> <span class='ocrx_word' id='word_1_558' title='bbox 2502 2593 2623 2648; x_wconf 69' lang='lat' dir='ltr'><strong>quae</strong></span> <span class='ocrx_word' id='word_1_559' title='bbox 2652 2577 2708 2636; x_wconf 90' lang='lat' dir='ltr'><strong>in</strong></span> <span class='ocrx_word' id='word_1_560' title='bbox 2753 2591 2972 2634; x_wconf 91' lang='lat' dir='ltr'><strong>sensum</strong></span> <span class='ocrx_word' id='word_1_561' title='bbox 3027 2586 3276 2636; x_wconf 91' lang='lat' dir='ltr'><strong>nostrum</strong></span> <span class='ocrx_word' id='word_1_562' title='bbox 3325 2577 3506 2634; x_wconf 86' lang='lat' dir='ltr'><strong>divina</strong></span> <span class='ocrx_word' id='word_1_563' title='bbox 3552 2576 3811 2647; x_wconf 79' lang='lat' dir='ltr'><strong>inspiratione</strong></span> 
     </span>
    </p>
   </div>
   <div class='ocr_carea' id='block_1_85' title="bbox 2320 2665 3809 2738">
    <p class='ocr_par' dir='ltr' id='par_1_85' title="bbox 2320 2665 3809 2738">
     <span class='ocr_line' id='line_1_85' title="bbox 2320 2665 3809 2738; baseline -0.003 -14"><span class='ocrx_word' id='word_1_564' title='bbox 2320 2684 2554 2734; x_wconf 87' lang='lat' dir='ltr'><strong>venere,</strong></span> <span class='ocrx_word' id='word_1_565' title='bbox 2586 2668 2844 2738; x_wconf 81' lang='lat' dir='ltr'><strong>frequens</strong></span> <span class='ocrx_word' id='word_1_566' title='bbox 2883 2667 3047 2723; x_wconf 89' lang='lat' dir='ltr'><strong>etiam</strong></span> <span class='ocrx_word' id='word_1_567' title='bbox 3075 2667 3308 2728; x_wconf 89' lang='lat' dir='ltr'><strong>fratrum</strong></span> <span class='ocrx_word' id='word_1_568' title='bbox 3362 2668 3586 2724; x_wconf 82' lang='lat' dir='ltr'><strong>nrtnavit</strong></span> <span class='ocrx_word' id='word_1_569' title='bbox 3625 2665 3809 2722; x_wconf 76' lang='lat' dir='ltr'><strong>assensio.</strong></span> 
     </span>
    </p>
   </div>
   <div class='ocr_carea' id='block_1_86' title="bbox 2319 2757 3812 2832">
    <p class='ocr_par' dir='ltr' id='par_1_86' title="bbox 2319 2757 3812 2832">
     <span class='ocr_line' id='line_1_86' title="bbox 2319 2757 3812 2832; baseline 0 -18"><span class='ocrx_word' id='word_1_570' title='bbox 2319 2758 2576 2832; x_wconf 87' lang='lat' dir='ltr'><strong>Inprimis</strong></span> <span class='ocrx_word' id='word_1_571' title='bbox 2620 2758 2803 2828; x_wconf 87' lang='lat' dir='ltr'><strong>itaque</strong></span> <span class='ocrx_word' id='word_1_572' title='bbox 2850 2758 3136 2828; x_wconf 87' lang='lat' dir='ltr'><strong>providere</strong></span> <span class='ocrx_word' id='word_1_573' title='bbox 3186 2759 3471 2826; x_wconf 87' lang='lat' dir='ltr'><strong>debemus,</strong></span> <span class='ocrx_word' id='word_1_574' title='bbox 3513 2757 3703 2816; x_wconf 83' lang='lat' dir='ltr'><strong>nedum</strong></span> <span class='ocrx_word' id='word_1_575' title='bbox 3737 2769 3812 2827; x_wconf 78' lang='lat' dir='ltr'><strong>spe-</strong></span> 
     </span>
    </p>
   </div>
   <div class='ocr_carea' id='block_1_87' title="bbox 2321 2851 3808 2926">
    <p class='ocr_par' dir='ltr' id='par_1_87' title="bbox 2321 2851 3808 2926">
     <span class='ocr_line' id='line_1_87' title="bbox 2321 2851 3808 2926; baseline -0.003 -18"><span class='ocrx_word' id='word_1_576' title='bbox 2321 2852 2461 2908; x_wconf 89' lang='lat' dir='ltr'><strong>ciem</strong></span> <span class='ocrx_word' id='word_1_577' title='bbox 2493 2852 2783 2923; x_wconf 87' lang='lat' dir='ltr'><strong>quamdam</strong></span> <span class='ocrx_word' id='word_1_578' title='bbox 2823 2852 3102 2916; x_wconf 39' lang='lat' dir='ltr'><strong>cautionis.</strong></span> <span class='ocrx_word' id='word_1_579' title='bbox 3121 2860 3375 2910; x_wconf 89' lang='lat' dir='ltr'><strong>tenemus</strong></span> <span class='ocrx_word' id='word_1_580' title='bbox 3399 2893 3415 2917; x_wconf 91' lang='lat'><strong><em>.</em></strong></span> <span class='ocrx_word' id='word_1_581' title='bbox 3458 2851 3682 2908; x_wconf 86' lang='lat' dir='ltr'><strong>damnum</strong></span> <span class='ocrx_word' id='word_1_582' title='bbox 3710 2864 3808 2926; x_wconf 74' lang='lat' dir='ltr'><strong>rege-</strong></span> 
     </span>
    </p>
   </div>
   <div class='ocr_carea' id='block_1_88' title="bbox 2322 2944 3810 3014">
    <p class='ocr_par' dir='ltr' id='par_1_88' title="bbox 2322 2944 3810 3014">
     <span class='ocr_line' id='line_1_88' title="bbox 2322 2944 3810 3014; baseline -0.003 -14"><span class='ocrx_word' id='word_1_583' title='bbox 2322 2946 2686 3006; x_wconf 86' lang='lat' dir='ltr'><strong>nerandarum</strong></span> <span class='ocrx_word' id='word_1_584' title='bbox 2741 2947 3045 3008; x_wconf 88' lang='lat' dir='ltr'><strong>incidamus</strong></span> <span class='ocrx_word' id='word_1_585' title='bbox 3096 2949 3433 3008; x_wconf 88' lang='lat' dir='ltr'><strong>animarum.</strong></span> <span class='ocrx_word' id='word_1_586' title='bbox 3483 2946 3603 3014; x_wconf 84' lang='lat' dir='ltr'><strong>Quis</strong></span> <span class='ocrx_word' id='word_1_587' title='bbox 3631 2945 3740 3000; x_wconf 87' lang='lat' dir='ltr'><strong>enim</strong></span> <span class='ocrx_word' id='word_1_588' title='bbox 3765 2944 3810 2997; x_wconf 80' lang='lat' dir='ltr'><strong>ita</strong></span> 
     </span>
    </p>
   </div>
   <div class='ocr_carea' id='block_1_89' title="bbox 2322 3032 3808 3110">
    <p class='ocr_par' dir='ltr' id='par_1_89' title="bbox 2322 3032 3808 3110">
     <span class='ocr_line' id='line_1_89' title="bbox 2322 3032 3808 3110; baseline -0.001 -18"><span class='ocrx_word' id='word_1_589' title='bbox 2322 3037 2879 3110; x_wconf 85' lang='lat' dir='ltr'><strong>sitsuspicatiouibus</strong></span> <span class='ocrx_word' id='word_1_590' title='bbox 2907 3040 3020 3098; x_wconf 89' lang='lat' dir='ltr'><strong>suis</strong></span> <span class='ocrx_word' id='word_1_591' title='bbox 3065 3039 3308 3106; x_wconf 90' lang='lat' dir='ltr'><strong>deditus,</strong></span> <span class='ocrx_word' id='word_1_592' title='bbox 3339 3048 3396 3094; x_wconf 92' lang='lat' dir='ltr'><strong>ut</strong></span> <span class='ocrx_word' id='word_1_593' title='bbox 3423 3053 3597 3094; x_wconf 81' lang='lat' dir='ltr'><strong>verum</strong></span> <span class='ocrx_word' id='word_1_594' title='bbox 3633 3049 3724 3093; x_wconf 86' lang='lat' dir='ltr'><strong>esse</strong></span> <span class='ocrx_word' id='word_1_595' title='bbox 3754 3032 3808 3086; x_wconf 82' lang='lat' dir='ltr'><strong>de-</strong></span> 
     </span>
    </p>
   </div>
   <div class='ocr_carea' id='block_1_90' title="bbox 2331 3124 3808 3204">
    <p class='ocr_par' dir='ltr' id='par_1_90' title="bbox 2331 3124 3808 3204">
     <span class='ocr_line' id='line_1_90' title="bbox 2331 3124 3808 3204; baseline 0 -19"><span class='ocrx_word' id='word_1_596' title='bbox 2331 3131 2501 3198; x_wconf 75' lang='lat' dir='ltr'><strong>finiat,</strong></span> <span class='ocrx_word' id='word_1_597' title='bbox 2529 3135 2672 3204; x_wconf 90' lang='lat' dir='ltr'><strong>quod</strong></span> <span class='ocrx_word' id='word_1_598' title='bbox 2710 3133 2855 3190; x_wconf 90' lang='lat' dir='ltr'><strong>omni</strong></span> <span class='ocrx_word' id='word_1_599' title='bbox 2887 3130 3332 3188; x_wconf 83' lang='lat' dir='ltr'><strong>manifestatione</strong></span> <span class='ocrx_word' id='word_1_600' title='bbox 3383 3137 3615 3188; x_wconf 77' lang='lat' dir='ltr'><strong>cessante</strong></span> <span class='ocrx_word' id='word_1_601' title='bbox 3651 3142 3705 3184; x_wconf 74' lang='lat' dir='ltr'><strong>ex</strong></span> <span class='ocrx_word' id='word_1_602' title='bbox 3735 3124 3808 3194; x_wconf 79' lang='lat' dir='ltr'><strong>opi-</strong></span> 
     </span>
    </p>
   </div>
   <div class='ocr_carea' id='block_1_91' title="bbox 2251 3184 3804 3295">
    <p class='ocr_par' dir='ltr' id='par_1_91' title="bbox 2251 3184 3804 3295">
     <span class='ocr_line' id='line_1_91' title="bbox 2251 3184 3804 3295; baseline -0.005 -15"><span class='ocrx_word' id='word_1_603' title='bbox 2251 3184 2297 3266; x_wconf 59' lang='grc' dir='ltr'><strong>ϐ</strong></span> <span class='ocrx_word' id='word_1_604' title='bbox 2331 3184 2772 3295; x_wconf 44' lang='lat' dir='ltr'><strong>nione&#39;ajmbigua</strong></span> <span class='ocrx_word' id='word_1_605' title='bbox 2819 3222 3160 3294; x_wconf 74' lang='lat' dir='ltr'><strong>suSpicatur.?</strong></span> <span class='ocrx_word' id='word_1_606' title='bbox 3187 3221 3324 3280; x_wconf 90' lang='lat' dir='ltr'><strong>Cum</strong></span> <span class='ocrx_word' id='word_1_607' title='bbox 3359 3222 3536 3293; x_wconf 90' lang='lat' dir='ltr'><strong>itaque</strong></span> <span class='ocrx_word' id='word_1_608' title='bbox 3561 3218 3804 3289; x_wconf 75' lang='lat' dir='ltr'><strong>baptizatum</strong></span> 
     </span>
    </p>
   </div>
   <div class='ocr_carea' id='block_1_92' title="bbox 2327 3309 3805 3386">
    <p class='ocr_par' dir='ltr' id='par_1_92' title="bbox 2327 3309 3805 3386">
     <span class='ocr_line' id='line_1_92' title="bbox 2327 3309 3805 3386; baseline -0.001 -14"><span class='ocrx_word' id='word_1_609' title='bbox 2327 3317 2524 3381; x_wconf 84' lang='lat' dir='ltr'><strong>se,&#39;nec</strong></span> <span class='ocrx_word' id='word_1_610' title='bbox 2550 3315 2638 3372; x_wconf 91' lang='lat' dir='ltr'><strong>ille</strong></span> <span class='ocrx_word' id='word_1_611' title='bbox 2659 3317 2973 3372; x_wconf 89' lang='lat' dir='ltr'><strong>recordetur</strong></span> <span class='ocrx_word' id='word_1_612' title='bbox 2999 3316 3090 3386; x_wconf 90' lang='lat' dir='ltr'><strong>qui</strong></span> <span class='ocrx_word' id='word_1_613' title='bbox 3113 3315 3538 3385; x_wconf 84' lang='lat' dir='ltr'><strong>regenerationis</strong></span> <span class='ocrx_word' id='word_1_614' title='bbox 3555 3321 3628 3374; x_wconf 79' lang='lat' dir='ltr'><strong>est</strong></span> <span class='ocrx_word' id='word_1_615' title='bbox 3644 3309 3805 3381; x_wconf 58' lang='lat' dir='ltr'><strong>cupidus.</strong></span> 
     </span>
    </p>
   </div>
   <div class='ocr_carea' id='block_1_93' title="bbox 2326 3405 3807 3478">
    <p class='ocr_par' dir='ltr' id='par_1_93' title="bbox 2326 3405 3807 3478">
     <span class='ocr_line' id='line_1_93' title="bbox 2326 3405 3807 3478; baseline -0.003 -17"><span class='ocrx_word' id='word_1_616' title='bbox 2326 3422 2429 3464; x_wconf 88' lang='lat' dir='ltr'><strong>nec</strong></span> <span class='ocrx_word' id='word_1_617' title='bbox 2471 3407 2608 3464; x_wconf 88' lang='lat' dir='ltr'><strong>alter</strong></span> <span class='ocrx_word' id='word_1_618' title='bbox 2644 3407 2889 3464; x_wconf 89' lang='lat' dir='ltr'><strong>attestari</strong></span> <span class='ocrx_word' id='word_1_619' title='bbox 2916 3407 2982 3462; x_wconf 89' lang='lat' dir='ltr'><strong>de</strong></span> <span class='ocrx_word' id='word_1_620' title='bbox 3019 3421 3086 3463; x_wconf 92' lang='lat' dir='ltr'><strong>co</strong></span> <span class='ocrx_word' id='word_1_621' title='bbox 3117 3409 3314 3478; x_wconf 90' lang='lat' dir='ltr'><strong>possit,</strong></span> <span class='ocrx_word' id='word_1_622' title='bbox 3358 3407 3498 3478; x_wconf 90' lang='lat' dir='ltr'><strong>quod</strong></span> <span class='ocrx_word' id='word_1_623' title='bbox 3528 3405 3807 3468; x_wconf 80' lang='lat' dir='ltr'><strong>nesciat,coa-</strong></span> 
     </span>
    </p>
   </div>
   <div class='ocr_carea' id='block_1_94' title="bbox 2327 3496 3805 3570">
    <p class='ocr_par' dir='ltr' id='par_1_94' title="bbox 2327 3496 3805 3570">
     <span class='ocr_line' id='line_1_94' title="bbox 2327 3496 3805 3570; baseline -0.003 -13"><span class='ocrx_word' id='word_1_624' title='bbox 2327 3508 2597 3557; x_wconf 79' lang='lat' dir='ltr'><strong>secratum</strong></span> <span class='ocrx_word' id='word_1_625' title='bbox 2622 3499 2753 3554; x_wconf 89' lang='lat' dir='ltr'><strong>nihil</strong></span> <span class='ocrx_word' id='word_1_626' title='bbox 2777 3508 2860 3555; x_wconf 80' lang='lat' dir='ltr'><strong>est</strong></span> <span class='ocrx_word' id='word_1_627' title='bbox 2887 3499 2954 3562; x_wconf 30' lang='lat' dir='ltr'><strong>in,</strong></span> <span class='ocrx_word' id='word_1_628' title='bbox 2980 3514 3090 3570; x_wconf 87' lang='lat' dir='ltr'><strong>quo</strong></span> <span class='ocrx_word' id='word_1_629' title='bbox 3121 3509 3406 3570; x_wconf 87' lang='lat' dir='ltr'><strong>peccatum</strong></span> <span class='ocrx_word' id='word_1_630' title='bbox 3435 3497 3590 3570; x_wconf 89' lang='lat' dir='ltr'><strong>possit</strong></span> <span class='ocrx_word' id='word_1_631' title='bbox 3611 3496 3805 3563; x_wconf 76' lang='lat' dir='ltr'><strong>obrepere.</strong></span> 
     </span>
    </p>
   </div>
   <div class='ocr_carea' id='block_1_95' title="bbox 2274 3582 3806 3666">
    <p class='ocr_par' dir='ltr' id='par_1_95' title="bbox 2274 3582 3806 3666">
     <span class='ocr_line' id='line_1_95' title="bbox 2274 3582 3806 3666; baseline -0.007 -20"><span class='ocrx_word' id='word_1_632' title='bbox 2274 3624 2282 3634; x_wconf 72' lang='grc' dir='ltr'>ι</span> <span class='ocrx_word' id='word_1_633' title='bbox 2329 3607 2451 3646; x_wconf 90' lang='lat' dir='ltr'><strong>cum</strong></span> <span class='ocrx_word' id='word_1_634' title='bbox 2473 3591 2527 3646; x_wconf 92' lang='lat' dir='ltr'><strong>in</strong></span> <span class='ocrx_word' id='word_1_635' title='bbox 2552 3591 2656 3660; x_wconf 85' lang='lat' dir='ltr'><strong>hac</strong></span> <span class='ocrx_word' id='word_1_636' title='bbox 2684 3599 2838 3661; x_wconf 87' lang='lat' dir='ltr'><strong>parte</strong></span> <span class='ocrx_word' id='word_1_637' title='bbox 2882 3591 3236 3666; x_wconf 78' lang='lat' dir='ltr'><strong>conscientia:</strong></span> <span class='ocrx_word' id='word_1_638' title='bbox 3281 3606 3395 3650; x_wconf 77' lang='lat' dir='ltr'><strong>sua:</strong></span> <span class='ocrx_word' id='word_1_639' title='bbox 3425 3605 3519 3648; x_wconf 90' lang='lat' dir='ltr'><strong>nec</strong></span> <span class='ocrx_word' id='word_1_640' title='bbox 3546 3586 3622 3643; x_wconf 90' lang='lat' dir='ltr'><strong>ille</strong></span> <span class='ocrx_word' id='word_1_641' title='bbox 3661 3582 3806 3639; x_wconf 71' lang='lat' dir='ltr'><strong>renuit</strong></span> 
     </span>
    </p>
   </div>
   <div class='ocr_carea' id='block_1_96' title="bbox 2329 3674 3808 3756">
    <p class='ocr_par' dir='ltr' id='par_1_96' title="bbox 2329 3674 3808 3756">
     <span class='ocr_line' id='line_1_96' title="bbox 2329 3674 3808 3756; baseline -0.005 -18"><span class='ocrx_word' id='word_1_642' title='bbox 2329 3683 2814 3756; x_wconf 78' lang='lat' dir='ltr'><strong>quiconsccratnr,</strong></span> <span class='ocrx_word' id='word_1_643' title='bbox 2850 3700 2951 3750; x_wconf 87' lang='lat' dir='ltr'><strong>nec</strong></span> <span class='ocrx_word' id='word_1_644' title='bbox 2974 3684 3061 3743; x_wconf 89' lang='lat' dir='ltr'><strong>ille</strong></span> <span class='ocrx_word' id='word_1_645' title='bbox 3085 3685 3177 3756; x_wconf 88' lang='lat' dir='ltr'><strong>qui</strong></span> <span class='ocrx_word' id='word_1_646' title='bbox 3215 3693 3514 3752; x_wconf 83' lang='lat' dir='ltr'><strong>consecrat.</strong></span> <span class='ocrx_word' id='word_1_647' title='bbox 3546 3674 3808 3746; x_wconf 81' lang='lat' dir='ltr'><strong>Scimtuqui-</strong></span> 
     </span>
    </p>
   </div>
   <div class='ocr_carea' id='block_1_97' title="bbox 2331 3766 3808 3850">
    <p class='ocr_par' dir='ltr' id='par_1_97' title="bbox 2331 3766 3808 3850">
     <span class='ocr_line' id='line_1_97' title="bbox 2331 3766 3808 3850; baseline -0.005 -19"><span class='ocrx_word' id='word_1_648' title='bbox 2331 3777 2451 3832; x_wconf 89' lang='lat' dir='ltr'><strong>dem</strong></span> <span class='ocrx_word' id='word_1_649' title='bbox 2483 3776 2804 3847; x_wconf 78' lang='lat' dir='ltr'><strong>inexpiabile</strong></span> <span class='ocrx_word' id='word_1_650' title='bbox 2835 3791 2955 3832; x_wconf 86' lang='lat' dir='ltr'><strong>esse</strong></span> <span class='ocrx_word' id='word_1_651' title='bbox 2996 3775 3228 3850; x_wconf 83' lang='lat' dir='ltr'><strong>facinus,</strong></span> <span class='ocrx_word' id='word_1_652' title='bbox 3256 3777 3471 3848; x_wconf 85' lang='lat' dir='ltr'><strong>quoties</strong></span> <span class='ocrx_word' id='word_1_653' title='bbox 3502 3775 3636 3846; x_wconf 77' lang='lat' dir='ltr'><strong>juxta</strong></span> <span class='ocrx_word' id='word_1_654' title='bbox 3667 3766 3808 3827; x_wconf 72' lang='lat' dir='ltr'><strong>literati-</strong></span> 
     </span>
    </p>
   </div>
   <div class='ocr_carea' id='block_1_98' title="bbox 2331 3861 3806 3932">
    <p class='ocr_par' dir='ltr' id='par_1_98' title="bbox 2331 3861 3806 3932">
     <span class='ocr_line' id='line_1_98' title="bbox 2331 3861 3806 3932; baseline 0.002 -8"><span class='ocrx_word' id='word_1_655' title='bbox 2331 3885 2518 3932; x_wconf 77' lang='lat' dir='ltr'><strong>eorum</strong></span> <span class='ocrx_word' id='word_1_656' title='bbox 2549 3870 2800 3924; x_wconf 87' lang='lat' dir='ltr'><strong>damnata</strong></span> <span class='ocrx_word' id='word_1_657' title='bbox 2839 3885 2869 3923; x_wconf 91' lang='lat' dir='ltr'><strong>a</strong></span> <span class='ocrx_word' id='word_1_658' title='bbox 2899 3869 3104 3932; x_wconf 84' lang='lat' dir='ltr'><strong>sanctis</strong></span> <span class='ocrx_word' id='word_1_659' title='bbox 3137 3867 3392 3924; x_wconf 86' lang='lat' dir='ltr'><strong>Patribus</strong></span> <span class='ocrx_word' id='word_1_660' title='bbox 3425 3867 3644 3926; x_wconf 76' lang='lat' dir='ltr'><strong>instituta</strong></span> <span class='ocrx_word' id='word_1_661' title='bbox 3666 3861 3806 3930; x_wconf 64' lang='grc' dir='ltr'><strong>ρυεῖιιιῐ</strong></span> 
     </span>
    </p>
   </div>
   <div class='ocr_carea' id='block_1_99' title="bbox 2331 3953 3803 4034">
    <p class='ocr_par' dir='ltr' id='par_1_99' title="bbox 2331 3953 3803 4034">
     <span class='ocr_line' id='line_1_99' title="bbox 2331 3953 3803 4034; baseline -0.006 -18"><span class='ocrx_word' id='word_1_662' title='bbox 2331 3961 2528 4032; x_wconf 87' lang='lat' dir='ltr'><strong>aliquis</strong></span> <span class='ocrx_word' id='word_1_663' title='bbox 2556 3959 2828 4019; x_wconf 88' lang='lat' dir='ltr'><strong>lavacrum</strong></span> <span class='ocrx_word' id='word_1_664' title='bbox 2853 3960 2994 4029; x_wconf 86' lang='lat' dir='ltr'><strong>quod</strong></span> <span class='ocrx_word' id='word_1_665' title='bbox 3023 3961 3406 4034; x_wconf 78' lang='lat' dir='ltr'><strong>regenerandis</strong></span> <span class='ocrx_word' id='word_1_666' title='bbox 3440 3955 3594 4013; x_wconf 82' lang='lat' dir='ltr'><strong>setnel</strong></span> <span class='ocrx_word' id='word_1_667' title='bbox 3627 3953 3803 4008; x_wconf 78' lang='lat' dir='ltr'><strong>tributum</strong></span> 
     </span>
    </p>
   </div>
   <div class='ocr_carea' id='block_1_100' title="bbox 2330 4049 3804 4124">
    <p class='ocr_par' dir='ltr' id='par_1_100' title="bbox 2330 4049 3804 4124">
     <span class='ocr_line' id='line_1_100' title="bbox 2330 4049 3804 4124; baseline -0.006 -14"><span class='ocrx_word' id='word_1_668' title='bbox 2330 4063 2434 4121; x_wconf 91' lang='lat' dir='ltr'><strong>est,</strong></span> <span class='ocrx_word' id='word_1_669' title='bbox 2460 4054 2544 4112; x_wconf 89' lang='lat' dir='ltr'><strong>bis</strong></span> <span class='ocrx_word' id='word_1_670' title='bbox 2565 4053 2749 4109; x_wconf 88' lang='lat' dir='ltr'><strong>subire</strong></span> <span class='ocrx_word' id='word_1_671' title='bbox 2778 4053 3077 4124; x_wconf 82' lang='lat' dir='ltr'><strong>apostolica</strong></span> <span class='ocrx_word' id='word_1_672' title='bbox 3107 4053 3441 4116; x_wconf 84' lang='lat' dir='ltr'><strong>reclamante</strong></span> <span class='ocrx_word' id='word_1_673' title='bbox 3485 4049 3707 4108; x_wconf 87' lang='lat' dir='ltr'><strong>doctrina,</strong></span> <span class='ocrx_word' id='word_1_674' title='bbox 3730 4055 3804 4114; x_wconf 67' lang='lat' dir='ltr'><strong>qu!</strong></span> 
     </span>
    </p>
   </div>
   <div class='ocr_carea' id='block_1_101' title="bbox 2331 4134 3803 4216">
    <p class='ocr_par' dir='ltr' id='par_1_101' title="bbox 2331 4134 3803 4216">
     <span class='ocr_line' id='line_1_101' title="bbox 2331 4134 3803 4216; baseline -0.008 -13"><span class='ocrx_word' id='word_1_675' title='bbox 2331 4147 2486 4203; x_wconf 83' lang='lat' dir='ltr'><strong>nobis</strong></span> <span class='ocrx_word' id='word_1_676' title='bbox 2513 4163 2672 4202; x_wconf 89' lang='lat' dir='ltr'><strong>unam</strong></span> <span class='ocrx_word' id='word_1_677' title='bbox 2702 4146 2957 4216; x_wconf 79' lang='lat' dir='ltr'><strong>przedicat</strong></span> <span class='ocrx_word' id='word_1_678' title='bbox 2989 4147 3042 4202; x_wconf 89' lang='lat' dir='ltr'><strong>in</strong></span> <span class='ocrx_word' id='word_1_679' title='bbox 3075 4147 3318 4212; x_wconf 81' lang='lat' dir='ltr'><strong>trinitate</strong></span> <span class='ocrx_word' id='word_1_680' title='bbox 3342 4147 3599 4207; x_wconf 88' lang='lat' dir='ltr'><strong>deitatem,</strong></span> <span class='ocrx_word' id='word_1_681' title='bbox 3627 4153 3744 4196; x_wconf 80' lang='lat' dir='ltr'><strong>unam</strong></span> <span class='ocrx_word' id='word_1_682' title='bbox 3771 4134 3803 4192; x_wconf 76' lang='lat' dir='ltr'><strong>it</strong></span> 
     </span>
    </p>
   </div>
   <div class='ocr_carea' id='block_1_102' title="bbox 2331 4237 3803 4310">
    <p class='ocr_par' dir='ltr' id='par_1_102' title="bbox 2331 4237 3803 4310">
     <span class='ocr_line' id='line_1_102' title="bbox 2331 4237 3803 4310; baseline -0.003 -16"><span class='ocrx_word' id='word_1_683' title='bbox 2331 4238 2438 4294; x_wconf 80' lang='lat' dir='ltr'><strong>fide</strong></span> <span class='ocrx_word' id='word_1_684' title='bbox 2485 4237 2902 4304; x_wconf 87' lang='lat' dir='ltr'><strong>confessionem,</strong></span> <span class='ocrx_word' id='word_1_685' title='bbox 2949 4255 3114 4294; x_wconf 88' lang='lat' dir='ltr'><strong>unum</strong></span> <span class='ocrx_word' id='word_1_686' title='bbox 3152 4238 3204 4294; x_wconf 92' lang='lat' dir='ltr'><strong>in</strong></span> <span class='ocrx_word' id='word_1_687' title='bbox 3245 4241 3560 4310; x_wconf 80' lang='lat' dir='ltr'><strong>baptismate</strong></span> <span class='ocrx_word' id='word_1_688' title='bbox 3585 4241 3803 4290; x_wconf 66' lang='lat' dir='ltr'><strong>sacramen‘</strong></span> 
     </span>
    </p>
   </div>
   <div class='ocr_carea' id='block_1_103' title="bbox 2331 4317 3802 4402">
    <p class='ocr_par' dir='ltr' id='par_1_103' title="bbox 2331 4317 3802 4402">
     <span class='ocr_line' id='line_1_103' title="bbox 2331 4317 3802 4402; baseline 0.001 -18"><span class='ocrx_word' id='word_1_689' title='bbox 2331 4337 2468 4384; x_wconf 89' lang='lat' dir='ltr'><strong>tum.</strong></span> <span class='ocrx_word' id='word_1_690' title='bbox 2500 4328 2607 4386; x_wconf 89' lang='lat' dir='ltr'><strong>Sed</strong></span> <span class='ocrx_word' id='word_1_691' title='bbox 2639 4330 2691 4384; x_wconf 90' lang='lat' dir='ltr'><strong>in</strong></span> <span class='ocrx_word' id='word_1_692' title='bbox 2728 4330 2833 4385; x_wconf 88' lang='lat' dir='ltr'><strong>hoc</strong></span> <span class='ocrx_word' id='word_1_693' title='bbox 2880 4329 3014 4385; x_wconf 92' lang='lat' dir='ltr'><strong>nihil</strong></span> <span class='ocrx_word' id='word_1_694' title='bbox 3050 4329 3230 4385; x_wconf 90' lang='lat' dir='ltr'><strong>simile</strong></span> <span class='ocrx_word' id='word_1_695' title='bbox 3276 4317 3802 4402; x_wconf 54' lang='lat' dir='ltr'><strong>formidatumqtttim&quot;</strong></span> 
     </span>
    </p>
   </div>
   <div class='ocr_carea' id='block_1_104' title="bbox 2331 4404 3801 4492">
    <p class='ocr_par' dir='ltr' id='par_1_104' title="bbox 2331 4404 3801 4492">
     <span class='ocr_line' id='line_1_104' title="bbox 2331 4404 3801 4492; baseline -0.001 -17"><span class='ocrx_word' id='word_1_696' title='bbox 2331 4436 2436 4476; x_wconf 92' lang='lat' dir='ltr'><strong>non</strong></span> <span class='ocrx_word' id='word_1_697' title='bbox 2483 4429 2662 4492; x_wconf 87' lang='lat' dir='ltr'><strong>potest</strong></span> <span class='ocrx_word' id='word_1_698' title='bbox 2707 4421 2760 4476; x_wconf 91' lang='lat' dir='ltr'><strong>in</strong></span> <span class='ocrx_word' id='word_1_699' title='bbox 2803 4422 3108 4478; x_wconf 89' lang='lat' dir='ltr'><strong>iterationis</strong></span> <span class='ocrx_word' id='word_1_700' title='bbox 3167 4423 3375 4478; x_wconf 86' lang='lat' dir='ltr'><strong>crimen</strong></span> <span class='ocrx_word' id='word_1_701' title='bbox 3423 4419 3678 4485; x_wconf 79' lang='lat' dir='ltr'><strong>devenire,</strong></span> <span class='ocrx_word' id='word_1_702' title='bbox 3711 4404 3801 4481; x_wconf 62' lang='lat' dir='ltr'><strong>qud</strong></span> 
     </span>
    </p>
   </div>
   <div class='ocr_carea' id='block_1_105' title="bbox 2330 4503 3802 4587">
    <p class='ocr_par' dir='ltr' id='par_1_105' title="bbox 2330 4503 3802 4587">
     <span class='ocr_line' id='line_1_105' title="bbox 2330 4503 3802 4587; baseline -0.007 -20"><span class='ocrx_word' id='word_1_703' title='bbox 2330 4512 2533 4572; x_wconf 90' lang='lat' dir='ltr'><strong>factum</strong></span> <span class='ocrx_word' id='word_1_704' title='bbox 2578 4529 2700 4570; x_wconf 85' lang='lat' dir='ltr'><strong>esse</strong></span> <span class='ocrx_word' id='word_1_705' title='bbox 2749 4515 2971 4570; x_wconf 89' lang='lat' dir='ltr'><strong>omnino</strong></span> <span class='ocrx_word' id='word_1_706' title='bbox 3019 4516 3280 4571; x_wconf 64' lang='lat' dir='ltr'><strong>nescitur.</strong></span> <span class='ocrx_word' id='word_1_707' title='bbox 3311 4517 3484 4587; x_wconf 81' lang='lat' dir='ltr'><strong>Atque</strong></span> <span class='ocrx_word' id='word_1_708' title='bbox 3530 4512 3631 4567; x_wconf 89' lang='lat' dir='ltr'><strong>ideo</strong></span> <span class='ocrx_word' id='word_1_709' title='bbox 3662 4503 3802 4577; x_wconf 78' lang='lat' dir='ltr'><strong>quatiet</strong></span> 
     </span>
    </p>
   </div>
   <div class='ocr_carea' id='block_1_106' title="bbox 2281 4595 3802 4679">
    <p class='ocr_par' dir='ltr' id='par_1_106' title="bbox 2281 4595 3802 4679">
     <span class='ocr_line' id='line_1_106' title="bbox 2281 4595 3802 4679; baseline -0.002 -18"><span class='ocrx_word' id='word_1_710' title='bbox 2281 4595 2303 4634; x_wconf 72' lang='lat'><strong>-&#39;</strong></span> <span class='ocrx_word' id='word_1_711' title='bbox 2331 4621 2560 4677; x_wconf 87' lang='lat' dir='ltr'><strong>persona</strong></span> <span class='ocrx_word' id='word_1_712' title='bbox 2609 4605 2730 4660; x_wconf 88' lang='lat' dir='ltr'><strong>talis</strong></span> <span class='ocrx_word' id='word_1_713' title='bbox 2782 4606 3051 4673; x_wconf 87' lang='lat' dir='ltr'><strong>inciderit,</strong></span> <span class='ocrx_word' id='word_1_714' title='bbox 3081 4607 3310 4662; x_wconf 86' lang='lat' dir='ltr'><strong>sollicita</strong></span> <span class='ocrx_word' id='word_1_715' title='bbox 3353 4609 3569 4679; x_wconf 88' lang='lat' dir='ltr'><strong>primum</strong></span> <span class='ocrx_word' id='word_1_716' title='bbox 3609 4595 3802 4658; x_wconf 50' lang='lat' dir='ltr'><strong>erantin”</strong></span> 
     </span>
    </p>
   </div>
   <div class='ocr_carea' id='block_1_107' title="bbox 2332 4696 3802 4770">
    <p class='ocr_par' dir='ltr' id='par_1_107' title="bbox 2332 4696 3802 4770">
     <span class='ocr_line' id='line_1_107' title="bbox 2332 4696 3802 4770; baseline 0.002 -19"><span class='ocrx_word' id='word_1_717' title='bbox 2332 4698 2782 4764; x_wconf 81' lang='lat' dir='ltr'><strong>tionediscutite,</strong></span> <span class='ocrx_word' id='word_1_718' title='bbox 2811 4707 2866 4753; x_wconf 92' lang='lat' dir='ltr'><strong>et</strong></span> <span class='ocrx_word' id='word_1_719' title='bbox 2895 4699 3052 4770; x_wconf 90' lang='lat' dir='ltr'><strong>longo</strong></span> <span class='ocrx_word' id='word_1_720' title='bbox 3093 4708 3356 4770; x_wconf 86' lang='lat' dir='ltr'><strong>tempore,</strong></span> <span class='ocrx_word' id='word_1_721' title='bbox 3398 4699 3494 4754; x_wconf 91' lang='lat' dir='ltr'><strong>nisi</strong></span> <span class='ocrx_word' id='word_1_722' title='bbox 3526 4696 3644 4754; x_wconf 74' lang='lat' dir='ltr'><strong>forte</strong></span> <span class='ocrx_word' id='word_1_723' title='bbox 3678 4699 3802 4759; x_wconf 61' lang='lat' dir='ltr'>SM</span> 
     </span>
    </p>
   </div>
   <div class='ocr_carea' id='block_1_108' title="bbox 2332 4776 3800 4864">
    <p class='ocr_par' dir='ltr' id='par_1_108' title="bbox 2332 4776 3800 4864">
     <span class='ocr_line' id='line_1_108' title="bbox 2332 4776 3800 4864; baseline -0.006 -18"><span class='ocrx_word' id='word_1_724' title='bbox 2332 4805 2454 4846; x_wconf 86' lang='lat' dir='ltr'><strong>mus</strong></span> <span class='ocrx_word' id='word_1_725' title='bbox 2503 4790 2626 4845; x_wconf 87' lang='lat' dir='ltr'><strong>linis</strong></span> <span class='ocrx_word' id='word_1_726' title='bbox 2676 4790 2996 4857; x_wconf 84' lang='lat' dir='ltr'><strong>immineat,</strong></span> <span class='ocrx_word' id='word_1_727' title='bbox 3046 4792 3334 4864; x_wconf 88' lang='lat' dir='ltr'><strong>indagate,</strong></span> <span class='ocrx_word' id='word_1_728' title='bbox 3388 4801 3551 4848; x_wconf 88' lang='lat' dir='ltr'><strong>utrum</strong></span> <span class='ocrx_word' id='word_1_729' title='bbox 3596 4797 3716 4842; x_wconf 84' lang='lat' dir='ltr'><strong>uento</strong></span> <span class='ocrx_word' id='word_1_730' title='bbox 3756 4776 3800 4830; x_wconf 71' lang='lat' dir='ltr'><strong>sit</strong></span> 
     </span>
    </p>
   </div>
   <div class='ocr_carea' id='block_1_109' title="bbox 2333 4874 3799 4965">
    <p class='ocr_par' dir='ltr' id='par_1_109' title="bbox 2333 4874 3799 4965">
     <span class='ocr_line' id='line_1_109' title="bbox 2333 4874 3799 4965; baseline -0.005 -27"><span class='ocrx_word' id='word_1_731' title='bbox 2333 4883 2549 4954; x_wconf 88' lang='lat' dir='ltr'><strong>penitus</strong></span> <span class='ocrx_word' id='word_1_732' title='bbox 2589 4882 2717 4952; x_wconf 91' lang='lat' dir='ltr'><strong>quid</strong></span> <span class='ocrx_word' id='word_1_733' title='bbox 2768 4883 3079 4939; x_wconf 88' lang='lat' dir='ltr'><strong>testimonio</strong></span> <span class='ocrx_word' id='word_1_734' title='bbox 3135 4900 3234 4940; x_wconf 90' lang='lat' dir='ltr'><strong>suo</strong></span> <span class='ocrx_word' id='word_1_735' title='bbox 3284 4884 3469 4954; x_wconf 87' lang='lat' dir='ltr'><strong>jurare</strong></span> <span class='ocrx_word' id='word_1_736' title='bbox 3520 4879 3660 4952; x_wconf 79' lang='lat' dir='ltr'><strong>possit</strong></span> <span class='ocrx_word' id='word_1_737' title='bbox 3699 4874 3799 4965; x_wconf 53' lang='lat' dir='ltr'><strong>igtur</strong></span> 
     </span>
    </p>
   </div>
   <div class='ocr_carea' id='block_1_110' title="bbox 2335 4971 3797 5034">
    <p class='ocr_par' dir='ltr' id='par_1_110' title="bbox 2335 4971 3797 5034">
     <span class='ocr_line' id='line_1_110' title="bbox 2335 4971 3797 5034; baseline 0 -7"><span class='ocrx_word' id='word_1_738' title='bbox 2335 4973 2566 5028; x_wconf 85' lang='lat' dir='ltr'><strong>rantiam</strong></span> <span class='ocrx_word' id='word_1_739' title='bbox 2627 4974 2940 5030; x_wconf 89' lang='lat' dir='ltr'><strong>nescientis.</strong></span> <span class='ocrx_word' id='word_1_740' title='bbox 2995 4975 3061 5030; x_wconf 84' lang='lat' dir='ltr'><strong>Et</strong></span> <span class='ocrx_word' id='word_1_741' title='bbox 3104 4992 3227 5031; x_wconf 90' lang='lat' dir='ltr'><strong>cum</strong></span> <span class='ocrx_word' id='word_1_742' title='bbox 3269 4975 3558 5034; x_wconf 88' lang='lat' dir='ltr'><strong>constiterit</strong></span> <span class='ocrx_word' id='word_1_743' title='bbox 3603 4971 3711 5025; x_wconf 85' lang='lat' dir='ltr'><strong>hunc</strong></span> <span class='ocrx_word' id='word_1_744' title='bbox 3740 4972 3797 5027; x_wconf 61' lang='grc' dir='ltr'><strong>εἰ*</strong></span> 
     </span>
    </p>
   </div>
   <div class='ocr_carea' id='block_1_111' title="bbox 2333 5063 3798 5140">
    <p class='ocr_par' dir='ltr' id='par_1_111' title="bbox 2333 5063 3798 5140">
     <span class='ocr_line' id='line_1_111' title="bbox 2333 5063 3798 5140; baseline -0.009 -16"><span class='ocrx_word' id='word_1_745' title='bbox 2333 5067 2678 5137; x_wconf 87' lang='lat' dir='ltr'><strong>baptismatis</strong></span> <span class='ocrx_word' id='word_1_746' title='bbox 2708 5067 2908 5137; x_wconf 78' lang='lat' dir='ltr'><strong>indiget</strong></span> <span class='ocrx_word' id='word_1_747' title='bbox 2943 5080 3316 5134; x_wconf 84' lang='lat' dir='ltr'><strong>sacramento,</strong></span> <span class='ocrx_word' id='word_1_748' title='bbox 3357 5070 3464 5140; x_wconf 86' lang='lat' dir='ltr'><strong>sola</strong></span> <span class='ocrx_word' id='word_1_749' title='bbox 3505 5063 3692 5122; x_wconf 86' lang='lat' dir='ltr'><strong>inaniter</strong></span> <span class='ocrx_word' id='word_1_750' title='bbox 3726 5064 3798 5106; x_wconf 45' lang='lat' dir='ltr'><strong>sui!</strong></span> 
     </span>
    </p>
   </div>
   <div class='ocr_carea' id='block_1_112' title="bbox 2331 5155 3796 5232">
    <p class='ocr_par' dir='ltr' id='par_1_112' title="bbox 2331 5155 3796 5232">
     <span class='ocr_line' id='line_1_112' title="bbox 2331 5155 3796 5232; baseline -0.004 -18"><span class='ocrx_word' id='word_1_751' title='bbox 2331 5159 2550 5229; x_wconf 88' lang='lat' dir='ltr'><strong>pieione</strong></span> <span class='ocrx_word' id='word_1_752' title='bbox 2607 5160 2882 5229; x_wconf 86' lang='lat' dir='ltr'><strong>prohiberi</strong></span> <span class='ocrx_word' id='word_1_753' title='bbox 2935 5161 3157 5218; x_wconf 86' lang='lat' dir='ltr'><strong>accedat</strong></span> <span class='ocrx_word' id='word_1_754' title='bbox 3224 5161 3511 5232; x_wconf 87' lang='lat' dir='ltr'><strong>intrepidus</strong></span> <span class='ocrx_word' id='word_1_755' title='bbox 3563 5155 3618 5209; x_wconf 88' lang='lat' dir='ltr'><strong>ad</strong></span> <span class='ocrx_word' id='word_1_756' title='bbox 3667 5155 3796 5204; x_wconf 51' lang='lat' dir='ltr'><strong>coni?</strong></span> 
     </span>
    </p>
   </div>
   <div class='ocr_carea' id='block_1_113' title="bbox 2335 5243 3795 5323">
    <p class='ocr_par' dir='ltr' id='par_1_113' title="bbox 2335 5243 3795 5323">
     <span class='ocr_line' id='line_1_113' title="bbox 2335 5243 3795 5323; baseline -0.008 -18"><span class='ocrx_word' id='word_1_757' title='bbox 2335 5253 2603 5321; x_wconf 68' lang='lat' dir='ltr'><strong>quendam</strong></span> <span class='ocrx_word' id='word_1_758' title='bbox 2652 5251 2922 5323; x_wconf 90' lang='lat' dir='ltr'><strong>gratiam,</strong></span> <span class='ocrx_word' id='word_1_759' title='bbox 2973 5251 3128 5320; x_wconf 88' lang='lat' dir='ltr'><strong>cujus</strong></span> <span class='ocrx_word' id='word_1_760' title='bbox 3171 5255 3222 5308; x_wconf 93' lang='lat' dir='ltr'><strong>in</strong></span> <span class='ocrx_word' id='word_1_761' title='bbox 3281 5269 3340 5308; x_wconf 89' lang='lat' dir='ltr'><strong>se</strong></span> <span class='ocrx_word' id='word_1_762' title='bbox 3378 5251 3559 5308; x_wconf 85' lang='lat' dir='ltr'><strong>nullum</strong></span> <span class='ocrx_word' id='word_1_763' title='bbox 3605 5243 3685 5299; x_wconf 83' lang='lat' dir='ltr'><strong>scit</strong></span> <span class='ocrx_word' id='word_1_764' title='bbox 3718 5243 3795 5291; x_wconf 62' lang='lat' dir='ltr'><strong>esse</strong></span> 
     </span>
    </p>
   </div>
   <div class='ocr_carea' id='block_1_114' title="bbox 2332 5332 3791 5413">
    <p class='ocr_par' dir='ltr' id='par_1_114' title="bbox 2332 5332 3791 5413">
     <span class='ocr_line' id='line_1_114' title="bbox 2332 5332 3791 5413; baseline -0.007 -15"><span class='ocrx_word' id='word_1_765' title='bbox 2332 5343 2639 5413; x_wconf 84' lang='lat' dir='ltr'><strong>vestigium.</strong></span> <span class='ocrx_word' id='word_1_766' title='bbox 2702 5341 2811 5398; x_wconf 84' lang='lat' dir='ltr'><strong>Nec</strong></span> <span class='ocrx_word' id='word_1_767' title='bbox 2862 5358 3186 5400; x_wconf 89' lang='lat' dir='ltr'><strong>veneramur</strong></span> <span class='ocrx_word' id='word_1_768' title='bbox 3257 5345 3380 5401; x_wconf 89' lang='lat' dir='ltr'><strong>huic</strong></span> <span class='ocrx_word' id='word_1_769' title='bbox 3434 5337 3601 5398; x_wconf 85' lang='lat' dir='ltr'><strong>salutis</strong></span> <span class='ocrx_word' id='word_1_770' title='bbox 3641 5332 3791 5413; x_wconf 55' lang='lat' dir='ltr'><strong>ianua!</strong></span> 
     </span>
    </p>
   </div>
   <div class='ocr_carea' id='block_1_115' title="bbox 2333 5409 3792 5506">
    <p class='ocr_par' dir='ltr' id='par_1_115' title="bbox 2333 5409 3792 5506">
     <span class='ocr_line' id='line_1_115' title="bbox 2333 5409 3792 5506; baseline -0.003 -16"><span class='ocrx_word' id='word_1_771' title='bbox 2333 5409 2583 5506; x_wconf 74' lang='lat' dir='ltr'><strong>aperire,</strong></span> <span class='ocrx_word' id='word_1_772' title='bbox 2630 5449 2791 5504; x_wconf 88' lang='lat' dir='ltr'><strong>quam</strong></span> <span class='ocrx_word' id='word_1_773' title='bbox 2832 5451 3103 5506; x_wconf 89' lang='lat' dir='ltr'><strong>nunquam</strong></span> <span class='ocrx_word' id='word_1_774' title='bbox 3153 5437 3376 5494; x_wconf 87' lang='lat' dir='ltr'><strong>docetur</strong></span> <span class='ocrx_word' id='word_1_775' title='bbox 3416 5436 3672 5504; x_wconf 67' lang='lat' dir='ltr'><strong>ingressus.</strong></span> <span class='ocrx_word' id='word_1_776' title='bbox 3700 5409 3792 5486; x_wconf 59' lang='grc' dir='ltr'><strong>(θυοδ</strong></span> 
     </span>
    </p>
   </div>
   <div class='ocr_carea' id='block_1_116' title="bbox 2329 5517 3791 5606">
    <p class='ocr_par' dir='ltr' id='par_1_116' title="bbox 2329 5517 3791 5606">
     <span class='ocr_line' id='line_1_116' title="bbox 2329 5517 3791 5606; baseline -0.01 -22"><span class='ocrx_word' id='word_1_777' title='bbox 2329 5528 2378 5584; x_wconf 84' lang='lat' dir='ltr'><strong>si</strong></span> <span class='ocrx_word' id='word_1_778' title='bbox 2424 5529 2491 5582; x_wconf 90' lang='lat' dir='ltr'><strong>ah</strong></span> <span class='ocrx_word' id='word_1_779' title='bbox 2541 5527 2810 5583; x_wconf 65' lang='lat' dir='ltr'><strong>haereticis</strong></span> <span class='ocrx_word' id='word_1_780' title='bbox 2846 5528 3173 5598; x_wconf 85' lang='lat' dir='ltr'><strong>baptizatum</strong></span> <span class='ocrx_word' id='word_1_781' title='bbox 3219 5527 3508 5599; x_wconf 86' lang='lat' dir='ltr'><strong>quempiam</strong></span> <span class='ocrx_word' id='word_1_782' title='bbox 3549 5519 3678 5575; x_wconf 79' lang='lat' dir='ltr'><strong>fuisse</strong></span> 
     </span>
    </p>
   </div>
   <div class='ocr_carea' id='block_1_117' title="bbox 2330 5607 3789 5699">
    <p class='ocr_par' dir='ltr' id='par_1_117' title="bbox 2330 5607 3789 5699">
     <span class='ocr_line' id='line_1_117' title="bbox 2330 5607 3789 5699; baseline -0.005 -21"><span class='ocrx_word' id='word_1_783' title='bbox 2330 5621 2562 5686; x_wconf 86' lang='lat' dir='ltr'><strong>stiterit,</strong></span> <span class='ocrx_word' id='word_1_784' title='bbox 2601 5638 2727 5693; x_wconf 88' lang='lat' dir='ltr'><strong>erga</strong></span> <span class='ocrx_word' id='word_1_785' title='bbox 2783 5622 2926 5677; x_wconf 88' lang='lat' dir='ltr'><strong>hunc</strong></span> <span class='ocrx_word' id='word_1_786' title='bbox 2974 5622 3279 5680; x_wconf 88' lang='lat' dir='ltr'><strong>nullatenus</strong></span> <span class='ocrx_word' id='word_1_787' title='bbox 3316 5607 3789 5699; x_wconf 36' lang='lat' dir='ltr'><strong>sacramentum???</strong></span> 
     </span>
    </p>
   </div>
   <div class='ocr_carea' id='block_1_118' title="bbox 2330 5689 3784 5798">
    <p class='ocr_par' dir='ltr' id='par_1_118' title="bbox 2330 5689 3784 5798">
     <span class='ocr_line' id='line_1_118' title="bbox 2330 5689 3784 5798; baseline -0.008 -29"><span class='ocrx_word' id='word_1_788' title='bbox 2330 5715 2626 5769; x_wconf 87' lang='lat' dir='ltr'><strong>nerationis</strong></span> <span class='ocrx_word' id='word_1_789' title='bbox 2652 5689 2900 5778; x_wconf 74' lang='lat' dir='ltr'><strong>iterctur,</strong></span> <span class='ocrx_word' id='word_1_790' title='bbox 2941 5717 3034 5770; x_wconf 88' lang='lat' dir='ltr'><strong>sed</strong></span> <span class='ocrx_word' id='word_1_791' title='bbox 3076 5716 3177 5772; x_wconf 86' lang='lat' dir='ltr'><strong>hoc</strong></span> <span class='ocrx_word' id='word_1_792' title='bbox 3215 5725 3418 5771; x_wconf 89' lang='lat' dir='ltr'><strong>tantum</strong></span> <span class='ocrx_word' id='word_1_793' title='bbox 3443 5708 3562 5782; x_wconf 92' lang='lat' dir='ltr'><strong>quod</strong></span> <span class='ocrx_word' id='word_1_794' title='bbox 3584 5689 3784 5798; x_wconf 33' lang='lat' dir='ltr'><strong>ibi-defigi</strong></span> 
     </span>
    </p>
   </div>
   <div class='ocr_carea' id='block_1_119' title="bbox 2330 5789 3785 5884">
    <p class='ocr_par' dir='ltr' id='par_1_119' title="bbox 2330 5789 3785 5884">
     <span class='ocr_line' id='line_1_119' title="bbox 2330 5789 3785 5884; baseline 0 -20"><span class='ocrx_word' id='word_1_795' title='bbox 2330 5807 2668 5874; x_wconf 86' lang='lat' dir='ltr'><strong>conferatur,</strong></span> <span class='ocrx_word' id='word_1_796' title='bbox 2693 5816 2751 5860; x_wconf 88' lang='lat' dir='ltr'><strong>ut</strong></span> <span class='ocrx_word' id='word_1_797' title='bbox 2779 5822 2876 5878; x_wconf 88' lang='lat' dir='ltr'><strong>per</strong></span> <span class='ocrx_word' id='word_1_798' title='bbox 2900 5807 3259 5884; x_wconf 87' lang='lat' dir='ltr'><strong>episcopalem</strong></span> <span class='ocrx_word' id='word_1_799' title='bbox 3283 5821 3463 5867; x_wconf 85' lang='lat' dir='ltr'><strong>manus</strong></span> <span class='ocrx_word' id='word_1_800' title='bbox 3494 5789 3785 5880; x_wconf 56' lang='lat' dir='ltr'><strong>itntltsiii‘l‘&quot;</strong></span> 
     </span>
    </p>
   </div>
  </div>
