3974 6434
68 383 217 440 877
276 400 279 405 ·
1334 386 1821 444 DECRETALIUM
1856 388 2258 447 COLLECTIO.
3272 383 3387 443 878

74 498 385 552 Virtutem
430 496 601 553 sancti
636 496 869 567 Spiritus
915 505 1294 580 consequatur.
1331 497 1504 565 Quam
1553 514 1692 563 rem,
1725 502 1771 561 Α
1801 497 1853 553 in
1882 498 2126 571 eligendo
2149 496 2728 567 sacerdoteindicium,
2752 497 2824 553 ita
2851 496 2997 569 gravi
3026 499 3377 577 semetipsum

88 590 299 645 frater
363 589 721 654 eharissime,
782 588 904 644 ideo
965 588 1287 659 generaliter
1337 588 1405 641 ad
1463 588 1704 642 omnium
1807 588 3379 661 amcitdamno,quiadsuaedignitatiscollegiumsnblimat

82 690 369 739 vestrum
413 678 655 734 volumus
700 679 985 747 pervenire
1029 679 1300 741 notitiam,
1337 692 1404 731 ne
1431 678 1556 733 dum
1588 677 1706 747 plus
1807 684 2408 760 indignum.217Non
2423 686 2563 741 enim
2591 685 2643 741 in
2670 685 2980 755 cuiusquam
2997 697 3223 754 persona
3240 697 3377 754 pm

87 775 266 846 iusto
299 777 563 831 metuitur
597 775 969 829 misericordia
999 773 1093 828 Dei
1135 771 1331 827 salvari
1367 770 1707 840 cupientibus

98 866 447 935 denegatur.
489 864 621 920 Data
648 879 793 919 nono
825 862 1092 920 Kalendas
1138 860 1480 928 Novembris,
1511 875 1709 917 consu-

98 955 234 1013 latu
258 955 514 1012 Iuniani
553 956 799 1026 Augusti.

463 1045 623 1101 LXV.
644 1075 715 1088 --
743 1045 824 1099 Ad
864 1045 1131 1116 episcupos
1171 1043 1387 1113 African

188 1140 313 1195 Leo
341 1139 612 1196 universis
637 1140 907 1211 episcopis
931 1154 1028 1210 per
1049 1138 1285 1193 Africam
1315 1138 1626 1199 constitutis
1652 1137 1707 1193 in

100 1228 360 1286 Domino
393 1230 639 1286 salutem.

186 1317 335 1375 Cum
381 1318 432 1373 in
476 1317 902 1374 ordinationibus
929 1319 1268 1374 sacerdotum
1296 1318 1541 1389 quaedam
1567 1317 1710 1388 apud

104 1425 221 1467 vos
258 1409 453 1466 illicite
496 1417 750 1482 usurpata
787 1411 1035 1469 crebrior
1081 1409 1229 1466 fama
1260 1418 1530 1479 narraret,
1570 1410 1710 1465 ratio

104 1507 350 1576 pietatis
374 1507 575 1576 exegit,
614 1514 675 1561 ut
701 1521 799 1576 pro
845 1505 1208 1561 sollicitudine
1242 1521 1405 1575 quam
1444 1504 1711 1560 universa

106 1596 392 1653 Ecclesiae
419 1612 486 1652 ex
531 1596 713 1679 divina
757 1597 1095 1665 institutione
1129 1596 1497 1667 dependimus,
1528 1609 1723 1661 rerum

110 1687 296 1745 ﬁdem
346 1688 688 1744 studeremus
740 1702 1057 1758 agnoscere,
1100 1688 1274 1743 vicem
1320 1703 1464 1743 cura:
1512 1695 1712 1742 nostra

106 1779 495 1849 proﬁciscenti
528 1795 559 1836 a
599 1780 756 1839 nobis
786 1780 941 1837 fratri
989 1788 1046 1835 et
1095 1779 1472 1837 consacerdoti
1526 1787 1712 1835 nostro

1808 776 2207 832 termittendum
2239 785 2321 832 est
2339 775 2479 846 quod
2502 770 2764 832 institutis
2791 775 3129 846 generalibus
3142 773 3383 830 contine-

1806 876 1914 933 tur,
1939 883 2041 923 nec
2074 869 2343 939 putandus
2365 875 2448 923 est
2485 870 2661 925 honor
2695 867 2782 923 ille
2809 867 3080 939 legitimus
3102 866 3190 937 qui
3218 848 3383 922 fuerit
3458 882 3461 889 '

1806 958 1874 1015 de
1899 960 2341 1030 praevaricatione
2375 959 2634 1025 collatus,
2674 958 2886 1014 dicente
2910 956 3051 1012 enim
3080 954 3377 1027 Apostolo:

1809 1050 1880 1108 Ut
1927 1053 2068 1107 inter
2109 1052 2392 1108 electionis
2417 1051 2647 1121 regulas,
2676 1052 2724 1106 is
2765 1050 3051 1120 episcopus
3076 1047 3379 1114 ordinetur,

1808 1157 1969 1214 quem
1996 1161 2017 1195 ι
2047 1143 2209 1199 unius
2238 1142 2425 1197 uxoris
2466 1142 2640 1196 virum
2681 1139 2734 1212 (1
2768 1139 2903 1194 Tim.
2937 1154 3022 1203 ιιι,
3048 1138 3104 1207 2)
3138 1157 3157 1190 ι
3194 1136 3380 1200 fuisse,

1811 1244 1901 1315 aut
1929 1250 2051 1292 esse
2087 1236 2411 1315 constiterit.
2445 1235 2578 1290 Tam
2625 1250 2781 1290 sacra
2825 1247 3038 1305 semper
3085 1230 3266 1287 habita
3298 1234 3384 1287 est

1810 1312 1911 1385 ieta
1940 1312 2252 1400 praeceptio,
2290 1337 2350 1384 nt
2377 1326 2544 1383 etiam
2588 1326 2656 1384 de
2686 1324 2913 1381 muliere
2956 1322 3256 1378 sacerdotis
3285 1320 3385 1376 eli-

1811 1421 1971 1492 gendi
1991 1420 2177 1476 eadem
2201 1418 2530 1491 intelligatur
2559 1416 2823 1473 servanda
2858 1413 3117 1478 conditio,
3147 1426 3215 1468 ne
3243 1412 3385 1466 forte

1812 1513 1899 1568 illa
1944 1514 2258 1583 priusquam
2306 1512 2359 1566 in
2415 1508 2818 1571 matrimonium
2873 1504 2991 1575 eius
3038 1504 3247 1560 veniret
3291 1501 3389 1573 qui

1812 1606 1971 1662 aliam
2024 1622 2130 1661 non
2185 1604 2463 1660 habuisset
2512 1617 2776 1668 uxorem,
2815 1601 3041 1655 alterius
3094 1597 3199 1653 viri
3241 1603 3397 1653 esset

1813 1706 2037 1770 experta
2084 1698 2412 1769 coniugium.
2453 1697 2586 1765 Quis
2630 1710 2759 1767 ergo
2806 1691 3151 1749 dissimulare
3189 1691 3388 1746 audeat

1815 1790 1956 1859 quod
2003 1788 2057 1843 in
2098 1790 2232 1843 tanti
2294 1787 2618 1844 sacramenti
2675 1794 3022 1858 perpetratur
3092 1781 3392 1854 iniuriam?

111 1871 383 1929 Potentio
429 1871 773 1943 iniungentes
801 1911 817 1937 ,
864 1871 958 1942 qui
1000 1872 1294 1933 secundum
1343 1871 1545 1941 scripta
1591 1884 1711 1939 quae

1826 1858 1945 1937 Cum
1993 1881 2118 1937 huic
2158 1895 2354 1951 magno
2386 1882 2805 1948 venerandoque
2846 1877 3106 1949 mysterio
3137 1889 3205 1931 ne
3255 1872 3390 1944 legis

111 1978 227 2033 per
260 1964 436 2034 ipsum
466 1964 549 2019 ad-
574 1978 671 2045 vos
707 1964 1006 2019 direximus
1040 1963 1108 2019 de
1135 1963 1435 2034 episcopis,
1480 1977 1711 2035 quorum

114 2055 416 2125 culpabilis
463 2054 739 2121 ferebatur
794 2054 1008 2121 electio,
1059 2053 1202 2124 quod
1240 2054 1444 2113 veritas
1493 2051 1716 2121 haberet

119 2145 458 2218 inquireret,
487 2147 748 2217 nobisque
766 2146 947 2207 omnia
976 2146 1210 2201 ﬁdeliter
1240 2146 1525 2217 indicaret.
1563 2143 1719 2209 Unde

119 2237 261 2307 quia
320 2236 464 2293 idem
517 2237 834 2308 plenissime
894 2237 1099 2293 noritis:
1143 2246 1343 2305 nostrae
1392 2244 1588 2297 cuncta
1628 2250 1715 2293 re-

122 2328 361 2400 seravit,
402 2338 463 2389 et
491 2331 590 2385 sub
624 2330 820 2401 quibus
849 2328 1207 2399 qualibusque
1239 2328 1542 2399 rectoribus
1569 2343 1716 2399 quat-

125 2420 261 2485 dam
291 2420 491 2489 Christi
521 2421 703 2491 plebes
728 2422 782 2475 in
822 2421 1071 2491 partibus
1096 2419 1385 2489 provinciae
1412 2418 1715 2477 Cazsarieu-

126 2515 213 2571 sis
265 2515 551 2583 habeatur,
601 2514 816 2579 sincera
879 2514 1036 2571 nobis
1096 2512 1361 2569 relatione
1418 2509 1675 2582 patefecit
1698 2549 1714 2575 ,

129 2606 506 2673 necessarium
535 2603 641 2663 fuit
672 2615 730 2660 ut
756 2604 998 2661 dolorem
1029 2603 1215 2659 cordis
1243 2602 1414 2658 nostri
1458 2617 1566 2673 quo
1608 2586 1719 2673 'pro

130 2695 539 2757 Dominicorum
573 2710 794 2768 gregum
840 2694 1094 2767 periculis
1126 2703 1437 2760 aestuamus,
1467 2692 1610 2751 datis
1651 2692 1719 2753 ad

134 2802 235 2855 vos
262 2786 459 2855 litteris
498 2803 890 2859 promeremus.
917 2787 1177 2845 Mirantes
1204 2795 1412 2845 tantum
1452 2786 1592 2857 apud
1623 2800 1720 2849 vos

134 2894 232 2949 per
263 2880 611 2936 occasionem
648 2881 905 2951 temporis
936 2880 1189 2952 impacati
1220 2888 1314 2935 aut
1363 2878 1720 2943 ambientimu

136 2974 636 3043 praesumptionem,
668 2982 765 3029 aut
797 2973 1086 3033 tumultum
1110 2972 1347 3029 valuisse
1374 2970 1715 3042 popularem,

136 3074 197 3127 ιιι
245 3065 482 3138 indignis
514 3066 842 3138 quibusque,
866 3075 925 3125 et
970 3065 1126 3137 longe
1173 3075 1332 3125 extra
1384 3062 1721 3121 sacerdotale

137 3158 394 3221 meritum
424 3158 731 3214 constitutis
769 3157 1041 3229 pastorale
1085 3156 1388 3228 fastigium,
1424 3164 1479 3211 et
1517 3155 1719 3226 guber-

1814 1972 2031 2043 quidem
2078 1980 2281 2027 statuta
2310 1970 2602 2035 defuerint,
2629 1970 2826 2040 quibus
2859 1962 3138 2024 evidenter
3169 1973 3254 2020 est
3293 1958 3389 2020 de-

1818 2065 2050 2131 ﬁnitum,
2080 2075 2141 2120 ut
2184 2066 2448 2136 virginem
2494 2066 2747 2120 sacerdos
2788 2062 3017 2131 accipiat
3050 2066 3105 2116 et
3155 2058 3382 2115 alterius

1818 2166 1992 2212 torum
2025 2157 2231 2211 nesciat
2268 2154 2515 2227 conjugis
2545 2170 2664 2226 qua:
2693 2168 2831 2209 uxor
2855 2160 2940 2208 est
2964 2151 3142 2206 futura
3172 2147 3393 2221 poetili-

1816 2247 1941 2302 cis?
1985 2246 2105 2302 iam
2158 2255 2283 2301 tunc
2336 2248 2479 2302 enim
2520 2246 2573 2300 in
2628 2243 2999 2301 sacerdotibus
3051 2240 3390 2313 ligurabatur

1815 2337 2015 2394 Christi
2037 2345 2089 2392 et
2113 2337 2369 2393 Ecclesiae
2390 2336 2669 2407 spirituale
2696 2334 3026 2407 coniugium,
3055 2340 3116 2391 ut
3137 2330 3393 2402 quoniam

1816 2430 1902 2483 vir
1949 2434 2111 2498 caput
2161 2436 2247 2483 est
2294 2427 2557 2493 mulieris,
2610 2428 2785 2483 discat
2840 2438 3038 2496 sponsa
3068 2422 3229 2479 Verbi
3282 2435 3394 2483 non

1818 2522 1981 2578 alium
2018 2522 2194 2577 virum
2226 2535 2385 2577 nosse
2410 2520 2719 2587 Christum,
2760 2520 2851 2591 qui
2880 2533 3001 2574 eam
3024 2532 3189 2573 unam
3230 2529 3394 2587 quam

1817 2615 1966 2687 legit,
2002 2630 2166 2670 unam
2194 2615 2386 2686 diligit,
2417 2623 2471 2671 et
2523 2614 2681 2670 aliam
2712 2620 2912 2684 praeter
2932 2613 3105 2684 ipsum
3135 2623 3234 2665 suo
3258 2621 3393 2665 eon-

1819 2708 1990 2764 sortio
2018 2723 2124 2763 non
2153 2707 2414 2779 adiungit.
2457 2706 2516 2763 Si
2543 2721 2672 2778 ergo
2699 2707 2863 2762 etiam
2903 2705 2958 2760 in
2985 2703 3168 2760 Veteri
3204 2701 3397 2759 Testa—

1820 2806 2009 2854 mento
2038 2799 2155 2854 haec
2194 2797 2611 2865 sacerdotalium
2638 2796 3009 2868 coniugiorum
3058 2793 3233 2850 forma
3279 2806 3396 2847 ser-

1819 2896 1941 2944 vata
1968 2896 2074 2954 est,
2096 2898 2300 2959 quanto
2328 2889 2499 2960 magis
2539 2888 2641 2944 sub
2671 2887 2904 2943 revelata
2924 2886 3039 2956 iam
3067 2884 3239 2957 gratia
3264 2890 3394 2949 con-é

1822 2980 1995 3036 stitnti
2038 2978 2351 3049 apostolicis
2393 2980 2653 3036 debemus
2704 2979 2913 3034 servire
2956 2974 3278 3047 praeceptis,
3337 2978 3405 3029 ut

1828 3070 2235 3141 quomodolibet
2269 3070 2555 3140 quisbonis
2566 3070 2810 3129 moribus
2833 3068 3109 3140 praeditus,
3134 3062 3409 3123 etsauctis

1822 3165 2078 3236 operibus
2110 3164 2416 3221 inveniatur
2459 3172 2705 3229 ornatus,
2735 3177 3075 3234 nequaquam
3111 3168 3288 3215 tamen
3315 3156 3403 3214 vel

136 3252 291 3309 natio
335 3252 600 3310 Ecclesia:
635 3254 971 3311 crederetur.
1000 3253 1116 3309 Non
1148 3260 1234 3309 est
1284 3252 1388 3310 hoc
1436 3250 1718 3317 consulere
1745 3232 1789 3296 C
1823 3232 1891 3313 ad
1936 3258 2169 3315 diaconii
2205 3257 2454 3328 gradum,
2512 3256 2597 3313 vel
2630 3257 2699 3312 ad
2746 3232 3069 3327 presbyterii
3113 3253 3398 3315 honorem.

130 3345 372 3419 populis,
413 3347 507 3403 sed
540 3361 757 3413 nocere,
787 3360 886 3404 nec
914 3355 1174 3418 praestare
1216 3346 1478 3416 regimen,
1501 3345 1596 3401 sed
1620 3359 1717 3401 au-

133 3438 600 3512 gerediscrimen.
640 3440 929 3512 Integritas
965 3440 1112 3497 enim
1144 3436 1551 3511 praesidentium
1574 3435 1719 3505 salus

134 3541 224 3595 est
264 3532 601 3589 subditorum
650 3542 705 3589 et
739 3534 827 3591 ubi
859 3542 942 3590 est
979 3532 1327 3589 incolumitas
1377 3530 1718 3596 obedientiae,

137 3626 218 3683 ibi
274 3640 409 3681 sana
450 3634 536 3681 est
582 3625 754 3683 forma
808 3626 1090 3682 doctrinae.
1141 3624 1487 3694 Principatus
1537 3631 1723 3683 autem

137 3733 305 3790 quem
335 3726 433 3773 aut
476 3719 673 3775 seditio
709 3718 958 3783 extorsit,
999 3725 1095 3772 aut
1139 3717 1377 3775 ambitus
1415 3713 1720 3784 occupavit,

141 3811 309 3867 etiam
333 3811 382 3866 si
411 3810 654 3868 moribus
681 3819 841 3881 atque
884 3810 1090 3866 actibus
1126 3823 1235 3865 non
1276 3806 1520 3871 ollendit,
1553 3804 1724 3876 ipsius

141 3912 328 3963 tamen
358 3904 498 3959 initii
549 3904 632 3961 sui
670 3911 754 3960 est
806 3902 1140 3973 perniciosus
1185 3899 1452 3971 exemplo,
1492 3907 1546 3954 et
1590 3894 1726 3953 ditii-

143 3994 253 4051 cile
280 4001 381 4058 est,
410 4002 468 4049 ut
494 3993 635 4050 bono
663 4001 988 4065 peragantur
1032 3976 1203 4059 exitu,
1230 4007 1352 4061 qum
1406 3990 1546 4045 malo
1595 3995 1727 4068 supt

146 4086 401 4155 inclinata
431 4068 717 4157 principio.
751 4084 902 4151 Quod
948 4083 994 4139 si
1038 4084 1090 4137 in
1120 4082 1445 4153 quibuslibet
1472 4079 1727 4137 Ecclesia:

147 4175 407 4248 gradibus
438 4176 782 4247 providenter
812 4174 1156 4244 scienterque
1206 4170 1506 4227 curandum
1537 4177 1639 4235 est,
1670 4176 1731 4223 ut

152 4266 209 4321 in
259 4265 467 4321 Domini
515 4265 672 4319 domo
719 4263 851 4319 nihil
902 4264 973 4318 sit
1029 4262 1430 4326 inordinatum,
1484 4260 1727 4329 nihilque

152 4364 547 4429 prmposterum
578 4363 783 4426 quanto
816 4354 988 4425 magis
1027 4353 1415 4411 elaborandum
1445 4358 1549 4416 est,
1583 4357 1644 4405 ut
1674 4350 1730 4405 in

155 4448 417 4505 electione
438 4447 556 4517 ejus
585 4448 676 4517 qui
703 4462 865 4518 super
898 4462 1087 4502 omnes
1115 4446 1315 4517 gradus
1357 4442 1727 4508 constituitur,

157 4556 265 4596 non
301 4541 546 4597 erretur?
588 4538 720 4595 Nam
768 4540 932 4594 totius
980 4537 1197 4594 fainilire
1234 4537 1445 4592 Domini
1477 4544 1648 4592 status
1676 4540 1733 4590 et

156 4631 288 4687 ordo
310 4630 543 4695 nutabit,
572 4630 617 4685 si
656 4630 799 4699 quod
828 4630 1074 4700 sequitur
1098 4630 1151 4683 in
1178 4643 1405 4698 corpore
1436 4642 1543 4681 non
1581 4626 1732 4681 inve-

157 4723 339 4779 niatur
379 4722 434 4779 iu
484 4722 680 4793 capite.
728 4721 829 4777 Ubi
856 4731 941 4776 est
972 4721 1115 4776 beati
1155 4719 1309 4774 Pauli
1363 4718 1593 4790 apostoli
1636 4733 1733 4788 per

159 4815 406 4885 spiritum
463 4814 558 4870 Dei
613 4813 809 4870 emissa
866 4810 1198 4884 praeceptio,
1239 4828 1344 4882 qua
1392 4812 1442 4866 in
1501 4825 1732 4882 persona

164 4907 429 4965 Timothei
491 4909 733 4965 omnium
802 4905 1148 4963 sacerdotum
1207 4904 1409 4961 Christi
1477 4917 1735 4961 numerus

163 5000 407 5057 eruditur
431 5040 447 5066 ,
478 5009 533 5056 et
570 5001 793 5072 perinde
843 5000 1132 5069 unicuique
1189 5008 1434 5055 nostrum
1490 4997 1687 5052 dicitur
1717 5014 1730 5050 :

171 5113 192 5148 ι
222 5093 410 5151 Manus
431 5096 539 5150 cito
566 5095 767 5151 nemini
801 5094 1140 5163 imposueris,
1170 5106 1345 5162 neque
1368 5090 1735 5146 communica-

165 5186 309 5242 veris
350 5187 587 5257 peccatis
621 5185 851 5241 alienis?
883 5204 901 5236 ι
944 5184 993 5256 (1
1027 5184 1161 5238 Tim.
1209 5199 1264 5247 ν,
1312 5181 1429 5252 22.)
1469 5180 1608 5251 Quid
1654 5188 1739 5249 est

169 5277 277 5333 cito
303 5292 495 5333 manus
519 5277 813 5348 imponere,
854 5277 957 5331 nisi
989 5284 1114 5330 ante
1135 5283 1351 5333 aetatem
1384 5274 1734 5338 maturitatis,

172 5379 297 5426 ante
336 5378 546 5440 tempus
576 5367 861 5433 examinis,
892 5378 1017 5422 ante
1062 5367 1317 5425 meritum
1357 5365 1577 5431 laboris,
1611 5376 1736 5420 ante

174 5462 556 5532 experientiam
585 5460 901 5528 disciplinae,
930 5458 1318 5515 sacerdotalem
1350 5459 1626 5513 honorem
1644 5458 1740 5513 tri-

176 5558 339 5614 buere
373 5571 483 5611 non
520 5554 793 5626 probatis?
816 5562 871 5608 et
890 5553 1019 5622 quid
1067 5561 1151 5606 est
1180 5552 1585 5606 communicare
1610 5565 1749 5621 pec-_

177 5652 313 5708 catis
368 5649 587 5711 alienis.
643 5648 744 5718 nisi
800 5647 963 5701 talem
1007 5642 1143 5700 edici
1188 5646 1535 5700 ordinantem
1572 5643 1747 5713 qualis

178 5746 264 5802 ille
296 5755 379 5801 est
424 5746 512 5814 qui
557 5757 663 5797 non
720 5739 917 5795 meruit
952 5738 1229 5792 ordinari?
1267 5735 1420 5793 Sicut
1448 5736 1592 5792 enim
1621 5734 1749 5797 boni

178 5839 358 5919 operis
393 5836 496 5902 sibi
526 5838 807 5909 connparat
837 5829 1072 5886 fructum
1093 5869 1108 5899 ,
1148 5829 1477 5917 quirectum
1510 5836 1751 5886 sectatur

1819 3348 1907 3405 vel
1937 3349 2003 3409 ad
2032 3348 2392 3418 episcopatus
2436 3347 2655 3407 culmen
2681 3347 2962 3411 ascendat,
3007 3344 3052 3400 si
3083 3351 3185 3403 aut
3226 3342 3411 3412 ipsum.

1820 3456 1927 3501 non
1957 3440 2114 3501 unius
2139 3440 2327 3497 uxoris
2350 3440 2545 3505 virum,
2582 3447 2679 3494 aut
2703 3452 2926 3497 uxorem
2955 3437 3075 3508 eius
3101 3448 3207 3497 non
3241 3433 3404 3493 unius

1824 3532 1925 3587 viri
1969 3530 2135 3593 fuisse
2182 3531 2461 3599 claruerit,
2511 3537 2761 3591 monente
2790 3542 2921 3583 vero
2955 3524 3217 3597 Apostolo
3241 3529 3404 3593 atque

1822 3621 2075 3680 dicente:
2108 3642 2126 3675 ι
2156 3623 2223 3679 Et
2255 3623 2306 3677 hi
2337 3631 2428 3677 aut
2453 3618 2749 3692 probentur
2770 3620 3024 3691 primum,
3046 3626 3103 3675 et
3127 3617 3206 3677 sic
3242 3614 3407 3677 mini-

1824 3723 1996 3771 strent
2021 3714 2072 3786 (I
2107 3713 2240 3769 Tim.
2273 3729 2357 3778 Ill,
2384 3711 2494 3783 10).
2525 3730 2546 3763 ι

1896 3806 2035 3874 Quid
2064 3806 2208 3862 aliud
2238 3805 2644 3877 intelligendum
2693 3813 2968 3874 putemus.
3015 3800 3121 3863 nisi
3150 3808 3211 3854 ut
3238 3798 3293 3859 in
3318 3797 3413 3863 hit

1825 3899 2260 3972 provectionibus
2280 3913 2387 3957 non
2414 3897 2587 3959 solum
2617 3895 3080 3957 matrimoniorum
3104 3889 3402 3963 privilegia.

1830 3996 1923 4053 sed
1981 3995 2143 4053 etiam
2190 3994 2435 4051 laborum
2484 3992 2677 4051 merita
2731 3990 3064 4061 cogitemus.
3115 4001 3183 4054 ne
3226 3993 3335 4054 aut.
3369 4000 3415 4051 ιι,

1828 4085 2094 4157 baptismo
2132 4084 2377 4149 rudibus,
2425 4091 2518 4139 aut
2549 4098 2579 4138 a
2608 4081 2857 4140 saeculari
2885 4087 3007 4137 actu
3037 4085 3257 4148 repentp
3278 4090 3411 4143 con,-

1830 4181 2003 4237 versis
2031 4177 2262 4235 cilicium
2301 4175 2569 4248 pastorale
2616 4176 2892 4240 credatur,
2937 4188 3059 4243 cum
3085 4170 3418 4243 ompisgraq

1831 4274 1930 4333 dus
1956 4270 2161 4329 militia:
2207 4269 2527 4337 Christianae
2570 4268 2637 4323 de
2676 4265 3025 4333 incrementis
3070 4262 3421 4336 profectum:l

1832 4365 2026 4429 debeat
2072 4362 2353 4427 aestimari,
2389 4376 2458 4415 an
2489 4359 2696 4430 possint
2724 4359 2976 4428 cuiquam
3011 4355 3227 4427 maipra
3260 4367 3415 4425 eum:

1832 4458 2020 4513 mitti?
2056 4456 2249 4512 Merito
2281 4461 2594 4511 sanctorum
2631 4452 2848 4506 Patrum
2904 4446 3244 4519 venerabiles
3285 4458 3413 4513 san:

1835 4549 2043 4606 ctiones
2087 4562 2209 4603 cum
2250 4546 2317 4605 de
2369 4544 2709 4601 sacerdotum
2746 4541 3012 4609 electione
3064 4537 3414 4611 loqui;un

1835 4654 1929 4696 eos
1963 4639 2189 4699 demum,
2227 4634 2447 4699 idoneos
2484 4634 2654 4691 sacris
2697 4626 3256 4689 administrationibus
3283 4638 3413 4691 seu:

1835 4745 2009 4794 suere,
2072 4743 2303 4800 quorum
2356 4727 2534 4782 omnis
2587 4734 2718 4783 atlas
2767 4738 2801 4777 a
2838 4720 3134 4791 puerilibus
3174 4714 3425 4793 exul-dim

1835 4836 2006 4892 usque
2027 4821 2094 4876 ad
2116 4819 2480 4891 provectiores
2501 4832 2672 4875 annos
2701 4828 2795 4887 per
2827 4812 3124 4887 disciplina:
3162 4807 3425 4885 ecclesiae,

1835 4912 1985 4968 stica:
2016 4910 2279 4982 stipendia
2323 4908 2683 4971 cucurrisset,
2728 4913 2789 4960 ut
2834 4900 3122 4971 unicuique
3174 4898 3415 4965 testimqr

1837 5005 1986 5066 nium
2013 5004 2162 5074 prior
2190 5002 2299 5056 vita
2345 5000 2647 5070 praeberet,
2702 5011 2804 5059 nec
2830 5002 3015 5067 posset
3045 4991 3109 5047 de
3150 4990 3266 5060 eius
3290 5002 3415 5065 pro—

1839 5096 2087 5157 vectiouc
2137 5092 2391 5158 dubitari,
2451 5092 2535 5148 cui
2581 5105 2679 5160 pro
2730 5086 3006 5161 lpborihus
3060 5082 3281 5151 multis,
3318 5096 3416 5161 pro

1841 5190 2083 5247 moribus
2120 5187 2304 5256 castis,
2352 5200 2450 5256 pro
2494 5184 2704 5239 aetibus
2749 5179 2983 5249 strenuis
3022 5177 3275 5247 celsioris.
3311 5172 3425 5251 loci.

1840 5280 2120 5352 praemium
2162 5279 2468 5335 deberetur.
2519 5275 2577 5331 Si
2622 5273 2767 5335 enim
2817 5271 2884 5327 ad
2922 5271 3185 5326 honorem
3230 5262 3427 5345 mundi

1843 5375 1959 5431 sine
1983 5371 2236 5442 sullragio
2258 5368 2532 5439 temporis,
2558 5367 2674 5422 sine
2702 5364 2901 5421 merito.
2914 5362 3114 5419 laboris
3140 5359 3419 5435 indignum

1842 5471 1929 5520 est
1958 5461 2259 5532 pervenire,
2303 5468 2356 5514 et
2383 5458 2554 5514 notari
2583 5456 2819 5511 ambitus
2848 5453 3041 5516 solent,
3068 5466 3202 5521 quos
3236 5446 3418 5521 probi-

1845 5553 1974 5623 tatis
2020 5552 2342 5609 documenta
2396 5563 2503 5603 non
2548 5546 2820 5617 adiuvant.
2865 5558 3028 5615 quam
3072 5539 3323 5611 diligens.
3363 5542 3420 5607 et

1849 5660 2011 5717 quam
2044 5642 2282 5713 prudens
2330 5639 2572 5694 habenda
2612 5645 2697 5693 est
2742 5633 3070 5707 dispensatio
3116 5630 3433 5711 divinome

1850 5750 2153 5800 munerum,
2195 5741 2251 5788 et
2290 5730 2590 5787 caelestium
2638 5728 2990 5800 dignitatum,
3033 5738 3098 5778 ne
3138 5722 3193 5777 in
3236 5718 3439 5803 aliquo‘

1852 5826 2167 5902 apostolica,
2224 5833 2280 5882 et
2324 5822 2582 5881 canonica
2631 5823 2856 5899 decreta
2891 5816 3199 5885 violentur,
3246 5819 3298 5877 et
