3974 6436
586 338 694 404 879

1363 345 1653 404 APPEND.
1689 348 1780 404 AD
1811 345 1986 406 SIEC.
2027 346 2119 403 ιχ.
2151 375 2223 389 -
2256 344 2512 424 18100111
2549 349 2994 419 MERCATORIS

3731 384 3805 445 880

587 463 835 523 Ecclesia
886 462 1101 522 Domini
1131 464 1367 538 regenda
1396 467 1650 522 credatur
1692 467 1784 538 qui
1815 466 2176 538 legitimarum
2206 467 2258 529 Α
2283 469 2494 528 ratione
2521 477 2762 544 concedi,
2807 479 2890 536 fas
2917 480 3026 538 erit
3067 483 3297 556 amplius
3337 484 3556 560 impune
3579 497 3803 558 committi.

589 557 994 613 institutionum
1055 557 1243 620 nescii,
1311 566 1367 613 et
1421 557 1587 614 totius
1630 559 1956 616 humilitatis
1999 561 2174 632 ignari

587 663 700 704 non
730 649 798 705 ab
841 648 1040 704 inﬁmis
1071 663 1284 704 sumere
1315 648 1730 715 incrementum,
1759 651 1853 707 sed
1889 666 1920 706 a
1950 653 2177 708 summis

589 739 784 795 volunt
831 739 1034 795 habere
1072 740 1445 811 principium?
1491 755 1614 796 cum
1654 741 1810 798 valde
1837 741 2080 814 iniquum
2107 746 2178 800 sit

589 841 649 890 et
682 832 975 889 absurdum
1025 843 1085 890 ut
1141 832 1375 904 imperiti
1411 834 1722 907 magistris,
1762 837 1886 892 novi
1915 838 2174 909 antiquis,

588 933 648 981 et
679 926 842 982 rudes
888 925 1249 996 praeferantur
1293 928 1558 986 emeritis.
1611 947 1630 981 ι
1665 929 1723 986 In
1756 930 1914 986 domo
1955 931 2174 1002 quidem

588 1031 788 1089 magna
819 1033 1043 1083 necesse
1064 1027 1166 1084 est,
1198 1019 1340 1074 sicut
1368 1019 1658 1091 Apostolus
1679 1021 1776 1087 ait,
1799 1037 1928 1078 vasa
1959 1023 2176 1080 diversa

590 1108 722 1175 sint,
751 1108 996 1178 quaedam
1021 1125 1206 1176 aurea,
1235 1119 1514 1183 argentea,
1555 1114 1801 1184 quaedam
1829 1129 1957 1171 vero
1997 1116 2177 1188 lignea

590 1208 647 1258 et
673 1199 855 1255 ﬁctilia
880 1200 965 1271 (II
999 1201 1131 1255 Tim.
1156 1218 1220 1268 ιι,
1243 1203 1354 1274 20),
1389 1223 1408 1256 ι
1461 1205 1554 1260 sed
1583 1205 1776 1260 horum
1813 1207 2174 1264 ministerium

585 1304 688 1362 pro
712 1292 954 1346 materiae
999 1293 1260 1362 qualitate
1288 1295 1644 1363 discernitur,
1685 1313 1785 1354 nec
1808 1299 1900 1369 qui
1928 1309 2012 1355 est
2049 1315 2174 1371 pre-

591 1387 881 1453 tiosorum,
920 1387 1064 1443 idem
1119 1404 1247 1446 usus
1289 1398 1372 1446 cst
1426 1391 1638 1447 vilium:
1686 1391 1822 1448 Nam
1870 1393 2176 1450 inordinata

590 1486 721 1534 sunt
758 1481 938 1535 omnia
969 1481 1013 1536 si
1047 1481 1229 1538 ﬁctilia
1259 1484 1470 1550 aureis,
1517 1495 1573 1540 et
1597 1486 1772 1558 lignea
1819 1488 2178 1558 praeferantur

591 1571 886 1642 argenteis.
920 1570 1073 1629 Sicut
1099 1584 1278 1630 autem
1327 1577 1380 1630 in
1409 1576 1598 1648 ligneis
1623 1588 1679 1634 et
1707 1578 1962 1636 ﬁctilibus
1987 1595 2174 1637 eorum

588 1662 834 1718 omnium
865 1665 1076 1734 species
1102 1664 1384 1736 ﬁguratur,
1419 1668 1512 1739 qui
1547 1668 1713 1727 nullis
1754 1671 1929 1727 adhuc
1961 1671 2178 1729 virtuti-

587 1753 695 1812 bus
721 1755 913 1823 nitent,
965 1757 1038 1812 ita
1071 1758 1122 1813 in
1149 1759 1332 1845 aureis
1352 1768 1407 1816 et
1433 1762 1724 1831 argenteis,
1762 1763 1819 1818 hi
1862 1764 1979 1820 sine
2011 1767 2175 1823 dubio

589 1845 962 1916 declarantur,
1010 1850 1101 1920 qui
1145 1866 1244 1921 per
1270 1850 1488 1922 longum
1525 1855 1849 1912 eruditionis
1896 1858 2097 1929 ignem,
2122 1868 2177 1915 et
2205 1853 2252 1915 Β

585 1956 688 2013 per
713 1943 990 2001 fornacem
1033 1947 1274 2003 diuturni
1315 1949 1518 2006 laboris
1551 1953 1783 2019 excocti,
1814 1969 2006 2010 aurum
2054 1972 2180 2027 pro-

587 2033 778 2090 batum
803 2043 860 2091 et
897 2044 1181 2108 argentum
1226 2053 1422 2110 purum
1452 2055 1572 2098 esse
1598 2057 1867 2100 meruere.
1897 2040 2104 2113 Quibus
2133 2049 2178 2104 si

586 2141 804 2183 merces
833 2143 932 2198 pro
960 2128 1245 2184 devotione
1273 2146 1380 2186 non
1415 2133 1678 2200 redditur,
1723 2136 1904 2191 omnis
1931 2137 2182 2193 ecclesia.

587 2219 728 2276 stica
759 2220 1041 2292 disciplina
1072 2223 1379 2291 resolvitur,
1396 2227 1573 2283 omnis
1595 2227 1728 2284 ordo
1761 2229 2026 2296 turbatur,
2053 2232 2180 2287 dum

588 2310 646 2366 in
670 2312 936 2383 Ecclesia,
963 2316 1054 2387 qui
1077 2317 1285 2372 nullum
1303 2318 1520 2376 subiere
1539 2321 1903 2378 ministerium
1926 2339 2182 2396 perverso

591 2403 907 2476 eligentium
944 2405 1150 2477 judicio
1203 2409 1444 2466 debitum
1497 2412 1745 2469 obtinent
1790 2415 2175 2487 principatum.

588 2495 725 2554 Cum
772 2513 902 2572 ergo
947 2499 1091 2556 inter
1135 2517 1233 2560 vos
1262 2511 1473 2560 tantum
1517 2505 1820 2574 valuerint,
1868 2517 1963 2564 aut
2004 2509 2180 2565 studia

588 2593 953 2664 popularium,
986 2597 1336 2654 autambitus
1367 2600 1743 2670 superborum,
1781 2610 1843 2657 ut
1871 2618 1980 2659 non
2006 2603 2178 2660 solum

587 2685 785 2754 laicos,
836 2690 932 2746 sed
975 2690 1138 2746 etiam
1189 2695 1551 2750 secundarum
1580 2711 1811 2752 uxorum
1854 2696 2033 2762 viros,
2089 2704 2183 2752 aut

589 2778 880 2836 viduarum
921 2783 1149 2840 maritos
1193 2785 1261 2840 ad
1297 2786 1530 2844 oflicium
1565 2805 1955 2861 cognoscamus
1992 2798 2182 2860 pasto-

587 2870 705 2927 rale
735 2881 1049 2944 provectos,
1103 2891 1283 2933 nonne
1311 2877 1588 2948 aptissime
1627 2879 1850 2953 exigunt
1890 2895 2087 2948 causae,
2123 2888 2186 2936 ut

587 2962 836 3021 ecclesiae
863 2965 916 3020 in
940 2968 1138 3037 quibus
1179 2969 1283 3025 ista
1309 2971 1598 3028 commissa
1627 2984 1775 3038 sunt,
1796 2973 2000 3043 judicio
2029 2989 2182 3032 seve-

587 3054 738 3110 riore
765 3066 1086 3129 purgentur,
1117 3070 1172 3117 et
1197 3077 1304 3119 non
1335 3063 1511 3120 solum
1541 3065 1596 3121 in
1616 3066 1750 3124 tales
1770 3068 2051 3140 praesules,
2087 3071 2184 3127 sed

589 3146 756 3203 etiam
787 3149 844 3206 iu
891 3151 1233 3211 ordinatores
1260 3171 1449 3211 eorum
1486 3158 1622 3214 ultio
1663 3169 1976 3232 competens
2000 3164 2184 3234 profe-

2195 624 2227 661 ’
2283 567 2552 624 Donatum
2583 581 2758 629 autem
2787 574 3177 638 Salicinensem
3198 598 3265 640 ex
3302 583 3600 646 Novatiano
3620 606 3804 652 cumse:

2281 663 2365 729 (ut
2416 664 2804 736 comperimus)
2861 668 3018 739 plebe
3065 685 3415 743 conversum,
3467 678 3540 734 ita
3583 681 3805 746 Dominico

2278 751 2528 809 volumus
2577 757 2724 828 gregi
2772 761 3081 830 praesidere,
3131 775 3192 821 ut
3222 765 3468 824 libellum
3502 771 3614 828 ﬁdei
3651 791 3740 834 sua
3759 782 3805 836 ad

2279 861 2382 902 nos
2443 849 2755 906 meminerit
2820 853 3200 925 dirigendum,
3257 861 3407 930 quod
3471 871 3525 918 et
3584 862 3804 926 Novatiani

2280 939 2548 1010 dogmatis
2575 942 2794 998 damnet
2823 958 3064 1002 errorem
3111 956 3165 1004 et
3191 949 3509 1020 plenissime
3549 955 3805 1014 confiteatur

2280 1032 2606 1089 catholicam
2661 1035 2967 1092 veritatem.
3018 1038 3314 1096 Maximum
3369 1058 3582 1114 quoque
3617 1060 3674 1102 ex
3708 1047 3805 1106 laico

2280 1123 2406 1180 licet
2436 1126 2939 1195 reprehensibiliter
2961 1131 3290 1199 ordinatum,
3319 1141 3502 1190 tamen
3524 1136 3566 1190 si
3590 1135 3804 1197 Donatista

2274 1212 2387 1285 jam
2411 1230 2516 1270 non
2543 1225 2647 1280 est.
2682 1225 2736 1272 et
2757 1233 2786 1272 a
2823 1220 3014 1288 spiritu
3037 1222 3402 1279 schismaticae
3439 1226 3698 1296 pravitatis
3713 1228 3806 1285 alic-

2280 1321 2405 1372 nus,
2444 1305 2514 1360 ab
2541 1308 2834 1380 episcopali
2885 1325 3047 1380 quam
3096 1317 3482 1384 quoquomodo
3513 1317 3712 1388 adeptus
3748 1329 3805 1376 est

2278 1414 2387 1454 non
2418 1399 2742 1471 repellamus
2763 1402 3044 1472 dignitate,
3075 1404 3150 1460 ita
3174 1414 3233 1461 ut
3259 1415 3318 1462 et
3342 1407 3461 1478 ipse
3486 1407 3653 1465 libello
3671 1409 3724 1464 ad
3740 1426 3805 1468 nos

2280 1493 2428 1549 edito
2479 1494 2805 1551 catholicum
2851 1511 2909 1552 se
2947 1510 3068 1554 esse
3101 1499 3440 1556 manifestet.
3485 1500 3559 1557 De
3581 1503 3803 1574 Aggaroet

2282 1584 2609 1658 Tyberiano,
2661 1603 2889 1660 quorum
2921 1605 2952 1647 a
2978 1593 3191 1648 caeteris
3223 1593 3317 1663 qui
3349 1609 3420 1648 ex
3462 1593 3610 1651 laicis
3631 1597 3804 1653 ordinati

2281 1691 2410 1737 sunt
2441 1682 2494 1738 in
2524 1683 2628 1738 hoc
2651 1697 2814 1740 causa
2859 1685 3072 1741 diversa
3111 1695 3192 1742 est
3214 1728 3229 1752 ,
3266 1688 3414 1758 quod
3439 1703 3617 1744 eorum
3641 1691 3802 1746 ordina-

2282 1779 2413 1836 tioni
2457 1787 2670 1836 atroces
2695 1781 2980 1848 tumultus,
3033 1791 3088 1838 et
3127 1798 3284 1839 smvae
3335 1783 3624 1840 seditiones
3656 1799 3803 1840 memo-

2282 1881 2476 1929 rantur
2508 1888 2629 1930 esse
2665 1873 2955 1940 famulataz,
3015 1883 3198 1931 vestro
3229 1875 3444 1946 judicio
3489 1886 3667 1933 cuncta
3702 1892 3802 1934 com-

2283 1967 2553 2034 misimus,
2609 1976 2668 2022 ut
2697 1968 2867 2024 relata
2917 1968 3089 2026 habiti
3141 1970 3283 2040 apud
3325 1986 3427 2026 vos
3468 1971 3706 2027 examinis
3733 1972 3802 2028 fide

2281 2062 2411 2132 quid
2439 2063 2505 2118 de
2538 2063 2865 2134 supradictis
2893 2063 3239 2119 statuendum
3273 2063 3368 2130 sit,
3404 2063 3545 2120 scire
3581 2064 3796 2135 possimus.

2281 2156 2375 2213 llle
2423 2165 2602 2213 autem
2650 2157 2864 2213 famulae
2922 2157 3019 2214 Dei
3074 2174 3193 2230 quae
3241 2159 3602 2230 integritatem
3643 2159 3802 2230 pudoris

2282 2249 2632 2322 Oppressione
2664 2250 2946 2306 barbarica
2968 2250 3274 2321 perdidere,
3307 2249 3671 2306 laudabiliores
3691 2259 3801 2306 erum

2282 2339 2339 2394 in
2377 2339 2681 2395 humilitate
2706 2354 2770 2395 ac
2791 2340 3115 2396 verecundia
3146 2340 3189 2396 si
3215 2355 3274 2397 se
3307 2341 3714 2398 incontaminatis
3729 2355 3799 2394 non

2285 2430 2524 2486 audeant
2549 2445 2866 2500 comparare
2883 2431 3205 2503 virginibus.
3247 2431 3509 2500 Quamvis
3544 2432 3666 2488 enim
3689 2444 3800 2487 omne

2282 2531 2565 2595 peccatum
2619 2537 2684 2578 ex
2717 2521 2995 2579 voluntate
3024 2531 3306 2589 nascatur,
3351 2533 3408 2580 et
3433 2523 3651 2596 potuerit
3667 2539 3799 2580 corru-

2284 2616 2470 2687 ptione
2499 2616 2680 2672 carnis
2709 2631 2863 2672 mens
2897 2615 3065 2672 invita
3111 2632 3218 2673 non
3246 2617 3440 2688 pollui,
3491 2618 3651 2674 minus
3673 2625 3796 2671 tamen

2285 2708 2488 2764 eisdem
2519 2707 2713 2772 oberit,
2741 2708 2784 2762 si
2809 2709 2948 2778 quod
2979 2708 3255 2779 potuerint
3284 2709 3467 2764 animo
3497 2723 3594 2763 non
3617 2707 3797 2762 amittere

2287 2798 2505 2854 doleant
2531 2813 2589 2853 se
2621 2798 2707 2853 vel
2754 2813 2979 2870 corpore
3023 2799 3352 2870 perdidisse.
3405 2799 3535 2855 Cum
3573 2797 3723 2868 itaque
3754 2793 3797 2850 de

2286 2891 2539 2949 omnibus
2563 2891 2678 2947 fere
2706 2907 2826 2962 quae
2853 2892 3038 2947 fratris
3064 2883 3236 2950 nostri
3275 2892 3510 2961 Potentii
3536 2890 3696 2946 relatio
3709 2903 3795 2943 con-

2287 2983 2496 3040 tinebat
2537 2982 2852 3054 plenissime
2898 2982 3240 3039 dilectionem
3282 2992 3520 3039 vestram
3559 2995 3646 3054 per
3679 2976 3793 3034 David

2286 3074 2510 3131 fratrem
2541 3084 2596 3131 et
2625 3076 2999 3146 coepiscopum
3046 3083 3320 3140 nostrum,
3371 3074 3463 3146 qui
3500 3082 3550 3130 et
3577 3067 3793 3127 sacerdotii

2288 3169 2484 3226 merito
2527 3168 2685 3224 nobis
2729 3176 2811 3224 est
2847 3169 3124 3240 probatus,
3159 3179 3216 3224 et
3244 3169 3490 3224 moribus
3531 3162 3720 3220 videatis
3740 3161 3794 3214 in.

591 3241 795 3298 ratur?
852 3241 960 3300 Sed
990 3245 1350 3304 circumstant
1393 3264 1492 3307 nos
1520 3251 1651 3308 hinc
1689 3232 2048 3311 mansuetudo
2073 3256 2181 3312 cle-
2208 3232 2254 3296 C
2287 3268 2571 3317 structam.
2605 3232 2884 3330 Superest,
2909 3232 3132 3324 fratres,
3178 3265 3239 3313 ut
3270 3256 3524 3314 concordi
3563 3249 3791 3309 obedientia

589 3337 831 3405 mentite,
862 3339 991 3396 hinc
1019 3356 1250 3399 censura
1293 3345 1554 3416 iustitiae?
1602 3347 1670 3402 Et
1695 3348 1822 3419 quia
1862 3369 1881 3402 ι
1912 3349 2182 3407 universae

589 3428 695 3484 viae
739 3429 952 3512 Domini
1011 3435 1383 3493 misericordia
1443 3447 1500 3494 et
1541 3440 1744 3496 veritas
1798 3439 1970 3512 (Psal.
2028 3459 2178 3512 xxrv,

589 3521 705 3593 10),
744 3507 765 3576 ἱ
797 3525 1040 3596 cogimur
1063 3530 1359 3586 secundum
1394 3531 1538 3586 sedis
1563 3507 1870 3602 apostolicae
1898 3507 2176 3606 pietatem,

588 3613 667 3670 ita
718 3624 962 3672 nostram
1016 3625 1318 3691 temperare
1372 3624 1746 3690 sententiam,
1806 3633 1867 3679 ut
1919 3627 2182 3682 trutinato

590 3705 835 3776 pondere
875 3708 1196 3766 delictorum
1226 3754 1241 3779 ,
1290 3729 1412 3784 quae
1463 3724 1678 3772 constat
1719 3732 1825 3772 non
1869 3718 2030 3774 unius
2061 3733 2182 3776 esse

592 3813 868 3856 mensurae
908 3805 1154 3872 quaedam
1205 3805 1524 3862 deﬁniamus
1566 3817 1837 3879 utcunque
1878 3809 2178 3878 toleranda,

591 3891 838 3962 quaedam
868 3909 998 3950 vero
1027 3897 1246 3966 penitus
1279 3903 1624 3971 amputanda.
1669 3903 1776 3958 Eos
1803 3904 1944 3959 enim
1978 3905 2068 3976 qui
2099 3905 2182 3960 vel

595 3988 863 4043 secundas
884 3989 1101 4059 nuptias
1132 3991 1386 4058 inierunt,
1415 3994 1499 4050 vel
1529 3994 1811 4051 viduarum
1839 4012 1897 4052 se
1932 3999 2182 4069 conjugio

594 4079 896 4145 sociarunt,
925 4096 1025 4138 nec
1055 4084 1344 4154 apostolica
1418 4100 1516 4142 nec
1547 4086 1733 4158 legalis
1759 4091 2053 4145 auctoritas
2091 4107 2180 4147 sa-

598 4177 880 4233 cerdotum
914 4179 1161 4236 obtinere
1199 4181 1486 4252 permittit,
1516 4192 1572 4239 et
1603 4184 1772 4240 multo
1798 4186 1971 4257 magis
2009 4187 2178 4254 illum,

593 4268 640 4324 si
664 4268 828 4325 fuerit
856 4279 1037 4329 vestro
1079 4270 1279 4342 judicio
1309 4275 1638 4342 confutatus,
1664 4278 1779 4346 qui,
1817 4278 1957 4334 sicut
1981 4279 2046 4334 ad
2084 4295 2181 4337 nos

597 4359 832 4417 relatum
861 4370 964 4428 est,
1011 4363 1236 4419 duarum
1268 4364 1428 4420 simul
1449 4375 1534 4422 cst
1564 4369 1792 4424 maritus
1814 4384 2063 4435 uxorum,
2096 4370 2180 4426 vel

593 4452 746 4510 illum
776 4455 866 4527 qui
906 4471 936 4510 a
972 4457 1146 4528 prima
1181 4474 1350 4515 uxore
1380 4459 1651 4525 dimissus,
1703 4462 1927 4518 alteram
1965 4465 2183 4520 duxisse

592 4546 931 4616 perhibetur.
994 4548 1232 4605 Caeteros
1287 4565 1419 4604 vero
1473 4566 1701 4621 quorum
1751 4555 2028 4622 provectio
2079 4556 2181 4611 hoc

595 4645 809 4693 tantum
863 4639 1302 4709 reprehensionis
1339 4641 1589 4706 incurrit,
1632 4644 1773 4713 quod
1811 4659 1875 4700 ex
1914 4645 2068 4702 laicis
2116 4647 2182 4702 ad

596 4728 831 4786 oﬁlcium
880 4731 1184 4802 episcopale
1210 4733 1400 4791 delecti
1431 4745 1578 4801 sunt,
1611 4752 1786 4807 neque
1814 4753 1880 4793 ex
1909 4739 2012 4794 hoc
2041 4740 2184 4809 quod

595 4840 795 4881 uxores
820 4825 1074 4892 habeant,
1119 4837 1346 4896 possunt
1369 4844 1488 4885 esse
1531 4829 1840 4900 culpabiles,
1875 4836 2207 4902 susceptum

597 4917 964 4972 sacerdotium
997 4927 1182 4974 tenere
1207 4921 1594 4989 permittimus,
1632 4937 1738 4977 non
1767 4922 2183 4994 praejudicantes

599 5008 908 5077 apostolicae
946 5011 1089 5067 sedis
1116 5013 1354 5080 statutis,
1406 5030 1507 5071 nec
1551 5031 1941 5086 praecessorum
1974 5027 2186 5075 nostro-

599 5116 721 5157 rum
763 5103 1071 5175 nostrisque
1098 5106 1328 5161 decretis
1357 5106 1551 5176 quibus
1601 5108 1890 5164 salubriter
1922 5118 2184 5168 statutum

600 5201 706 5260 est,
735 5208 804 5249 ne
829 5195 1060 5264 primum
1091 5195 1175 5251 vel
1203 5197 1498 5252 secundum
1520 5239 1535 5263 ,
1568 5206 1659 5252 aut
1683 5199 1900 5254 tertium
1932 5200 1984 5254 in
2007 5201 2199 5256 eccle-'

601 5283 680 5340 sla
703 5283 928 5357 gradum
958 5286 1242 5357 quisquam
1273 5285 1536 5343 laicorum
1561 5287 1887 5359 quibuslibet
1915 5289 2200 5362 suffragiis

601 5376 769 5434 fultus
797 5378 1072 5443 ascendat,
1105 5379 1418 5450 priusquam
1449 5379 1513 5435 ad
1548 5379 1653 5436 hoc
1691 5381 1940 5436 meritum
1983 5397 2080 5454 per
2103 5382 2184 5438 le-

602 5470 793 5542 gituna
836 5479 1122 5542 augmenta
1168 5472 1466 5540 perveniat,
1520 5471 1661 5541 quod
1707 5472 1850 5527 enim
1894 5479 2186 5544 utrumque

600 5563 842 5635 patimur
866 5577 986 5618 esse
1013 5561 1223 5617 veniale
1263 5561 1489 5618 multum
1535 5563 1875 5634 postmodum
1908 5579 2028 5620 esse
2075 5579 2184 5619 non

601 5656 824 5729 poterit,
871 5655 916 5710 si
947 5655 1232 5725 quisquam
1269 5655 1488 5709 omnino
1537 5655 1590 5709 id
1618 5655 1760 5725 quod
1813 5655 2184 5713 interdicimus

602 5763 869 5817 usurpare
911 5745 1347 5818 praesumpserit,
1387 5747 1512 5816 quia
1557 5747 1803 5803 remissio
1841 5748 2046 5817 peccati
2074 5748 2190 5802 nou

607 5835 701 5903 dat
749 5837 1021 5900 licentiam
1065 5836 1426 5920 delinquendi,
1477 5851 1578 5893 nec
1617 5839 1760 5908 quod
1801 5839 1978 5908 potuit
2005 5839 2182 5914 aliqua

2221 3362 2225 3364 '
2287 3351 2532 3408 salubres
2555 3350 2864 3421 suscipiatis
2908 3350 3175 3412 hortatus,
3213 3357 3268 3404 et
3297 3348 3436 3405 nihil
3456 3362 3548 3418 per
3569 3339 3793 3401 contentio-

2284 3460 2408 3501 nem
2432 3451 2670 3517 agentes,
2708 3443 2802 3499 sed
2846 3443 2912 3498 ad
2935 3435 3097 3499 omne
3132 3441 3378 3497 studium
3407 3437 3676 3496 devotionis
3706 3444 3792 3534 una-

2285 3538 2459 3595 nimes
2482 3536 2683 3593 divinis
2702 3545 2755 3591 et
2776 3534 3085 3605 apostolicis
3105 3532 3578 3590 constitutionibus
3600 3532 3790 3600 parcatis,

2285 3630 2418 3686 etin
2460 3627 2605 3684 nullo
2643 3627 2924 3700 patiamini
2955 3627 3042 3698 pia
3079 3641 3353 3682 canonum
3400 3625 3600 3681 decreta
3635 3615 3788 3672 violari.

2285 3720 2416 3790 Quae
2435 3721 2578 3777 enim
2607 3736 2751 3776 nunc
2794 3726 3067 3775 certarum
3100 3718 3415 3774 remisimus
3443 3709 3790 3771 consideratione

2285 3833 2597 3882 causarum,
2630 3815 2866 3886 antiquis
2907 3814 3159 3885 deinceps
3179 3812 3523 3869 custodienda
3556 3815 3662 3865 sunt
3678 3816 3788 3874 regu-

2286 3915 2375 3982 lis,
2425 3929 2495 3969 ne
2541 3911 2683 3982 quod
2737 3911 2802 3965 ad
2844 3917 3054 3979 tempus
3095 3907 3181 3978 pia
3211 3906 3436 3962 lenitate
3477 3899 3786 3960 concessimus.

2278 4004 2425 4076 justa
2462 4003 2719 4075 posthaec
2741 4000 2943 4057 ultione
2979 3998 3300 4069 plectamus.

2286 4118 2467 4176 LXVI.
2501 4117 2600 4173 Leo
2639 4134 2774 4188 papa
2817 4116 2880 4171 de
2901 4114 3556 4188 privilegio__episcoporum
3591 4109 3689 4188 sire
3709 4115 3788 4188 ﬁt:

2359 4172 2683 4260 sbyteroruin
2707 4172 2805 4260 ’σά
2856 4172 3122 4240 universas
3165 4172 3463 4240 Germania:
3485 4191 3622 4252 atque
3655 4172 3784 4232 Gallia!

2354 4259 2691 4317 ecclesiarum
2717 4259 3003 4328 episcopos.
3799 4325 3804 4328 Ι

2356 4375 2489 4432 Cum
2524 4373 2576 4429 in
2603 4372 2699 4428 Dei
2729 4370 2944 4426 nomine
2984 4371 3036 4424 in
3062 4369 3304 4424 Romana
3329 4364 3559 4423 Ecclesia
3591 4356 3781 4453 ςχῐξοίξηξη

2287 4466 2660 4538 episcoporum
2683 4462 2796 4518 sive
2825 4468 3142 4516 cancrorum
3169 4458 3596 4514 consacerdolum
3616 4445 3783 4544 ﬁbristi-

2289 4533 2393 4628 que
2440 4533 2674 4610 ﬁdelium
2706 4553 3065 4609 coadunalum
3095 4551 3490 4613 habuissemus,
3533 4541 3656 4599 etde
3683 4533 3783 4591 ordi-

2291 4647 2602 4704 nationibus
2638 4644 2861 4707 illicitis,
2910 4658 3072 4713 super
3127 4643 3323 4711 quibus
3364 4636 3590 4695 crebrior
3628 4629 3680 4685 ad
3714 4635 3780 4678 nos

2288 4741 2501 4796 illarum
2542 4737 2774 4810 partium
2823 4734 3241 4792 commeantium
3293 4746 3468 4788 sermo
3516 4723 3777 4820 pervenerat.

2289 4841 2452 4903 atque
2495 4831 2561 4885 de
2614 4829 2734 4884 aliis
2763 4825 3179 4884 necessitatibus
3209 4821 3575 4882 ecclesiasticis
3616 4818 3779 4903 negotii!

2291 4901 2606 4986 tractantes,
2672 4934 2962 4987 sacrosque
3011 4931 3244 4973 canones
3291 4915 3576 4984 relegentes
3616 4901 3778 4960 solerter

2287 5017 2610 5087 egissemus,
2643 5027 2672 5067 a
2712 5011 2897 5067 multis
2937 5008 3277 5080 lacrymabili
3314 5006 3459 5061 vultu
3499 5001 3690 5094 relalttln
3723 4992 3775 5094 ἐξ

2287 5083 2477 5170 nobis',
2544 5104 2686 5175 quod
2732 5102 2950 5172 quidam
2991 5097 3404 5155 Germaniarum
3453 5105 3514 5146 ac
3557 5083 3776 5182 Galliarum

2286 5198 2501 5253 urbium
2537 5193 2772 5266 episcOpi
2817 5192 3127 5260 frequenter
3163 5187 3520 5257 coepiscopos,
3563 5175 3774 5274 lfuini-“‘2

2289 5303 2524 5344 canones
2571 5263 3069 5343 Neocaesarienses,
3130 5279 3242 5334 sive
3306 5274 3578 5364 secundum
3613 5263 3773 5364 aliorutt:

2290 5342 2517 5436 decreta,
2554 5379 2775 5434 Patrum
2826 5375 2985 5430 iidem
3033 5381 3158 5428 sunt
3201 5371 3295 5442 qui
3339 5379 3392 5425 et
3433 5353 3683 5448 presbyteri
3717 5342 3772 5448 *ξεί

2292 5471 2640 5542 presbyteros
2666 5468 3018 5529 destinarent,
3043 5464 3133 5535 qui
3156 5463 3379 5519 absente
3401 5452 3622 5551 pontiﬁce

2292 5536 2585 5634 erigerent,
2621 5561 2980 5631 basilicasque
3016 5565 3415 5616 consecrarent.
3462 5547 3593 5640 0"?“
3615 5536 3767 5640 qui???

2290 5670 2398 5711 non
2454 5663 2538 5709 est
2578 5653 2772 5708 mirum
2825 5651 2879 5706 id
2925 5651 3247 5721 praecepisse
3297 5649 3437 5704 viros
3480 5634 3768 5699 ecclesiastict

2292 5745 2588 5816 disciplinae
2637 5744 2854 5814 ignaros
2892 5745 3034 5813 quod
3083 5753 3168 5798 est
3191 5741 3456 5797 canonica:
3499 5727 3658 5803 1‘88"“
3677 5732 3766 5816 “'3'

2291 5808 2540 5907 trarium,
2574 5845 2629 5894 et
2659 5808 2854 5894 statim
2883 5852 2914 5894 a
2951 5836 3198 5894 saeculari
3232 5836 3415 5894 militia
3439 5835 3487 5898 in
3518 5808 3764 5887 sacerdom

2211 4605 2262 4666 D
