3974 6428
1388 375 1886 436 DECRETALIUM
1925 380 2330 443 COLLECTIO.

3298 393 3406 454 882

119 488 496 550 ministerium
524 488 800 564 delegatos
821 495 985 563 alque
1003 496 1300 562 promotos.
1326 489 1468 562 Ergo
1493 505 1561 546 ne
1581 489 1720 545 ultra
1748 491 1802 553 Α
1826 492 2026 550 debent
2050 496 2430 554 excellentiora
2457 501 2741 566 committi,
2775 502 2891 575 ipso
2912 502 2993 561 sui
3022 503 3412 564 numerositate

121 582 254 641 talis
279 599 333 647 ,a
356 583 508 640 vobis
559 583 777 640 licentia
799 592 1092 654 usurpetur
1119 582 1394 640 communi
1435 583 1723 649 sententia,

121 674 479 732 statuendum
519 675 760 747 oportuit
787 676 1021 733 scientes
1068 676 1382 748 quia,sicut
1405 676 1726 749 coepiscopo

120 767 211 825 vel
243 769 570 840 presbytero
599 768 786 824 illicita
819 769 1159 826 consecratio
1187 778 1274 825 est
1319 769 1539 838 altaris,
1570 769 1642 826 ita
1670 779 1726 826 et

122 859 471 917 constitutio.
519 859 577 916 In
605 859 804 916 divinis
839 860 986 916 enim
1017 861 1215 918 litteris
1243 862 1593 934 praecipiente
1621 862 1726 919 Do-

122 952 308 1020 mino,
337 951 484 1010 solus
511 951 722 1026 Moyses
750 952 805 1008 in
828 951 1176 1010 tabernaculo
1211 953 1308 1010 Dei
1337 954 1511 1015 erexit
1531 953 1725 1020 altare,

123 1043 283 1101 solus
314 1044 430 1115 ipse
458 1043 648 1112 unxit,
694 1043 786 1115 qui
817 1043 1006 1114 utique
1051 1059 1296 1102 summus
1330 1045 1583 1102 sacerdos
1629 1044 1726 1103 Dei

123 1147 272 1205 erat,
327 1139 469 1195 sicut
517 1138 782 1210 scriptum
807 1146 892 1196 est
922 1138 990 1194 de
1027 1151 1130 1195 eo:
1169 1157 1188 1192 ι
1224 1138 1436 1214 Moyses
1459 1149 1512 1196 et
1546 1139 1726 1195 Aaron

125 1233 180 1288 in
209 1233 593 1290 sacerdotibus
630 1231 747 1302 ejus
789 1231 964 1306 (Psal.
992 1243 1179 1300 xcvm,
1223 1233 1302 1304 6).
1343 1253 1361 1286 ι
1415 1232 1647 1303 Ideoque
1675 1231 1728 1288 id

125 1324 277 1395 quod
315 1334 526 1382 tantum
566 1325 748 1383 facere
776 1327 1112 1399 principibus
1150 1327 1493 1383 sacerdotum
1515 1324 1728 1393 jussnm

125 1427 232 1485 est,
295 1433 532 1490 quorum
589 1428 774 1492 typum
826 1419 1038 1492 Moyses
1078 1428 1134 1476 et
1177 1419 1360 1475 Aaron
1417 1424 1728 1484 tenuerunt,

124 1513 360 1569 omnino
392 1514 670 1571 decretum
704 1522 790 1572 est
833 1524 896 1571 ut
931 1517 1236 1588 coepiscopi
1295 1516 1377 1573 vel
1424 1516 1729 1589 presbyteri

125 1605 221 1674 qui
276 1603 518 1661 filiorum
560 1605 743 1662 Aaron
791 1614 1005 1676 gestant
1054 1606 1282 1679 ﬁguram
1335 1607 1577 1678 arripere
1623 1623 1728 1663 non

125 1705 487 1768 praesumant.
539 1697 675 1754 Nam
722 1699 970 1770 quamvis
1016 1715 1138 1756 cum
1187 1700 1454 1771 episcopis
1496 1699 1729 1770 plurima

127 1787 237 1844 illis
260 1789 691 1846 ministeriorum
737 1791 1040 1847 communis
1087 1791 1160 1847 sit
1189 1791 1540 1862 dispensatio,
1593 1805 1730 1861 qua-

1824 589 2064 645 vilescat.
2121 591 2274 661 Quod
2325 596 2547 652 nuncin
2593 613 2690 654 sua
2717 598 2940 654 dioecesi
2989 600 3270 657 restitutus
3297 586 3412 674 cpi;

1825 696 2021 753 scOpus
2058 683 2261 740 factum
2303 702 2423 744 esse
2463 699 2717 747 causatus
2760 699 2866 758 est,
2914 699 2970 746 et
3019 693 3414 751 rationabiliter

1823 774 2137 856 postulavit,
2176 787 2238 834 ut
2269 779 2504 850 episcopi
2555 796 2741 838 eorum
2796 783 3069 851 locorum,
3122 784 3175 840 in
3215 785 3414 856 quibus

1827 883 1934 924 non
1964 854 2266 925 debuerant
2289 872 2529 927 ordinari
2560 873 2794 928 humana
2825 874 3135 930 conditione
3167 854 3417 931 decesse-

1827 962 1957 1028 rint,
1984 962 2102 1018 loca
2133 963 2246 1033 ipsa
2273 964 2339 1018 ad
2363 963 2451 1033 jus
2473 963 2588 1033 ejus
2613 965 2869 1021 antistitis
2899 967 3228 1038 redigantur.
3249 965 3415 1037 Cujus

1827 1061 1953 1109 ante
1989 1054 2207 1110 fuerant
2237 1064 2361 1110 ante
2392 1057 2594 1126 priora.
2647 1057 2713 1112 Et
2738 1057 2928 1113 inutile
2957 1066 3037 1114 est
3069 1067 3129 1113 ut
3157 1058 3413 1115 sacerdo-

1828 1145 1955 1202 talis
2001 1146 2237 1216 dignitas
2272 1147 2673 1202 inconsiderata
2724 1150 3027 1204 ordinantis
3076 1148 3334 1209 facilitate
3361 1159 3418 1206 et

1829 1235 2099 1306 superflua
2148 1236 2596 1307 multiplicatione
2631 1238 2925 1294 minuatur.
2983 1239 3060 1295 De
3101 1239 3186 1295 his
3234 1248 3416 1296 autem

1829 1346 1949 1402 quae
1983 1330 2037 1385 in
2066 1345 2223 1386 sacro
2266 1331 2596 1400 virginitatis
2622 1333 2900 1404 proposito
2928 1334 3238 1390 constitutae
3283 1336 3416 1390 bar-

1828 1421 2069 1477 baricam
2093 1421 2366 1491 pertulere
2403 1421 2734 1489 violentiam,
2763 1432 2819 1480 et
2859 1424 3220 1497 integritatem
3245 1426 3418 1497 pudo-

1831 1516 1926 1580 ris,
1959 1531 2064 1571 non
2093 1515 2298 1580 animo,
2327 1516 2420 1572 sed
2449 1531 2674 1585 corpore
2702 1517 3006 1587 perdidere,
3034 1533 3098 1574 ea
3125 1517 3280 1573 nobis
3307 1531 3420 1572 ser-

1831 1609 2005 1662 vanda
2064 1607 2280 1663 videtur
2333 1608 2655 1676 moderatio,
2709 1617 2770 1664 ut
2821 1624 2998 1680 neque
3036 1610 3091 1665 in
3134 1609 3422 1665 viduarum

1834 1699 2160 1769 dejiciantur
2187 1703 2440 1772 gradum,
2486 1717 2591 1757 nec
2635 1702 2689 1756 in
2740 1717 3023 1758 sacrarum
3072 1711 3127 1758 et
3171 1715 3424 1772 perseve-

1834 1795 2070 1849 rantium
2101 1795 2368 1866 virginum
2400 1809 2626 1851 numero
2661 1805 3012 1853 censeantur.
3045 1794 3250 1863 Quibus
3289 1794 3334 1850 si
3364 1794 3422 1850 in

130 1882 254 1939 dam
292 1890 478 1938 tamen
507 1884 829 1941 auctoritate
868 1885 1070 1941 veteris
1097 1884 1262 1956 legis,
1293 1886 1539 1955 qumdam
1574 1899 1728 1940 novae
1759 1872 1808 1936 Β
1833 1885 2085 1942 omnibus
2114 1884 2466 1957 virginalibus
2495 1893 2841 1955 perseverant
2878 1891 2934 1940 et
2971 1884 3304 1941 castimoniae
3328 1897 3421 1940 δοι-

127 1977 297 2034 etiam
326 1977 711 2034 ecclesiasticis
759 1977 961 2049 regulis
1006 1978 1110 2034 sibi
1138 1977 1408 2049 prohibita
1452 1977 1727 2042 noverint,

131 2071 275 2129 sicut
335 2073 774 2146 presbyterorum
814 2081 871 2129 et
911 2073 1287 2139 diaconorum,
1339 2081 1432 2128 aut
1459 2073 1729 2142 virginum

132 2167 501 2231 consecratio,
551 2165 694 2222 sicut
723 2165 1043 2222 constitutio
1082 2155 1270 2222 altaris
1311 2181 1376 2220 ac
1425 2164 1733 2222 benedictio

131 2254 214 2313 vel
257 2257 471 2312 unctio.
521 2255 799 2329 Siquidem
842 2272 945 2314 nec
989 2257 1199 2327 erigere
1239 2257 1316 2313 eis
1361 2256 1576 2323 altaria,
1632 2271 1736 2312 nec

133 2348 400 2406 ecclesias
425 2348 512 2406 vel
539 2349 734 2406 altaria
775 2365 1098 2407 consecrare
1127 2351 1276 2416 licet,
1307 2365 1408 2406 nec
1437 2365 1535 2420 per
1561 2350 1734 2420 impo-

135 2439 370 2498 sitiones
396 2455 653 2496 manuum
685 2441 934 2497 fidelibus
961 2440 1302 2511 baptizandis
1327 2441 1410 2496 vel
1433 2442 1730 2504 conversis,

135 2532 219 2590 vel
243 2547 318 2588 ex
341 2532 533 2590 haeresi
563 2533 897 2606 paracletum
927 2533 1191 2604 Spiritum
1219 2543 1465 2590 sanctum
1495 2535 1733 2602 tradere,

137 2640 237 2682 nec
259 2626 504 2683 chrisma
530 2628 818 2694 conficere,
869 2643 970 2684 nec
1000 2629 1296 2685 chrismate
1334 2629 1735 2700 baptizatorum

139 2719 354 2776 frontes
382 2721 619 2791 signare,
640 2737 742 2779 nec
767 2721 982 2792 publice
1011 2721 1228 2792 quidem
1271 2723 1323 2778 in
1351 2723 1514 2778 missa
1544 2738 1737 2794 quem-

138 2829 304 2886 quam
337 2815 690 2886 paenitentem
720 2815 1095 2883 reconciliare,
1152 2832 1252 2872 nec
1284 2816 1551 2872 formatas
1577 2817 1737 2873 cuili-

138 2905 228 2963 bet
251 2905 522 2978 epistolas
547 2908 783 2965 mittere.
833 2909 958 2966 Haec
989 2910 1132 2966 enim
1162 2910 1346 2967 omnia
1387 2910 1576 2968 illicita
1611 2921 1739 2968 sunt

139 3002 515 3074 coepiscopis,
563 3003 655 3074 qui
700 3005 766 3061 ad
813 3005 1121 3075 exemplum
1150 3013 1206 3062 et
1249 3005 1480 3062 formam
1521 3015 1740 3077 septua-

143 3095 284 3166 ginta
330 3095 720 3167 discipulorum
763 3112 883 3152 esse
921 3106 1239 3163 noscuntur,
1291 3098 1376 3154 vel
1407 3099 1740 3172 presbyteris

144 3185 232 3256 qui
268 3185 525 3242 eamdem
573 3195 786 3259 gestant
818 3188 1065 3260 figuram.
1110 3187 1375 3256 Quoniam
1427 3205 1738 3261 quanquam

1835 1978 2098 2034 liditatem
2134 1984 2315 2032 mente
2353 1976 2661 2032 custodiunt
2698 1982 3162 2031 sacramentorum
3205 1989 3312 2031 non
3339 1987 3426 2030 est

1835 2071 2079 2143 neganda
2126 2070 2457 2134 communio,
2500 2070 2626 2140 quia
2677 2067 2935 2138 injustum
2985 2075 3072 2124 est
3121 2082 3216 2124 eas
3251 2067 3304 2123 in
3355 2081 3424 2124 eo

1836 2162 2023 2233 argui,
2055 2161 2138 2217 vel
2187 2160 2388 2226 notari,
2435 2161 2578 2230 quod
2619 2175 2724 2216 non
2756 2158 3010 2215 voluntas
3054 2157 3295 2223 admisit,
3325 2154 3424 2212 sed

1834 2253 1918 2308 vis
1945 2252 2161 2308 hostilis
2198 2252 2416 2320 eripuit.
2463 2250 2696 2307 Causam
2747 2265 2963 2322 quoque
3009 2248 3258 2320 Lupicini
3308 2247 3424 2319 epi-

1838 2344 1985 2414 scopi
2032 2344 2142 2399 illic
2188 2342 2439 2415 jubemus
2484 2343 2681 2398 audiri.
2729 2341 2829 2399 Cui
2874 2340 3102 2396 multum
3142 2347 3200 2396 et
3226 2336 3427 2416 saepius

1837 2437 2128 2508 postulanti
2172 2435 2610 2492 communionem
2661 2436 2765 2490 hac
2811 2433 3023 2490 ratione
3069 2430 3424 2495 reddidimus,

1837 2529 2092 2600 quoniam
2120 2529 2186 2583 ad
2213 2537 2459 2584 nostrum
2485 2526 2748 2598 judicium
2777 2531 3128 2596 provocasset
3151 2521 3428 2578 immerito

1837 2637 1960 2678 eum
2014 2620 2282 2691 pendente
2333 2618 2549 2690 negotio
2600 2633 2633 2673 a
2684 2615 3067 2673 communione
3111 2614 3430 2670 videbamus

1839 2713 2008 2770 fuisse
2056 2726 2400 2783 suspensum.
2451 2709 2736 2780 Adjectum
2780 2710 2946 2765 etiam
2989 2707 3119 2762 illud
3157 2716 3244 2762 est
3283 2702 3430 2776 quod

1839 2805 1968 2860 huic
2022 2812 2227 2858 temere
2273 2803 2723 2873 superordinatus
2768 2815 2891 2857 esse
2937 2799 3303 2870 cognoscitur,
3336 2795 3432 2867 qui

1840 2914 1949 2955 non
1981 2898 2168 2954 debuit
2213 2896 2455 2952 ordinari
2503 2905 2793 2966 antequam
2835 2883 3134 2965 Lupicinus
3184 2891 3238 2947 in
3284 2903 3429 2960 prte-

1840 2990 1983 3046 senli
2014 2989 2242 3061 positus,
2290 2996 2385 3044 aut
2422 2987 2759 3053 confutatus,
2801 2994 2896 3041 aut
2929 2995 3079 3042 certe
3127 2982 3428 3051 confessus,

1835 3083 1994 3155 justae
2007 3089 2191 3153 posset
2212 3081 2492 3150 subjacere
2513 3081 2818 3144 sententiae,
2848 3090 2907 3133 ut
2922 3085 3205 3136 vacantem
3227 3075 3430 3141 locum,

1845 3175 2298 3249 quemadmodum
2341 3174 2622 3245 disciplina
2651 3172 3016 3230 ecclesiastica
3047 3171 3233 3242 exigit,
3266 3169 3312 3224 is
3340 3167 3433 3238 qui

147 3279 614 3336 consecrationem
653 3280 911 3348 habeant,
943 3282 1291 3352 pontificatus
1324 3292 1502 3338 tamen
1532 3283 1741 3353 apicem

1845 3247 2289 3332 consecrabatur,
2317 3266 2612 3337 exciperet.
2647 3264 2774 3320 Sive
2797 3278 2929 3319 vero
2957 3261 3076 3317 alite
3109 3259 3436 3316 emerserint

147 3385 248 3428 non
274 3371 501 3429 habent.
554 3370 684 3439 Quae
710 3373 891 3428 omnia
915 3372 1046 3430 solis
1087 3374 1284 3430 debere
1309 3374 1538 3430 summis
1561 3374 1744 3446 ponti-

148 3463 344 3521 ficibus
375 3465 700 3519 auctoritate
743 3480 1012 3520 canonum
1044 3467 1380 3537 praecipitur,
1429 3474 1489 3521 ut
1514 3480 1613 3537 per
1639 3467 1746 3522 hoc

147 3563 200 3610 et
235 3555 498 3612 discretio
521 3555 810 3626 graduum,
840 3563 897 3610 et
940 3555 1216 3626 dignitatis
1249 3554 1519 3627 fastigium
1545 3556 1744 3612 summi

149 3648 424 3719 pontificis
453 3649 874 3705 demonstretur.
921 3648 1028 3704 Sed
1071 3663 1248 3719 neque
1277 3665 1459 3706 coram
1490 3652 1746 3721 episcopo

149 3738 270 3797 liuet
303 3739 641 3812 presbyteris
665 3738 717 3796 in
745 3739 1120 3811 baptisterium
1162 3740 1410 3807 introire,
1463 3755 1562 3798 nec
1606 3758 1746 3813 prae-

151 3843 300 3892 sente
331 3835 579 3892 antistite
613 3835 872 3893 infantem
925 3837 1156 3909 tingere,
1208 3848 1297 3894 aut
1348 3839 1593 3908 signare,
1645 3854 1746 3896 nec

153 3927 510 3996 pmnitentem
555 3928 675 3984 sine
702 3929 1066 4000 praeceptione
1110 3931 1348 4002 episcopi
1379 3921 1460 3988 sui
1504 3934 1748 3989 reconci-

154 4020 304 4088 liare,
339 4035 442 4078 nec
463 4036 528 4077 eo
552 4031 837 4093 praesente,
864 4023 967 4079 nisi
996 4023 1088 4079 illo
1097 4024 1321 4095 jubente
1344 4036 1746 4083 sacramentum

153 4113 399 4186 corporis
419 4122 475 4168 et
491 4113 770 4185 sanguinis
791 4113 997 4171 Christi
1037 4116 1331 4182 conficere,
1354 4133 1454 4173 nec
1476 4133 1542 4173 eo
1563 4134 1746 4174 coram

152 4208 330 4278 posito
357 4207 613 4279 populum
657 4208 873 4275 docere,
897 4208 982 4264 vel
1011 4209 1330 4267 benedicere
1364 4222 1458 4266 aut
1487 4211 1744 4280 salutare,

155 4313 251 4357 nec
280 4299 499 4371 plebem
542 4299 734 4371 utique
783 4300 1083 4368 exhortari,
1137 4302 1189 4357 in
1219 4317 1313 4357 eos
1359 4303 1647 4372 specialius
1693 4314 1748 4359 et

156 4392 481 4464 propensius
503 4392 877 4448 commovendi
930 4393 1020 4464 qui
1063 4393 1114 4448 in
1145 4393 1414 4465 episcopis
1433 4393 1748 4450 ordinandis

158 4495 471 4543 sanctorum
513 4485 736 4541 Patrum
765 4493 966 4540 slatuta
997 4485 1356 4556 neglexerint,
1411 4495 1467 4542 et
1491 4502 1627 4556 quos
1656 4502 1745 4544 rc-

158 4580 335 4637 futare
354 4579 674 4647 debuerant,
699 4580 1095 4636 consecrarint.
1141 4578 1294 4636 Unde
1309 4581 1352 4636 si
1377 4581 1469 4651 qui
1505 4580 1744 4651 episcopi

160 4671 322 4728 talem
349 4669 1163 4736 consecraverintsacerdotem,
1189 4671 1402 4741 qualem
1437 4685 1540 4725 non
1565 4671 1744 4737 liceat,

160 4762 373 4819 etiamsi
418 4761 600 4833 aliquo
638 4761 799 4817 modo
831 4760 1088 4816 damnum
1127 4761 1329 4831 proprii
1375 4760 1600 4816 honoris
1627 4775 1752 4816 eva-

160 4855 348 4922 serint,
372 4853 727 4910 ordinationis
755 4859 936 4908 tamen
961 4851 1050 4922 jus
1071 4851 1298 4907 ulterius
1321 4867 1426 4906 non
1449 4852 1750 4918 habebunt,

163 4961 259 5003 nec
284 4947 334 5004 ei
375 4951 720 5003 sacramento
759 4944 1061 5009 interesse,
1101 4943 1244 5012 quod
1294 4943 1540 5015 neglecto
1568 4942 1751 4999 divino

161 5033 366 5104 judicio
393 5035 668 5091 immerito
697 5035 1021 5106 prtestitere.
1076 5031 1209 5088 Illud
1239 5047 1370 5088 sane
1398 5032 1540 5104 quod
1571 5032 1637 5088 ad
1666 5045 1753 5087 sa-

164 5125 489 5183 cerdotalem
537 5125 778 5197 pertinet
827 5124 1168 5196 dignitatem,
1218 5124 1362 5180 inter
1391 5124 1575 5180 omnia
1601 5123 1755 5179 volu-
1795 5195 1801 5200 ι

166 5234 284 5276 mus
304 5235 569 5276 canonum
597 5225 801 5274 statuta
831 5218 1058 5274 servari.
1089 5217 1222 5274 Cum
1247 5218 1338 5274 ubi
1366 5218 1605 5274 minores
1628 5226 1756 5272 sunt

166 5310 368 5380 plebes,
415 5311 771 5382 minoresque
799 5317 1118 5375 conventus,
1150 5308 1590 5380 presbyterorum
1619 5323 1750 5364 cura

171 5398 413 5456 sufﬁciat.
467 5399 805 5472 Episcopalia
856 5407 1036 5454 autem
1093 5397 1458 5471 gubernacula
1511 5415 1616 5454 non
1645 5399 1751 5455 nisi

171 5491 458 5562 majoribus
509 5492 752 5565 populis,
803 5499 860 5548 et
921 5491 1386 5562 frequentioribus
1439 5491 1752 5548 civitatibus

173 5597 416 5658 oporteat
462 5588 795 5660 praesidere,
846 5600 914 5642 ne
963 5584 1108 5658 quod
1165 5594 1475 5642 sanctorum
1524 5585 1750 5642 Patrum

174 5679 429 5738 divinitus
455 5682 722 5754 inspirata
765 5680 984 5737 decreta
1017 5687 1242 5736 vetuere
1263 5679 1517 5746 vinculis,
1545 5688 1598 5735 et
1623 5694 1752 5750 pos-

176 5775 500 5831 sessionibus
545 5773 630 5830 vel
655 5773 902 5830 obscuris
933 5781 988 5829 et
1032 5771 1290 5828 solitariis
1320 5771 1628 5844 municipiis
1658 5772 1755 5827 tri-

175 5866 368 5958 buatur
411 5866 1090 5955 sacerdotalelfastigium,
1143 5873 1198 5923 et
1243 5865 1410 5958 218
1446 5865 1621 5936 honor
1666 5864 1753 5927 eui
1791 5942 1797 5946 _

1847 3375 2024 3416 causae
2058 3374 2178 3430 qua:
2202 3357 2270 3412 ad
2299 3366 2500 3413 statum
2526 3355 2900 3421 ecclesiarum,
2931 3361 2987 3410 et
3007 3355 3073 3409 ad
3089 3350 3434 3408 concordiam

1845 3453 2156 3524 pertineant
2181 3451 2544 3514 sacerdotum,
2578 3448 2687 3504 illic
2728 3448 2827 3502 sub
2875 3447 3072 3501 timore
3093 3441 3309 3499 Domini
3334 3457 3433 3497 vo-

1846 3547 2027 3601 lumus
2049 3543 2419 3607 ventulentur,
2459 3548 2516 3596 et
2561 3539 2629 3595 de
2655 3535 3042 3610 componendis
3073 3543 3234 3605 atque
3277 3545 3432 3587 com-

1845 3637 2037 3711 positis
2072 3635 2322 3692 omnibus
2349 3633 2416 3689 ad
2444 3647 2544 3688 nos
2575 3631 2767 3686 relatio
2788 3629 2947 3700 plena
2974 3626 3240 3690 mittatur,
3283 3631 3345 3678 ut
3369 3636 3435 3678 ea

1847 3745 1967 3801 qua:
1990 3729 2147 3800 juxta
2177 3725 2606 3782 ecclesiasticum
2637 3737 2844 3779 morem
2865 3721 3013 3792 juste
3048 3726 3104 3773 et
3133 3714 3434 3772 rationabi-

1847 3822 1970 3878 liter
1995 3820 2198 3876 fuerint
2218 3817 2462 3885 delinita,
2494 3832 2616 3872 mea
2640 3830 2855 3887 quoque
2885 3811 3154 3869 sententia
3177 3809 3438 3866 roboren-

1848 3922 1957 3969 tur.
1989 3913 2126 3967 Data
2151 3919 2349 3982 quarto
2376 3909 2504 3965 ldus
2533 3909 2781 3980 Augusti.

1846 4027 2052 4086 LXVII.
2085 4059 2156 4069 —
2183 4026 2266 4080 Ad
2293 4028 2560 4099 episcopos
2617 4042 2728 4108 per;
2747 4023 3089 4081 Viennensem
3111 4020 3435 4093 provinciam

2485 4106 2815 4152 constitutos.

1920 4191 2033 4246 Leo
2061 4188 2430 4245 dilectissimis
2460 4187 2722 4242 fratribus
2748 4186 3018 4242 universis
3045 4182 3314 4256 episc0pis
3339 4194 3440 4253 per

1847 4283 2212 4339 Viennensem
2240 4280 2576 4350 provinciam
2619 4277 2953 4334 constitutis.

1920 4373 2125 4429 Divina:
2154 4372 2359 4428 cultum
2392 4370 2688 4442 religionis,
2715 4385 2874 4438 quem
2920 4369 2976 4423 in
3003 4382 3193 4424 omnes
3225 4371 3437 4438 gentes,

1848 4479 2145 4536 omnesque
2205 4464 2456 4519 nationes
2520 4462 2614 4518 Dei
2658 4461 2829 4518 voluit
2890 4462 3063 4533 gratia
3127 4472 3436 4524 coruscare,

1850 4559 1923 4613 ita
1948 4558 2206 4613 Dominus
2249 4565 2436 4612 noster
2467 4553 2624 4612 Jesus
2660 4554 2908 4610 Christus
2957 4551 3175 4608 humani
3224 4550 3441 4622 generis

1773 4638 2106 4707 DSalvator
2157 4650 2412 4716 instituit,
2469 4657 2531 4704 ut
2579 4649 2784 4704 veritas
2836 4662 2956 4718 qua:
3004 4654 3164 4701 antea
3216 4645 3348 4716 legis
3385 4651 3440 4699 et

1848 4745 2236 4816 prophetarum
2271 4744 2543 4816 praeconio
2595 4739 2994 4804 continebatur,
3041 4755 3139 4810 per
3183 4737 3439 4808 apostoli-

1853 4855 1974 4895 cam
2003 4839 2187 4894 tubam
2213 4837 2266 4892 in
2298 4837 2528 4893 salutem
2561 4835 2614 4890 in
2654 4832 3028 4889 universitatis
3069 4831 3265 4894 exiret,
3295 4829 3436 4884 sicut

1853 4932 2115 5003 scriptum
2165 4938 2288 4986 est:
2347 4949 2366 4983 ι
2408 4929 2464 4984 1η
2516 4941 2732 4982 omnem
2784 4934 2984 4980 terram
3048 4923 3215 4978 exivit
3273 4937 3439 4978 sonus

1855 5041 2068 5085 eorum.
2099 5031 2154 5078 et
2186 5021 2238 5077 in
2269 5021 2405 5076 fines
2433 5019 2582 5075 orbis
2629 5027 2790 5072 term
2819 5016 2983 5071 verba
3029 5029 3217 5069 eorum
3260 5012 3435 5085 (Psal.

1854 5105 2016 5183 xviii,
2051 5117 2130 5187 5).
2171 5135 2189 5168 ι
2251 5113 2356 5170 Sed
2412 5111 2570 5180 hujus
2624 5109 2868 5165 muneris
2915 5115 3316 5162 sacramentum
3367 5105 3437 5160 ita

1856 5210 2118 5266 Dominus
2143 5207 2211 5262 ad
2237 5205 2476 5261 omnium
2505 5202 2872 5278 apostolorum
2907 5197 3141 5254 oﬂicium
3167 5197 3439 5270 pertinere

1856 5304 2046 5370 voluit,
2082 5311 2142 5356 ut
2170 5302 2222 5356 in
2262 5296 2574 5355 beatissimo
2599 5295 2762 5351 Petro
2790 5290 3157 5365 apostolorum
3198 5289 3438 5344 omnium

1857 5410 2071 5452 summo
2115 5389 2484 5464 principaliter
2531 5386 2842 5451 collocaret,
2891 5391 2952 5439 ut
3003 5384 3070 5439 ab
3117 5382 3235 5453 ipso
3281 5379 3437 5450 quasi

1858 5487 2094 5561 quodam
2151 5484 2328 5555 capite
2381 5482 2522 5538 dona
2575 5495 2674 5536 sua
2730 5479 2882 5535 velut
2934 5479 2988 5533 in
3038 5490 3237 5546 corpus
3277 5487 3436 5528 omne

1859 5579 2201 5643 diffunderet,
2260 5574 2320 5630 ut
2371 5581 2646 5631 exsortem
2701 5586 2760 5627 se
2815 5568 3060 5642 mysterii
3114 5565 3433 5636 intelligeret

1811 5699 1822 5712 -
1859 5687 1980 5729 esse
2007 5668 2196 5735 divini,
2227 5667 2318 5740 qui
2337 5681 2501 5723 ausus
2539 5664 2783 5722 fuisseta
2811 5661 2959 5719 Petri
2994 5659 3263 5718 soliditate
3285 5671 3410 5713 recc
3443 5673 3446 5700 :

1808 5827 1816 5835 ,
1861 5765 2009 5822 dere.
2049 5763 2202 5819 Hunc
2230 5761 2374 5819 enim
2413 5761 2468 5816 in
2497 5760 2831 5817 consortium
2877 5755 3168 5812 individuae
3213 5750 3433 5808 unitatis

1862 5865 2196 5930 assumptum
2221 5856 2275 5914 id
2302 5855 2444 5926 quod
2473 5853 2587 5932 ipse
2621 5859 2762 5920 erat,
2810 5848 2983 5908 voluit
3033 5843 3322 5917 dominari,
3359 5842 3426 5900 dl-
