3974 6500
519 417 639 495 3,33.

1212 442 1221 449 '
1292 413 1605 471 .APPEND.
1647 413 1738 467 AD
1776 409 1946 466 SrEC.
1989 406 2078 461 IX.
2117 433 2190 449 --
2229 402 2475 461 lSlDOlll
2514 403 2977 469 MERCATORIS,

3669 410 3752 467 εει

517 531 690 598 emas
718 545 734 588 :
763 527 896 593 ιἰζυ
927 542 986 595 es,
1013 527 1206 585 Petrus
1243 536 1297 581 et
1325 542 1487 598 super
1508 527 1646 581 banc
1684 533 1891 595 petram
1922 521 2089 577 tedifi-
2117 520 2173 581 Α
2197 521 2373 577 nullus
2417 523 2757 579 sacerdotum
2795 539 2977 595 posset
2998 525 3201 584 audire.
3224 501 3553 598 .Doluimus,
3584 529 3753 604 fateor,

522 622 657 681 callo
687 620 987 683 Ecclesiam
1019 610 1192 675 ineant
1222 616 1439 689 (ΜαιῑΙι.
1469 631 1579 681 xvr,
1623 615 1731 685 18),
1770 634 1789 664 ι
1821 622 1879 669 ut
1907 612 2095 668 teterni

523 712 806 781 adiﬁcatio
833 710 1012 781 templi
1041 708 1271 766 mirabili
1288 722 1510 763 munere
1538 707 1725 777 gratim
1756 706 1847 760 Dei
1873 705 1926 759 in
1953 703 2098 759 Petri

527 808 798 878 soliditate
819 807 1158 863 consisteret.
1191 805 1303 861 Hac
1327 804 1622 877 Ecclesiam
1655 816 1808 857 suam
1845 800 2099 855 ﬁrmitate

525 902 884 973 corroborans
916 910 977 957 ut
999 900 1165 964 illaut,
1187 915 1288 954 nec
1331 900 1566 954 humana
1605 895 1881 954 temeritas
1919 899 2102 964 posset

526 1002 799 1065 appetere,
828 1007 930 1049 nec
955 999 1123 1062 portae
1145 999 1334 1045 contra
1356 987 1499 1042 illam
1542 986 1695 1041 inferi
1725 983 2094 1055 praevalerent.

528 1081 727 1149 Verum
757 1082 896 1137 hanc
924 1093 1091 1151 petra:
1120 1081 1275 1137 istius
1303 1078 1725 1134 sacratissimam
1755 1076 2064 1133 firmitatem
2084 1112 2100 1139 ,

529 1174 661 1241 Deo,
691 1185 750 1249 ut
772 1174 1026 1234 diximus.
1056 1172 1377 1234 aediﬁcante,
1408 1177 1772 1226 constructam
1812 1168 1973 1224 nimis
2002 1167 2103 1221 im-

528 1269 619 1340 pia
645 1269 758 1325 vult
785 1267 1201 1339 praesumptione
1259 1264 1461 1322 violare
1513 1264 1758 1334 quisquis
1799 1261 1915 1330 ejus
1945 1269 2101 1331 pote-

533 1370 729 1427 statem
760 1369 930 1423 tentat
959 1358 1271 1430 infringere,
1307 1356 1534 1412 favendo
1561 1354 1943 1426 cupiditatibus
1968 1352 2101 1419 suis,

534 1454 665 1515 etid
703 1453 845 1524 quod
885 1452 1161 1521 accepit'a
1191 1449 1463 1513 veteribus
1510 1463 1619 1503 non
1656 1446 1951 1514 sequendo,
1980 1456 2105 1500 cum

532 1544 663 1608 nulli
698 1543 1051 1602 sesubditum
1082 1541 1206 1614 legi,
1246 1540 1408 1597 nullis
1435 1538 1787 1595 institutionis
1813 1536 2107 1597 Dominicae

533 1635 709 1700 credit
724 1633 923 1707 regulis
948 1632 1232 1698 contineri,
1258 1648 1287 1686 a
1309 1641 1492 1689 vestro
1524 1638 1814 1697 nostroque
1835 1643 1931 1697 per
1956 1641 2109 1682 nova:

534 1726 901 1797 usurpationis
921 1725 1179 1797 ambitum
1204 1740 1355 1781 more
1380 1723 1706 1784 desciscens,
1731 1717 2108 1793 praesumendo

535 1818 743 1895 illicita,
772 1827 828 1874 et
855 1834 974 1890 qua:
1003 1818 1276 1875 custodire
1302 1816 1487 1873 debuit
1526 1813 1868 1887 negligenda.
1911 1814 2105 1871 Verum

2198 612 2412 677 fratres,
2437 623 2491 668 et
2530 615 2672 670 hunc
2702 616 2819 684 ejus
2849 618 3056 673 meritis
3120 618 3373 676 timorem
3430 610 3649 679 medelis
3681 642 3756 696 pa-

2199 707 2401 763 tientiae
2428 716 2623 763 nostrae
2647 725 2841 765 curare
2880 715 3224 769 tentavimus.
3279 714 3614 772 Nolebamus
3635 719 3755 779 enim

2200 816 2263 856 ea
2293 801 2367 855 illi
2396 805 2725 860 exacerbare
2767 806 2990 862 vulnera
3020 824 3139 880 qua:
3165 825 3275 865 sua:
3310 810 3519 865 animm
3549 811 3757 871 insolen-

2203 895 2344 949 tibus
2403 896 2631 952 subinde
2677 900 3014 956 sermonibus
3049 902 3347 973 inﬂigebat,
3391 912 3451 959 et
3484 896 3637 979 quem
3657 923 3756 964 sus-

2202 1002 2517 1057 ceperamus
2547 998 2604 1043 ut
2639 990 2883 1058 fratrem,
2917 993 3140 1048 delinire
3170 996 3345 1066 magis
3380 995 3580 1066 ipsum,
3606 1014 3760 1069 quam-

2205 1078 2287 1134 vis
2316 1079 2432 1150 ipse
2460 1081 2575 1135 suis
2603 1083 3046 1152 responsionibus
3072 1085 3354 1151 invitaret,
3396 1101 3562 1155 quam
3591 1091 3762 1145 contri-

2204 1180 2350 1227 stare
2423 1172 2926 1231 interlocutionibus
2976 1177 3303 1232 nitebamur.
3386 1162 3765 1237 Absolutusest

2203 1264 2524 1321 Celedonius
2545 1268 2851 1338 episcOpns,
2881 1256 3131 1337 quoniam
3160 1286 3217 1325 se
3244 1270 3459 1338 injuste
3490 1273 3761 1328 sacerdotio

2206 1354 2373 1411 fuisse
2403 1357 2670 1427 dejectum
2716 1358 3003 1415 manifeste
3040 1360 3253 1415 testium
3279 1362 3644 1432 responsione
3670 1364 3761 1433 ipso

2207 1449 2371 1503 etiam
2428 1456 2695 1519 praesente
2731 1460 3149 1517 monstraverat,
3181 1453 3255 1508 ita
3283 1461 3351 1508 ut
3382 1454 3532 1523 quod
3563 1452 3761 1525 Hilarius

2206 1542 2485 1596 uobiscmn
2509 1540 2755 1599 residens
2781 1552 2962 1613 posset
2983 1561 3254 1616 opponere
3279 1561 3393 1600 non
3419 1546 3659 1602 haberet.
3681 1546 3762 1601 lic-

2208 1642 2412 1688 motum
2443 1644 2529 1690 est
2553 1649 2682 1707 ergo
2700 1635 2965 1705 judicium
2996 1638 3137 1708 quod
3159 1637 3443 1710 prolatum
3470 1639 3524 1693 in
3553 1639 3647 1694 hac
3665 1654 3761 1695 sen-

2212 1728 2379 1783 tentia
2400 1727 2698 1799 legebatur,
2718 1724 2828 1799 ιιιιο
2860 1737 3113 1801 tanquam
3142 1731 3320 1786 vidua:
3348 1733 3587 1787 maritus
3613 1749 3759 1789 sacer-

2212 1818 2415 1873 dotium
2438 1828 2621 1874 tenere
2634 1834 2739 1875 non
2761 1830 2961 1891 posset.
2978 1820 3131 1889 Quod
3150 1837 3248 1879 nos
3269 1823 3501 1894 quidem
3522 1833 3760 1879 servantes

535 1892 653 1985 bats
680 1926 783 1971 nos
807 1911 938 1979 Deo,
966 1919 1024 1971 ut
1047 1910 1341 1975 credimus,
1370 1909 1643 1979 aspirante
1698 1915 1912 1963 servata
1964 1905 2110 1961 circa
2137 1878 2187 1939 Β
2215 1910 2407 1982 legalis
2444 1914 2740 1968 constituta
2763 1878 3053 1969 sollicitius
3082 1878 3361 1993 voluimus
3395 1916 3651 1970 custodiri
3678 1931 3758 1971 non

537 2012 861 2075 vosnostrm
881 2004 1163 2070 charitatis
1193 2004 1368 2074 gratia
1415 2016 1578 2072 quam
1615 1999 1893 2059 sanctitati
1920 2007 2113 2055 vestra:

539 2096 837 2171 tutostoliea
885 2110 1100 2167 semper
1153 2094 1332 2159 sedes,
1377 2102 1438 2147 ut
1463 2093 1786 2150 meministis
1827 2090 2112 2162 impendit,

542 2188 768 2261 nitimur
814 2188 1041 2256 consilio
1073 2188 1369 2247 maturiore
1396 2186 1694 2257 corrigere,
1721 2193 1778 2240 et
1812 2193 2113 2241 vestrarum

541 2277 908 2349 Ecclesiarmn
979 2286 1180 2334 statum
1235 2279 1637 2335 communicato
1694 2277 1979 2334 vobiscum
2034 2276 2115 2330 la-

541 2373 1043 2445 nonsummum,
1072 2389 1178 2435 non
1226 2386 1364 2431 nova
1398 2372 1758 2437 instituentes,
1795 2371 1890 2426 sed
1933 2376 2119 2427 vetera

542 2473 889 2535 renovamus,
912 2474 974 2522 ut
1005 2466 1058 2523 in
1088 2473 1265 2523 status
1314 2464 1701 2521 consuetudine
1735 2479 1855 2534 qua:
1908 2463 2063 2519 nobis
2085 2476 2115 2517 a

544 2560 749 2625 nostris
776 2558 1028 2621 Retribus
1054 2568 1139 2617 est
1166 2559 1364 2619 tradita
1402 2556 1777 2629 perducemus,
1827 2565 1884 2612 et
1929 2557 1997 2612 de
2021 2571 2118 2611 no-

548 2662 662 2721 stro
685 2667 782 2724 per
803 2652 930 2709 boni
955 2652 1137 2724 operis
1167 2650 1552 2716 ministerium,
1579 2650 1805 2707 remotis
1832 2649 2122 2722 perturba-

548 2744 755 2821 tionum
781 2744 1068 2810 scandulis,
1100 2744 1426 2814 placeamus.
1476 2743 1765 2800 Nobiscum
1822 2743 2006 2812 itaque
2032 2756 2122 2797 ve-

550 2844 664 2903 stra
694 2835 1009 2897 fraternitas
1042 2844 1394 2907 recognoscat
1422 2835 1775 2905 apostolicam
1813 2835 2000 2891 sedem
2025 2849 2124 2906 pro

551 2925 963 2993 snit-aversatia
988 2942 1020 2981 a
1046 2934 1239 2987 vestra:
1261 2927 1422 2982 etiam
1438 2926 1731 2997 provincia:
1755 2927 2127 2984 sacerdotibus

553 3018 853 3091 innumeris
903 3020 1255 3077 relationibus
1303 3034 1425 3077 esse
1469 3021 1797 3086 consultam,
1837 3028 1893 3076 et
1922 3037 2017 3093 pro
2047 3022 2128 3078 die

551 3124 851 3185 versarunt,
883 3110 1333 3181 quemadmodum
1372 3119 1526 3168 vetus
1565 3113 1897 3168 consuetudo
1939 3128 2130 3183 posce—

561 3201 676 3269 bat.
707 3201 1062 3274 appellatione
1081 3217 1384 3269 causarum,
1416 3211 1510 3258 aut
1541 3212 1831 3260 retractata
1868 3211 1960 3259 aut
1998 3219 2128 3260 con-

554 3293 770 3361 firmata
794 3292 960 3355 fuisse
972 3294 1201 3365 judicia,
1230 3296 1365 3355 adeo
1392 3304 1450 3350 ut
1485 3304 1696 3353 servata
1722 3297 1929 3354 unitate
1971 3296 2132 3368 spiri-

559 3394 647 3453 tus
668 3387 721 3447 in
748 3387 964 3449 vinculo
1006 3389 1158 3459 pacis
1190 3389 1643 3455 commeantibus,
1686 3390 1814 3445 hinc
1834 3390 1959 3445 inde
1983 3390 2134 3446 litte-

558 3478 637 3543 ris
652 3493 760 3549 quo
794 3487 997 3539 saneta;
1030 3481 1293 3552 agebatur
1330 3490 1605 3552 perpetuae
1630 3480 1921 3552 proﬁceret
1955 3483 2135 3538 chari-

559 3571 678 3633 tati-
706 3570 878 3638 Quam
913 3571 1220 3633 sollicitudo
1257 3582 1443 3629 nostra
1481 3589 1587 3629 non
1618 3588 1715 3629 sua
1741 3588 2008 3644 quarens,
2039 3574 2136 3631 sed

560 3676 683 3732 qua:
703 3670 832 3727 sunt
867 3661 1089 3729 Christi,
1120 3664 1434 3735 dignitatem
1485 3664 1744 3721 divinitus
1797 3666 1999 3731 datam,
2036 3679 2141 3721 nec

559 3754 804 3819 ecclesiis
856 3770 958 3815 nec
1003 3757 1355 3815 ecclesiarum
1407 3758 1777 3815 sacerdotibus
1826 3757 2133 3829 arrogabat.

565 3847 681 3914 Sed
700 3850 843 3911 hunc
878 3851 1150 3912 tramitem
1205 3866 1418 3921 semper
1464 3851 1606 3908 inter
1652 3851 1886 3920 majores
1922 3860 2141 3906 nostros

563 3955 619 4002 et
642 3944 996 4002 bene'tentum
1011 3945 1367 4003 etsalubriter
1386 3946 1761 4012 constitutum,
1793 3945 2029 4001 Hilarius
2051 3959 2141 4000 ec-

568 4037 859 4123 clesiarum
882 4047 1084 4099 statum
1119 4049 1174 4096 et
1201 4039 1545 4108 concordiam
1608 4038 1948 4094 sacerdotum
1989 4036 2141 4095 novis

568 4131 1075 4205 prtesumptionibus
1130 4134 1449 4187 tut-baturus
1479 4133 1738 4198 excessit,
1794 4131 1990 4186 iterum
2032 4145 2142 4185 suae

567 4236 677 4295 vos,
698 4224 976 4294 cupientes
1032 4224 1261 4281 subdere
1313 4223 1588 4293 potestati,
1644 4230 1700 4279 ut
1741 4236 1801 4279 se
1829 4224 1989 4278 beato
2017 4237 2144 4293 apo-

570 4316 709 4373 stolo
731 4317 893 4373 Petro
919 4331 1024 4373 non
1051 4318 1288 4389 patiatur
1316 4332 1438 4373 esse
1478 4316 1801 4390 subjectum,
1840 4316 2143 4372 ordinatio-

574 4427 674 4470 nes
700 4411 801 4477 sibi
826 4413 1068 4468 omnium
1095 4429 1193 4484 per
1210 4413 1419 4469 Gallias
1439 4412 1791 4470 ecclesiarum
1839 4414 2145 4480 vindicans,

2214 2004 2385 2060 solum
2406 2006 2552 2060 circa
2577 2006 2901 2070 sacerdotes,
2927 2008 3020 2062 sed
3035 2007 3177 2063 circa
3201 2007 3444 2063 clericos
3466 2023 3669 2077 quoque
3687 2007 3762 2061 mi-

2214 2095 2364 2151 noris
2388 2094 2571 2163 oﬂicii,
2605 2111 2672 2152 ne
2701 2098 2767 2152 ad
2799 2111 3008 2153 sacram
3040 2096 3291 2153 militiam
3328 2098 3385 2152 lii
3414 2097 3759 2168 permittantur

2217 2188 2499 2253 accedere,
2550 2188 2748 2257 quibus
2803 2172 2874 2243 sit
2916 2187 3021 2243 tale
3079 2188 3421 2259 conjugium,
3474 2188 3559 2242 vel
3612 2196 3760 2241 contra

2220 2279 2573 2350 apostolicam
2613 2279 2948 2350 disciplinam
2989 2295 3096 2335 non
3141 2281 3305 2335 unius
3368 2288 3581 2334 tantum
3606 2278 3757 2333 uxoris

2217 2374 2319 2429 viri
2363 2372 2531 2429 fuisse
2567 2381 2951 2429 monstrentur.
2985 2372 3093 2429 Sed
3136 2372 3275 2428 sicut
3297 2387 3399 2428 eos
3427 2371 3569 2442 quod
3598 2370 3758 2449 factum

2220 2480 2377 2522 suum
2397 2481 2501 2522 non
2525 2474 2705 2537 potest
2724 2481 3002 2531 excusare,
3031 2473 3125 2520 aut
3147 2481 3253 2522 non
3277 2463 3654 2528 admittendos,
3689 2472 3759 2518 aut

2223 2559 2268 2615 si
2290 2559 2490 2615 fuerint
2542 2559 2878 2615 decernimus
2927 2559 3301 2627 removendos,
3342 2559 3422 2613 ita
3450 2556 3632 2627 quibus
3682 2556 3759 2611 hoc

2223 2650 2419 2705 falsum
2445 2649 2650 2719 objicit,
2681 2650 2749 2705 ab
2778 2665 2838 2705 ea
2876 2664 3100 2706 necesse
3123 2660 3207 2706 est
3236 2648 3633 2705 examinatione
3662 2660 3756 2715 puro

2226 2757 2434 2814 gemus,
2483 2751 2538 2797 et
2601 2758 2757 2799 suum
2801 2740 3031 2796 ofﬁcium
3083 2741 3315 2814 perdere
3384 2755 3492 2796 non
3536 2740 3755 2793 sinamus.

2226 2836 2512 2893 Mansisset
2559 2851 2790 2908 namque
2821 2837 2872 2890 in
2900 2836 3048 2891 illum
3077 2836 3283 2905 prolata
3313 2834 3597 2898 sententia,
3624 2832 3662 2887 si
3683 2831 3753 2887 ob-

2221 2927 2490 2999 iectorum
2538 2929 2739 2984 veritas
2793 2927 3112 2984 exstitisset.
3177 2927 3446 2983 Redditus
3494 2927 3659 2995 itaque
3695 2928 3757 2976 est

2229 3019 2476 3077 ecclesiae
2514 3034 2645 3086 suae,
2676 3028 2730 3075 et
2778 3019 2904 3075 huic
2957 3034 3119 3090 quam
3174 3020 3430 3075 amittere
3479 3032 3580 3072 non
3613 3013 3757 3070 debuit
3854 3002 3863 3016 “

2230 3114 2477 3185 dignitati
2507 3114 2856 3186 coepiscOpus
2887 3124 3073 3170 noster
3092 3113 3437 3177 Celedonius,
3465 3113 3593 3168 sicut
3617 3115 3755 3180 gesto-

2235 3225 2355 3264 rum
2386 3210 2556 3265 series
2581 3216 2635 3264 et
2657 3216 2780 3279 post
2804 3210 3087 3264 decursam
3128 3208 3498 3279 cognitionem
3540 3192 3755 3259 sententia

2239 3317 2358 3375 quae
2388 3302 2595 3359 anubis
2623 3310 2706 3357 est
2754 3303 2960 3373 prolata
3010 3308 3262 3357 testatur.
3301 3300 3445 3356 Huic
3490 3296 3681 3369 negotio
3698 3292 3755 3348 sic

2238 3396 2391 3450 linito
2435 3395 2619 3460 fratris
2664 3403 2718 3451 et
2749 3395 3053 3466 coepiscopi
3098 3395 3269 3450 nostri
3322 3391 3545 3465 projecti
3588 3382 3755 3458 querela

2240 3489 2515 3545 successit.
2557 3486 2721 3556 Cujus
2768 3488 2833 3545 ad
2881 3502 2980 3543 nos
3005 3486 3195 3542 littera:
3233 3476 3756 3558 lacrymabilesetdo-

2237 3580 2410 3637 lendas
2456 3580 2689 3650 desuper
2730 3578 2980 3634 ordinato
3035 3578 3139 3634 sibi
3187 3577 3444 3648 episcopo
3490 3580 3607 3630 sunt
3653 3568 3755 3623 dire

2239 3681 2359 3728 oue.
2392 3670 2636 3741 Epistula
2679 3684 2895 3741 quoque
2946 3669 3158 3741 ingesta
3202 3676 3288 3723 est
3330 3666 3527 3723 civium
3562 3660 3699 3733 ipsius
3716 3662 3755 3709 et

2239 3778 2529 3820 numerosa
2566 3760 2966 3832 subscriptione
3011 3760 3350 3832 singulorum
3412 3757 3612 3813 ﬁrmata
3652 3746 3756 3805 invi-

2242 3857 2561 3916 diosissimis
2590 3865 2779 3913 contra
2825 3854 3087 3911 Hilarium
3111 3854 3267 3926 plena
3305 3845 3655 3925 querimoniis,
3676 3851 3753 3910 quo

2240 3950 2481 4023 projecto
2508 3950 2759 4020 episc0po
2780 3963 2878 4004 suo
2902 3954 3166 4018 aegrotare
3200 3944 3432 4001 liberum
3462 3954 3562 3995 non
3585 3933 3750 4023 fuisset.

2244 4021 2468 4113 ejusque
2490 4041 2851 4097 sacerdotium
2876 4040 2930 4094 in
2955 4037 3120 4092 alium
3148 4046 3350 4106 praeter
3393 4044 3540 4089 suam
3561 4021 3753 4113 notitiam

2244 4111 2750 4200 esse'translatum,
2790 4141 2846 4187 et
2886 4142 2994 4186 tam
3022 4128 3113 4201 qui
3160 4130 3216 4185 in
3248 4142 3475 4185 vacuam
3519 4111 3755 4193 ῃοεεδεδίο·

2244 4243 2368 4285 nem
2394 4228 2462 4283 ab
2493 4225 2698 4281 Hilario
2726 4238 3044 4295 perversorc
3092 4222 3362 4277 baeredem
3391 4213 3607 4273 viventis
3640 4202 3753 4261 intll-

2246 4330 2413 4377 ctum.
2440 4319 2576 4387 Quid
2605 4317 2690 4373 hic
2727 4316 3041 4372 fraternitas
3068 4323 3244 4369 vestra
3272 4311 3468 4369 sentiat
3496 4305 3754 4373 cuperet!ms

2249 4413 2471 4477 audire,
2530 4424 2840 4481 quanquam
2893 4408 2958 4462 de
3000 4405 3199 4462 vestris
3242 4403 3439 4459 animis
3488 4402 3645 4452 nostra

432 5934 443 5941 .
494 5970 512 5979 υ
599 5894 681 5975 dis
706 5895 1466 5979 ipsius'traustulexunt,qute
1486 5895 1664 5955 nullus
1683 5895 1941 5955 laieorum
1969 5895 2170 5969 dicere,

571 4512 626 4567 et
648 4474 885 4561 debitam
916 4474 1340 4577 metropolitanis
1381 4506 1753 4562 sacerdotibus
1792 4506 1847 4561 in
1878 4520 2032 4562 suum
2059 4474 2149 4574 jus
2252 4474 2741 4563 debeatlsententia
2780 4502 3047 4566 dubitare,
3094 4513 3217 4553 cum
3274 4497 3494 4552 fratrem
3525 4490 3572 4544 in
3608 4474 3754 4577 Ιεείυιξ)

573 4595 906 4652 transferens
960 4596 1307 4669 dignitatem,
1362 4598 1532 4667 ipsius
1578 4612 1792 4668 quoque
1846 4597 2144 4652 beatissimi
2176 4636 2226 4695 Β
2252 4601 2755 4664 constitutum,non
2787 4605 2893 4650 tam
2918 4593 3231 4648 inﬁrmitate
3252 4588 3492 4661 corporis

573 4687 716 4745 Petri
745 4666 1103 4746 reverentiam
1123 4688 1302 4744 verbis
1325 4666 1788 4760 arrogantioribns
1832 4688 2143 4753 minuemlo,
2176 4666 2226 4695 υ
2254 4710 2412 4764 quam
2430 4692 2534 4746 alio
2560 4690 2785 4744 videatis
2799 4688 2982 4742 dolore
3000 4683 3394 4754 torqueri,qu:n
3406 4666 3753 4764 spessillidttvlla

575 4782 659 4839 cui
689 4798 810 4849 cum
842 4798 956 4853 prta
984 4782 1191 4838 caeteris
1222 4750 1482 4846 solvendi:
1522 4788 1578 4836 et
1610 4780 1807 4851 ligandi
1846 4780 2042 4835 tradita
2077 4779 2121 4835 si

2256 4750 2600 4858 relinquitur,
2619 4782 2707 4839 cui
2730 4783 2793 4836 de
2810 4778 3113 4835 sacerdotio
3135 4792 3256 4841 suo,
3279 4777 3403 4829 dum
3424 4769 3492 4826 illi
3512 4762 3646 4819 aliter
3661 4750 3753 4858 sul:-

574 4852 1254 4946 Ροιθιιαδυῇθδθθυδθνυω
1288 4880 1468 4927 tamen
1513 4873 1693 4927 ονίυηι
1731 4887 1861 4927 0³1⁵³
1901 4871 2149 4942 specialis
2256 4852 2521 4945 stituitur,
2569 4878 2838 4949 irmgatur
2868 4870 3174 4944 desperatio
3198 4870 3221 4923 ἲ
3246 4869 3476 4938 Apparet
3507 4868 3618 4924 ενεο
3634 4852 3750 4949 illi“:

579 4927 837 5022 inundata
861 4927 963 5023 est.
1000 4964 1097 5021 Cui
1126 4964 1369 5035 quisquis
1416 4964 1770 5035 principatum
1801 4927 2152 5019 aestit'natde-
2256 4927 2413 5028 ξξιῖίίξ
2440 4927 2712 5027 simul;
2734 4927 3000 5030 natm-ius:
3047 4963 3138 5033 qui
3183 4927 3372 5016 οιιεέέρ
3421 4927 3751 5035 pnasumpl'lwl

578 5057 903 5123 negandum,
926 5055 1070 5113 illius
1095 5033 1313 5126 quidem
1342 5033 1486 5110 nullo
1518 5033 1676 5109 modo
1706 5046 1884 5125 potest
1912 5057 2155 5110 minuere
2262 5081 2372 5121 sum
2402 5063 2653 5118 fraterna:
2706 5058 2897 5114 mortis
2925 5053 3155 5112 credidit
3205 5042 3518 5106 tarditatem.

581 5148 920 5219 dignitatem,
950 5151 1043 5204 sed
1067 5149 1284 5205 inflatus
1308 5150 1500 5221 spiritu
1521 5150 1787 5220 superbire
1818 5166 1927 5204 sua:
1954 5157 2156 5205 semet-
2262 5158 2402 5212 enim
2434 5156 2488 5209 in
2525 5169 2584 5209 se
2623 5153 2741 5215 fuit,
2775 5150 2847 5206 illi
2872 5145 3363 5209 subtraxil‘lueem,
3393 5130 3588 5194 abstulit
3612 5126 3749 5221 Vil‘l‘l‘v

583 5240 759 5312 ipsum
804 5240 857 5297 in
899 5239 1111 5296 inferna
1149 5243 1431 5313 demergit.
1486 5243 1618 5310 Quae
1671 5242 1837 5313 igitur
1889 5246 2029 5312 apud
2059 5257 2157 5298 nos
2264 5263 2383 5318 qua:
2418 5247 2559 5301 bune
2589 5242 2826 5298 dolorem
2882 5240 2934 5293 in
2990 5237 3166 5292 locum
3214 5233 3350 5305 ejus,
3381 5210 3747 5318 alterumflzlﬂ‘

585 5291 758 5312 'r""‘“
805 5291 857 5297 ν*
899 5291 977 5296 ""
1000 5291 1111 5296 ’⁷”“’”
1152 5291 1431 5313 """"'D"'
1492 5291 1616 5310 ιιι-’τ’
1674 5291 1827 5313 ”ῦ“”“”’
1891 5291 2029 5312 “Γ’“““
2060 5291 2155 5298 ’⁵⁷⁷
2266 5291 2281 5303 ⁸
2305 5291 2382 5301 “³νν
2420 5291 2559 5301 ⁸’“¹“ν
2593 5291 2826 5298 “"'"""
2884 5291 2934 5293 ’νὴ
3060 5291 3065 5292 ⁷
3242 5291 3261 5305 ⁸
3338 5291 3348 5298 ’
3599 5305 3608 5317 ,
3644 5297 3654 5310 ο

585 5332 641 5391 in
666 5346 829 5389 causa
876 5332 1148 5389 Celedonii
1210 5335 1449 5406 episcopi
1498 5345 1647 5405 gesta
1696 5333 1940 5389 confecta
1969 5334 2080 5389 sint
2102 5342 2156 5389 et
2265 5291 2460 5408 gaude,
2502 5349 2571 5390 ne
2627 5332 2692 5386 ad
2726 5329 2952 5385 salutem
2984 5326 3061 5381 illi
3112 5338 3363 5380 recursus
3414 5323 3560 5374 esset.

589 5438 701 5449 ,ιμμ
762 5427 1000 5449 ιιειΑμε---
1080 5429 1249 5449 |2__-_9.
1498 5446 1601 5449 μέμ
1666 5446 1712 5449 Α,
1743 5431 1838 5449 ιη--
1895 5437 2153 5449 ..κμ-,ᾎ.Α
2268 5430 2390 5449 πῃ.-
2423 5435 2475 5449 --ι
2509 5423 2683 5449 luunt-
2716 5421 2866 5449 τηου-ε
2918 5419 3156 5449 ιιι-ηειιιιρῖο
3210 5416 3451 5449 ινιτ-ιαηὼ
3500 5415 3582 5449 non

2267 5430 2395 5485 Esto
2423 5435 2481 5480 ut
2509 5423 2686 5481 brevis
2716 5421 2868 5477 fratri
2917 5419 3159 5475 evenerit
3210 5416 3451 5471 humanm
3500 5415 3717 5492 (εοηαηξξως

2270 5482 2528 5577 consueta
2582 5515 2857 5586 migratio,
2905 5510 3033 5581 quid
3096 5508 3197 5564 sibi
3245 5505 3473 5561 Hilarius
3526 5482 3744 5586 qualitati1

2272 5614 2442 5669 aliena
2471 5607 2770 5683 provincia,
2805 5613 2861 5658 et
2895 5602 2947 5657 id
2976 5600 3119 5672 quod
3166 5599 3349 5654 nullus
3379 5584 3663 5650 decessurum
3684 5575 3741 5630 ψ·

2303 5707 2315 5719 ⁶
2368 5720 2373 5721 γ
2566 5697 2843 5721 ιἰμ-ι-Αιιι..-
2898 5693 3146 5721 ιλιι-...κει
3197 5706 3295 5721 ιη...
3340 5685 3557 5721 ηοιντηειι,
3594 5653 3740 5721 ταωνι

584 5438 707 5503 quae
762 5427 1005 5485 Hilarius
1060 5429 1256 5485 dixerit
1303 5432 1428 5486 dum
1490 5446 1611 5486 cum
1656 5431 1844 5486 eodem
1895 5437 2159 5501 prtesente

588 5523 899 5596 supradicto
951 5523 1207 5594 episcopo
1257 5526 1557 5590 audiretur,
1616 5526 1814 5580 inditus
1851 5523 2055 5578 chartis
2075 5537 2160 5578 res

590 5628 709 5675 rum
745 5616 881 5670 ordo
915 5615 1267 5681 demonstrat.
1325 5615 1424 5670 Ubi
1474 5625 1757 5687 postquam
1812 5615 2048 5671 Hilarius
2077 5628 2164 5670 ra-

2274 5707 2386 5762 sius
2425 5712 2514 5757 aut
2566 5697 2845 5754 Patroclus
2898 5693 3149 5749 habuerit
3196 5706 3295 5745 cur
3340 5685 3557 5751 usurpal.
3594 5685 3682 5762 Cl":

2218 5823 2232 5842 .
2276 5803 2450 5872 ipsum
2492 5794 2633 5867 quod
2662 5789 2911 5848 Patroclo
2942 5804 2972 5842 ιι
3005 5787 3133 5843 sede
3160 5751 3738 5873 apostolica

2278 5846 2561 5951 videbatur
2587 5900 2708 5945 esse
2757 5895 3093 5948 concessum,
3125 5873 3456 5973 postmodum
3485 5862 3545 5923 sit
3586 5846 3739 5909 θεαί*

593 5709 850 5765 tionsbile
897 5711 1039 5780 quod
1086 5708 1140 5765 in
1193 5718 1504 5765 sanctorum
1555 5710 1784 5766 concilio
1823 5692 2165 5765 sacerdotum

593 5810 777 5870 posset
799 5804 1129 5874 respondere
1151 5818 1258 5858 non
1290 5803 1497 5867 habuit,
1532 5804 1597 5857 ad
1625 5819 1686 5859 ea
1712 5818 1775 5859 se
1802 5784 2021 5859 occulta
2047 5814 2168 5858 cor-
