3974 6432
150 360 268 428 8.8.5

1367 343 1853 404 DEClti-LTALIUM
1895 345 2291 402 consono.
2986 351 3040 358 κη
3070 337 3123 355 --

3329 342 3433 420 3,36

156 480 242 532 tia
274 474 497 542 meliore
535 472 806 534 sublatum
835 473 1306 544 ?Exspectaretur
1350 481 1498 528 certe
1527 474 1650 520 vota
1681 464 1755 520 ci-
1787 461 1838 522 Λ
1861 468 1960 532 sibi
1985 467 2108 536 jure
2147 469 2455 532 defeiidaut,
2498 468 2747 535 Alienum
2790 467 2880 537 jus
2906 465 3045 522 alter
3070 463 3172 530 sibi
3202 479 3306 522 non
3337 479 3435 525 au-

151 570 332 634 vium,
361 567 665 628 testimonia
697 566 1036 636 populorum,
1069 575 1401 636 qutererctur
1444 563 1742 618 honorato-

155 677 288 726 rum
316 660 598 716 arbitrium
631 700 647 726 ,
672 658 864 718 electio
891 658 1208 714 clericorum
1234 699 1247 721 ,
1277 657 1366 726 qui
1408 656 1460 710 in
1493 655 1746 710 sacerdo-

158 763 283 818 tum
329 751 504 816 solent
548 751 978 807 ordinationibus
1030 749 1099 804 ab
1136 749 1222 804 bis
1272 764 1392 818 qua)
1422 755 1621 804 norunt
1647 745 1749 801 Pa-

157 854 313 906 trum
357 844 572 916 regulas
622 843 903 908 custodiri,
936 851 994 896 ut
1043 841 1353 912 apostolica:
1408 839 1748 896 auctoritatis

158 937 446 998 normain
484 936 737 992 omnibus
785 945 1118 1000 servaretur,
1151 951 1270 1004 quae
1302 935 1543 1004 praecipit
1570 941 1627 986 ut
1655 947 1747 988 sa-

156 1031 359 1090 cerdos
388 1030 632 1087 ecclesiae
680 1030 1008 1101 praefuturus
1037 1046 1142 1084 non
1199 1027 1371 1084 solum
1403 1029 1752 1084 attestatione

156 1121 427 1188 ﬁdelium,
455 1122 549 1177 sed
576 1121 740 1176 etiam
766 1137 954 1176 eorum
979 1122 1069 1190 qui
1105 1120 1234 1175 foris
1261 1129 1387 1175 sunt
1416 1119 1746 1185 testimonio,

156 1211 439 1266 muniatur
480 1227 653 1282 neque
683 1211 844 1267 ullius
865 1211 1103 1268 scandali
1131 1212 1469 1282 relinquatur
1506 1213 1744 1277 occasio,

155 1318 289 1360 cum
328 1317 426 1374 per
446 1318 630 1373 pacem
657 1311 712 1359 et
736 1303 846 1360 Deo
890 1304 1144 1374 placitam
1175 1304 1520 1360 concordiam
1547 1320 1748 1361 conso-

157 1394 256 1450 nis
289 1396 526 1454 omuium
553 1396 764 1458 studiis,
801 1396 892 1467 qui
951 1398 1140 1453 doctor
1180 1399 1332 1467 pacis
1375 1399 1587 1458 futurus
1641 1409 1744 1462 est,

153 1487 469 1545 ordinatur.
503 1486 612 1542 Sed
670 1488 974 1558 insperatus
1025 1491 1396 1546 nescientibus
1433 1492 1749 1561 supervenit

152 1587 216 1636 et
250 1580 571 1651 improvisus
601 1581 880 1650 abscessit,
909 1599 1093 1648 cursu,
1120 1593 1178 1638 ut
1201 1581 1506 1650 didicimus,
1560 1585 1744 1650 celeri,

157 1672 362 1744 itinera
385 1673 550 1728 multa
565 1674 878 1740 conficiens,
907 1685 960 1732 et
984 1677 1418 1748 perlonginqnas
1437 1679 1747 1748 provincias

155 1773 316 1822 tanta
349 1765 741 1821 immaturitate
799 1767 1113 1829 discurrens
1144 1777 1204 1824 ut
1233 1769 1479 1824 videatur
1519 1770 1742 1840 gloriam

153 1855 228 1914 de
263 1857 478 1912 scurrili
519 1857 808 1914 velocitate
832 1860 1014 1930 potius
1043 1875 1206 1931 quam
1256 1862 1576 1918 sacerdotali
1631 1877 1748 1917 mo-

153 1948 444 2006 deratione
463 1959 730 2020 captasse.
764 1949 888 2008 iiiec
943 1953 1091 2008 enim
1138 1955 1468 2010 dlrectarum
1526 1955 1592 2010 ad
1647 1971 1748 2012 nos

151 2039 370 2094 civium
389 2039 554 2096 verba
606 2049 734 2096 sunt
765 2038 1093 2101 litterarum.
1125 2042 1266 2100 Ante
1295 2046 1561 2101 abscessit
1581 2061 1744 2116 quam

153 2147 286 2188 eum
341 2133 558 2190 venisse
614 2148 917 2192 nossemus.
971 2136 1088 2194 Non
1143 2146 1227 2194 est
1276 2139 1379 2196 hoc
1422 2140 1619 2206 redire,
1651 2141 1745 2197 sed

151 2224 368 2299 fugere,
398 2243 501 2284 nec
540 2229 915 2286 salubritatem
964 2231 1280 2302 impendere
1334 2232 1624 2304 diligentia:
1650 2249 1745 2303 pa-

154 2316 400 2384 storalis,
441 2319 668 2375 sedvlm
703 2319 906 2377 inferre
936 2321 1164 2378 latronis
1218 2331 1273 2379 et
1322 2323 1476 2389 furis,
1532 2324 1747 2380 dicente

156 2406 392 2464 Domino
427 2428 441 2464 :
476 2429 495 2462 ι
523 2409 622 2479 Qui
647 2426 753 2467 non
802 2413 970 2468 intrat
1015 2430 1114 2483 per
1157 2413 1379 2483 januam
1431 2416 1484 2470 in
1536 2423 1744 2471 cnrtem

153 2499 364 2567 ovium,
427 2502 522 2558 sed
585 2504 828 2559 ascendit
866 2482 1102 2569 aliunde,
1164 2503 1252 2562 hic
1286 2482 1390 2561 Ἧιτ
1419 2514 1473 2563 et
1501 2507 1641 2562 latro
1663 2517 1748 2565 est

156 2589 349 2657 (Idan.
379 2609 437 2654 ι.
467 2593 543 2663 i).
591 2611 608 2646 ι
638 2594 754 2650 Νυιι
782 2611 915 2666 ergo
958 2597 1194 2654 Hilarius
1225 2607 1330 2653 tam
1387 2600 1596 2655 studuit
1632 2600 1748 2670 epi-

155 2697 384 2756 scopum
416 2700 767 2751 consecrare,
817 2703 980 2759 quam
1025 2703 1148 2744 eum
1176 2690 1356 2760 potius
1394 2691 1486 2761 qui
1514 2701 1746 2762 aegrota.

154 2776 254 2834 bet
278 2777 550 2842 occidere,
581 2787 635 2833 et
661 2780 832 2849 ipsum
862 2795 1024 2851 quem
1057 2782 1403 2852 superposuit
1431 2783 1574 2840 male
1600 2784 1748 2840 ordi-

155 2870 346 2926 nando
371 2871 641 2943 decipere.
673 2871 781 2926 Nos
827 2880 1005 2928 tamen
1055 2875 1199 2943 quod
1253 2874 1411 2930 vobis
1471 2876 1746 2931 credimus

155 2961 276 3019 Deo
287 2961 472 3032 judice
493 2964 836 3034 placiturum,
851 2966 905 3020 in
931 2967 1312 3022 communione
1333 2969 1542 3024 cunctis
1562 2969 1745 3026 fratri-

155 3053 260 3110 bus
300 3056 664 3122 consulentes,
703 3067 758 3113 et
791 3059 933 3125 male
975 3059 1282 3116 ordinatum
1340 3063 1652 3119 submoveri
1689 3071 1746 3120 et

155 3147 470 3219 episcopum
515 3158 571 3205 et
607 3149 904 3220 projectum
935 3152 989 3207 in
1027 3165 1126 3207 suo
1160 3153 1468 3209 sacerdotio
1524 3169 1741 3224 perma-

152 3257 294 3299 nere
317 3244 514 3299 debere
560 3246 918 3303 decrevimus.
965 3247 1021 3302 id
1055 3255 1377 3314 statuentes,
1407 3257 1469 3304 ut
1503 3250 1547 3305 si
1587 3251 1743 3321 quis-

155 3351 326 3408 quam
360 3337 584 3393 fratrum
615 3347 928 3394 nostrorum
978 3337 1032 3395 in
1082 3357 1407 3412 quacunque
1449 3343 1744 3412 provincias

155 3430 458 3494 decesserit
482 3471 497 3498 ,
530 3431 577 3486 i's
605 3431 705 3486 sibi
745 3432 1089 3489 ordinatione
1141 3433 1377 3489 vindicet
1412 3435 1740 3504 sacerdotis,

154 3537 322 3593 quem
353 3522 494 3580 illius
520 3523 811 3595 provinciae
842 3523 1318 3596 metropolitanum
1373 3541 1493 3583 esse
1540 3529 1744 3584 consti-

155 3615 309 3679 terit,
345 3616 493 3685 quia,
535 3623 594 3670 ut
624 3617 892 3679 videmus,
947 3631 1125 3672 causa".
1172 3625 1458 3673 transactze
1502 3628 1647 3684 sunt,
1689 3620 1743 3676 in

153 3711 358 3781 quibus
382 3712 524 3767 enim
559 3713 728 3767 multa
760 3723 903 3777 sunt,
943 3729 1064 3783 qua:
1110 3723 1310 3784 printer
1358 3714 1622 3770 rationem
1652 3729 1742 3770 ec-

154 3801 519 3858 clesiasticam
550 3804 836 3860 videantur
863 3818 984 3859 esse
1010 3804 1321 3868 commissa,
1355 3813 1412 3860 et
1444 3803 1573 3874 justi
1595 3805 1743 3872 judi-

155 3895 226 3950 cii
257 3894 490 3950 debeant
534 3901 850 3967 exspectare
887 3911 1195 3951 censuram.
1247 3895 1352 3951 Sed
1396 3911 1498 3952 nos
1543 3896 1744 3952 diutius

155 3988 256 4044 bic
289 4002 394 4048 non
419 3999 705 4058 possumus
732 3989 1034 4053 immorari,
1063 4004 1185 4043 eum
1209 3988 1274 4042 ad
1295 3989 1398 4045 alia
1423 4004 1544 4060 quae
1562 3990 1750 4045 nobis-

153 4095 285 4137 eum
324 4089 506 4136 vestra
548 4083 840 4150 sanctitate
903 4081 1231 4138 conferenda
1283 4089 1441 4147 sunt,
1491 4097 1748 4153 provoces

153 4189 302 4230 mur.
337 4174 582 4230 Militaris
632 4189 845 4240 manus,
872 4183 934 4230 ut
964 4174 1273 4239 didicimus,
1306 4189 1404 4245 per
1429 4177 1745 4246 provincias

155 4267 406 4337 sequitur
430 4267 786 4331 sacerdotem,
829 4275 883 4322 et
909 4266 1134 4321 armatis
1179 4267 1597 4336 praesumptione
1636 4267 1748 4322 suf-

156 4358 353 4421 fultum
388 4361 454 4415 ad
485 4361 817 4416 invadendas
847 4360 1141 4416 famulatus
1167 4360 1430 4416 ecclesia-5
1469 4377 1589 4430 quae
1624 4376 1745 4428 pro-

153 4453 306 4524 prius
341 4453 635 4508 amiserint.
676 4453 992 4508 Trabuntur
1017 4453 1302 4508 ordinandi
1349 4463 1476 4508 ante
1501 4454 1604 4509 boc
1631 4453 1746 4508 olli-

154 4543 302 4599 cium
334 4543 418 4598 bis
437 4544 631 4614 quibus
655 4544 976 4614 praeticicn'dl
1005 4553 1130 4598 sunt
1157 4543 1465 4600 civitatibus
1487 4544 1743 4615 ignorati.

158 4634 228 4690 Ut
264 4635 408 4690 enim
449 4644 606 4690 notus
633 4636 722 4704 qui
769 4635 930 4689 fuerit
979 4636 1238 4706 probatus
1267 4653 1365 4706 per
1387 4651 1574 4705 pacem
1601 4637 1740 4706 peti-

157 4737 262 4788 tur,
300 4725 375 4781 ita
405 4739 501 4796 per
542 4727 648 4781 vim
680 4740 902 4782 necesse
947 4727 1143 4796 estqui
1191 4728 1404 4796 ignotus
1435 4728 1738 4794 adducitur,

157 4819 484 4888 imponatur.
536 4818 793 4876 Obtestor
824 4827 883 4874 et
904 4820 1154 4885 obsecro,
1201 4830 1254 4875 et
1280 4821 1379 4874 sub
1411 4820 1504 4875 Dei
1538 4837 1633 4874 vos
1666 4822 1742 4876 in-

156 4911 442 4977 vocatione
501 4911 787 4976 convenio,
838 4912 1150 4981 prohibere,
1215 4912 1434 4977 fratres,
1492 4913 1640 4978 talia,
1685 4921 1742 4969 et

156 5017 374 5060 omnem
415 5005 770 5061 dissensionis
818 5007 1103 5061 materiam
1163 5006 1228 5061 de
1273 5007 1470 5061 vestris
1519 5009 1739 5077 provin-

156 5096 262 5153 ciis
282 5109 582 5152 removere.
635 5097 795 5152 Certe
853 5114 951 5152 nos
1005 5108 1133 5153 ante
1185 5099 1353 5153 Deum
1387 5099 1736 5167 absolvimus,

156 5189 248 5261 qui
281 5204 380 5244 vos
420 5203 491 5244 ne
519 5189 846 5259 permittatis
883 5190 1024 5244 ultra
1055 5189 1171 5246 bace
1201 5191 1314 5245 fieri
1361 5192 1732 5247 convenimus.

156 5284 260 5341 Per
287 5299 474 5353 pacem
499 5293 556 5338 et
579 5284 814 5353 quietem
865 5284 1197 5350 sacerdotes,
1259 5285 1347 5353 qui
1400 5283 1564 5338 futuri
1614 5295 1742 5340 sunt

155 5375 514 5446 postulentur.
545 5375 819 5431 Teneatur
839 5377 1161 5445 subscriptio
1203 5376 1545 5439 clericorum,
1572 5376 1741 5431 bono-

158 5477 398 5523 ratorum
422 5468 811 5529 testimonium,
844 5467 1050 5522 ordinis
1097 5482 1393 5523 consensus
1442 5476 1497 5522 et
1541 5468 1733 5536 plebis.

159 5560 259 5628 Qui
305 5560 631 5631 praefuturus
678 5567 762 5615 est
796 5559 1050 5614 omnibus
1081 5562 1150 5614 ab
1179 5561 1432 5615 omnibus
1481 5559 1729 5628 eligatur.

160 5649 564 5707 Ordinationem
609 5652 734 5716 sibi,
785 5659 843 5704 ut
887 5659 1012 5706 ante
1065 5651 1177 5719 jam
1237 5652 1488 5717 diximus,
1540 5653 1737 5724 singuli

161 5743 557 5814 metropolitani
610 5759 826 5799 suarum
883 5744 1282 5814 provinciarum
1330 5761 1452 5800 cum
1496 5745 1584 5801 bis
1639 5747 1731 5815 qui

163 5844 386 5898 casteros
419 5836 708 5913 sacerdotii
741 5836 1063 5907 antiquitate
1092 5838 1448 5909 prawcniunt,
1487 5839 1734 5896 restituto

1847 561 1972 618 deat
2009 563 2306 618 vindicare.
2360 563 2484 618 Suis
2531 563 2794 625 limitibus
2824 602 2839 626 ,
2893 561 3008 616 suis
3062 558 3327 626 terminis,
3361 558 3450 626 sit,

1850 658 2218 728 unusquisque
2245 665 2548 714 contentus.
2583 659 2650 714 Et
2675 657 3013 728 privilegium
3052 655 3153 711 sibi
3187 652 3434 713 debitum.

1851 750 1903 806 in
1954 751 2118 806 alium
2172 752 2468 806 transferre
2522 768 2580 806 se
2623 767 2784 806 nosse
2830 749 3042 806 noverit
3097 764 3204 804 non
3244 747 3429 802 licere.

1850 843 2002 910 Quod
2029 845 2072 898 si
2111 845 2230 912 quis
2265 845 2542 914 negligens
2572 844 2901 914 apostolicas
2925 843 3259 904 sanctiones,
3313 839 3435 910 plus

1849 935 2034 1002 gratiae
2067 936 2308 990 tribuens
2338 936 2625 1005 personali,
2653 936 2733 990 sui
2777 936 3001 990 honoris
3043 934 3288 988 desertor
3313 945 3445 987 esse.

1849 1025 2100 1090 voluerit,
2165 1027 2503 1096 privilegium
2566 1042 2722 1082 suum
2781 1027 2834 1081 in
2906 1027 3072 1081 alium
3134 1022 3434 1078 transferre

1852 1133 2011 1187 posse
2055 1132 2113 1172 se
2156 1117 2416 1184 credens,
2457 1133 2561 1172 non
2596 1119 2641 1173 is
2680 1118 2764 1173 cui
2795 1118 3056 1181 cesserit,
3117 1117 3210 1171 sed
3264 1116 3308 1168 is
3343 1112 3448 1184 qui;

1850 1208 1995 1264 intra
2057 1210 2390 1280 provinciam
2451 1212 2774 1280 antiquitate
2839 1208 3132 1279 episcopali
3204 1214 3436 1262 caeteros

1850 1301 2016 1372 2.19
2067 1302 2328 1370 praevenit
2376 1305 2683 1359 sacerdotes
2717 1300 3000 1358 ordinandi
3056 1302 3156 1356 sibi
3204 1301 3448 1356 vindicet

1849 1402 2193 1462 potestatem,
2236 1409 2340 1448 non
2369 1410 2488 1463 quae
2513 1397 2732 1465 passim,
2759 1396 2851 1450 sed
2876 1394 2962 1450 die
3007 1393 3246 1462 legitimo
3295 1390 3438 1446 cele-

1849 1488 2054 1542 bretur.
2087 1488 2196 1544 Nec
2221 1490 2318 1546 sibi
2342 1499 2593 1545 constare
2624 1499 2800 1547 status
2825 1492 2908 1545 sui
2947 1491 3156 1547 noverit
3210 1489 3438 1543 ﬁrmita-

1850 1589 1982 1645 tem,
2014 1581 2107 1651 qui
2139 1598 2242 1636 uon
2274 1583 2360 1637 die
2398 1585 2603 1639 sabbati
2639 1601 2883 1656 vespere,
2924 1588 3067 1654 quod
3112 1585 3335 1639 lucescit
3382 1584 3438 1638 in

1847 1676 2080 1744 primam
2113 1677 2317 1732 sabbati
2351 1679 2434 1732 vel
2464 1680 2581 1747 ipso
2601 1679 2882 1736 Dominico
2903 1680 2990 1735 die
3017 1679 3177 1735 fuerit
3218 1678 3439 1732 ordina-

1850 1777 1957 1824 tus.
1995 1769 2180 1826 Solum
2211 1772 2352 1826 enim
2383 1770 2616 1840 majores
2647 1775 2816 1828 nostri
2870 1771 3286 1827 resurrectionis
3336 1771 3438 1824 Do-

1779 1840 1822 1902 Β
1852 1861 2065 1917 minicte
2091 1861 2232 1918 diem
2263 1863 2469 1917 honore
2491 1863 2710 1935 dignum
2732 1862 3067 1932 judicavere,
3097 1871 3158 1916 ut
3189 1859 3436 1914 sacerdo-

1848 1959 1932 2008 tes
1959 1953 2049 2023 qui
2079 1963 2365 2010 sumuntur
2421 1954 2524 2009 hoc.
2587 1955 2673 2010 die
2719 1954 3058 2023 potissimum
3113 1952 3436 2006 tribuantur.

1849 2045 1974 2101 Suis
2012 2062 2138 2113 una,
2168 2061 2396 2117 quaeque
2439 2048 2716 2118 provincia
2760 2048 2829 2103 sit
2869 2055 3121 2103 contenta
3179 2043 3439 2109 consiliis,-

1846 2153 1947 2194 nec
1976 2139 2116 2194 ultra
2144 2137 2377 2193 Hilarius
2409 2141 2602 2195 amicat
2655 2149 2952 2194 conventus
2994 2138 3232 2193 indicere
3273 2145 3438 2206 syno-

1847 2229 2014 2298 daies,
2046 2239 2101 2286 et
2127 2231 2466 2286 sacerdotum
2494 2231 2705 2286 Domini
2733 2231 2936 2301 judicia
2968 2243 3028 2284 se
3066 2224 3438 2283 interserendo

1847 2323 2089 2386 turbare,
2121 2322 2211 2394 qui
2238 2339 2343 2379 non
2374 2331 2580 2378 tantum
2623 2323 2834 2378 noverit
2889 2337 2947 2378 se
2989 2320 3058 2375 ab
3094 2319 3270 2374 alieno
3314 2315 3441 2386 iure

1848 2413 2148 2483 depulsum,
2203 2416 2298 2470 sed
2350 2417 2512 2471 etiam
2558 2414 2883 2470 Viennensis
2930 2411 3220 2484 provincia:
3277 2421 3440 2478 quam

1849 2506 1989 2560 male
2016 2519 2374 2578 usurpaverat
2401 2517 2671 2578 potestate
2710 2509 2998 2578 privatum.
3067 2506 3296 2576 Dignum
3355 2511 3441 2585 est

1848 2600 2010 2665 enim,
2043 2601 2259 2667 fratres,
2291 2603 2632 2672 antiquitatis
2675 2610 2874 2657 statuta
2923 2601 3185 2669 reparari,
3235 2615 3358 2656 cum
3390 2598 3437 2656 is

1850 2696 1942 2766 qui
1966 2695 2067 2750 sibi
2097 2696 2498 2752 ordinationem
2531 2696 2824 2766 provincire
2875 2694 3128 2750 indebitae
3178 2693 3438 2749 vcndica-

1847 2788 1957 2853 bat,
1988 2789 2110 2844 talis
2142 2790 2193 2844 in
2216 2791 2466 2858 prirseuti
2494 2791 2657 2846 etiam
2693 2791 2950 2860 probatus
2981 2787 3162 2852 fuerit,
3215 2798 3274 2842 ut
3313 2801 3436 2844 cum

1846 2881 1962 2953 ipse
2012 2882 2348 2950 frequentius
2395 2882 2700 2938 temerariis
2751 2891 2806 2936 et
2859 2879 3210 2936 insolentibus
3258 2877 3440 2934 verbis

1847 2975 2167 3032 sententiam
2199 2975 2560 3031 damnationis
2586 2981 2900 3043 expeteret,
2950 2987 3061 3028 sua:
3104 2977 3309 3026 tantum
3359 2969 3440 3025 ci-

1846 3067 2029 3123 vitatis
2057 3066 2130 3122 illi
2183 3067 2547 3122 sacerdotium
2601 3083 2698 3137 pro
2721 3063 2866 3121 sedis
2907 3064 3215 3135 apostolicae
3241 3063 3444 3133 pietate

1847 3159 2141 3230 praeceptio
2167 3167 2352 3214 nostra
2377 3159 2695 3214 servaverit.
2727 3157 2842 3213 Non
2867 3171 2996 3228 ergo
3023 3157 3093 3211 sit
3121 3153 3194 3210 illi
3221 3154 3440 3210 ordina-

1849 3253 1977 3308 tinni
2006 3269 2112 3308 non
2145 3253 2343 3319 ordini,
2376 3254 2466 3322 qui
2499 3252 2676 3308 meriti
2702 3251 2782 3308 sui
2805 3252 3055 3307 conscius
3081 3265 3202 3306 cum
3231 3261 3440 3320 quaere-

1848 3353 2000 3401 retur
2028 3345 2094 3401 ad
2124 3346 2511 3410 accusandum,
2547 3344 2688 3415 turpi
2741 3345 2866 3416 fuga
2922 3360 2981 3400 se
3029 3337 3258 3399 credidit
3313 3339 3440 3396 sub-

1849 3437 2168 3494 trahendum
2213 3453 2277 3492 ex
2326 3438 2437 3492 oris
2486 3436 2793 3507 apostolicae
2826 3432 3239 3497 communionis,
3286 3429 3441 3500 cujus

1845 3529 2118 3599 particeps
2143 3545 2262 3584 esse
2288 3545 2395 3584 non
2424 3531 2645 3594 meruit,
2680 3529 2810 3592 Deo,
2881 3537 2941 3582 ut
2995 3526 3286 3588 credimus,
3336 3525 3441 3602 hoc

1849 3631 2068 3692 agente,
2101 3622 2190 3690 qui
2220 3621 2367 3677 illum
2420 3622 2767 3691 opinantibus
2800 3620 2955 3675 nobis
3006 3626 3060 3674 et
3111 3617 3175 3673 ad
3232 3615 3451 3684 judicia.

1847 3720 2028 3769 nostra
2058 3714 2360 3783 pertraxit,~
2382 3723 2435 3770 et
2463 3715 2603 3768 inter
2629 3712 3058 3768 examinationes
3078 3709 3311 3774 habitas,
3369 3720 3438 3762 ne

1847 3806 2240 3862 communionis
2265 3815 2465 3861 nostra:
2503 3821 2728 3862 consors
2779 3806 2956 3868 lieret,
3004 3810 3066 3857 ut
3117 3799 3448 3876 abscederet.

1846 3899 2077 3955 latenter
2096 3899 2888 3964 efl‘ecit,nuliiChristianorum
2917 3896 3072 3952 facile
3103 3892 3432 3958 communio,

1848 3991 2156 4060 denegatur,
2184 4007 2283 4046 nec
2311 3993 2377 4046 ad
2409 3992 2737 4063 indignantis
2767 3991 2856 4045 fiat
2900 3990 3006 4045 hoc
3037 3987 3321 4046 arbitrium
3349 4001 3466 4056 sae.

1848 4084 2081 4139 cerdotis
2112 4084 2237 4153 quid
2275 4085 2326 4139 in
2352 4085 2530 4156 magni
2557 4094 2740 4140 reatus
2761 4084 3018 4140 ultionem
3042 4082 3241 4137 invitus
3269 4080 3452 4158 etdo-r

1845 4177 1962 4232 iens
1990 4179 2386 4248 quodammodo
2416 4179 2574 4234 debet
2599 4180 2810 4234 animus
2837 4177 3178 4232 vindicantis.
3230 4175 3446 4246 C0gll0-,_

1848 4270 2025 4324 vimus
2045 4270 2185 4324 enim
2209 4285 2306 4340 pro
2333 4271 2637 4325 commissis
2657 4279 2711 4325 et
2737 4269 2948 4324 levibus
2969 4269 3149 4324 verbis
3175 4253 3448 4341 quosdam

1849 4385 1877 4419 a
1903 4365 2074 4434 gratia
2101 4363 2496 4418 communionis
2521 4362 2792 4425 exclusos,
2819 4369 2871 4415 et
2902 4361 3140 4415 animam
3184 4375 3282 4430 pro
3330 4371 3450 4438 qua"

1849 4456 2048 4512 Christi
2101 4456 2320 4526 sanguis
2371 4454 2575 4510 cll'usns
2618 4466 2721 4521 cst,
2762 4455 3093 4522 irrogatione
3144 4461 3252 4507 tam
3303 4447 3448 4532 saevi

1849 4548 2091 4618 supplicii
2125 4549 2442 4609 sauciatam,
2467 4557 2520 4604 ct
2549 4548 2808 4602 inermem
2863 4545 3279 4616 quodammodo,
3303 4558 3434 4614 exu-

1825 4633 2068 4708 'tamque
2117 4639 2261 4693 omni
2326 4639 2622 4692 munimine
2672 4635 2951 4692 diabolicis
3014 4634 3335 4698 incursibus,
3376 4639 3452 4717 ut

1850 4732 2006 4786 facile
2028 4741 2333 4802 caperetur,
2357 4731 2643 4799 obiectam.
2668 4730 2826 4785 Certe
2853 4731 2894 4785 si
2925 4730 3142 4801 quando
3163 4744 3324 4804 causa
3355 4736 3436 4783 ta-

1848 4825 1915 4880 lis
1940 4825 2244 4889 emcrscrit,
2297 4833 2356 4878 ut
2408 4841 2508 4894 pro
2548 4823 2820 4879 commissi
2886 4821 3129 4878 criminis
3175 4821 3440 4892 qualitate

1849 4921 2243 4991 aliquemjuste
2266 4919 2824 4975 faciatcommunione
2847 4916 3072 4988 privari,
3125 4915 3172 4972 is
3223 4902 3433 4972 tantum

1844 5031 1981 5085 pene
2010 5001 2319 5069 subden7ius
2348 5022 2449 5077 est,
2490 5028 2650 5083 quem
2679 5020 2861 5066 reatus
2891 5009 3148 5074 involvit,
3182 5024 3284 5065 nec
3311 5025 3432 5079 par-

1849 5107 2019 5176 ticeps
2048 5122 2166 5162 esse
2192 5105 2468 5174 supplicii,
2503 5104 2592 5174 qui
2626 5119 2848 5158 consors
2872 5117 2975 5156 non
3009 5100 3234 5156 docetur
3283 5094 3436 5169 com-_

1843 5197 2016 5252 missi.
2052 5196 2154 5251 Sed
2179 5195 2306 5266 quid
2344 5195 2540 5248 mirum
2568 5209 2690 5247 eum
2729 5195 2781 5246 in
2807 5191 2971 5246 laicos
2994 5190 3152 5245 talem
3177 5190 3428 5255 existere.

1840 5288 1929 5357 qui
1960 5288 2130 5341 soleat
2150 5287 2490 5342 sacerdotum
2521 5285 2888 5340 dominatione
2939 5282 3222 5356 gaudere?
3274 5281 3444 5347 Unde

1841 5379 1963 5447 quia
1987 5387 2167 5432 nostra
2205 5379 2358 5448 longe
2389 5377 2490 5431 alia
2522 5377 2735 5431 videtur
2762 5375 3007 5442 intentio,
3035 5391 3159 5430 nam
3187 5373 3437 5450 omnium

1840 5469 2188 5524 ecclesiarum
2220 5465 2417 5523 statum
2469 5476 2523 5522 et
2577 5468 2922 5523 concordiam
2971 5465 3230 5522 custodiri
3279 5462 3426 5537 cupi-

1839 5578 1960 5616 mus
1981 5560 2338 5623 sacerdotum,
2365 5560 2429 5613 ad
2457 5561 2718 5615 unitatem
2751 5575 2847 5614 vos
2876 5558 3089 5613 vinculo
3144 5553 3426 5628 citaritatis

1837 5653 2122 5708 b‘ortantes
2142 5652 2498 5716 obtestamur,
2529 5663 2583 5706 ct
2609 5650 2890 5705 affectione
2921 5662 3155 5717 congrua
3181 5659 3426 5708 commo—

1837 5762 2043 5806 nemus,
2076 5758 2216 5801 utea
2239 5761 2358 5815 quze
2389 5761 2421 5800 a
2446 5744 2602 5799 nobis
2632 5745 2744 5798 Deo
2772 5742 3070 5812 inspirante
3121 5748 3176 5794 et
3223 5736 3425 5793 beatis.

1839 5840 1974 5914 sime
2005 5840 2164 5894 Petro
2189 5839 2427 5911 apostolo
2452 5838 2706 5896 discussis
2738 5835 3086 5909 probatisque
3132 5848 3274 5902 nunc
3301 5846 3423 5913 ριηυ
