3974 6432
497 380 601 439 887

494 497 656 553 nibus
684 490 864 548 causis
884 490 1096 547 decreta
1118 493 1264 555 sunt,
1287 502 1386 559 pro
1421 494 1604 543 vestra
1645 499 1779 557 pace
1809 485 1880 539 'et
1899 479 2074 552 digni-
2103 475 2158 537 Α

499 595 609 644 tate
634 585 877 649 servetis,
901 583 1034 638 certi
1066 596 1172 636 non
1203 589 1308 636 tam
1341 587 1526 634 nostro
1567 576 1760 634 honori
1811 575 2076 647 prolicere

498 677 640 747 quod
663 675 786 729 talia
809 672 1066 728 statuisse
1095 669 1490 741 cognoscimur.
1550 667 1666 723 Non
1721 666 1866 722 enim
1921 664 2078 719 nobis

499 765 872 823 ordinationes
933 770 1237 818 vestrarum
1287 759 1686 831 provinciarum
1741 757 2079 814 defendimus

500 855 642 926 quod
669 861 844 925 potest
865 852 1090 908 forsitan
1123 853 1189 908 ad
1217 851 1588 923 depravandos
1633 859 1830 906 vestrae
1877 849 2082 904 sancti-

503 945 627 1000 tatis
653 943 864 998 animos
894 941 1129 998 Hilarius
1149 957 1246 1012 pro
1273 957 1372 997 suo
1401 956 1551 997 more
1577 940 1816 1005 mentiri,
1846 939 1941 994 sed
1985 953 2083 1008 per

499 1043 736 1090 vestram
766 1033 1177 1089 sollicitudinem
1207 1033 1561 1097 vindicamus,
1603 1047 1672 1087 ne
1693 1031 1820 1102 quid
1856 1029 2082 1085 ulterius

502 1127 666 1184 liceat
711 1125 956 1187 novitati,
1003 1139 1105 1180 nec
1147 1123 1522 1195 praesumptori
1573 1122 1726 1178 locus
1783 1120 1924 1177 ultra
1971 1117 2083 1188 jam

490 1209 684 1290 'pateat
705 1217 982 1288 privilegia
1012 1223 1196 1270 nostra
1235 1215 1508 1270 cassandi.
1539 1213 1748 1269 Nostra:
1785 1212 1930 1268 enim
1962 1225 2086 1282 gra-

506 1309 752 1364 tulationi
779 1310 880 1363 hoc
899 1305 1072 1362 solum
1098 1321 1348 1362 crescere
1375 1306 1720 1377 profitemur,
1777 1305 1822 1359 si
1869 1311 2088 1374 aposto-

505 1401 624 1457 licae
646 1401 788 1457 sedis
817 1400 1093 1471 diligentia
1133 1401 1274 1471 apud
1321 1414 1416 1454 vos
1466 1399 1673 1454 illibata
1707 1405 1970 1461 servetur,
2029 1403 2086 1451 et

505 1511 604 1566 per
630 1495 981 1551 sacerdotalis
1005 1495 1305 1565 disciplina:
1324 1494 1626 1550 custodiam
1647 1492 1730 1547 ori
1759 1501 1943 1547 vestro
1969 1505 2087 1560 per-

508 1588 590 1644 ire
629 1587 771 1658 quod
815 1603 969 1643 suum
1001 1581 1085 1642 est
1142 1602 1241 1658 pro
1291 1587 1446 1641 novis
1495 1584 1938 1655 usurpationibus
1979 1597 2090 1638 non

509 1681 767 1737 sinamus.
794 1681 860 1735 Et
897 1680 1151 1750 quoniam
1200 1680 1513 1734 honoranda
1561 1686 1645 1734 est
1692 1690 1906 1747 semper
1951 1675 2094 1730 anti-

509 1773 710 1844 quitas,
740 1771 963 1826 fratrem
990 1780 1046 1826 et
1083 1771 1456 1842 coepiscopum
1506 1779 1754 1824 nostrum
1805 1767 2091 1822 Leontium

1321 369 1612 430 APPEND.
1641 365 1735 424 AD
1774 361 1950 422 SEC.
1987 359 2082 416 IX.
2109 389 2180 401 —
2201 357 2456 416 lSlDORl
2485 357 2934 415 MERCATORIS

2251 471 2435 527 LXIX.
2460 501 2530 512 ——
2551 471 2632 525 Ad
2662 470 2983 525 Theodorum
3017 467 3430 541 Forojuliensem
3449 468 3777 542 episcopum-

2253 566 2364 622 Lso
2385 565 2676 620 Turonono
2711 565 2964 636 episcopo
2986 563 3369 634 Forojuliensi.

2253 658 2644 714 Sollicitudinis
2666 658 2882 726 quidem
2914 665 3016 712 tute
3039 658 3086 712 is
3125 657 3260 713 ordo
3298 671 3420 712 esse
3478 656 3774 720 debuerat,

2183 759 2244 806 ut
2271 767 2390 806 cum
2421 750 2834 821 metropolitano
2863 761 2953 806 tuo
2980 751 3253 822 primitus,
3276 749 3341 806 de
3363 765 3429 806 eo
3458 751 3610 821 quod
3635 765 3788 821 qua:-

2183 843 2409 898 rendum
2445 842 2727 898 videbatur
2759 858 2911 909 esse,
2963 843 3264 909 conferres,
3320 859 3386 898 ac
3435 843 3484 897 si
3533 842 3588 897 id
3637 843 3786 911 quod

2187 932 2469 1003 ignorabat
2498 932 2715 988 dilectio
2749 942 2857 996 tua,
2903 933 3063 988 etiam
3108 933 3226 1003 ipse
3266 933 3523 997 nesciret,
3589 931 3788 987 instrui

2187 1036 2286 1077 vos
2312 1021 2513 1093 pariter
2541 1022 2852 1092 posceretis,
2876 1023 3003 1092 quia
3030 1023 3082 1076 in
3113 1023 3292 1077 causis
3317 1037 3436 1092 qua:
3482 1021 3553 1076 ad
3612 1034 3782 1092 gene-

2147 1187 2174 1195 ‘
2189 1113 2426 1169 neralem
2447 1113 2848 1169 observantiam
2872 1114 3143 1184 pertinent
3163 1113 3403 1168 omnium
3426 1111 3649 1167 Domini
3695 1126 3791 1167 sa-

2190 1206 2468 1261 cerdotum
2493 1205 2611 1260 sine
2646 1204 2970 1274 primatibus
3020 1213 3235 1276 oportet
3263 1203 3489 1276 inquiri.
3547 1203 3684 1267 Sed,
3729 1211 3791 1256 ut

2192 1312 2410 1368 quoquo
2458 1297 2618 1352 modo
2675 1296 2976 1351 instruatur
3045 1295 3368 1366 ambiguitas
3423 1295 3790 1359 consulentis,

2194 1388 2324 1460 quid
2364 1387 2430 1443 de
2465 1387 2847 1458 pmnitentium
2869 1396 3016 1442 statu
3041 1387 3411 1442 ecclesiastica
3463 1387 3674 1442 habeat
3713 1401 3792 1442 re-

2196 1480 2316 1552 gula
2340 1495 2447 1536 non
2482 1479 2690 1535 tacebo.
2717 1479 2991 1550 Multiplex
3017 1479 3390 1534 misericordia
3411 1478 3510 1533 Dei
3536 1478 3616 1531 ita
3640 1477 3794 1546 lapsi-

2195 1571 2298 1626 bus
2323 1570 2576 1625 subvenit
2599 1569 2872 1636 humanis,
2921 1578 2983 1624 ut
3026 1585 3134 1624 non
3179 1568 3352 1624 solum
3400 1583 3501 1640 per
3538 1566 3796 1639 baptismi

2198 1661 2450 1730 gratiam,
2485 1659 2580 1714 sed
2627 1659 2794 1714 etiam
2825 1675 2922 1730 per
2944 1659 3276 1730 poenitentiae
3301 1657 3639 1714 medicinam
3679 1672 3796 1729 spes

2200 1752 2325 1807 vitae
2351 1759 2632 1822 reparetur
2653 1760 2889 1816 aeternae,
2913 1761 2969 1807 et
2995 1752 3086 1821 qui
3119 1750 3555 1821 regenerationis
3589 1750 3791 1804 donum

508 1840 842 1934 probabilem
877 1840 1236 1928 sacerdotem,
1269 1840 1391 1926 hac,
1428 1863 1470 1917 si
1503 1861 1654 1916 vobis
1678 1859 1873 1930 placet,
1920 1850 2129 1928 digni-1

2217 1843 2464 1898 violasset
2492 1843 2714 1914 proprio
2737 1858 2794 1898 se
2815 1841 3022 1911 judicio
3058 1841 3485 1896 condem'nantes
3515 1841 3587 1895 ad
3612 1840 3798 1894 remis-

514 1961 624 2008 tate
658 1953 903 2008 volumus
950 1953 1218 2018 decorari,
1248 1962 1308 2008 ut
1365 1960 1561 2023 praeter
1607 1951 1723 2021 ejus
1774 1963 2097 2006 consensum

2217 1936 2408 1989 sionem
2433 1933 2720 1989 criminum
2747 1932 3111 2004 pervenirent,
3153 1933 3232 1988 sic
3295 1929 3496 1985 divinae
3532 1928 3796 1984 bonitatis

513 2044 736 2100 alterius
765 2046 1060 2115 provincia:
1088 2061 1194 2100 non
1224 2046 1494 2101 iudicatur
1518 2059 1548 2098 a
1571 2051 1756 2098 vestra
1807 2042 2101 2098 sanctitate

2217 2024 2468 2098 prasidiis
2490 2023 2775 2088 ordinatis,
2806 2031 2866 2078 ut
2904 2021 3237 2094 indulgentia
3263 2021 3383 2087 Dei,
3434 2019 3543 2074 nisi
3593 2019 3798 2089 suppli-

513 2138 824 2203 concilium,
848 2147 904 2193 et
928 2155 956 2193 a
987 2139 1143 2194 vobis
1170 2140 1422 2194 omnibus
1447 2180 1462 2203 ,
1517 2136 1973 2207 quemadmodum
2009 2150 2103 2190 ve-

2217 2117 2424 2173 natione
2471 2115 2812 2172 sacerdotum
2842 2122 3077 2185 nequeat
3105 2113 3359 2168 obtineri.
3439 2110 3799 2166 Mediatorem

514 2237 692 2284 tustas
711 2228 828 2298 ejus
854 2238 906 2283 et
937 2229 1180 2299 probitas
1209 2229 1400 2298 exigit,
1451 2205 1751 2284 honoretur
1789 2227 2105 2298 metmpolio
2207 2210 2351 2266 enim
2376 2209 2544 2264 θεῖοι
2574 2209 2869 2274 hominum.
2921 2209 3082 2262 ὶιοηὶο
3121 2206 3370 2262 Christus
3417 2205 3606 2271 13505»
3654 2205 3793 2261 hanc

526 2318 671 2374 tanis
716 2318 981 2389 privilegii
1033 2320 1113 2374 sui
1162 2319 1424 2388 dignitate
1469 2327 1702 2375 servata.
1730 2317 1968 2389 Equum
2025 2327 2109 2373 est

2217 2301 2513 2372 praepositis
2545 2300 2798 2356 Ecclesiae
2830 2299 3416 2369 tradiditpotestatem,
3462 2305 3525 2352 ut
3571 2305 3632 2352 et
3676 2310 3804 2375 con:

517 2409 663 2464 enim
697 2424 795 2464 nec
819 2409 909 2464 ulli
940 2407 1202 2464 fratribus
1231 2410 1348 2464 ﬁeri
1385 2409 1602 2465 videtur
1650 2408 1871 2477 injuria,
1921 2409 1966 2462 si
2022 2407 2110 2462 his

2217 2393 2490 2450 fitentibus
2541 2393 2810 2448 actionem
2858 2391 3194 2463 pmnitentia:
3235 2393 3446 2456 darent,
3498 2397 3555 2446 et
3603 2382 3806 2444 saluhrl

517 2501 612 2572 qui
637 2510 907 2556 vetustate
938 2501 1271 2572 praecedunt,
1300 2516 1397 2570 pro
1426 2501 1604 2556 aetatis
1652 2516 1764 2555 sua:
1815 2499 2012 2555 merito
2055 2499 2110 2553 in

2217 2485 2584 2550 satisfactione
2607 2479 2859 2556 phrgatos
2879 2483 3312 2539 communionem
3335 2490 3807 2538 sacramentorum

519 2593 634 2648 suis
685 2593 974 2664 provinciis
1015 2609 1044 2648 a
1103 2593 1477 2648 sacerdotibus
1539 2594 1752 2648 caeteris
1813 2591 2107 2647 deferatur.

522 2681 666 2737 Deus
692 2699 786 2738 vos
818 2684 1114 2739 incolumes
1136 2685 1426 2749 custodiat,
1457 2683 1654 2739 fratres
1681 2685 1805 2739 mei.

580 2773 960 2832 LXVlll.—Ad
980 2778 1329 2833 ‘iauemn'umA
1338 2777 1638 2832 relatensem
1652 2777 2114 2848 archiepiscopum.

583 2863 992 2922 Provectionem
1025 2868 1330 2923 dilectionis
1370 2877 1472 2922 tuae
1515 2883 1635 2937 quae
1690 2869 1887 2923 summi
1934 2883 2117 2923 sacer-

525 2956 656 3012 dotii
681 2957 873 3028 adepta
902 2967 986 3014 est
1012 2960 1268 3031 dignitate
1300 2960 1372 3014 ita
1401 2959 1555 3014 nobis
1577 2957 1790 3028 placere
1831 2973 2115 3029 cognosce,

528 3058 590 3108 ut
625 3064 730 3104 non
763 3050 934 3104 solum
967 3051 1062 3106 tibi
1100 3053 1166 3106 de
1189 3052 1410 3106 honoris
1451 3058 1760 3122 augmento,
1813 3052 1905 3105 sed
1953 3050 2117 3105 etiam

527 3139 828 3196 Arelatensi
884 3141 1174 3208 Ecclesiae,
1237 3159 1322 3198 CIII
1384 3153 1436 3200 te
1488 3142 1748 3199 Dominus
1804 3141 2117 3214 prmposuit,

2213 2575 2548 2648 perjanuam
2571 2575 3030 2631 reconciliationis
3059 2575 3431 2629 admitterent.
3487 2572 3588 2628 Cui
3623 2572 3807 2641 utique

2215 2670 2367 2740 operi
2399 2671 2513 2740 ipse
2549 2668 2798 2724 Salvator
2822 2668 3138 2733 intervenit,
3171 2682 3272 2723 nec
3321 2681 3562 2737 unquam
3621 2667 3691 2721 ab
3713 2665 3808 2721 his

2217 2762 2370 2818 abest
2397 2778 2517 2833 qute
2543 2761 2812 2817 ministris
2842 2762 2955 2816 suis
2980 2761 3325 2831 exsequenda
3377 2755 3677 2824 commisit,
3734 2760 3806 2814 di-

2219 2872 2382 2913 cens:
2413 2876 2431 2908 ‹
2483 2856 2619 2911 Ecce
2657 2870 2790 2926 ego
2824 2855 3102 2911 vobiscum
3141 2870 3269 2909 sum
3318 2855 3590 2910 omnibus”
3623 2853 3806 2909 diebus

2219 2962 2390 3016 usque
2433 2947 2501 3000 ad
2553 2945 3073 3002 consummationem
3120 2944 3302 3000 saeculi
3360 2944 3577 3016 (Matth.
3619 2960 3792 3000 ιιι-ιιι

2219 3038 2332 3109 20),
2373 3056 2393 3090 ι
2423 3046 2481 3091 ιιι
2506 3037 2550 3092 si
2585 3037 2715 3108 quid
2756 3052 2852 3108 per
2890 3037 3205 3092 servitutem
3255 3044 3498 3092 nostram
3543 3035 3689 3091 bono
3731 3051 3793 3092 or

2223 3131 2348 3186 dine
2375 3139 2428 3184 ct
2457 3129 2774 3200 gratulando
2796 3129 3050 3200 impletur
3077 3127 3291 3194 effectu,
3322 3144 3431 3198 non
3463 3129 3804 3198 ambigamus

529 3230 876 3302 gaudeamus.
901 3231 982 3287 Ad
1009 3234 1248 3288 omnium
1276 3235 1419 3289 enim
1450 3235 1685 3293 fidelium
1736 3237 1902 3292 decus
1955 3244 2117 3306 atque

2219 3239 2316 3294 per
2343 3223 2604 3294 Spiritum
2655 3232 2904 3278 sanctum
2963 3221 3131 3278 fuisse
3179 3223 3458 3278 donatum.
3515 3221 3574 3277 Si
3627 3233 3804 3278 auten‘

529 3319 820 3386 utilitatem
850 3321 1116 3377 redundat
1143 3338 1264 3378 cum
1291 3324 1412 3380 talis
1435 3325 1662 3382 habetur
1684 3327 1934 3392 antistes,
1961 3325 2117 3396 cujus

529 3410 744 3482 plurimi
785 3420 839 3466 et
859 3411 1180 3480 adjuventur
1209 3414 1482 3484 praesidio,
1511 3424 1565 3470 et
1587 3417 1882 3472 incitentur
1933 3433 2123 3473 exem-

529 3503 640 3573 plo.
693 3502 846 3559 Unde
900 3505 1026 3576 quia
1073 3520 1178 3559 non
1236 3505 1457 3576 ignoras
1514 3507 1641 3578 quid
1689 3508 1756 3563 de
1807 3509 2122 3565 sinceritate

532 3593 696 3648 animi
726 3594 801 3648 tui
833 3596 1126 3650 secundum
1156 3607 1478 3668 praesentem
1508 3599 1755 3655 notitiam
1785 3601 2120 3658 senserimus

525 3680 753 3752 iustitia:
775 3701 873 3742 nos
931 3687 1224 3757 agnoscitis
1273 3689 1514 3759 exigere,
1559 3699 1619 3744 ut
1659 3693 1802 3762 quod
1840 3671 2156 3763 praesumi?

536 3792 656 3833 mus
682 3778 785 3834 hoc
807 3779 1120 3848 probemus,
1151 3780 1320 3836 frater
1348 3783 1690 3839 charissima.
1719 3784 1998 3840 Modestiae
2023 3785 2122 3857 igi-

537 3875 625 3923 tur
649 3877 750 3924 tua:
775 3884 882 3924 non
907 3871 1202 3926 auctoritas
1229 3873 1609 3937 constantiam,
1638 3875 1733 3930 sed
1767 3877 2124 3932 mansuetudo

539 3960 919 4024 commendet,
973 3960 1239 4030 justitiam
1289 3961 1480 4017 lenitas
1538 3971 1818 4034 temperet,
1863 3967 2122 4037 patientia

537 4049 811 4106 contineat
848 4050 1175 4118 libertatem,
1201 4063 1255 4108 et
1279 4053 1540 4110 declinata
1570 4057 1817 4126 superbia
1841 4059 1925 4113 cui
1947 4057 2128 4128 proxi-

540 4157 689 4198 mum
726 4151 827 4206 est,
856 4151 917 4196 ut
943 4142 1391 4200 decidatametur
1433 4146 1709 4203 humilitas
1760 4149 1847 4204 cui
1907 4165 2125 4221 semper

541 4234 768 4290 debetur
821 4244 881 4289 ut
935 4245 1190 4301 crescat,
1247 4237 1733 4296 ecclesiasticarum
1780 4241 1954 4314 legum
2015 4259 2123 4300 non

540 4326 729 4400 ignara
755 4335 837 4382 est
856 4327 1084 4383 delectio
1109 4337 1218 4393 tua,
1248 4337 1306 4382 ut
1330 4328 1470 4384 intra
1495 4345 1678 4385 earum
1701 4331 1915 4404 regulas
1962 4342 2125 4403 atque

541 4432 827 4474 mensuras
863 4418 1043 4474 omnia
1070 4419 1358 4489 potestatis
1388 4427 1490 4475 tuae
1507 4418 1630 4489 jura
1667 4422 1964 4478 contineas.
1995 4422 2124 4478 «Ju-

541 4518 626 4566 sto
656 4531 674 4564 ι
702 4521 880 4568 tamen
909 4514 1126 4581 dicitur,
1150 4534 1166 4566 ‹
1189 4515 1271 4570 lex
1293 4531 1398 4570 non
1421 4524 1502 4571 est
1521 4516 1693 4585 posita
1711 4516 1762 4587 (1
1788 4517 1921 4572 Tim.
1940 4534 1980 4584 l,
1999 4517 2076 4588 9),
2099 4536 2117 4571 ι

2222 3314 2416 3385 aliquis
2444 3329 2630 3370 eorum
2652 3329 2749 3384 pro
2776 3312 2970 3384 quibus
2992 3313 3220 3368 Domino
3256 3312 3627 3383 supplicamus
3675 3329 3794 3384 quo-

2221 3423 2437 3481 cunque
2481 3409 2814 3478 interceptus
2841 3406 3120 3464 obstaculo
3148 3422 3178 3462 a
3213 3420 3441 3462 munere
3470 3405 3804 3478 indulgentia

2221 3501 2505 3571 praesentis
2531 3499 2814 3566 exciderit,
2843 3507 2898 3554 et
2923 3499 3239 3570 priusquam
3271 3500 3337 3555 ad
3382 3501 3689 3556 constituta
3727 3515 3804 3556 rc-

2224 3593 2400 3649 media
2428 3591 2756 3662 perveniret,
2788 3591 3139 3661 temporalem
3186 3591 3354 3648 vitam
3405 3594 3646 3649 humana
3686 3607 3794 3648 oon

2225 3687 2428 3744 ditione
2459 3687 2680 3754 finierit,
2711 3688 2855 3759 quod
2878 3703 3104 3745 manens
3125 3689 3178 3744 in
3208 3703 3458 3760 corpore,
3504 3703 3615 3745 non
3664 3701 3800 3744 rece

2224 3782 2366 3852 perit
2388 3781 2668 3851 consequi,
2686 3790 2881 3836 exutus
2909 3796 3072 3836 carne
3094 3797 3200 3836 non
3221 3781 3439 3852 poterit.
3462 3778 3575 3837 Nec
3596 3786 3806 3837 necesse

2225 3883 2310 3930 est
2345 3875 2500 3930 nobis
2523 3888 2709 3928 eorum
2755 3873 2845 3944 qui
2895 3873 2974 3928 sic
3026 3873 3262 3929 obierint
3304 3872 3498 3928 merita
3557 3883 3808 3937 actusque

2225 3969 2516 4032 discutere,
2555 3981 2675 4021 cum
2707 3966 2962 4021 Dominus
2992 3965 3134 4022 Deus
3156 3973 3339 4020 noster
3367 4006 3383 4032 ,
3419 3965 3576 4036 cujus
3618 3965 3808 4036 judicia

2226 4069 2504 4132 nequeunt
2553 4058 2960 4130 comprehendi,
3012 4058 3157 4129 quod
3203 4057 3540 4115 sacerdotale
3575 4057 3806 4112 ministe-

2226 4153 2364 4208 rium
2401 4150 2622 4222 implere
2653 4165 2759 4206 non
2795 4150 2968 4220 potuit
3013 4165 3124 4206 suae
3147 4150 3375 4222 justitize
3424 4150 3806 4207 reservaverit.

2224 4244 2300 4299 lta
2325 4251 2649 4315 potestatem
2680 4258 2832 4300 suam
2859 4243 3035 4300 timeri
3057 4242 3244 4299 volens
3264 4251 3323 4298 ut
3353 4242 3442 4298 hic
3484 4250 3666 4298 terror
3702 4256 3806 4297 om-

2227 4336 2384 4391 nibus
2412 4334 2603 4406 prosit,
2630 4343 2684 4390 et
2709 4334 2850 4405 quod
2891 4335 3214 4405 quibusdam
3274 4333 3468 4406 tepidis
3513 4344 3613 4390 aut
3653 4333 3805 4406 negli-

2227 4427 2477 4496 gentibus
2508 4426 2727 4492 accidit,
2760 4442 2920 4484 nemo
2945 4443 3051 4483 non
3101 4435 3332 4493 metuat,
3382 4425 3619 4482 multum
3673 4428 3806 4482 enim

2228 4517 2359 4572 utile
2391 4531 2455 4573 ac
2480 4517 2847 4572 necessarium
2883 4525 2989 4582 est,
3017 4523 3077 4572 ut
3109 4525 3456 4587 peccatorum
3481 4527 3670 4573 reatus
3694 4528 3806 4573 ante

533 4604 668 4676 ,quia
691 4621 935 4661 normam
967 4607 1345 4678 praeceptionis
1368 4607 1550 4678 implet
1562 4606 1768 4677 judicio
1809 4609 2122 4676 voluntatis,
2154 4581 2203 4642 D
2232 4608 2477 4663 ultimum
2527 4608 2669 4663 diem
2729 4607 3046 4663 sacerdotali
3098 4607 3493 4680 supplicatione
3554 4609 3802 4666 solvatur.

540 4710 667 4754 cum
699 4712 860 4753 verus
886 4700 1020 4754 recti
1045 4715 1198 4756 amor
1228 4700 1279 4756 in
1304 4700 1598 4772 semetipso
1622 4701 1785 4758 habet
1827 4712 1878 4760 et
1913 4713 2128 4773 aposto-

541 4790 677 4848 licas
701 4792 1055 4850 auctoritates
1081 4803 1135 4850 et
1184 4795 1472 4851 canonicas
1513 4796 1842 4851 sanctiones.
1873 4795 2125 4864 .Quarum

543 4882 772 4940 devotus
798 4894 1034 4941 sectator
1057 4893 1110 4941 et
1138 4886 1368 4955 diligens
1397 4895 1686 4942 exsecutor
1717 4889 1770 4942 in
1793 4903 1981 4943 eorum
2005 4905 2127 4960 pro-

545 4975 633 5031 cul
663 4977 824 5031 dubio
867 4978 1141 5034 consortio
1181 4977 1517 5048 gloriaberis,
1563 4979 1654 5050 qui
1685 4979 1782 5036 deo
1803 4981 2126 5037 creditorum

545 5066 649 5122 sibi
708 5067 1038 5138 profectibus
1103 5071 1428 5126 talentorum
1495 5072 1684 5128 audire
1771 5084 2125 5130 meruerunt:

550 5175 570 5209 ι
607 5156 776 5229 Euge,
797 5175 950 5214 serve
973 5163 1112 5217 bone
1137 5170 1191 5216 et
1219 5162 1410 5228 fidelis,
1441 5164 1566 5234 quia
1599 5179 1762 5234 super
1781 5181 1951 5236 pauca
1977 5165 2126 5222 fuisti

546 5253 742 5320 fidelis,
773 5271 932 5326 supra
963 5258 1124 5312 multa
1151 5269 1200 5313 te
1228 5260 1589 5315 constituam:
1621 5260 1763 5316 intra
1791 5259 1844 5316 in
1871 5261 2124 5332 gaudium

547 5347 760 5404 Domini
795 5349 868 5404 tui
903 5347 1116 5420 (Matth.
1147 5366 1316 5416 xxvii,
1339 5351 1453 5423 ‘21).
1491 5371 1508 5404 ›
1570 5350 1641 5407 Ut
1666 5361 1843 5408 autem
1876 5352 2125 5408 fiduciam

547 5437 853 5495 dilectionis
872 5453 1000 5510 erga
1035 5447 1086 5494 te
1109 5450 1306 5496 nostrae
1341 5443 1541 5499 habere
1583 5458 1689 5498 non
1745 5442 1977 5508 dubites,
2028 5458 2128 5498 sae-

547 5530 670 5602 pius
698 5546 798 5587 nos
823 5531 889 5585 de
911 5546 1164 5601 processu
1193 5541 1407 5589 actuum
1455 5544 1668 5590 tuorum
1719 5535 1886 5592 facias
1933 5536 2129 5592 certio-

548 5635 660 5684 res.
690 5622 944 5692 quoniam
971 5619 1160 5690 judicii
1190 5624 1358 5678 nostri
1389 5639 1656 5682 memores
1680 5628 1928 5696 cupimus
1988 5642 2134 5682 sem-

549 5727 648 5784 per
667 5714 731 5769 de
755 5715 861 5772 tuis
882 5714 1213 5787 profectibus
1240 5716 1293 5771 in
1342 5716 1568 5773 Domino
1612 5719 1852 5790 gloriari,
1898 5719 2040 5790 Deus
2080 5728 2132 5778 te

553 5802 858 5884 incolumen
885 5809 1177 5878 custodiat,
1208 5807 1376 5866 frater
1404 5808 1744 5874 cbarissime.

2231 4699 2326 4756 I-lis
2351 4709 2529 4756 autem
2553 4701 2646 4770 qui
2673 4700 2724 4755 in
2751 4708 2990 4770 tempore
3020 4699 3365 4756 necessitatis
3389 4708 3449 4756 et
3496 4701 3550 4756 in
3588 4701 3805 4772 periculi

2229 4793 2469 4862 urgentis
2494 4792 2751 4847 instantia
2769 4791 3077 4863 praesidium
3112 4791 3447 4861 poenitentia:
3481 4800 3538 4847 et
3584 4806 3806 4848 moxre-

2228 4886 2624 4942 conciliationis
2656 4885 2964 4957 implorant,
2995 4901 3096 4942 nec
3125 4885 3423 4941 satisfactio
3443 4886 3802 4942 interdicenda

2230 4988 2334 5045 est,
2375 4993 2475 5034 nec
2506 4978 2878 5034 reconciliatio
2908 4978 3246 5050 deneganda,
3277 4978 3405 5048 quia
3429 4977 3804 5035 misericordi:

2230 5070 2325 5126 Dei
2357 5086 2456 5127 nec
2494 5087 2775 5127 mensuras
2809 5087 3096 5144 possumus
3150 5087 3370 5144 ponere,
3429 5089 3532 5129 nec
3575 5083 3804 5145 tempora

2231 5164 2479 5231 definire,
2508 5165 2647 5236 apud
2668 5179 2826 5236 quem
2853 5164 3029 5220 nullas
3050 5165 3256 5236 patitur
3274 5164 3462 5220 venire
3487 5179 3670 5221 moras
3695 5180 3804 5220 con-

2231 5261 2431 5324 versio,
2472 5259 2684 5314 dicente
2723 5258 2926 5328 Spiritu
2965 5257 3060 5314 Dei
3105 5272 3203 5330 per
3221 5257 3542 5329 prophetam
3576 5276 3591 5312 :
3629 5275 3647 5310 ι
3682 5258 3801 5312 Cum

2233 5365 2528 5405 conversus
2552 5349 2901 5418 ingemueris,
2935 5357 3064 5404 tunc
3105 5347 3425 5403 salvus-eris
3481 5347 3697 5420 (Ezech.
3729 5362 3797 5409 Ill,

2231 5441 2346 5512 21).
2385 5459 2404 5493 ›
2448 5441 2514 5495 Ει
2534 5440 2691 5496 alibi:
2721 5460 2738 5494 ι
2769 5441 2862 5494 Dic
2891 5449 2944 5495 tu
2982 5441 3294 5510 iniquitates
3323 5449 3445 5495 tuas
3471 5439 3798 5510 utjustiﬁce-

2235 5531 2310 5588 ris
2339 5529 2510 5601 (Psal.
2535 5547 2684 5596 χχιι,
2711 5531 2797 5602 5);
2841 5551 2860 5586 ι
2901 5531 3167 5588 etiterum
3195 5550 3209 5587 :
3249 5550 3267 5584 ι
3296 5530 3432 5598 Quia
3459 5534 3605 5604 apud
3631 5531 3796 5588 Domi-

2233 5640 2363 5680 num
2389 5623 2757 5679 misericordia
2793 5632 2899 5690 est,
2931 5631 2986 5678 et
3022 5623 3240 5694 copiosa
3262 5624 3405 5694 apud
3434 5639 3560 5680 eum
3602 5626 3795 5680 redeuk

2233 5715 2346 5788 ptio
2381 5712 2553 5787 (Psal.
2581 5731 2767 5783 cxxtx,
2790 5715 2867 5787 7).
2894 5733 2912 5767 ι
2967 5715 3024 5771 ln
3075 5717 3449 5788 dispensandis
3497 5717 3681 5789 itaque
3715 5716 3795 5772 Dei

2237 5807 2394 5881 donis
2435 5823 2541 5867 non
2572 5808 2830 5868 debemus
2851 5823 2975 5870 esse
3009 5807 3271 5892 diﬁciles,
3309 5824 3412 5870 nec
3437 5811 3795 5874 accusantium
