3832 5364
88 129 182 211 88,9,

1277 153 1760 216 DECRETALIUM
1800 161 2198 222 COLLECTIO.

3231 170 3336 228 890

86 283 140 326 se
163 267 422 339 lacrymas
455 263 792 338 gemitusque
819 265 1092 339 negligere
1110 307 1124 334 ,
1155 281 1281 324 cum
1341 268 1510 340 ipsam
1539 286 1656 341 poe-
1681 275 1733 336 Α
1759 272 1911 329 Unde
1924 274 2077 351 beata
2093 276 2742 348 eritperseverantia,nisi
2761 279 2826 337 de
2840 280 3339 352 virtutepatientiae?

86 358 452 426 nitentiamvex
475 357 568 414 Dei
591 357 878 415 credamus
912 359 1267 430 inspiratione
1311 371 1653 433 conceptam,

86 450 288 505 dicente
304 447 584 517 Apostolo:
610 466 628 499 ι
650 447 728 503 Ne
745 448 883 505 forte
896 450 984 506 det
1000 450 1102 506 illis
1119 451 1261 506 Deus
1280 453 1654 522 pcenitentiam

85 549 139 594 ut
165 538 478 608 resipiscant
504 552 535 592 a
559 538 756 595 diaboli
794 539 1002 612 laqueis
1030 582 1044 609 ,
1076 557 1106 595 a
1136 556 1244 612 quo
1284 543 1426 612 capti
1467 553 1654 598 tenen-

84 629 243 684 turad
263 628 432 699 ipsius
446 627 780 685 voluntatem
809 629 894 702 (II
917 629 1262 703 Tim.11,26).
1290 651 1308 683 ι
1333 631 1656 702 Undeopor-

85 729 151 774 tet
179 733 612 790 unumquemque
637 718 1006 774 Christianum
1041 721 1394 775 conscientia:
1421 737 1532 776 sua:
1565 722 1658 775 ha-

82 807 504 879 berejudicium,
533 823 602 863 ne
637 809 880 864 converti
920 809 988 864 ad
1018 810 1303 865 Dominum
1357 809 1423 865 de
1472 810 1558 865 die
1604 809 1657 865 in

83 900 210 956 diem
239 897 471 965 differat,
503 914 606 955 nec
626 901 1016 956 satisfactionis
1039 901 1140 956 sibi
1179 910 1390 971 tempus
1446 901 1500 956 in
1551 902 1660 957 ﬁne

81 993 194 1046 vita:
219 1007 331 1047 suae
363 991 678 1058 constituat,
711 1008 872 1062 quem
901 991 1200 1062 periculose
1222 992 1525 1062 ignorantia
1558 992 1660 1047 hu-

82 1097 232 1139 mana
258 1081 553 1150 concludit,
581 1094 641 1137 ut
670 1083 737 1139 ad
759 1098 1054 1154 paucarum
1080 1084 1335 1139 horarum
1382 1099 1441 1138 se
1479 1099 1650 1139 rescr-

81 1183 159 1229 vet
197 1173 488 1239 incertum,
527 1182 583 1228 et
625 1188 748 1228 cum
777 1174 944 1245 possit
996 1175 1236 1244 pleniore
1290 1175 1660 1231 satisfactione

83 1263 458 1334 indulgentiam
507 1266 832 1335 promereri,
887 1265 1030 1322 illius
1086 1267 1345 1336 temporis
1384 1266 1662 1337 angustias

81 1352 248 1423 eligat,
271 1368 380 1424 quo
404 1354 493 1409 vix
525 1355 762 1409 inveniat
788 1356 1022 1425 spatium
1047 1356 1130 1412 vel
1169 1357 1439 1411 confessio
1483 1357 1660 1427 panti-

83 1445 234 1499 tentis
261 1444 345 1500 vel
373 1446 742 1501 reconciliatio
791 1448 1108 1503 sacerdotis.
1168 1447 1389 1515 Verum,
1445 1459 1503 1502 ut
1527 1450 1659 1516 dixi,

81 1536 233 1590 etiam
263 1534 452 1590 talium
476 1538 787 1593 necessitati
811 1538 884 1593 ita
911 1540 1282 1595 auxiliandum
1329 1550 1428 1606 est,
1465 1552 1523 1596 ut
1555 1557 1656 1598 nec

1757 364 1889 421 Nam
1913 369 2202 425 secundum
2233 371 2581 441 apostolicam
2616 373 3077 443 praedicationem,
3111 393 3130 428 ι
3165 377 3339 434 omnis

1756 457 1847 526 qui
1874 458 2104 514 voluerit
2132 460 2217 529 pie
2238 461 2418 517 vivere
2433 461 2720 519 in'Christo
2742 463 2868 520 Jesu
2909 467 3339 536 persecutionem

1756 549 1994 619 patietur
2023 550 2110 622 (II
2142 551 2276 607 Tim.
2296 554 2494 625 111,12).
2510 555 2673 626 220
2696 555 2825 624 Quae
2852 573 2957 612 non
2979 558 3030 613 in
3048 572 3113 614 eo
3130 567 3338 615 tantum

1758 641 2146 710 computanda,
2170 643 2310 711 quod
2352 653 2539 700 contra
2569 646 2931 702 Christianam
2953 647 3210 719 pietatem
3243 657 3341 704 aut

1760 729 1928 796 ferro,
1955 741 2044 786 aut
2063 733 2272 803 ignibus
2293 735 2498 807 agitur,
2521 737 3032 811 autquibuscunque
3044 740 3340 810 suppliciis,

1761 837 1881 878 cum
1905 825 2339 892 persecutionum
2371 829 2634 884 saevitiam
2671 831 2952 902 suppleant
2984 840 3040 887 et
3066 832 3341 888 dissimili-

1761 913 1974 968 tudines
1996 917 2297 987 n1orum,fet
2331 923 2684 978 contumaciae
2708 923 3091 990 inobedientia,
3114 935 3166 979 et
3186 924 3343 980 mali-

1761 1022 1986 1076 gnarum
2021 1007 2125 1062 tela
2155 1008 2476 1080 linguarum,
2495 1013 2688 1083 quibus
2708 1015 3196 1072 conflictationibus
3217 1032 3342 1072 cum

1761 1097 1941 1152 omnia
1973 1112 2187 1172 semper
2223 1099 2474 1158 Ecclesia:
2511 1104 2752 1159 membra
2783 1105 3081 1176 pulsentur,
3111 1115 3163 1160 et
3198 1105 3343 1162 nulla

1762 1190 1970 1258 piorum
2003 1193 2178 1261 portio
2208 1193 2295 1248 hic
2316 1211 2345 1248 a
2370 1195 2666 1250 tentatione
2695 1195 2766 1250 sit
2790 1196 2976 1262 libera,
3011 1197 3086 1251 ita
3113 1206 3173 1252 ut
3199 1197 3342 1267 peri-

1763 1279 1898 1335 culis
1923 1295 2021 1337 nec
2052 1283 2160 1337 otia
2199 1293 2440 1350 careant,
2482 1299 2582 1340 nec
2626 1284 2859 1342 labores.
2906 1287 3038 1354 Quis
3070 1287 3211 1342 inter
3246 1286 3345 1342 ﬁu-

1763 1377 1885 1425 ctus
1932 1371 2098 1428 maris
2137 1388 2302 1430 naves
2338 1374 2553 1446 dirigit,
2599 1375 2643 1430 si
2691 1377 3019 1447 gubernator
3046 1378 3344 1434 abscedat?

1765 1464 1896 1532 Quis
1921 1465 1989 1520 ab
2017 1465 2226 1522 insidiis
2256 1468 2505 1539 luporum
2547 1485 2677 1524 oves
2706 1471 2992 1537 custodiet,
3038 1472 3083 1527 si
3113 1471 3347 1542 pastoris

1765 1569 1895 1610 cura
1925 1571 2029 1611 non
2060 1557 2279 1626 vigilet?
2305 1559 2436 1626 Quis
2462 1559 2696 1631 denique
2719 1559 3018 1617 latronibus
3047 1561 3271 1618 obsistet
3290 1570 3348 1617 ct

81 1625 210 1680 actio
237 1625 344 1682 illis
366 1629 734 1725 panritentiae,
765 1645 867 1686 nec
894 1633 1289 1688 communionis
1347 1634 1519 1704 gratia
1564 1634 1656 1688 de-
1686 1663 1736 1724 Β
1763 1643 1973 1702 furibus
2014 1647 2062 1702 si
2105 1625 2498 1718 speculatorem
2545 1625 2929 1722 in-conspectu
2957 1653 3344 1725 explorationis

81 1723 305 1786 negetur,
335 1717 384 1772 si
415 1732 536 1773 eam
571 1719 735 1774 etiam
759 1721 959 1777 amisso
982 1723 1128 1778 vocis
1153 1721 1328 1778 ollicio
1375 1739 1472 1794 per
1519 1722 1660 1792 judi-

81 1805 210 1861 cium
238 1807 435 1880 integri
461 1825 656 1866 sensus
687 1826 933 1881 quzerere
961 1814 1381 1884 comprobeutur
1399 1853 1416 1880 ,
1447 1815 1589 1883 quod
1615 1815 1660 1871 si

83 1897 244 1969 aliqua
272 1899 328 1955 in
358 1902 684 1972 mgritudine
708 1904 780 1959 ita
833 1903 1034 1959 fuerint
1083 1906 1378 1976 aggravati,
1427 1915 1483 1960 ut
1520 1907 1663 1976 quod
1702 1968 1704 1970 τ

81 1991 223 2058 paulo
247 2002 372 2049 ante
400 1996 716 2064 poscebant,
757 1996 858 2051 sub
909 1999 1196 2067 praesentia
1250 1997 1548 2052 sacerdotis
1591 2000 1664 2053 si—

83 2082 324 2151 gniﬁcare
354 2100 467 2141 non
497 2085 734 2154 valeant,
780 2087 1084 2143 testimonia
1135 2089 1213 2144 eis
1268 2088 1504 2143 ﬁdelium
1558 2088 1668 2142 cir-

85 2178 449 2233 cumstantium
487 2180 744 2249 prodesse
775 2180 1068 2247 debebunt,
1102 2190 1160 2234 ut
1191 2181 1351 2236 simul
1388 2189 1443 2236 et
1492 2181 1665 2250 ι)ωηίς

87 2265 251 2320 tentia:
274 2277 327 2323 et
359 2269 822 2324 reconciliationis
871 2269 1193 2326 beneﬁcium
1239 2281 1660 2341 consequantur,

87 2365 286 2412 servata
350 2366 537 2413 tamen
582 2358 764 2428 regula
808 2375 1075 2414 canonum
1123 2369 1469 2431 paternorum
1518 2360 1663 2415 circa

87 2463 257 2504 eorum
290 2466 556 2522 personas
577 2451 670 2520 qui
700 2451 754 2505 in
783 2451 950 2506 Deum
982 2467 1011 2506 a
1039 2451 1143 2507 ﬁde
1167 2452 1491 2508 discedendo
1537 2468 1663 2524 pec-

87 2549 281 2594 carunt.
319 2540 451 2596 Haec
480 2552 680 2611 autem,
717 2541 905 2622 frater,
934 2561 1054 2616 qua:
1096 2545 1164 2600 ad
1190 2546 1664 2618 interrogationem

88 2631 371 2688 dilectionis
399 2643 522 2700 ture,
553 2633 674 2690 ideo
707 2636 983 2705 respondi,
1009 2652 1075 2691 ne
1105 2637 1305 2708 aliquid
1327 2639 1662 2693 contrarium

86 2723 174 2778 sub
198 2722 518 2794 ignorantiae
537 2727 892 2782 excusatione
913 2738 1193 2798 gereretur
1239 2731 1292 2783 in
1348 2730 1665 2800 metropoli-

88 2814 185 2868 tani
208 2815 279 2870 tui
305 2816 558 2871 notitiam
581 2815 748 2873 facies
775 2818 1078 2889 pervenire,
1107 2829 1164 2875 ut
1186 2820 1232 2874 si
1254 2821 1344 2890 qui
1374 2807 1515 2877 forte
1537 2831 1665 2877 sunt

85 2904 298 2962 fratrum
321 2908 417 2980 qui
460 2909 526 2964 de
576 2909 661 2965 his
707 2919 866 2966 antea
906 2921 1226 2981 putaverant
1262 2913 1660 2984 ambigendum,

86 3010 172 3066 per
207 2997 379 3069 ipsum
408 2999 478 3056 de
504 3001 754 3057 omnibus
783 3016 903 3073 qua:
925 3001 992 3057 ad
1042 3011 1094 3058 te
1154 3003 1354 3072 scripta
1383 3011 1531 3072 sunt,
1581 3004 1664 3059 in-

86 3095 372 3144 struantur.

146 3175 308 3234 LXX.
334 3209 410 3220 —
432 3179 515 3234 Ad
542 3179 841 3237 'Ruslicum
895 3179 1289 3240 Narbonensem
1336 3186 1656 3259 episcopum.
1723 3195 1725 3198 ‘

145 3265 252 3324 Leo
279 3269 590 3341 episcopus,
621 3271 858 3328 Rusrtco
883 3272 1220 3331 Narbonensi
1245 3277 1518 3348 episeopo.

145 3357 411 3431 Epistolas
433 3361 791 3420 fraternitatis
815 3373 916 3421 tua:
942 3381 1078 3436 quas
1119 3366 1346 3424 Hermes
1389 3369 1663 3425 archidia-

82 3463 238 3508 conus
270 3460 399 3509 tuus
427 3453 866 3511 detulitlibenter
889 3457 1094 3528 accepi,
1143 3458 1486 3514 diversarum
1543 3459 1660 3530 qui-

84 3545 194 3600 dem
220 3561 512 3602 causarum
541 3549 874 3605 connexione
903 3549 1224 3621 multiplices
1255 3592 1269 3618 ,
1300 3553 1393 3607 sed
1433 3567 1539 3606 non
1589 3553 1664 3606 ita

77 3636 348 3708 patientia:
373 3654 635 3695 onerosus
665 3649 723 3695 ut
751 3640 953 3711 aliquid
979 3654 1164 3695 earum
1186 3655 1286 3713 per
1327 3643 1665 3696 incurrentes

85 3729 308 3800 undique
360 3731 754 3788 sollicitudines
803 3731 967 3787 fuerit
1014 3733 1455 3803 prmtermissum.
1516 3733 1668 3791 Unde

86 3822 240 3878 totius
269 3825 545 3880 sermonis
576 3825 652 3879 tui
701 3824 1019 3897 allegatione
1071 3837 1347 3898 comperta
1402 3837 1458 3882 et
1502 3829 1667 3898 gestis

83 3927 193 3982 qua:
215 3915 270 3970 in
299 3917 679 3987 episcoporum
706 3918 1202 3990 honoratorumque
1233 3922 1485 3976 examine
1537 3936 1666 3976 con-

81 4003 213 4062 lecta
240 4018 371 4065 sunt
399 4009 712 4076 recensitis,
735 4010 1032 4068 Saviniano
1059 4021 1111 4068 et
1135 4013 1300 4069 Leoni
1329 4015 1667 4087 presbyteris

82 4100 307 4156 actionis
329 4117 445 4158 suae
473 4101 835 4158 intelleximus
860 4103 1112 4159 ﬁduciam
1139 4103 1396 4172 defuisse,
1439 4121 1541 4163 nec
1587 4108 1667 4163 eis

76 4184 270 4257 justam
307 4207 597 4263 superesse
636 4193 1031 4263 querimoniam
1059 4196 1150 4266 qui
1179 4212 1240 4252 se
1288 4197 1357 4251 ab
1399 4197 1667 4253 inchoatis

82 4280 556 4354 disceptationibus
609 4296 804 4357 sponte
868 4287 1242 4343 subduxerint.
1308 4289 1466 4346 Circa
1531 4306 1668 4361 quos

83 4389 234 4443 quam
262 4376 496 4434 formam
521 4392 750 4449 quamve
773 4394 1082 4436 mensuram
1129 4381 1326 4438 debeas
1357 4392 1537 4440 tenere
1579 4384 1666 4454 ju-

81 4466 234 4523 stitia:
261 4477 353 4524 tuo
382 4468 631 4540 relinquo
659 4471 1033 4538 moderamini,
1064 4474 1296 4529 suadens
1323 4482 1501 4530 tamen
1529 4476 1659 4531 cha-

81 4559 249 4616 ritatis
277 4563 501 4619 hortatu
525 4571 582 4619 ut
606 4565 860 4621 sanandis
874 4566 1033 4636 aegris
1053 4567 1385 4637 spiritualem
1407 4569 1664 4624 adhibere
1705 4567 1708 4570 ’

83 4649 276 4709 debeas
298 4655 650 4721 medicinam,
681 4665 734 4711 et
761 4656 974 4712 dicente
1005 4655 1284 4728 Scriptura
1315 4673 1330 4712 :
1365 4679 1381 4711 ι
1403 4657 1520 4713 Noli
1545 4672 1662 4714 esse
1706 4655 1708 4657 ’

83 4741 298 4799 nimium
316 4744 500 4816 justus
521 4742 708 4817 (Eccli.
734 4762 843 4811 ιιι,
872 4747 963 4818 20)
996 4765 1014 4800 1
1052 4749 1235 4804 mitius
1259 4765 1384 4820 agas
1409 4764 1528 4804 cum
1583 4749 1662 4804 eis

84 4832 170 4901 qui
221 4834 575 4904 impudicitia:
628 4836 741 4891 zelo
801 4838 1049 4893 videntur
1099 4839 1314 4894 modum
1365 4841 1661 4896 excessisse

84 4920 348 4989 vindictae,
374 4937 448 4978 ne
478 4923 720 4981 diabolus
743 4927 831 4996 qui
858 4927 1070 4998 decepit
1113 4930 1389 4988 adulteros
1417 4931 1483 4986 de
1512 4930 1660 4987 adul-

86 5012 197 5067 terii
216 5013 450 5069 exsultet
471 5012 752 5071 ultoribus.
776 5016 942 5074 Miror
959 5026 1139 5073 autem
1157 5021 1492 5077 dilectionem
1512 5029 1657 5076 tuam

84 5102 136 5159 iu
179 5115 384 5162 tantum
437 5107 816 5165 scandalornm
869 5128 1188 5183 quacunque
1236 5115 1518 5170 occasione
1562 5128 1661 5168 no-

85 5200 337 5254 scentium
367 5199 702 5258 adversitate
725 5206 951 5271 turbari,
983 5213 1042 5259 ut
1069 5209 1405 5263 vacationem
1451 5205 1518 5262 ab
1544 5205 1658 5276 epi-

84 5300 323 5364 scopatus
351 5292 632 5348 laboribus
655 5306 840 5364 optare
873 5307 922 5355 te
951 5297 1120 5364 dicas,
1169 5309 1223 5357 et
1249 5301 1385 5356 male
1417 5300 1468 5354 in
1495 5298 1657 5355 silen-

1765 1740 2034 1808 locatum,
2080 1741 2147 1796 ab
2192 1742 2488 1798 intentione
2532 1743 2908 1800 sollicitudinis
2946 1762 3099 1802 amor
3147 1748 3346 1819 quietis

1763 1835 2036 1892 abducat?
2067 1835 2498 1892 Permanendum
2522 1853 2652 1908 ergo
2681 1837 2736 1892 in
2764 1853 2926 1909 opere
2951 1849 3036 1894 est
3065 1842 3270 1898 credito
3289 1851 3347 1899 et

1765 1925 1818 1980 in
1853 1925 2034 1981 labore
2060 1935 2331 1996 suscepto.
2365 1927 2688 1982 Constanter
2713 1927 2936 1983 tenenda
2977 1938 3061 1984 est
3097 1928 3346 2000 justitia,

1764 2027 1818 2073 et
1841 2017 2069 2088 benigne
2098 2020 2399 2089 praestanda
2421 2018 2724 2075 clementia.
2747 2019 2882 2076 Odio
2904 2021 3206 2078 habeantur
3229 2039 3348 2095 pec-

1764 2117 1886 2164 cata
1931 2123 2037 2164 non
2085 2110 2352 2165 homines.
2400 2109 2554 2166 Nunc
2583 2112 2944 2181 corripiantur
2974 2113 3165 2186 timidi,
3203 2130 3350 2172 nunc

1765 2203 2064 2258 tolerentur
2084 2201 2281 2257 inﬁrmi
2307 2211 2361 2258 et
2392 2203 2532 2273 quod
2571 2204 2624 2259 in
2662 2205 2899 2275 peccatis
2919 2207 3159 2261 severius
3187 2209 3350 2264 casti-

1764 2310 1893 2367 gare
1922 2309 2142 2351 necesse
2163 2303 2265 2361 est,
2299 2311 2404 2352 non
2431 2297 2704 2352 saevientis
2742 2298 3008 2367 plectatur
3041 2301 3222 2357 animo
3252 2303 3347 2358 sed

1764 2387 2048 2443 medentis.
2099 2387 2170 2443 At
2210 2388 2254 2443 si
2298 2386 2664 2444 vebementiOr
2695 2389 2969 2446 tribulatio
3014 2391 3347 2459 incubuerit,

1763 2494 1873 2535 non
1901 2479 1973 2534 ita
2003 2493 2422 2550 expavescamus
2448 2479 2602 2550 quasi
2649 2479 2721 2534 illi
2761 2481 3072 2536 adversitati
3117 2483 3349 2552 propriis

1766 2573 1835 2628 sit
1855 2573 2063 2629 viribus
2087 2573 2468 2640 resistendum,
2497 2589 2618 2629 cum
2646 2582 2700 2629 et
2725 2575 3003 2630 consilium
3032 2585 3275 2632 nostrum
3295 2584 3352 2631 et
3417 2592 3433 2606 ·

1763 2665 2023 2722 fortitudo
2051 2666 2122 2721 sit
2149 2665 2420 2734 Christus,
2468 2675 2547 2732 ut,
2573 2666 2689 2722 sine
2716 2683 2822 2737 quo
2861 2667 2994 2726 nihil
3040 2662 3347 2738 possumus,

1765 2775 1862 2830 per
1887 2760 2063 2830 ipsum
2093 2768 2286 2815 cuncta
2315 2760 2583 2829 possimus
2603 2801 2616 2827 ,
2656 2766 2781 2830 quia
2805 2760 3132 2816 conﬁrmans
3157 2760 3351 2832 practi-

1765 2860 1981 2906 catores
2034 2851 2347 2923 Evangelii,
2415 2861 2467 2907 et
2533 2865 2994 2910 sacramentorum
3051 2854 3347 2911 ministros.

1772 2957 1792 2992 ι
1832 2940 1972 2996 Ecce
2001 2955 2120 3012 ego,
2151 2941 2342 3011 inquit,
2367 2942 2642 2998 vobiscum
2670 2960 2787 2999 sum
2813 2961 2983 3016 usque
3005 2945 3072 3000 ad
3101 2961 3352 3002 consum-

1689 3045 1737 3112 ο
1766 3029 2057 3086 mationem
2079 3029 2257 3086 saeculi
2290 3029 2504 3102 (Matth.
2544 3048 2745 3099 xxvm,
2786 3032 2898 3106 20).
2941 3052 2961 3086 1
3016 3033 3082 3089 Et
3111 3035 3346 3091 iterum:

1772 3139 1794 3176 ι
1832 3121 1978 3188 Haec,
2010 3119 2218 3192 inquit,
2250 3123 2463 3178 locutus
2497 3138 2615 3178 sum
2661 3123 2812 3180 vobis
2855 3133 2913 3178 ut
2956 3125 3009 3180 in
3045 3140 3132 3180 me
3160 3140 3351 3196 pacem

1767 3211 2030 3268 habeatis.
2071 3211 2126 3266 In
2173 3211 2372 3267 mundo
2420 3221 2600 3268 autem
2647 3213 3018 3269 tribulationes
3059 3213 3349 3281 habebitis,

1765 3304 1858 3360 sed
1907 3302 2048 3358 bono
2097 3303 2278 3358 animo
2326 3312 2537 3370 estote,
2593 3305 2719 3374 quia
2780 3305 2880 3376 ego
2913 3304 3036 3360 ‘vici
3090 3305 3351 3361 mundum

1767 3394 1947 3466 (Joan.
1975 3409 2088 3462 xv1,
2130 3394 2243 3467 55).
2280 3414 2299 3448 1
2337 3395 2466 3462 Quae
2494 3395 2909 3466 pollicitationes
2948 3397 3072 3465 quia
3107 3396 3225 3452 sine
3253 3395 3350 3452 du-

1766 3485 2025 3540 bitatione
2052 3484 2350 3541 manifesta:
2389 3494 2538 3552 sunt,
2564 3486 2724 3542 nullis
2772 3487 3029 3542 debemus
3079 3485 3351 3544 scandalis

1767 3575 2029 3631 inﬁrmari
2069 3591 2137 3631 ne
2173 3576 2422 3632 electioni
2467 3578 2564 3634 Dei
2609 3577 2889 3632 videamur
2921 3577 3149 3649 ingrati,
3199 3575 3352 3647 cujus

1768 3677 1878 3722 tam
1927 3669 2164 3740 potentia
2205 3677 2330 3724 sunt
2361 3667 2626 3740 adjutoria
2675 3684 2836 3739 quam
2884 3684 3012 3724 vera
3062 3667 3349 3740 promissa.

1768 3760 1844 3816 De
1869 3760 2350 3816 consultationibus
2389 3769 2569 3816 autem
2602 3760 2905 3816 dilectionis
2949 3769 3053 3815 tua:
3093 3775 3226 3831 quas
3260 3775 3352 3816 se-

1767 3853 1997 3922 paratim
2023 3839 2358 3920 conscriptas
2386 3851 2800 3907 archidiaconus
2833 3861 2954 3906 tuus
2983 3851 3192 3918 detulit,
3221 3851 3352 3921 quid

1769 3947 2108 4002 sentiendum
2133 3945 2203 4000 sit
2231 3945 2371 4000 inter
2389 3953 2683 4014 praesentes
2707 3943 3060 4013 opportunius
3086 3957 3356 4013 quaerere-

1769 4045 1855 4092 tur
1883 4038 1930 4093 si
1965 4037 2119 4092 nobis
2167 4036 2242 4091 tui
2285 4044 2609 4107 conspectus
2643 4036 2797 4106 copia
2837 4035 3170 4107 proveniret.
3217 4033 3353 4090 Nam

1767 4145 1888 4186 cum
1917 4128 2159 4198 quaadam
2192 4127 2645 4198 interrogationes
2683 4126 2898 4182 modum
2944 4125 3230 4197 diligentiae
3274 4123 3355 4178 vi-

1769 4220 1998 4276 deantur
2039 4217 2322 4284 excedere,
2371 4217 2610 4288 intelligo
2655 4232 2748 4273 eas
2791 4217 3069 4286 colloquiis
3116 4215 3354 4284 aptiores

1767 4328 1887 4370 esse
1931 4328 2093 4382 quam
2131 4309 2365 4382 scriptis.
2416 4308 2552 4376 Quia
2603 4306 2741 4362 sicut
2787 4307 3031 4378 quaedam
3063 4313 3189 4360 sunt
3233 4318 3354 4375 qua:

1769 4405 1911 4461 nulla
1942 4411 2167 4475 possunt
2188 4401 2474 4456 traditione
2495 4397 2743 4465 convelli,
2770 4396 2842 4450 ita
2867 4394 3036 4451 multa
3060 4402 3205 4460 sunt,
3232 4409 3354 4464 quae

1766 4507 1860 4553 aut
1888 4512 1988 4567 pro
2028 4493 2458 4552 consideratione
2496 4497 2748 4556 aetatum,
2783 4497 2876 4543 aut
2920 4502 3017 4558 pro
3057 4483 3358 4540 necessitu-

1766 4591 1892 4647 dine
1919 4604 2103 4644 rerum
2133 4593 2384 4656 oporteat
2412 4585 2737 4652 temperari,
2787 4581 2876 4636 illa
2920 4593 3133 4648 semper
3169 4577 3360 4632 condi-

1767 4682 1913 4738 tione
1959 4687 2172 4736 servata
2193 4717 2208 4742 ,
2253 4687 2312 4733 ut
2345 4676 2397 4730 in
2441 4673 2525 4728 his
2557 4687 2685 4742 qua:
2729 4671 2811 4729 vel
2843 4669 3001 4729 dubia
3033 4667 3232 4724 fuerint
3265 4676 3362 4722 aut

1768 4775 2019 4840 obscura,
2052 4773 2106 4828 id
2147 4770 2457 4825 noverimus
2486 4770 2856 4834 sequendum,
2894 4760 3038 4832 quod
3063 4775 3131 4814 ne
3158 4773 3364 4829 praece-

1769 4867 1875 4937 ptis
1899 4861 2221 4937 evangclicis
2253 4855 2584 4918 contrarium
2615 4898 2632 4924 ,
2676 4878 2778 4921 nec
2804 4848 3032 4914 decretis
3055 4859 3366 4906 sanctorum

1769 4957 1991 5013 Patrum
2017 4951 2325 5014 inveniatur
2348 4948 2679 5008 adversum.
3301 4941 3304 4944 ’

1771 5096 2106 5158 INCIPIUNT
2169 5108 2253 5150 AD
2316 5098 2844 5161 ιΝρυιειΤιοημ
2907 5092 3183 5144 ειυειηςιι
3250 5089 3380 5136 1m-

2099 5186 2276 5232 SCOPI
2321 5178 2662 5230 SUBJECTA
2738 5175 3060 5241 “ESPONSA.

1775 5298 1932 5364 Quod
1963 5313 2064 5351 non
2101 5289 2405 5364 habeantur
2432 5281 2696 5364 episwpi
2721 5344 2741 5364 ,
2767 5305 2889 5364 quos
2926 5270 3396 5364 ηρςξζςιξιιξ
