3974 6432
584 327 686 387 891

1391 323 1675 383 ΔΡΡΕΝΙ).
1718 322 1810 378 AD
1847 320 2017 378 SJEC.
2058 318 2153 375 ιχ.

2289 317 2542 376 ISIDORI
2579 317 3020 377 MERCATORIS
3727 330 3806 391 θεά

586 446 689 498 nec
714 455 745 495 a
768 436 981 496 clericis
1008 443 1135 493 sunt
1157 436 1334 503 electi,
1366 452 1464 492 nec
1485 453 1515 492 a
1540 437 1784 506 plebibus
1808 433 2049 505 expetiti,
2074 447 2175 488 nec
2200 439 2251 500 Α
2277 432 2561 487 honestata
2584 422 2874 488 "videatur.
2927 432 3161 489 Paterno
3205 431 3433 490 arbitrio
3481 435 3608 491 viris
3648 437 3806 509 juncta

585 536 617 586 'a
643 526 1062 602 provincialibus
1084 527 1352 598 episcopis
1384 542 1506 583 cum
1548 525 1944 596 metropolitani
1968 516 2174 596 judicio

570 618 908 676 “consecrati.
941 617 1240 673 Unde‘cum
1270 622 1415 687 ‘saepe
1441 616 1668 687 quaestio
1698 616 1762 670 de
1789 614 1927 669 male
1952 623 2174 684 accepto

586 712 792 769 honore
816 719 1095 777 nascatur,
1126 710 1248 780 quis
1270 710 1511 780 ambigat
1538 720 1881 778 nequaquam
1910 707 2028 762 istis
2052 719 2176 761 esse

582 804 951 867 tribuendum,
982 802 1124 872 qudd
1158 818 1264 858 non
1287 802 1547 858 doceatur
1566 800 1734 856 fuisse
1773 798 2076 855 collatum?
2113 796 2173 854 Si

566 898 677 968 "qui
703 902 884 952 autem
914 894 1098 951 clerici
1127 895 1194 950 ab
1222 895 1340 950 istis
1367 893 1841 965 pseudoepiscopis
1872 892 1925 947 in
1965 893 2046 948 eis
2085 902 2175 948 cc-

566 990 762 1048 clesiis
780 990 1013 1045 ordinati
1040 998 1185 1054 sunt,
1214 1004 1334 1060 qua:
1364 989 1431 1043 ad
1471 988 1717 1058 proprios
1745 986 2025 1057 episcopos
2052 999 2177 1056 per-

566 1083 847 1149 tinebant,
863 1092 915 1137 et
938 1082 1208 1137 ordinatio
1228 1096 1415 1136 eorum
1443 1094 1709 1137 consensu
1732 1087 1787 1134 et
1808 1076 2012 1150 judicio
2036 1092 2176 1149 prte-

564 1173 869 1230 ‘sidentium
898 1175 1037 1229 facta
1066 1181 1163 1228 est
1174 1182 1336 1243 prout
1363 1180 1479 1226 rata
1508 1171 1717 1236 haberi,
1748 1170 1818 1224 ita
1860 1178 1918 1223 ut
1962 1168 2012 1222 in
2041 1167 2173 1240 ipsis

562 1261 838 1323 'iEcclesiis
867 1274 1235 1336 perseverent.
1258 1262 1430 1318 Aliter
1452 1271 1629 1317 autem
1655 1277 1791 1315 vana
1817 1269 1902 1316 est
1921 1259 2171 1315 habenda

581 1358 873 1424 ordinatio,
920 1372 1041 1429 qua:
1086 1370 1186 1411 nec
1230 1354 1351 1410 loco
1396 1354 1613 1410 fundata
1646 1361 1763 1421 est,
1805 1368 1905 1409 nec
1949 1361 2171 1409 auctore

584 1448 794 1506 inunita

576 1532 739 1611 Quod
764 1540 1047 1611 presbyteri
1074 1550 1163 1595 aut
1192 1539 1434 1604 diaconi,
1466 1539 1511 1594 si
1539 1539 1595 1593 in
1630 1537 1808 1611 aliqua
1846 1538 2063 1611 crimine
2089 1536 2170 1592 di-

652 1608 787 1682 lapsi
827 1608 1039 1682 fuerim,
1079 1627 1183 1666 non
1209 1622 1424 1680 possunt
1462 1626 1553 1680 per
1577 1624 1763 1664 manus
1790 1609 2170 1679 impositionem

580 1724 583 1727 -
650 1682 931 1754 pmm'teudi
962 1682 1244 1743 remedium
1274 1682 1537 1752 consequi.

654 1794 903 1851 Alienum
942 1801 1033 1849 est
1071 1808 1101 1847 a
1141 1792 1532 1848 consuetudine
1560 1791 1957 1857 ecclesiastica,
1991 1803 2051 1847 ut
2076 1791 2168 1863 qui
2197 1817 2246 1880 Β

579 1883 1007 1957 presbyteralem
1037 1884 1298 1940 honorem
1330 1892 1424 1938 aut
1461 1884 1672 1939 diaconi
1716 1884 1941 1955 gradum
1970 1884 2173 1941 fuerint

576 1975 884 2039 consecuti,
926 1975 978 2030 hi
1019 1976 1111 2045 qui
1137 1989 1237 2044 pro
1259 1974 1492 2029 crimine
1521 1974 1700 2045 aliquo
1731 1992 1827 2031 suo
1853 1991 1951 2045 per
1977 1990 2171 2032 manus

579 2066 978 2136 impositionem
1008 2063 1306 2120 remedium
1337 2065 1606 2134 accipiant
1636 2066 1944 2134 pmnllendi
1964 2105 1979 2132 ,
2025 2067 2170 2136 quod

578 2157 696 2212 sine
727 2155 1018 2226 apostolica
1046 2156 1337 2210 traditione
1373 2156 1672 2223 descendit,
1696 2159 1994 2212 secundum
2024 2157 2168 2227 quod

574 2244 843 2316 scriptum
866 2252 998 2300 est:
1034 2260 1054 2296 ι
1085 2242 1353 2300 Sacerdos
1391 2244 1438 2300 si
1484 2245 1791 2314 peccaverit
1825 2246 1950 2314 quis
1989 2246 2171 2303 orabit

558 2351 679 2409 -pro
716 2351 781 2392 eo
812 2333 1010 2407 (Leuit.
1043 2350 1097 2400 ν,
1130 2333 1253 2398 18).
1289 2355 1308 2389 ι
1359 2334 1511 2391 Unde
1545 2336 1852 2408 hujusmodi
1896 2336 2060 2409 lapsis
2101 2337 2171 2393 ad

577 2426 989 2499 promerendam
1019 2425 1446 2499 miscricordiam
1474 2426 1570 2483 Dei
1602 2428 1811 2497 privata
1854 2435 1938 2483 est
1979 2443 2171 2500 exspe-

577 2518 772 2575 ctanda
801 2518 1060 2586 secessio,
1089 2517 1180 2575 ubi
1210 2516 1318 2574 illis
1346 2517 1647 2577 satisfactio
1691 2520 1854 2590 digna
1893 2520 1966 2576 sit
1996 2522 2169 2577 etiam

575 2613 874 2670 fructuosa.

579 2703 734 2777 Quod
777 2704 1031 2760 diaconus
1074 2706 1217 2777 sicut
1251 2705 1521 2777 episcopus
1567 2716 1616 2761 et
1663 2707 1926 2777 presbyter
1968 2724 2172 2765 cessare

646 2775 791 2848 debet
823 2777 886 2831 ab
927 2792 1077 2833 onere
1100 2775 1386 2846 conjugali,
1417 2792 1517 2831 non
1549 2775 1723 2833 tamen
1752 2775 2026 2848 repudiare
2048 2795 2174 2835 con-

641 2862 817 2917 Jugta.

650 2936 762 2991 Lex
793 2937 1140 2993 continentia:
1186 2938 1373 2993 eadem
1405 2945 1488 2993 est
1522 2939 1787 2996 ministris
1823 2938 2008 2999 altaris
2052 2957 2173 3012 qua:

577 3028 848 3100 episcopis
901 3037 1063 3100 atque
1106 3029 1457 3102 presbyteris.
1507 3029 1610 3098 Qui
1662 3048 1783 3086 cum
1828 3042 2009 3088 essent
2049 3031 2170 3089 laici

577 3114 691 3177 sive
732 3120 997 3187 lectores,
1042 3119 1188 3176 licite
1231 3131 1285 3176 ct
1319 3137 1516 3177 uxores
1544 3123 1742 3179 dueere
1783 3132 1837 3178 et
1880 3123 2020 3180 ﬁlios
2045 3136 2170 3194 pro-

562 3206 767 3268 creare
793 3218 1103 3283 potucrunt.
1134 3210 1239 3266 Sed
1269 3227 1391 3267 cum
1420 3212 1485 3266 ad
1510 3213 1795 3283 praedictos
1816 3208 2168 3283 pervenerint

579 3302 797 3377 gradus,
828 3302 996 3376 ctrpit
1022 3302 1102 3358 eis
1130 3318 1234 3358 non
1268 3302 1430 3358 licere
1455 3304 1595 3375 quod
1630 3302 1803 3359 licuit.
1839 3303 1989 3361 Unde
2020 3315 2078 3361 ut
2101 3306 2167 3360 de

578 3396 781 3453 carnali
809 3394 903 3451 liat
931 3394 1208 3466 spirituale
1236 3393 1563 3465 conjugium,
1604 3406 1817 3468 oportet
1841 3412 1934 3453 eos
1966 3412 2063 3453 nec
2086 3390 2167 3454 di-

579 3493 794 3548 mittere
838 3505 1036 3547 uxores
1083 3498 1139 3546 et
1182 3494 1335 3563 quasi
1389 3506 1494 3546 non
1540 3478 1774 3546 habeant
1815 3492 1893 3548 sic
1926 3491 2164 3560 habere,

576 3585 721 3657 quod
750 3591 806 3639 et
834 3582 979 3639 salva
1008 3582 1080 3638 sit
1122 3583 1365 3640 Charitas
1403 3582 1807 3656 conjugiorum,
1853 3593 1909 3641 et
1952 3594 2166 3643 cessent

579 3690 746 3748 Opera
773 3676 1122 3748 nuptiarum.

530 3826 535 3829 -
578 3790 735 3858 Quod
768 3791 916 3870 aliud
936 3794 1013 3870 “sit
1039 3808 1194 3859 uxor,
1233 3791 1381 3870 aliud
1415 3794 1725 3870 concubina,
1749 3811 1841 3850 nec
1862 3806 1996 3852 erret
2022 3798 2165 3870 quis—

648 3880 807 3932 quam
836 3863 880 3917 si
919 3865 1086 3932 ﬁliam
1128 3880 1277 3917 suam
1317 3863 1371 3916 in
1406 3864 1794 3921 matrimonium
1821 3863 2164 3925 concubinam

666 3932 859 3988 labenti
887 3932 1183 3987 tradiderit.

652 4021 769 4077 Non
796 4023 975 4078 OllllllS
1014 4021 1209 4077 mulier
1236 4021 1425 4093 juncta
1451 4024 1568 4079 viro
1596 4040 1735 4080 uxor
1755 4034 1839 4083 est
1866 4028 1962 4082 viri
1985 4070 1997 4094 ,
2037 4030 2164 4100 quia

580 4126 681 4169 nec
714 4113 896 4168 “omnis
922 4111 1061 4166 illius
1111 4112 1284 4168 hmres
1310 4122 1392 4168 est
1413 4116 1601 4184 patris.
1639 4114 1953 4187 Nuptiarum
1985 4130 2163 4175 autem

579 4208 785 4266 ftedcra
816 4208 957 4263 inter
987 4209 1247 4279 ingenuos
1287 4218 1413 4263 sunt
1439 4210 1674 4281 legitima
1715 4220 1769 4267 et
1805 4213 1947 4269 inter
1986 4229 2167 4286 arqua-

581 4303 693 4369 les,
744 4300 913 4357 multo
962 4301 1113 4372 prius
1161 4302 1263 4357 hOc
1312 4303 1486 4373 ipsum
1537 4304 1764 4360 Domino
1807 4306 2167 4362 constituente

578 4411 743 4469 quam
789 4395 998 4450 initium
1032 4395 1261 4450 Romani
1301 4395 1438 4466 juris
1481 4399 1768 4453 exstiterit.
1802 4400 1987 4470 Itaque
2023 4399 2167 4456 aliud

579 4504 740 4554 uxor,
770 4485 916 4542 aliud
956 4486 1254 4543 concubina
1276 4528 1291 4554 ,
1318 4490 1459 4543 sicut
1497 4490 1639 4545 aliud
1675 4491 1898 4559 ancilla,
1931 4493 2074 4549 aliud
2104 4494 2166 4548 li-

560 4574 730 4636 bera.
763 4576 991 4649 Propter
1020 4579 1162 4650 quod
1204 4579 1366 4633 etiam
1399 4581 1686 4650 Apostolus
1716 4583 1781 4637 ad
1814 4583 2168 4639 manifestan-
2191 4564 2244 4629 Ῑ)

578 4671 768 4728 durum
794 4671 985 4725 harum
1012 4686 1366 4742 personarum
1392 4671 1768 4730 discretionem
1799 4678 2167 4732 testimonium

577 4763 730 4835 ponit
756 4778 823 4817 ex
853 4761 1049 4818 Genesi
1081 4762 1169 4817 ubi
1207 4762 1405 4817 dicitur
1446 4762 1714 4819 Abrahae:
1754 4785 1771 4818 ι
1815 4765 1964 4837 Ejice
2002 4768 2171 4824 ancil-

576 4853 683 4909 lam
716 4863 770 4909 et
796 4852 962 4909 lilium
989 4853 1128 4925 ejus.
1162 4852 1275 4907 Non
1306 4854 1449 4908 enim
1472 4856 1643 4911 haeres
1666 4857 1769 4912 erit
1795 4858 1936 4915 lilius
1963 4860 2167 4919 ancillae

578 4963 701 5004 cum
732 4946 842 5001 ﬁlio
870 4946 1053 5001 liberae
1082 4943 1234 5018 (Gen.
1266 4963 1381 5013 χχι,
1416 4948 1522 5018 10).
1556 4968 1574 4999 ›
1611 4946 1765 5005 Unde
1802 4954 2033 5008 societas
2067 4971 2168 5010 nu-

576 5042 808 5115 ptiarum
842 5040 914 5094 ita
946 5039 1013 5093 ab
1034 5039 1189 5095 initio
1214 5041 1500 5095 constituta
1532 5041 1623 5105 sit,
1650 5050 1705 5096 ut
1735 5054 1931 5112 prmter
1951 5061 2164 5103 servum

579 5130 1014 5202 cenjunctionem
1062 5131 1327 5187 haberent
1371 5131 1423 5184 in
1474 5148 1531 5186 se
1577 5132 1773 5187 Christi
1812 5144 1865 5189 ct
1912 5136 2165 5196 Ecclesiae

574 5233 999 5289 sacramentum,
1029 5222 1251 5277 dubium
1295 5239 1399 5278 non
1446 5232 1530 5278 est
1569 5240 1687 5278 eam
1736 5226 2012 5282 mulierem
2056 5248 2162 5287 non

573 5314 850 5387 pertinere
888 5313 955 5368 ad
986 5312 1387 5368 matrimonium
1430 5314 1481 5368 in
1516 5330 1623 5383 quo
1673 5330 1777 5369 non
1808 5317 2030 5374 duretur
2059 5337 2161 5374 nu-

574 5407 740 5479 ptiale
781 5406 948 5462 fuisse
976 5406 1313 5477 mysterium.
1358 5404 1525 5475 Igitur
1549 5407 1835 5477 cujuslibet
1863 5409 1962 5465 loci
1996 5411 2158 5467 cleri—

574 5515 690 5565 cus,
720 5499 765 5557 si
792 5498 958 5555 lilium
1002 5513 1151 5554 suam
1182 5497 1298 5552 viro
1337 5498 1551 5555 habenti
1579 5501 1933 5557 concubinam
1966 5502 2018 5558 in
2048 5520 2159 5559 ma-

573 5595 887 5653 trimonium
924 5594 1162 5657 dederit,
1204 5607 1310 5646 non
1358 5592 1430 5647 ita
1470 5594 1838 5663 accipiendum
1878 5605 1963 5651 est
1996 5597 2156 5667 quasi

573 5690 640 5748 de
669 5686 952 5759 conjugato
981 5701 1099 5741 eam
1133 5685 1361 5748 dederit,
1400 5685 1501 5740 nisi
1550 5685 1687 5741 forte
1724 5686 1813 5741 illa
1845 5688 2037 5744 mulier
2073 5690 2155 5744 in-

572 5794 749 5859 genus
784 5778 927 5839 fama
973 5786 1027 5836 et
1068 5777 1250 5837 dotata
1296 5776 1533 5848 legitime
1580 5791 1633 5838 ct
1683 5785 1908 5852 publi-is
1952 5788 2154 5852 nuptiis

2275 532 2463 579 carent
2490 523 2647 595 culpa
2675 524 2721 580 si
2750 524 3005 580 mulieres
3030 538 3152 597 qum
3183 530 3218 580 ii
3246 522 3386 582 viris
3422 526 3737 586 habebantur
3766 537 3806 592 in

2275 617 2626 674 matrimonio
2654 633 2762 675 non
2794 618 3033 688 fuerunt,
3062 618 3365 691 quia‘aliud
3404 630 3489 678 est
3510 635 3677 695 'nupta
3694 626 3807 686 aliud

2276 711 2598 765 concubina.

2274 798 2430 867 Quod
2460 817 2562 857 non
2591 802 2657 857 sit
2686 802 2919 874 conjugii
2940 802 3247 886 duplicatio,
3268 804 3486 878 quando
3513 805 3693 862 ancilia
3708 808 3810 881 rejo-

2771 886 2856 928 cta
2882 886 3170 930 assumunt-
3194 890 3349 929 uxor.

2344 965 2607 1021 Ancillam
2649 981 2679 1020 a
2723 975 2843 1022 toro
2883 964 3115 1036 abjieere
3152 976 3209 1022 et
3245 978 3480 1025 uxorem
3517 977 3670 1025 certa
3692 969 3806 1042 lap-

2273 1059 2497 1115 nuttatis
2526 1058 2796 1129 accipere,
2828 1072 2932 1114 non
2963 1059 3257 1130 duplicatio
3282 1060 3523 1132 conjugii
3545 1101 3560 1128 ,
3602 1056 3684 1118 sed
3717 1076 3808 1133 prs-

2273 1149 2449 1206 fectus
2479 1163 2565 1206 eat
2595 1152 2915 1207 benestatis.
2939 1150 3218 1222 Culpanda
3243 1162 3328 1208 est
3357 1153 3547 1209 tali'utn
3572 1147 3833 1226 ‘riegligem'

2266 1242 2371 1308 tia,
2401 1242 2496 1298 sed
2528 1256 2632 1297 non
2658 1242 3261 1314 penitusdiscutieuda,
3289 1252 3352 1298 ut
3378 1243 3590 1299 crebris
3610 1244 3806 1300 cohorta-

2266 1333 2507 1389 tionibus
2530 1334 2738 1389 incitati
2765 1334 2911 1400 quod
2941 1334 3246 1392 necessarie
3264 1335 3612 1406 expetierunt
3632 1334 3808 1393 ﬁdelia

2269 1432 2326 1481 et
2345 1434 2732 1495 exsequantur.
2762 1424 2932 1483 Nemo
2955 1426 3099 1482 enim
3128 1426 3505 1497 desperandus
3533 1434 3612 1481 est
3639 1425 3743 1481 dum
3767 1427 3804 1483 la

2268 1530 2500 1588 corpore
2541 1518 2891 1574 constituitur
2924 1519 3091 1590 :quia
3141 1528 3537 1589 nunnunquam
3579 1518 3705 1588 quod
3735 1516 3805 1572 di-

2268 1610 2497 1665 ﬁdentia
2543 1610 2720 1666 aetatis
2766 1609 3049 1677 differtur,
3081 1611 3307 1667 consilio
3354 1609 3649 1666 maturiore
3682 1608 3804 1682 perl-

2275 1706 2444 1761 citur.

2441 1796 2519 1852 De
2552 1797 2916 1852 communione
2941 1798 3177 1871 privatis,
3207 1807 3254 1854 et
3275 1799 3385 1854 vita
3416 1798 3683 1871 defunctis.

2343 1886 2547 1945 iiorum
2578 1905 2742 1944 causa
2780 1890 2872 1945 Dei
2900 1888 3105 1960 judicio
3146 1892 3476 1947 reservanda
3502 1902 3600 1955 est,
3631 1892 3676 1947 in
3696 1890 3801 1961 alia:

2270 1997 2432 2036 manu
2463 1980 2583 2046 fuit,
2614 1989 2675 2036 ut
2717 1980 2902 2035 talium
2938 1982 3119 2038 obitus
3146 1996 3318 2053 usque
3357 1984 3429 2038 ad
3469 1983 3801 2039 cohimunionis

2273 2073 2569 2128 remedium
2600 2069 2927 2127 differretur.
2972 2070 3083 2129 Nos
3114 2082 3294 2128 autem
3340 2072 3541 2145 quibus
3565 2073 3800 2131 riveutilns

2270 2178 2379 2218 non
2424 2163 2976 2233 communicavimus,
3021 2165 3252 2221 mortuis
3298 2164 3693 2222 communicare
3727 2178 3801 2220 non

2273 2268 2584 2327 possumus.

2492 2346 2572 2401 De
2592 2346 2678 2402 ’his
2699 2348 2786 2420 qui
2807 2348 3164 2419 pmnitentiam
3190 2360 3347 2421 agere
3367 2348 3633 2421 differunt.

2342 2438 2711 2496 Dissimulatio
2754 2439 2869 2496 haec
2909 2450 3087 2513 potest
3124 2456 3231 2497 non
3277 2442 3347 2497 de
3394 2448 3685 2512 contemptu
3717 2455 3799 2497 esse

2272 2531 2520 2596 remedii,
2553 2533 2647 2587 sed
2677 2533 2742 2587 de
2769 2533 2932 2587 modo
2957 2532 3176 2604 gravius
3205 2532 3573 2604 delinquendi,
3602 2543 3654 2588 ut
3675 2534 3799 2605 pinni-

2272 2623 2441 2678 tentia
2470 2639 2589 2694 qua:
2620 2623 2783 2680 dilata
2817 2634 2900 2681 est
2922 2640 3042 2680 cum
3069 2624 3367 2682 studiosius
3386 2625 3551 2697 petita
3575 2620 3711 2681 fuerit
3726 2640 3797 2680 non

2269 2726 2516 2788 negetur,
2551 2727 2611 2773 ut
2636 2734 2856 2789 quoquo
2884 2721 3045 2775 modo
3066 2721 3139 2775 ad
3168 2717 3518 2793 indulgentiae
3543 2718 3798 2777 medicinam

2272 2810 2449 2865 anima
2472 2809 2751 2866 vulnerata
2777 2813 3078 2883 perveniat.

2273 2900 2427 2973 Quod
2470 2912 2703 2979 oporteat
2748 2881 2867 2958 eum
2910 2906 3001 2979 qui
3041 2921 3135 2979 pro
3178 2881 3382 2963 illicitis
3425 2907 3617 2963 ueniam
3651 2914 3796 2979 putat,

2609 2976 2766 3029 etiam
2793 2993 2827 3028 α
2848 2975 3028 3031 multis
3053 2977 3210 3032 licitis
3239 2979 3524 3034 abstinere.

2343 3046 2501 3121 Aliud
2531 3066 2749 3137 quidem
2772 3075 2856 3123 est
2880 3067 3058 3123 debita
3079 3065 3228 3137 juste
3254 3072 3562 3140 reposcere,
3582 3069 3702 3125 aliud
3712 3081 3797 3139 pro

2266 3154 2389 3227 pria
2414 3156 2763 3227 perfectionis
2796 3172 2982 3217 amore
3018 3169 3393 3217 contemnere.
3429 3161 3536 3218 Sed
3554 3161 3794 3217 idiotismo

2270 3250 2484 3305 veniam
2510 3250 2874 3322 postulantem
2898 3260 3114 3321 oportet
3139 3248 3326 3308 multis
3355 3254 3522 3309 etiam
3546 3253 3793 3309 licitisabs-

2270 3344 2463 3408 tinere,
2512 3344 2725 3400 dicente
2768 3344 3069 3416 Apostolo:
3126 3362 3146 3398 ι
3179 3343 3374 3401 Omnia
3412 3345 3589 3408 licent,
3615 3345 3693 3401 sed
3720 3356 3792 3397 non

2266 3436 2447 3493 oinnia
2473 3437 2769 3508 expediunt
2799 3435 2851 3509 (Ι
2874 3436 2998 3492 Cor.
3025 3450 3110 3501 vr,
3136 3437 3297 3510 12).)
3326 3436 3793 3508 Unde'siptenlteus

2268 3529 2432 3585 habet
2476 3543 2695 3585 causam
2741 3545 2901 3600 quam
2946 3530 3223 3602 negligere
3263 3544 3374 3586 non
3419 3527 3794 3597 debeat,melius

2271 3622 2442 3694 exigit
2464 3622 2896 3678 ecclesiasticum
2926 3634 3089 3693 quam
3108 3622 3336 3679 forense
3357 3622 3628 3692 judicium.
3892 3608 3893 3647 ‘

2266 3712 2423 3781 Quod
2467 3714 2737 3785 pwuitenti
2792 3712 2941 3768 nulla
2998 3712 3147 3797 lucra
3202 3714 3569 3785 negotiationis
3619 3722 3792 3768 eadem

2918 3796 3192 3843 conveniat
3200 3824 3216 3840 υ

2337 3876 2584 3946 Qualitas
2613 3876 2755 3933 lucri
2785 3877 3152 3949 negotiantem
3184 3886 3526 3936 autumat
3544 3874 3789 3947 manu.

2266 3969 2393 4041 quia
2429 3978 2516 4026 est
2562 3969 2821 4026 honestus
2854 3977 3101 4039 quaestus
3144 3978 3201 4026 et
3241 3973 3440 4042 turpis.
3475 3968 3788 4027 Verumtamen

2263 4061 2550 4133 pmnitenti
2586 4060 2778 4117 melius
2817 4069 2902 4118 est
2930 4061 3208 4133 dispendia
3236 4062 3376 4134 pati,
3414 4077 3570 4132 quam
3596 4055 3789 4131 periodis

2266 4154 2653 4225 negotiationis
2679 4153 2968 4225 obstringi,
2996 4154 3122 4224 quia
3149 4152 3369 4212 dillicilo
3394 4165 3480 4213 est
3504 4154 3637 4223 inter
3656 4163 3787 4213 αθ·

2267 4246 2337 4302 tis
2364 4245 2755 4317 vendentisque
2782 4246 3172 4305 commercium
3217 4259 3325 4307 non
3362 4246 3667 4307 intervenire
3694 4246 3785 4314 pht-

2266 4348 2443 4393 ςτιιιιιιι
2454 4378 2467 4393 ο

2266 4448 2421 4514 Quod
2449 4450 2517 4505 ad
2542 4449 2787 4505 militiam
2809 4451 3114 4526 stecularem
3142 4461 3258 4525 post
3290 4453 3629 4526 panitentiatn
3663 4443 3785 4505 seu

2890 4539 2994 4578 non
3018 4523 3221 4580 debeat.

2343 4612 2683 4669 Contrarium
2711 4623 2797 4671 est
2814 4615 3045 4673 murrina
3070 4616 3454 4675 ecclesiasticis
3494 4614 3671 4690 regulis
3692 4615 3782 4684 pst

2271 4703 2603 4774 poenitentia:
2630 4706 2897 4763 actionem
2928 4707 3109 4763 redire
3136 4708 3205 4764 ad
3242 4708 3486 4765 militiam
3511 4704 3778 4763 saecularem

2270 4810 2393 4850 cum
2423 4796 2712 4866 Apostolus
2739 4797 2921 4855 dicat:
2956 4814 2977 4851 ι
3005 4797 3177 4856 Nemo
3209 4799 3452 4859 militans
3476 4800 3578 4855 Deo
3600 4794 3779 4865 inplicat

2267 4898 2328 4938 se
2365 4885 2597 4955 negotiis
2627 4885 2976 4945 saecularibus
3012 4887 3109 4961 (II
3139 4887 3272 4943 Tim.
3303 4906 3366 4955 ll,
3393 4889 3481 4962 4),
3515 4909 3533 4943 ι
3564 4887 3681 4943 unde
3702 4895 3775 4938 non

2265 4986 2350 5030 est
2398 4976 2535 5033 liber
2584 4977 2790 5049 laqueis
2820 4980 2913 5050 qui
2959 4996 3020 5038 se
3048 4981 3252 5040 militiae
3288 4984 3564 5041 mundana:
3604 4972 3774 5033 volucri!

2269 5067 2566 5138 implicare.

2268 5158 2423 5244 Quod
2445 5160 2748 5244 adolescens
2781 5179 2836 5217 se
2864 5175 3079 5236 urgente
3098 5183 3399 5244 quocunque
3418 5161 3637 5244 periculo
3653 5156 3770 5230 ρωίσ

2337 5240 2551 5285 tentiam
2591 5240 2779 5301 gessit,
2820 5246 2866 5287 et
2892 5252 2995 5289 non
3024 5254 3079 5291 se
3107 5242 3365 5294 contineat
3401 5240 3464 5299 ab
3498 5240 3657 5293 tutoris
3686 5244 3767 5283 ast-

2334 5301 2509 5371 plexu,
2537 5313 2698 5373 potest
2726 5305 3006 5358 remedium
3032 5304 3286 5364 sustinere

2333 5414 2390 5470 in
2414 5415 2776 5472 adolescentia
2788 5419 3132 5488 constitutus,
3155 5422 3197 5478 si
3215 5432 3438 5495 urgente
3451 5429 3535 5481 aut
3555 5426 3685 5485 utsin.
3698 5419 3763 5467 ³1η

2263 5508 2593 5578 captivitatis
2626 5508 2868 5579 periculo
2907 5512 3279 5581 paenitentiam
3322 5516 3506 5587 gessit,
3546 5518 3592 5569 et
3622 5511 3759 5581 postea

2263 5600 2462 5657 timens
2488 5600 2696 5672 lapsum
2733 5601 3135 5659 incontinentiae
3151 5602 3363 5674 juvenis
3384 5604 3603 5679 copulam
3625 5591 3759 5667 υιοξὶς

2260 5690 2423 5763 elegit
2444 5733 2457 5758 ,
2490 5707 2557 5748 ne
2586 5693 2789 5749 crimen
2837 5693 3210 5752 fornicationis
3256 5698 3563 5765 incurreret,
3593 5702 3680 5745 rem
3702 5680 3756 5735 Vl‘

2262 5790 2418 5846 detur
2446 5790 2640 5846 fecisse
2668 5788 2931 5846 venialem
2951 5829 2968 5859 ,
2998 5789 3041 5845 si
3087 5800 3305 5865 propter
3331 5788 3581 5862 coniugem
3605 5777 3751 5845 nulum
