3974 6440
225 320 341 380 893

1389 323 1876 384 DECRETALIUM
1902 327 2306 388 COLLECTIO.

3389 341 3494 403 894

156 438 167 443 ‘
220 433 454 489 oninino
479 431 807 506 cognoverit.
840 431 898 487 In
928 446 1034 505 quo
1074 442 1255 491 tamen
1284 448 1392 492 non
1419 437 1656 508 regulam
1684 453 1815 495 con-
1843 445 1893 505 Α
1921 439 2075 496 otiicii
2102 443 2391 514 pastoralis
2418 444 2695 519 impendas
2717 449 2910 507 tradita
2929 451 3083 510 nobis
3099 467 3195 527 per
3214 446 3498 514 diaconum

224 525 531 592 stituimus,
553 526 645 581 sed
670 525 798 597 quid
828 526 899 582 sit
929 526 1281 595 tolerabilius,
1306 529 1658 586 instituamus.
1684 528 1822 587 Nam

228 615 530 671 secundum
552 629 734 670 veram
762 615 1120 685 cognitionem
1147 616 1280 672 nihil
1304 618 1475 689 magis
1499 621 1546 673 ei
1571 622 1821 691 congruit

228 706 330 777 qui
360 704 732 783 pmnitentiam
779 706 965 779 gessit,
1008 723 1172 779 quam
1212 710 1434 765 castitas
1468 725 1820 782 perseverans

226 805 289 852 et
325 797 521 853 mentis
545 805 601 852 et
629 799 894 869 corporis.

232 884 393 954 Quod
417 887 466 941 si
482 888 604 957 quis
625 889 946 965 propositum
967 891 1232 965 monachi
1272 892 1577 961 deseruerit,
1610 895 1819 965 publica

636 958 695 1017 tit
716 959 1077 1029 satisfactione
1104 964 1433 1033 purgandus.

301 1046 645 1119 Propositum
688 1051 933 1107 monachi
986 1054 1205 1125 proprio
1239 1055 1466 1113 arbitrio
1512 1068 1603 1114 aut
1632 1059 1819 1115 volun-

228 1148 348 1197 tate
376 1151 707 1212 susceptum,
733 1143 910 1199 deseri
951 1161 1057 1201 non
1098 1155 1279 1217 potest
1322 1150 1530 1221 absque
1569 1161 1814 1221 peccato.

225 1234 388 1301 Quod
432 1235 579 1291 enim
620 1236 745 1306 quis
769 1237 1086 1305 vovit‘Deo,
1114 1240 1274 1297 debet
1307 1249 1362 1297 et
1389 1243 1633 1299 reddere.
1667 1244 1819 1301 Unde

222 1325 325 1395 qui
352 1324 540 1382 relicta
562 1326 955 1397 singularitatis
980 1330 1316 1402 professione
1341 1335 1409 1388 ad
1440 1335 1707 1402 militiam,
1732 1337 1818 1393 vel

222 1417 302 1472 ad
329 1400 544 1489 nuptias
584 1419 868 1483 devolutus
903 1400 1005 1488 est,
1037 1423 1265 1494 publicae
1296 1426 1628 1496 pmnitentias
1654 1400 1816 1485 satis-

219 1508 470 1566 factione
497 1511 808 1581 purgandus
832 1521 937 1578 est,
959 1514 1088 1585 quia
1115 1516 1214 1570 etsi
1241 1517 1497 1573 innocens
1526 1518 1735 1585 militia,
1762 1529 1817 1575 et

220 1599 519 1657 honestum
546 1610 726 1672 potest
753 1619 873 1660 esse
900 1604 1205 1678 coniugium
1225 1649 1240 1675 ,
1276 1609 1596 1667 electionem
1625 1612 1817 1668 melio-

219 1708 353 1747 rum
377 1695 702 1762 deseruisse,
734 1700 1092 1770 transgressio
1119 1711 1221 1757 est.

220 1779 389 1866 Quod
407 1785 595 1867 puelite
622 1804 739 1858 quae
778 1805 881 1867 non
924 1801 1152 1856 coacttc,
1190 1793 1281 1846 sed
1312 1793 1571 1867 voluntate
1603 1797 1814 1867 propria

302 1855 614 1937 rirginit_atis
635 1855 961 1937 propositum
989 1855 1342 1937 susceperunt,
1371 1855 1675 1937 delinquunt
1698 1855 1815 1922 cum

302 1928 593 1997 nupserim,
623 1938 668 1981 et
696 1929 740 1982 si
771 1930 1001 1984 nondum
1030 1928 1221 2001 fuerint
1250 1928 1584 1992 consecratae.

301 2013 499 2072 Puella:
547 2035 666 2089 quae
697 2034 802 2074 non
838 2029 1043 2076 coacta:
1089 2034 1373 2093 parentum
1419 2024 1674 2097 imperio,
1723 2028 1817 2083 sed

221 2118 527 2180 spontaneo
548 2109 753 2178 judicio
778 2110 1102 2183 virginitatis
1130 2116 1461 2187 propositum
1486 2128 1647 2189 atque
1666 2119 1819 2175 babi-

223 2208 344 2253 tum
377 2209 759 2270 susceperunt,
798 2201 843 2256 si
890 2214 1073 2273 postea
1104 2204 1316 2276 nuptias
1341 2205 1543 2277 eligunt
1568 2209 1819 2278 praevari-

222 2300 445 2357 cantur,
476 2299 531 2347 et
558 2292 601 2347 si
628 2294 966 2349 consecratio
995 2310 1100 2352 non
1130 2297 1390 2364 accessit,
1439 2297 1593 2369 cujus
1634 2300 1817 2371 utique

222 2399 339 2439 non
387 2382 764 2443 fraudarentur
798 2402 1053 2454 munere,
1102 2388 1149 2444 si
1195 2388 1249 2443 in
1296 2390 1575 2463 proposito
1600 2408 1816 2463 perma-

221 2490 444 2537 nerent.

228 2593 311 2655 De
339 2598 420 2652 Itis
446 2597 631 2669 quibus
659 2598 873 2653 dubium
902 2608 999 2664 est,
1030 2607 1203 2654 utrum
1233 2600 1486 2669 baptisma
1510 2602 1811 2674 receperint,

640 2686 839 2725 necesse
862 2680 936 2725 est
967 2680 1022 2723 ut
1050 2682 1409 2725 renascantur.

301 2758 362 2815 Si
401 2758 543 2814 nulla
575 2761 803 2816 existant
836 2759 1039 2831 judicia
1084 2763 1226 2817 inter
1255 2764 1581 2835 propinquos
1611 2771 1703 2818 aut
1734 2761 1815 2819 fa-

224 2853 490 2925 miliares,
535 2854 675 2909 nulla
708 2855 850 2911 inter
875 2854 1102 2912 clericos
1141 2865 1304 2928 atque
1346 2858 1586 2926 vicinos,
1616 2859 1814 2930 quibus

225 2942 282 2998 bi
316 2944 381 2999 de
405 2945 597 3015 quibus
624 2946 910 3017 quaeritur,
938 2946 1191 3016 baptizati
1218 2946 1465 3017 fuissent,
1497 2950 1810 3016 doceantur,

226 3037 495 3106 agendum
521 3046 603 3092 est
632 3046 690 3091 ut
714 3047 1101 3104 renascantur,
1143 3056 1210 3095 ne
1252 3040 1537 3096 manifeste
1563 3049 1809 3110 pereant.

222 3123 283 3182 in
313 3127 506 3199 quibus
525 3128 785 3198 quodnon
816 3130 1117 3185 ostenditur
1130 3140 1359 3203 gestum,
1381 3131 1520 3186 ratio
1549 3148 1653 3187 non
1684 3132 1810 3188 sinit

1921 540 2071 588 tuum
2107 534 2464 593 fraternitatis
2515 547 2618 595 tua:
2647 542 2845 612 scripta
2874 543 3263 617 demonstrant,
3305 550 3501 620 quibus

1918 622 2119 679 ianitiae
2147 636 2345 683 nostrze
2368 628 2644 686 insinuare
2665 634 2887 701 curasti,
2916 635 3093 706 qualis
3114 636 3168 692 in
3192 634 3499 712 regidnibtfs

1917 715 2112 769 vestris
2134 714 2201 770 de
2226 717 2463 788 antiquis
2489 721 2807 791 pestiientiac
2833 725 3077 799 reliquiis
3097 742 3253 784 error
3269 745 3334 786 ac
3357 734 3501 787 mor-

1920 803 2023 859 bus
2044 809 2324 864 exarserit.
2343 809 2474 866 Nam
2491 823 2543 868 et
2564 815 2803 885 epistola:
2822 832 3002 875 sermo
3024 828 3077 875 et
3102 820 3500 881 eommonit'ot'ii

1917 894 2075 966 221
2102 899 2270 954 series
2288 909 2342 955 et
2367 901 2528 957 libelli
2546 905 2619 959 tui
2639 914 2814 963 textus
2839 908 3192 979 demonstrat,
3210 905 3502 971 Priscillia-

1917 987 2181 1042 nistarum
2206 988 2577 1049 fetidissimam
2617 998 2755 1068 apud
2775 1012 2872 1055 vos
2897 1001 3187 1059 recaluisse
3207 1004 3498 1064 sentinam.

1917 1074 2059 1131 Nihil
2080 1088 2165 1133 est
2185 1080 2330 1135 enim
2353 1083 2590 1140 sordium
2613 1088 2665 1142 in
2685 1104 3020 1163 quorumque
3042 1095 3291 1153 sensibus
3317 1098 3502 1171 impio-

1916 1182 2035 1221 rum
2062 1172 2202 1239 quod
2226 1171 2279 1225 in
2308 1173 2411 1229 hoc
2442 1176 2689 1248 dogmate
2730 1197 2834 1238 non
2876 1185 3217 1255 conﬂuxerit,
3246 1190 3499 1259 quoniam

1919 1257 1985 1312 de
2013 1260 2254 1314 omnium
2290 1270 2624 1322 terrenarum
2660 1271 2968 1340 opinionum
3008 1274 3121 1332 luto
3149 1257 3499 1349 multiplicem

1917 1349 2018 1406 sibi
2066 1352 2236 1408 feecni
2281 1358 2754 1430 commiscuernnt,
2802 1374 2859 1419 ut
2905 1368 3003 1422 soli
3050 1376 3216 1425 totum
3256 1364 3503 1428 biberent

1917 1444 2174 1515 quidquid
2222 1447 2309 1502 alii
2354 1464 2418 1504 ex
2466 1461 2618 1523 parte
2641 1464 2977 1526 gustassent.
3014 1458 3273 1532 Denique,
3306 1463 3350 1519 si
3381 1454 3502 1520 titil-

1914 1551 2086 1593 versac
2115 1539 2349 1598 hmreses
2370 1558 2489 1612 quas
2523 1554 2647 1602 ante
2682 1547 3006 1606 Priscilliani
3051 1560 3260 1625 tempus
3294 1546 3501 1614 exortae

1915 1638 2043 1685 sunt
2067 1630 2373 1702 diligentius
2416 1646 2797 1708 retractentur,
2828 1643 3005 1699 nullus
3033 1656 3171 1717 pene
3199 1637 3502 1705 invenietur

1916 1740 2090 1793 error,
2119 1728 2184 1784 de
2207 1744 2312 1800 quo
2337 1744 2442 1788 non
2476 1737 2702 1792 traxerit
2744 1738 2994 1811 impietas
3039 1743 3139 1799 ista
3172 1747 3499 1818 contagium,

1845 1824 1890 1885 Β
1918 1835 2038 1890 quin
2066 1836 2170 1876 non
2198 1836 2502 1881 commenta
2526 1841 2712 1885 eorum
2739 1834 3003 1904 receperit
3048 1835 3276 1909 falsitas,
3298 1840 3391 1910 qui
3426 1832 3501 1896 ab

1917 1908 2211 1981 Evangeiio
2255 1912 2455 1971 Christi
2502 1920 2603 1975 sub
2652 1920 2849 1979 Christi
2890 1927 3107 1984 nomine
3151 1908 3502 1987 deviaverutlt

1918 2001 2154 2057 tenebris
2179 2004 2340 2058 etiam
2382 2008 2707 2079 paganitatis
2736 2012 2994 2083 immersi,
3040 2025 3099 2072 ut
3139 2032 3238 2090 per
3261 2021 3500 2093 magicd-

1917 2104 2037 2144 rum
2090 2094 2285 2148 artium
2335 2096 2559 2167 profana
2606 2111 2831 2171 secreta,
2890 2116 2944 2163 et
2995 2106 3502 2170 mathematicorum

1915 2197 2053 2237 vana
2077 2186 2359 2243 mendacia
2384 2190 2654 2262 religionis
2685 2195 2863 2264 fidem,
2894 2213 3213 2273 morumque
3235 2195 3498 2262 rationem

1916 2272 1971 2328 in
1992 2283 2257 2343 potestate
2273 2279 2573 2337 daemonum
2603 2292 2659 2340 et
2680 2284 2873 2343 eﬂ‘ectu
2896 2290 3129 2346 siderum
3153 2293 3499 2353 collocarent.

1915 2366 2069 2433 Quod
2098 2369 2143 2424 si
2172 2372 2320 2425 credi
2360 2371 2519 2429 liceat
2567 2384 2620 2430 et
2667 2377 2872 2446 doceri,
2920 2397 3020 2437 nec
3050 2384 3337 2443 virtutibus
3366 2392 3503 2461 prte-

1913 2462 2103 2528 mium,
2152 2478 2252 2520 nec
2282 2466 2427 2523 vitiis
2471 2482 2629 2538 poena
2660 2472 2905 2543 debetur,
2952 2478 3240 2550 omniaque
3273 2496 3378 2537 non
3400 2474 3504 2541 ἐδ-

1914 2553 2024 2608 lum
2052 2555 2408 2613 humanarum
2440 2558 2638 2631 legum,
2684 2564 2784 2620 sed
2832 2566 2994 2622 etiam
3038 2568 3338 2627 divinarum
3378 2582 3502 2629 cott-

1916 2647 2250 2705 stitutionem
2274 2650 2490 2708 decreta
2538 2653 3001 2731 solventur,»;quia
3033 2668 3206 2734 neque
3240 2662 3308 2721 de
3340 2660 3500 2731 bonis

1916 2755 2093 2812 neque
2118 2743 2183 2798 de
2217 2744 2374 2801 malis
2403 2747 2614 2803 actibus
2640 2749 2804 2805 ullum
2846 2752 3043 2824 poterit
3071 2764 3192 2811 esse
3215 2752 3502 2828 judicium,

1914 2833 1959 2888 si
2012 2833 2065 2888 in
2121 2843 2407 2906 utramque
2455 2847 2666 2909 partem
2726 2838 2904 2898 fatalis
2948 2847 3242 2903 necessitas
3294 2850 3499 2905 motum

1916 2927 2110 2981 mentis
2162 2926 2410 2998 impellit,
2458 2940 2513 2986 et
2570 2933 2831 3005 quidquid
2866 2936 2934 2992 ab
2982 2928 3289 2995 hominibus
3322 2938 3501 3011 agitur

1914 3032 2020 3072 nou
2044 3028 2128 3074 est
2152 3019 2455 3090 hominum,
2495 3025 2590 3081 sed
2622 3034 2908 3083 astrorum.
2953 3028 3037 3084 Ad
3066 3028 3499 3101 ha’nc‘insania'm

1912 3114 2150 3183 pertinet
2198 3116 2505 3189 prodigiosa
2556 3118 2644 3174 illa
2688 3121 2852 3179 totius
2888 3123 3108 3179 humani
3141 3124 3382 3198 corporis
3405 3136 3502 3200 per

224 3228 288 3274 ut
317 3218 564 3275 videatur
591 3221 864 3276 iteratum.
898 3220 998 3289 Qui
1031 3230 1210 3277 autem
1255 3232 1479 3292 possunt
1508 3223 1806 3288 reminisci,

1917 3205 2195 3261 duodecim
2223 3207 2346 3264 coeli
2375 3209 2526 3281 signa
2573 3209 2867 3281 distinctio,
2910 3223 2972 3270 ut
2996 3216 3222 3274 diversis
3258 3218 3501 3289 partibus

223 3309 375 3382 quod
404 3312 471 3367 ad
499 3312 779 3369 ecclesiam
814 3314 1104 3369 veniebant
1139 3329 1260 3370 cum
1307 3314 1623 3385 parentibus
1666 3314 1809 3381 suis,

223 3411 446 3477 possent
479 3404 752 3459 recordari
785 3420 850 3459 an
881 3406 1025 3475 quod
1061 3422 1249 3462 eorum
1292 3396 1606 3477 parentibus
1646 3406 1811 3463 daba-

222 3504 337 3558 tur,
365 3495 691 3565 acceperint.
724 3495 828 3551 Sed
855 3498 897 3552 si
924 3498 1027 3554 hoc
1053 3498 1214 3553 etiam
1243 3500 1309 3554 ab
1336 3516 1522 3556 eorum
1551 3501 1810 3555 memoria

220 3586 460 3641 alienum
495 3596 595 3653 est,
629 3586 1013 3643 conferendum
1041 3591 1121 3645 eis
1146 3590 1359 3645 videtur
1387 3592 1528 3662 quod
1558 3590 1810 3647 collatum

220 3690 349 3730 esse
372 3676 627 3730 nescitur.
658 3674 789 3745 Quia
815 3695 918 3734 non
945 3681 1219 3736 temeritas
1246 3681 1536 3738 intervenit
1557 3699 1812 3753 pi'zesum-

218 3764 444 3839 ptio'nis,
477 3767 565 3822 ubi
591 3778 674 3824 cst
702 3769 974 3840 diligentia
1001 3771 1236 3843 pictatis.

225 3857 497 3940 Quod_eos
521 3862 609 3933 qui
637 3879 691 3916 se
713 3862 998 3940 baptizatos
1023 3876 1332 3940 agnoscunt,
1367 3868 1458 3923 sed
1493 3868 1545 3922 in
1575 3886 1678 3940 qua
1705 3866 1810 3939 ﬁde

262 3932 519 3996 nesciunt,
534 3932 639 4003 per
662 3932 845 3988 manus
868 3932 1246 4005 impositiouem
1269 3940 1461 4009 suscipi
1482 3932 1769 3994 conueniat.

299 4021 357 4076 Si
402 4031 582 4077 autem
627 4024 691 4078 de
731 4024 927 4094 quibus
954 4027 1217 4097 scripsisti
1257 4044 1365 4083 non
1410 4045 1469 4084 se
1510 4031 1810 4101 baptizatos

221 4115 498 4179 nesciunt,
528 4116 623 4171 sed
649 4116 799 4188 cujus
832 4118 960 4176 ﬁdei
990 4118 1191 4175 fuerint
1219 4123 1309 4190 qui
1342 4137 1436 4178 eos
1465 4124 1809 4195 baptizavere

221 4220 286 4262 se
330 4209 536 4262 nescire
569 4208 908 4278 profitentur,
942 4212 1180 4282 quolibet
1226 4215 1384 4269 modo
1432 4214 1661 4270 formam
1709 4218 1807 4272 ba-

220 4298 495 4371 ptismatis
524 4301 862 4370 acceperint,
907 4301 1210 4371 baptizandi
1254 4320 1359 4359 non
1400 4314 1554 4369 sunt,
1587 4305 1679 4360 sed
1707 4322 1808 4376 per

222 4403 423 4444 manus
452 4388 849 4460 iuipositioncm
880 4391 1125 4447 invocata
1160 4394 1357 4449 virtute
1378 4393 1613 4464 Spiritus
1634 4396 1806 4451 sancti

220 4493 385 4548 quam
413 4479 481 4535 ab
504 4480 772 4537 haereticis
793 4484 1034 4554 accipere
1054 4499 1161 4540 non
1186 4493 1497 4556 potuerunt,
1526 4486 1806 4544 catholicis

220 4569 511 4640 copulaudi
544 4581 691 4627 sunt.

1915 3296 2141 3353 diversa:
2188 3298 2514 3368 prazsideant
2563 3309 2880 3371 potestates,
2930 3311 2983 3359 et
3024 3310 3295 3375 creatura,
3338 3320 3499 3381 quam

1912 3386 2054 3442 Deus
2082 3387 2147 3442 ad
2170 3388 2457 3462 imaginem
2480 3406 2632 3449 suam
2654 3392 2801 3462 fecit,
2828 3396 2881 3452 in
2908 3406 3054 3453 tanta
3076 3399 3147 3456 sit
3171 3394 3498 3473 obligatione

1912 3478 2146 3535 siderum
2172 3480 2225 3535 in
2250 3491 2447 3552 quanta
2493 3495 2577 3542 est
2620 3489 2954 3547 connexione
2975 3486 3361 3550 membrorum.
3382 3486 3500 3552 Me-

1914 3572 2018 3627 rito
2048 3581 2229 3642 patres
2272 3577 2460 3643 nostri,
2490 3581 2589 3636 sub
2630 3597 2857 3652 quorum
2899 3587 3229 3657 temporibus
3274 3584 3499 3648 haeresis

1912 3661 2029 3717 INBC
2069 3662 2294 3720 nefanda
2326 3669 2588 3740 prorupit,
2619 3687 2716 3743 per
2742 3681 2908 3729 totum
2950 3678 3207 3734 mundum
3234 3679 3499 3738 instanter

1912 3766 2094 3821 egere,
2135 3763 2193 3809 ut
2219 3755 2415 3826 impius
2450 3758 2601 3816 furor
2628 3764 2694 3818 ab
2719 3764 2971 3822 universa
2997 3768 3237 3825 Ecclesia
3264 3766 3493 3842 pellere-

1913 3851 2017 3897 tur.
2045 3844 2270 3911 Quando
2308 3848 2468 3904 etiam
2512 3851 2783 3924 principes
2827 3858 3010 3913 mundi
3050 3859 3123 3915 ita
3151 3862 3289 3918 hanc
3324 3865 3499 3941 sacri-

1911 3934 2083 4008 legam
2124 3943 2415 3996 amcntiam
2459 3943 2709 4000 detestati
2756 3959 2901 4016 sunt,
2948 3960 3008 4006 ut
3058 3962 3333 4010 auctorem
3378 3934 3496 4029 ejus

1912 4043 1977 4083 ac
2045 4029 2332 4104 plerosque
2393 4035 2686 4107 discipulos
2738 4039 2914 4111 legum
2972 4044 3305 4115 publicarum
3366 4060 3498 4108 ense

1909 4129 2330 4188 prosternerent.
2376 4122 2640 4182 Videbam
2688 4130 2831 4185 enim
2869 4148 3084 4189 omnem
3113 4150 3299 4192 curam
3329 4139 3499 4196 bone-

1910 4217 2066 4271 statis
2104 4216 2329 4285 auferri,
2360 4235 2575 4277 omnem
2621 4225 2994 4297 conjugiorum
3041 4230 3285 4301 00puiam
3336 4231 3494 4303 solvi,

1909 4306 2175 4376 simulque
2231 4309 2469 4365 divinant
2529 4311 2618 4382 jus
2670 4316 3075 4391 humanumque
3129 4325 3398 4393 subverti,
3440 4326 3495 4382 ‘si

1908 4397 2213 4468 liujusniodi
2259 4404 2566 4460 hominibus
2613 4423 2837 4478 usquam
2875 4412 3057 4470 vivere
3102 4432 3223 4472 cum
3250 4418 3339 4473 tali
3370 4428 3496 4490 pro—

1910 4489 2143 4547 fessione
2165 4494 2421 4552 licuisset.
2450 4497 2516 4552 Et
2539 4498 2738 4569 profuit
2777 4504 2865 4558 diu
2894 4505 2996 4561 ista
3027 4508 3297 4566 districtio
3321 4511 3496 4568 eccle-

1826 4579 2140 4642 Dsiasticae
2183 4588 2443 4657 lenitatis,
2497 4607 2618 4663 quae
2668 4604 2724 4648 et
2772 4597 2816 4650 si
2874 4599 3191 4656 sacerdotali
3239 4611 3491 4662 contenta

216 4678 301 4739 De
329 4682 411 4740 Itis
432 4687 521 4757 qui
545 4688 790 4744 conviviis
820 4690 1088 4762 gentilith
1116 4702 1162 4747 et
1193 4696 1321 4750 escis
1350 4693 1693 4751 immolatitiis
1723 4695 1805 4751 usi

1912 4675 2103 4744 iudicio
2159 4689 2411 4736 cruentas
2467 4683 2664 4755 refugit
2720 4685 2985 4753 ultiones,
3045 4691 3248 4749 severis
3306 4700 3485 4752 tamen

950 4774 1090 4817 διιηι.

291 4850 352 4907 Si
384 4855 632 4913 convivio
654 4858 768 4915 soio
795 4859 1073 4932 gentilium
1107 4872 1160 4918 et
1181 4864 1320 4919 escis
1346 4865 1700 4923 immolatitiis
1722 4867 1806 4925 usi

216 4953 368 5009 sunt,
397 4959 621 5015 possunt
635 4950 854 5021 jejuniis
880 4962 933 5007 et
962 4969 1152 5010 manus
1177 4956 1515 5027 impositione
1549 4961 1800 5031 purgari,

214 5042 279 5092 ut
295 5037 550 5110 deinceps
564 5040 633 5096 ab
646 5042 982 5100 idoloiatitiis
994 5046 1347 5113 abstinentes,
1366 5064 1639 5106 sacrorum
1655 5050 1807 5107 Chri-

215 5128 289 5185 sti
315 5141 544 5201 possunt
573 5149 693 5189 esse
714 5138 1020 5208 participes.
1058 5137 1112 5193 Si
1147 5148 1325 5194 autem
1352 5141 1487 5196 idola
1512 5142 1805 5198 adoravere

218 5228 317 5274 aut
346 5222 655 5281 homicidiis
680 5227 765 5281 vel
794 5226 1242 5285 fornicationibus
1267 5234 1615 5288 contaminati
1645 5243 1801 5303 sunt,

217 5310 288 5365 ad
316 5314 753 5371 coranmuionem
783 5331 877 5373 eos
895 5359 909 5383 ,
938 5319 1042 5373 nisi
1062 5376 1067 5383 ,
1088 5336 1187 5390 per
1224 5322 1597 5392 paenitentiam
1632 5322 1805 5394 publi-

190 5408 369 5469 'cam,
401 5416 507 5461 nou
533 5418 747 5478 Oportet
781 5411 1013 5466 admitti.

289 5491 479 5549 LXXI.
501 5526 571 5537 ——
596 5498 676 5551 Ad
700 5498 992 5555 Toranium
1017 5504 1311 5575 episcopum
1339 5506 1741 5579 Astorigeusem.

288 5584 406 5642 Leo
428 5588 684 5647 Tanaum
708 5594 963 5666 episcopo
990 5596 1382 5668 Austorigensi.

291 5676 464 5744 Quam
492 5680 839 5741 laudabiliter
864 5702 962 5757 pro
992 5691 1267 5748 catholica:
1292 5695 1414 5751 ﬁdei
1440 5697 1668 5754 veritate
1691 5714 1800 5756 mo-

212 5771 418 5839 vearis,
448 5786 501 5830 et
526 5790 686 5845 quam
715 5779 944 5841 sollicite
969 5781 1247 5843 Dominico
1277 5790 1423 5861 gregi
1456 5792 1793 5851 devotionem

1902 4767 2330 4825 Christianorum
2352 4773 2654 4845 principum
2677 4774 3151 4840 constitutionibus
3174 4783 3483 4857 adiuvatur,

1904 4860 2029 4915 dum
2056 4865 2123 4917 ad
2155 4863 2394 4933 spiritale
2428 4878 2813 4938 nonnunquam
2857 4883 3143 4930 recurrunt
3191 4876 3487 4935 remedium

1907 4953 1997 5024 qui
2027 4954 2214 5009 timent
2236 4957 2513 5027 corporale
2542 4960 2980 5030 supplicium.Ex
3005 4980 3112 5036 quo
3137 4975 3317 5024 autem
3349 4969 3490 5025 mul-

1907 5054 1992 5101 tas
2019 5049 2322 5116 provincias
2352 5050 2562 5106 hostilis
2597 5056 2881 5124 oceupavit
2907 5055 3151 5129 irruptio,
3183 5069 3237 5116 et
3265 5054 3489 5119 exsecu~

1905 5136 2106 5193 tionem
2130 5137 2309 5209 legum
2339 5148 2688 5212 tempestates
2728 5146 3057 5204 interdixere
3096 5149 3393 5221 bellorum;
3421 5146 3490 5213 ex

1904 5246 2011 5301 quo
2059 5232 2200 5288 inter
2241 5237 2550 5293 sacerdotes
2602 5236 2697 5293 Dei
2754 5238 2996 5299 ditiiciles
3050 5250 3382 5305 Commeatus
3432 5261 3490 5309 et

1905 5328 2011 5381 rari
2042 5338 2326 5399 coeperunt
2366 5345 2486 5386 esse
2518 5342 2839 5397 conventus.
2876 5334 3079 5392 invenit
3108 5339 3175 5393 ad
3214 5338 3484 5421 publicam

1902 5421 2362 5489 perturbationem
2407 5434 2616 5479 secreta
2667 5426 2894 5496 perﬁdia
2938 5427 3267 5499 libertatem,
3319 5442 3375 5489 et
3419 5435 3487 5507 ad

1905 5511 2197 5568 multarum
2252 5516 2510 5571 mentium
2557 5517 2963 5576 subversionem
2994 5522 3080 5579 iris
3116 5522 3270 5580 malis
3296 5533 3380 5582 est
3407 5525 3485 5582 in-

1906 5606 2068 5662 citata
2087 5608 2281 5679 quibus
2307 5609 2493 5665 debuit
2517 5616 2639 5667 esse
2657 5624 2924 5669 correcta.
2944 5615 3072 5683 Quae
3100 5632 3226 5674 vero
3255 5614 3366 5677 illic
3391 5615 3487 5677 aut

1905 5706 2103 5767 quanta
2163 5714 2287 5769 pars
2340 5700 2572 5770 plebium
2616 5704 2786 5774 pestis
2824 5705 2982 5775 hujus
3027 5704 3200 5766 aliena
3239 5720 3341 5780 est,
3369 5713 3480 5781 ubi,

1902 5792 2043 5849 sicut
2094 5793 2329 5850 cbaritas
2352 5803 2438 5850 tua
2472 5794 2690 5866 indicat,
2722 5797 2905 5856 lethali
2946 5802 3133 5863 morbo
3158 5803 3319 5867 etiam
3345 5820 3481 5884 quos
