3974 6436
597 274 702 335 895

1380 278 1669 338 APPEND.
1709 279 1801 336 AD
1839 281 2011 340 8.436.
2041 280 2134 337 1X.
2173 312 2244 324 -—-
2276 281 2528 341 lSlDORI
2562 284 3004 345 MERCATORIS
3749 298 3826 358 896

597 393 846 452 rumdam
894 393 1234 450 sacerdotum
1284 395 1447 452 corda
1492 405 1745 467 corrupta
1793 409 1939 464 sunt,
1987 393 2186 468 et‘per
2212 401 2266 461 Α
2292 397 2362 452 sit
2387 397 2479 468 qui
2510 407 2626 453 erat
2659 398 2801 455 Deus
2831 375 3092 468 \lerbum,
3121 408 3176 456 et
3213 398 3280 458 de
3303 399 3470 460 Patre
3495 394 3649 462 nemo
3679 406 3740 464 sit
3764 425 3828 480 ge

596 504 734 560 quos
757 487 1110 560 opprimenda
1137 487 1346 545 falsitas
1375 497 1430 543 et
1463 489 1800 546 defendenda
1839 489 2043 545 veritas
2071 488 2190 546 fne-

596 595 684 641 rat
707 600 802 656 per
827 585 971 655 ipsos
1016 583 1276 640 doctrina:
1315 582 1637 639 Priscilliani
1681 583 2030 655 Evangelium
2067 584 2194 638 sub-

601 677 749 733 ditur
770 675 999 740 Christi,
1039 682 1096 730 ut
1143 673 1209 729 ad
1249 672 1503 746 profanos
1533 690 1722 731 sensus
1751 675 1945 744 pietate
1977 684 2193 728 sancto-

2297 490 2446 546 nitus
2479 500 2676 562 prieter
2703 489 2962 547 Verbum.

2365 583 2456 638 ιν.
2507 583 2711 652 Quarto
2745 593 2924 640 autem
2965 583 3204 658 capitulo
3226 587 3539 645 continetur
3565 591 3693 661 quod
3713 603 3830 650 nau-

2295 674 2400 731 lem
2450 674 2694 742 Christi,
2761 692 2921 746 quem
2976 679 3272 735 secundum
3325 681 3706 753 susceptionem
3747 685 3829 744 veri

601 786 722 826 rum
744 769 1082 826 voluminum
1115 767 1429 839 depravata,
1475 770 1574 824 sub
1625 766 1932 823 nominibus
1959 765 2193 836 prophe—
2294 767 2531 824 hominis
2557 769 2823 824 catholica
2847 769 3088 826 Ecclesia
3116 779 3432 838 veneratur,
3456 773 3579 841 quia
3605 792 3622 825 ι
3643 773 3827 831 Verbum

597 869 775 916 tarum
797 869 852 916 et
876 858 1249 930 apostolorum
1271 875 1377 914 non
1405 859 1510 914 hoc
1532 858 1876 931 praedicetur,
1905 857 2047 927 quod
2073 855 2195 926 Spi-

597 953 736 1009 ritus
779 961 1002 1008 sanctus
1028 952 1230 1017 docuit,
1260 952 1354 1008 sed
1386 952 1528 1022 quod
1556 951 1750 1006 diaboli
1782 951 2027 1006 minister
2053 949 2193 1005 inse-

2295 873 2421 916 caro
2451 858 2654 915 factum
2685 867 2790 926 est,
2815 868 2868 915 et
2889 860 3155 916 habitavit
3180 861 3234 916 in
3261 862 3418 918 nobis
3445 861 3624 934 (Joan.
3653 879 3686 930 ι,
3707 864 3826 937 Η),ι

2297 966 2405 1005 non
2451 966 2578 1006 vere
2630 951 2720 1007 isti
2765 951 3054 1019 honorent,
3082 954 3175 1010 sed
3204 953 3480 1011 honorare
3515 971 3575 1012 se
3615 957 3830 1026 simulent,

598 1039 727 1094 ruit.
759 1038 896 1107 Quia
959 1054 1088 1110 ergo
1139 1039 1352 1094 dilectio
1404 1049 1508 1095 tum
1553 1037 1676 1094 ﬁdei
1713 1048 1973 1108 quantum
2022 1037 2197 1108 potuit
2287 1037 2598 1110 jejunantes
2627 1041 2818 1097 eodem
2862 1042 2948 1097 die
2972 1043 3193 1099 sicutet
3231 1044 3321 1100 die
3345 1044 3647 1112 Dominico,
3673 1047 3745 1117 qui
3774 1057 3832 1105 est

597 1129 872 1202 diligentia
904 1131 1191 1186 damnatas
1225 1129 1352 1186 olim
1382 1131 1664 1202 opiniones
1689 1132 1871 1186 decem
1905 1140 1959 1187 et
1987 1139 2189 1201 septem

596 1221 849 1294 capitulis
881 1221 1309 1293 comprehendit,
1353 1237 1453 1278 nos
1488 1237 1701 1293 quoque
1741 1222 1972 1276 strictim
2011 1221 2189 1277 omnia

597 1323 981 1380 retractemus,
1012 1328 1079 1368 ne
1109 1313 1310 1384 aliquid
1359 1313 1552 1369 harum
1599 1313 2055 1384 blasphemiarum
2100 1321 2192 1367 aut

599 1403 881 1462 tolerabile
905 1405 1153 1459 videatur
1180 1416 1274 1459 aut
1309 1405 1553 1461 dubium.

671 1500 713 1556 1.
764 1499 948 1556 Primo
1021 1499 1204 1570 itaque
1265 1498 1500 1568 capitulo
1568 1496 1973 1554 demonstratur
2027 1511 2190 1567 quam

598 1590 764 1663 impie
793 1591 1030 1646 sentiant
1059 1590 1123 1645 de
1163 1589 1430 1646 Trinitate
1461 1589 1664 1656 divina,
1697 1590 1785 1660 qui
1813 1599 1868 1644 et
1903 1588 2105 1654 Patris,
2138 1597 2193 1642 et

596 1683 740 1748 Filii,
768 1693 822 1739 et
850 1682 1082 1754 Spiritus
1110 1683 1282 1739 sancti
1305 1699 1467 1740 unam
1491 1692 1655 1756 atque
1674 1683 1919 1739 eamdem
1944 1689 2195 1737 asserunt

2297 1132 2413 1188 dies
2445 1133 2870 1190 resurrectionis
2883 1134 3104 1190 Christi.
3136 1135 3289 1204 Quod
3311 1137 3504 1208 utique
3524 1137 3638 1193 ideo
3658 1137 3827 1208 faciunt,

2291 1221 2419 1294 quia
2465 1223 2742 1281 Christum
2796 1225 3086 1282 Dominum
3133 1227 3188 1286 in
3227 1243 3356 1284 vera
3413 1228 3644 1286 hominis
3688 1241 3828 1286 natura

2295 1323 2480 1370 natum
2505 1331 2626 1372 esse
2664 1332 2772 1372 non
2818 1318 3069 1385 credunt,
3101 1319 3196 1374 sed
3241 1334 3338 1390 per
3373 1319 3657 1392 quamdam
3679 1320 3827 1378 illusio-

2293 1419 2416 1461 nem
2447 1415 2720 1464 ostentata
2748 1408 2920 1464 videri
2967 1408 3176 1474 volunt,
3203 1423 3324 1479 qua:
3361 1424 3495 1464 vera
3543 1425 3642 1465 non
3665 1409 3826 1477 fuerint,

2295 1504 2590 1564 sequentes
2617 1495 2813 1565 dogma
2857 1496 3118 1552 Cerdonis
3152 1506 3315 1568 atque
3362 1497 3663 1565 Marcionis,
3695 1508 3740 1556 et
3763 1515 3825 1555 eo-

2296 1587 2474 1657 gnatis
2503 1587 2617 1644 suis
2646 1586 2959 1643 ltfaniclneis
2983 1603 3082 1660 per
3114 1589 3296 1645 omnia
3341 1591 3733 1646 concordantes.
3757 1589 3825 1658 Qui

2297 1681 2438 1736 sicut
2471 1681 2526 1736 in
2560 1689 2747 1738 nostro
2775 1684 3028 1739 examine
3058 1684 3256 1740 detecti
3287 1693 3456 1755 atque
3493 1685 3704 1742 convicti
3725 1696 3822 1749 sunt,

596 1792 718 1834 esse
762 1791 1073 1850 personam,
1125 1786 1380 1848 tanquam
1431 1778 1571 1834 idem
1620 1779 1781 1844 Dens,
1821 1793 1965 1832 nunc
2009 1775 2190 1842 Pater,
2227 1797 2270 1857 Β
2300 1769 2640 1827 Dominicum
2671 1771 2815 1828 diem
2866 1789 3025 1844 quem
3057 1774 3213 1830 nobis
3255 1773 3565 1831 Salvatoris
3603 1777 3742 1832 nostri
3772 1792 3826 1831 rc-

597 1885 743 1925 nunc
779 1867 967 1934 Filius,
1005 1885 1148 1926 nunc
1187 1868 1424 1940 Spiritus
1474 1878 1693 1926 sanctus
1730 1869 2057 1935 nominetur,
2094 1883 2195 1924 nec

597 1961 736 2018 alius
774 1961 845 2018 sit
873 1963 964 2033 qui
997 1963 1200 2034 genuit.
1231 1962 1370 2018 alius
1412 1963 1504 2034 qui
1548 1963 1760 2034 genitus
1785 1971 1886 2026 est,
1939 1961 2076 2017 alius
2103 1962 2196 2031 qui

597 2051 665 2108 de
696 2063 924 2123 utroque
949 2053 1234 2124 processit,
1264 2055 1358 2109 sed
1397 2053 1684 2124 singularis
1728 2054 1909 2109 unitas
1940 2054 1992 2108 in
2025 2053 2196 2109 tribus

597 2141 815 2212 quidem
846 2143 1144 2210 vocabulis,
1173 2144 1265 2200 sed
1295 2161 1400 2200 non
1429 2145 1601 2200 tribus
1632 2144 1704 2200 sit
1735 2145 2048 2216 accipienda
2073 2160 2196 2214 per-

598 2233 766 2288 sonis.
807 2230 960 2300 Quod
991 2231 1339 2304 blasphemia:
1381 2248 1550 2303 genus
1594 2233 1658 2288 de
1697 2233 1918 2289 Sabellii
1945 2235 2198 2304 Opinione

599 2331 984 2394 sumpserunt,
1061 2321 1215 2392 cnjns
1271 2323 1516 2392 discipuli
1583 2324 1748 2378 etiam
1803 2323 2196 2395 Patripassiani

599 2415 797 2472 merito
828 2424 1225 2486 nuncupantur,
1254 2417 1382 2486 quia
1421 2415 1467 2470 si
1513 2416 1628 2486 ipse
1675 2425 1759 2472 est
1792 2417 1962 2472 Filius
2005 2417 2095 2488 qui
2143 2426 2199 2473 et

597 2506 782 2576 Pater,
809 2523 944 2565 crux
982 2507 1105 2562 Filii
1151 2506 1330 2562 Patris
1376 2517 1460 2564 est
1506 2508 1706 2579 passio,
1752 2519 1806 2564 et
1851 2508 2112 2580 quidquid
2144 2509 2198 2564 in

598 2603 775 2660 forma
807 2602 950 2659 servi
991 2601 1160 2658 Filius
1185 2601 1332 2656 Patri
1359 2601 1660 2657 obediendo
1706 2601 1981 2667 sustinuit,
2027 2610 2199 2656 totum

599 2693 656 2752 in
692 2709 750 2750 se
775 2692 938 2750 Pater
968 2693 1082 2765 ipse
1113 2693 1370 2764 suscepit.
1414 2693 1566 2762 Quod
1613 2693 1890 2749 catholicre
1921 2693 2046 2748 ﬁdei
2082 2693 2200 2749 sine

599 2785 952 2857 ambiguitate
999 2785 1331 2842 contrarium
1361 2794 1464 2851 est,
1510 2801 1630 2855 qum
1660 2785 1982 2840 Trinitatem
2018 2786 2198 2840 unita-

603 2877 674 2933 tis
701 2877 779 2933 sic
801 2875 1040 2952 ὁμοῦσιον
1071 2875 1380 2944 conﬁtetur,
1402 2885 1463 2931 ut
1483 2877 1697 2932 Patrem
1713 2882 1762 2932 et
1787 2875 2052 2931 Filiumet
2081 2875 2202 2947 Spi-

603 2972 770 3027 ritum
794 2971 911 3026 sine
936 2970 1251 3028 confusione
1281 2971 1562 3038 indivisos,
1591 2973 1707 3027 sine
1738 2981 1980 3043 tempore
2003 2971 2202 3042 sempi-

602 3073 813 3132 ternos,
836 3063 956 3120 sine
993 3063 1298 3120 differentia
1329 3066 1514 3120 credat
1541 3065 1801 3136 arqualcs,
1841 3064 1965 3135 quia
1992 3063 2203 3118 unitate

2299 1865 2567 1920 surrectio
2582 1866 2941 1932 consecravit,
2957 1867 3181 1940 exigunt
3205 1866 3260 1922 in
3289 1881 3528 1925 mtrrore
3543 1867 3726 1940 jejunii,
3742 1868 3822 1932 soli,

2299 1967 2358 2012 ut
2382 1958 2652 2028 proditum
2692 1966 2802 2024 est,
2844 1957 3165 2013 reverentiae
3207 1958 3352 2014 hanc
3383 1959 3740 2015 continentiam
3765 1960 3824 2014 de-

2297 2059 2576 2116 voventes,
2624 2059 2683 2104 ut
2720 2063 2817 2122 per
2855 2049 3039 2105 omnia
3082 2049 3192 2104 sint
3223 2065 3254 2104 a
3285 2059 3493 2106 nostrae
3535 2049 3646 2107 ﬁdei
3680 2050 3821 2106 unitate

2299 2141 2603 2207 discordes,
2646 2149 2700 2196 et
2730 2140 2846 2212 dies
2873 2140 2964 2210 qui
3009 2156 3038 2195 a
3086 2141 3243 2196 nobis
3279 2155 3409 2197 cum
3438 2141 3615 2198 laetitia
3642 2141 3822 2206 habetur,

2299 2235 2369 2290 ab
2413 2233 2517 2289 illis
2554 2233 2607 2286 in
2657 2230 2946 2287 afflictione
2994 2231 3244 2288 ducatur.
3279 2231 3440 2289 Unde
3488 2233 3689 2305 dignum
3711 2240 3823 2288 estut

2300 2325 2508 2380 inimici
2539 2325 2717 2381 crucis
2759 2323 2961 2379 Christi
3005 2332 3058 2380 et
3091 2325 3514 2381 resurrectionis
3559 2324 3699 2380 talem
3730 2323 3822 2378 aeti-

2305 2419 2462 2490 piant
2491 2418 2814 2474 sententiam
2847 2417 3060 2489 qualem
3089 2417 3301 2491 elegero
3332 2419 3651 2475 doctrinam.

2377 2511 2440 2567 V.
2488 2510 2688 2578 Quinto
2729 2518 2910 2566 autem
2951 2509 3187 2580 capitulo
3216 2510 3460 2566 refertur
3487 2509 3621 2581 quod
3651 2507 3818 2564 animam

2302 2601 2542 2658 hominis
2566 2601 2763 2657 divina:
2792 2609 3040 2657 asserant
3079 2617 3200 2658 esse
3234 2602 3573 2668 substantiae,
3611 2616 3694 2658 nec
3715 2615 3737 2656 a
3762 2615 3819 2655 na-

2305 2703 2425 2748 tura
2471 2692 2752 2750 Creatoris
2781 2693 2866 2750 sui
2910 2693 3234 2751 conditionis
3265 2705 3472 2750 nostra:
3500 2695 3680 2751 distare
3709 2702 3816 2748 natu-

2305 2801 2448 2840 ram.
2490 2784 2661 2852 Quam
2694 2784 3028 2856 impietatem
3063 2800 3126 2840 ex
3159 2784 3601 2858 philosolihorum
3639 2798 3819 2855 quemm-

2307 2875 2430 2930 dam
2477 2883 2532 2930 et
2568 2875 2986 2931 Manichzeorum
3019 2875 3275 2946 opinione
3303 2885 3610 2932 manantem
3629 2872 3815 2929 catholica

2306 2965 2441 3019 ﬁdes
2473 2965 2716 3032 damnat,
2756 2966 2934 3021 sciens
2961 2964 3162 3020 nullam
3208 2974 3316 3022 tam
3364 2967 3636 3024 sublimem
3665 2973 3816 3032 tamque

2305 3061 2635 3133 praecipuam
2665 3077 2783 3118 esse
2814 3062 3076 3118 facturam
3123 3062 3209 3118 cui
3250 3063 3400 3120 Deus
3444 3064 3554 3136 ipse
3584 3069 3736 3117 natura
3757 3057 3811 3113 sit.

605 3157 662 3214 in
709 3158 1030 3214 Trinitatem
1075 3173 1181 3214 non
1230 3174 1297 3214 ex
1344 3161 1528 3216 eadem
1578 3175 1832 3230 persona,
1871 3160 1966 3216 sed
2010 3159 2200 3215 eadem
2229 3188 2278 3254 Ο
2308 3150 2461 3220 Quod
2485 3151 2630 3207 cnim
2661 3153 2726 3209 de
2749 3153 2926 3224 scipso
2963 3162 3069 3219 est,
3115 3153 3168 3208 id
3210 3163 3316 3221 est,
3359 3155 3502 3226 quod
3529 3153 3648 3224 ipse.
3676 3149 3756 3206 Nec
3781 3146 3813 3203 id

614 3251 842 3324 implent
865 3251 1118 3308 essentia.

675 3346 738 3404 11.
769 3345 826 3403 In
857 3347 1093 3404 secundo
1115 3339 1346 3418 capitulo
1367 3346 1601 3403 ostendit
1622 3347 1860 3420 ineptum
1890 3361 2199 3419 vanumque

602 3445 972 3495 commentum
1002 3437 1067 3492 de
1089 3437 1526 3507 proccssionibus
1553 3438 1910 3508 quarumdam
1943 3437 2201 3494 virtutum

602 3547 670 3588 ex
704 3531 813 3588 Deo
845 3547 980 3602 quas
1009 3529 1210 3587 habere
1253 3530 1502 3602 coeperit,
1552 3539 1607 3586 et
1645 3547 1781 3602 quas
1818 3531 2055 3586 essentia
2101 3545 2200 3587 sua

603 3623 720 3695 ipse
773 3622 1129 3694 prmeesserit.
1178 3621 1234 3676 ln
1289 3636 1397 3692 quo
1452 3621 1780 3676 Arianorum
1835 3619 2202 3692 suffragantur

603 3713 777 3770 errori
817 3713 1111 3770 dicentium
1161 3711 1303 3783 quod
1352 3711 1514 3767 Pater
1563 3710 1702 3767 Filio
1747 3711 1897 3782 prior
1943 3711 2034 3777 sit,
2073 3710 2199 3780 quia

603 3805 772 3861 fuerit
805 3806 1096 3876 aliquando
1123 3806 1239 3860 sine
1269 3803 1425 3870 Filio,
1447 3812 1502 3860 et
1534 3813 1660 3860 tunc
1688 3802 1850 3859 Pater
1875 3818 1995 3860 esse
2020 3817 2201 3875 crepe-

603 3895 699 3961 rit,
735 3896 947 3965 quando
972 3895 1164 3950 Filium
1189 3895 1455 3966 genuerit.
1491 3893 1599 3948 Sed
1623 3894 1763 3948 sicut
1789 3893 1908 3949 illos
1937 3893 2200 3949 catholica

605 3985 849 4043 Ecclesia
876 3987 1198 4052 detestatur,
1225 3987 1298 4040 ita
1339 3993 1394 4040 et
1425 3985 1557 4040 istos
1603 3985 1694 4055 qui
1741 3993 1935 4055 putant
1962 4001 2198 4056 unquam

605 4077 718 4134 Deo
752 4079 802 4133 id
838 4079 980 4148 quod
1014 4076 1255 4146 ejusdem
1306 4085 1389 4132 est
1435 4076 1683 4133 cssentiae
1728 4075 1983 4131 defuisse.
2027 4077 2198 4143 Quem

603 4167 748 4225 sicut
783 4168 1095 4223 mutabilem
1145 4167 1219 4222 ita
1265 4167 1636 4238 proficientem
1680 4167 1859 4223 dicere
1896 4164 2046 4222 nefas
2092 4175 2194 4222 est.

605 4260 776 4328 Quam
812 4261 957 4317 enim
1005 4269 1244 4316 mutatur
1287 4261 1431 4332 quod
1473 4261 1754 4328 minuitur,
1799 4269 1908 4316 tam
1961 4268 2200 4316 mutatur

605 4351 768 4406 etiam
799 4352 939 4421 quod
971 4361 1214 4423 augetur.

677 4440 762 4498 lll.
815 4441 983 4498 Tertii
1030 4458 1161 4499 vero
1213 4442 1430 4514 capituli
1489 4459 1668 4499 sermo
1711 4443 2001 4516 designat,
2053 4443 2196 4515 quod

606 4533 747 4590 idem
796 4534 946 4606 impii
997 4545 1286 4601 asserant,
1361 4535 1480 4591 ideo
1555 4536 1890 4608 unigenitum
1946 4537 2050 4592 dici
2108 4537 2198 4591 Fi-

604 4627 739 4682 lium
785 4627 904 4694 Dei,
945 4627 1072 4698 quia
1120 4627 1264 4683 solus
1322 4627 1392 4683 sit
1441 4637 1602 4684 natus
1644 4644 1711 4684 ex
1759 4628 1996 4701 Virgine.
2044 4630 2196 4698 Quod

604 4719 790 4789 utique
821 4735 928 4774 non
968 4719 1230 4775 auderent
1261 4719 1461 4786 dicere,
1504 4719 1609 4775 nisi
1656 4719 1805 4776 Pauli
1857 4721 2197 4779 Samosateni

604 4820 658 4867 et
704 4810 922 4866 Photini
977 4811 1124 4866 virus
1157 4811 1481 4878 hausissent,
1537 4811 1629 4882 qui
1678 4813 1861 4868 dixere
1909 4812 2196 4868 Dominum

604 4911 848 4956 nostrum
887 4901 1070 4958 Jesum
1101 4901 1400 4970 Christum,
1447 4911 1733 4974 antequam
1780 4914 2099 4961 nasceretur
2127 4922 2195 4962 ex

605 4991 812 5062 virgine
857 4993 1025 5048 Maria
1060 5011 1165 5050 non
1196 4993 1382 5055 fuisse.
1413 4993 1470 5050 Si
1503 5005 1683 5050 autem
1712 4997 1798 5052 isti
1835 4997 1978 5054 aliud
2009 5001 2074 5056 de
2098 5016 2196 5056 suo

603 5099 764 5140 sensu
820 5083 1042 5157 intelligi
1099 5085 1289 5142 volunt
1327 5095 1487 5157 atque
1541 5088 1864 5160 principium
1908 5090 1974 5146 de
2023 5101 2196 5148 matre

603 5177 735 5233 dant
762 5178 1002 5248 Christo,
1043 5190 1292 5237 asserant
1333 5198 1556 5240 necesse
1603 5193 1688 5240 est
1735 5200 1841 5240 non
1882 5202 2045 5241 unum
2073 5203 2195 5244 esse

603 5271 799 5328 Filium
831 5271 947 5340 Dei,
983 5274 1074 5329 sed
1111 5273 1244 5331 alios
1274 5291 1490 5347 quoque
1519 5292 1586 5332 ex
1623 5293 1833 5335 summo
1871 5277 2031 5335 Patre
2067 5295 2194 5351 pro-

604 5364 836 5436 genitos,
880 5381 1110 5437 quorum
1141 5367 1230 5423 hic
1276 5384 1416 5424 unus
1465 5369 1536 5424 sit
1583 5380 1741 5427 natus
1773 5387 1836 5427 ex
1876 5371 2093 5441 femina,
2138 5385 2194 5432 et

605 5455 696 5512 hic
724 5457 792 5512 ob
821 5457 922 5513 hoc
946 5456 1246 5528 appellatur
1269 5461 1598 5531 unigenitus,
1625 5463 1749 5535 quia
1773 5465 1913 5520 hanc
1938 5469 2194 5524 nascendi

602 5547 966 5603 conditionem
1023 5547 1160 5603 alius
1217 5549 1448 5606 ﬁliorum
1507 5551 1598 5608 Dei
1665 5570 1823 5611 nemo
1873 5559 2189 5628 susceperit.

603 5636 828 5708 Quoquo
867 5656 1084 5696 versum
1115 5641 1274 5713 igitur
1294 5659 1351 5698 se
1377 5645 1725 5713 contulerint,
1756 5647 1808 5702 in
1835 5664 2044 5718 magna:
2072 5658 2190 5706 ten-

603 5729 737 5783 dunt
781 5729 1074 5802 impietatis
1121 5733 1431 5805 abruptum,
1476 5737 1520 5791 si
1568 5737 1841 5794 Christum
1879 5741 2070 5810 Deum,
2109 5741 2193 5798 vel

603 5833 667 5874 ex
703 5828 875 5877 matre
915 5823 1106 5880 volunt
1151 5826 1353 5882 habere
1393 5829 1735 5899 principium,
1766 5832 1849 5886 vel
1894 5832 2070 5889 Patris
2099 5835 2193 5890 Dei

605 5926 938 5998 unigenitum
979 5931 1293 5988 difﬁtentur.
1335 5947 1454 5986 cum
1506 5938 1556 5984 ct
1605 5929 1667 5983 de
1720 5935 1894 5986 matre
1941 5929 1988 5987 is
2032 5939 2191 5992 natus

2308 3242 2455 3300 aliud
2502 3252 2586 3299 est
2625 3259 2788 3316 quam
2833 3242 3005 3300 Filius
3045 3251 3101 3300 et
3143 3242 3383 3315 Spiritus
3425 3252 3648 3300 sanctus.
3679 3241 3812 3298 Prata

2307 3335 2448 3392 hanc
2477 3342 2659 3390 autem
2688 3349 2913 3390 summa:
2937 3334 3240 3402 Trinitatis,
3272 3351 3443 3391 unam
3473 3329 3812 3392 consubstantia-

2306 3425 2411 3483 lem
2433 3432 2489 3481 et
2509 3425 2893 3497 sempiternam
2917 3433 3080 3497 atque
3103 3426 3593 3483 incommutabilem
3611 3424 3808 3483 deitatem.

2305 3519 2442 3576 nihil
2467 3519 2708 3575 omnium
2736 3529 3107 3575 creaturarum
3147 3529 3252 3587 est,
3286 3521 3437 3592 quod
3463 3535 3562 3576 non
3590 3518 3636 3574 in
3659 3511 3811 3572 exordio

2306 3613 2390 3670 sui
2416 3627 2483 3669 ex
2519 3612 2688 3668 nihilo
2715 3621 2958 3668 creatura
2983 3613 3073 3669 sit.
3109 3612 3222 3670 Non
3253 3623 3439 3671 autem
3467 3609 3696 3685 quidquid
3721 3607 3810 3663 inter

2305 3715 2587 3762 creaturas
2609 3705 2811 3762 eminet
2850 3704 2992 3761 Deus
3015 3715 3118 3771 est,
3165 3721 3265 3762 nec
3291 3707 3337 3762 si
3365 3707 3494 3778 quid
3533 3717 3737 3777 magnum
3757 3705 3810 3754 est

2305 3807 2468 3872 atque
2515 3798 2760 3853 mirabile
2799 3799 2898 3854 hoc
2926 3807 3009 3853 est
3048 3799 3190 3869 quod
3235 3798 3323 3853 ille
3369 3819 3387 3853 ‹
3428 3799 3516 3872 qui
3563 3797 3670 3854 facit
3703 3794 3809 3850 mira-

2303 3889 2430 3946 bilia
2455 3905 2647 3961 magna
2670 3889 2815 3946 solus
2842 3887 3011 3962 (Psal.
3049 3906 3198 3955 Lxxt,
3228 3891 3341 3961 18).
3376 3912 3394 3946 ι
3422 3891 3580 3946 Nemo
3608 3886 3807 3943 hominum

2304 3983 2530 4046 veritas,
2583 3979 2974 4050 nemojustitia
3001 3989 3103 4048 est,
3133 3983 3228 4038 sed
3269 3983 3428 4038 multi
3464 3979 3808 4052 participessunt

2301 4074 2548 4130 veritatis
2589 4083 2644 4129 et
2690 4075 2968 4146 sapientia).
3016 4085 3179 4146 atque
3215 4075 3462 4148 justitire.
3507 4075 3647 4131 Solus
3685 4077 3805 4125 autem

2311 4166 2456 4221 Deus
2480 4163 2678 4220 nullius
2703 4167 3134 4238 participationis
3155 4168 3352 4241 dignus
3377 4176 3477 4224 est.
3509 4165 3578 4222 De
3596 4179 3684 4237 quo
3704 4157 3805 4231 quid'

2302 4261 2432 4330 quid
2458 4260 2620 4331 digne
2667 4269 2940 4333 utcunque
2990 4261 3247 4331 sentitur,
3286 4277 3394 4319 non
3421 4261 3636 4332 qualitas
3665 4247 3802 4311 estsed

2302 4351 2557 4407 essentia.
2615 4350 3047 4408 lncommutabili
3101 4353 3246 4408 enim
3296 4352 3436 4409 nihil
3483 4347 3682 4411 accedit,
3720 4336 3804 4396 nihll

2301 4442 2533 4514 deperit,
2566 4444 2692 4512 quia
2727 4459 2850 4500 esse
2875 4445 2951 4499 illi
2978 4445 3122 4515 quod
3145 4456 3230 4502 est
3257 4445 3630 4517 sempiternum
3651 4443 3801 4500 senthr

2299 4545 2382 4590 est
2407 4536 2704 4607 proprium.
2735 4536 2888 4593 Unde
2916 4538 2969 4592 in
3006 4552 3065 4593 se
3094 4553 3322 4594 manens
3359 4539 3573 4593 innovat
3593 4527 3802 4589 omni“l

2301 4633 2432 4687 nihil
2459 4633 2654 4704 accipit
2680 4631 2822 4704 quod
2861 4633 2976 4705 ipse
3005 4650 3111 4689 non
3141 4635 3304 4690 dedit.
3340 4633 3566 4690 Nimium
3595 4627 3724 4700 igitur
3743 4633 3800 4674 su-

2299 4724 2474 4796 perbi,
2507 4725 2841 4796 nin‘iiumque
2871 4733 2999 4781 sunt
3024 4725 3175 4792 czeci,
3204 4727 3294 4796 qui
3323 4741 3446 4783 cum
3472 4725 3637 4780 dicunt
3674 4717 3801 4772 huma-

2299 4835 2422 4874 nam
2461 4819 2698 4874 animam
2725 4819 2962 4874 divinam
2990 4835 3109 4876 esse
3141 4820 3514 4881 substantiam,
3541 4829 3632 4872 non
3656 4802 3795 4866 intelli-

2300 4920 2431 4982 gunt
2458 4911 2589 4966 nihil
2621 4926 2678 4967 se
2710 4911 2856 4966 aliud
2894 4912 3076 4968 dicere
3102 4928 3263 4984 quam
3295 4913 3462 4969 Deum
3500 4920 3609 4966 esse
3633 4893 3797 4958 mutabi-

2301 5001 2428 5068 lem,
2460 5011 2515 5058 et
2567 5002 2743 5072 ipsum
2774 5003 2985 5075 perpeti
3015 5003 3274 5075 quidquid
3315 5010 3490 5076 potest
3523 5007 3697 5056 natura:
3717 4986 3793 5057 eius

2299 5095 2509 5150 inferri.

2371 5188 2459 5243 Vl.
2502 5188 2666 5246 Sexta
2698 5191 2974 5248 annotatio
3007 5192 3206 5249 indicat
3235 5208 3328 5250 eos
3360 5192 3550 5254 dicere,
3575 5176 3689 5256 quod
3708 5172 3786 5229 dia-

2295 5279 2453 5337 bolus
2480 5296 2755 5352 nunquam
2793 5281 2958 5338 fuerit
2998 5285 3192 5350 bonus,
3233 5299 3332 5340 nec
3369 5290 3546 5338 natura
3567 5262 3786 5344 eiuSOPiﬁ'

2303 5373 2446 5429 cium
2471 5374 2566 5430 Dei
2599 5376 2687 5442 sit,
2711 5377 2805 5433 sed
2826 5391 2949 5433 eum
2978 5393 3042 5434 ex
3075 5379 3214 5434 chao
3238 5387 3294 5434 et
3313 5373 3535 5433 tenebris
3555 5359 3780 5454 emersi“?

2301 5471 2427 5540 quia
2455 5469 2662 5525 scilicet
2689 5470 2894 5527 nullum
2926 5472 3007 5528 sui
3042 5473 3239 5528 habeat
3267 5481 3548 5530 auctorem.
3571 5458 3647 5517 ⁵εά
3661 5458 3781 5540 om?”

2300 5536 2426 5615 mali
2458 5560 2572 5631 ipse
2603 5560 2672 5616 sit
2704 5561 3028 5633 principium
3060 5573 3222 5634 atque
3248 5557 3550 5619 substantia,
3573 5561 3668 5606 cum
3688 5536 3776 5637 title?

2299 5667 2426 5707 vera
2473 5667 2593 5722 quae
2633 5661 2715 5708 est
2749 5654 3012 5711 catholica
3057 5656 3297 5711 omnium
3335 5653 3670 5710 creaturarum.
3701 5635 3774 5683 Si“

2297 5744 2680 5816 spiritualium,
2726 5745 2838 5801 sive
2886 5747 3270 5818 corporalium,
3319 5746 3499 5801 bonam
3539 5723 3774 5818 confim'l’l

2297 5836 2691 5901 substantiam,
2749 5848 2802 5892 ct
2846 5817 3217 5896 maliinullam
3266 5853 3379 5894 esse
3424 5834 3658 5890 naturam.
3687 5817 3769 5876 ίῐωέι

2295 5931 2460 6000 Deus,
2486 5928 2573 6003 qui
2603 5932 2968 5991 universitatis
2989 5944 3072 5992 est
3094 5933 3357 6002 conditor,
3384 5923 3500 5988 nihil
3522 5929 3609 5977 non
3627 5906 3765 5964 bonum
