3974 6446
117 366 214 421 8ἰῖιῖ

1253 330 1784 415 'nscus'rauuu
1820 357 2221 417 COLLECTIO.

3294 355 3396 413 898

118 480 263 537 fecit.
295 475 454 536 Unde
486 484 543 533 et
579 473 823 532 diabolus
866 473 1042 532 bonus
1089 481 1253 542 esset,
1288 475 1335 531 si
1371 476 1424 530 in
1471 491 1536 530 eo
1567 477 1709 545 quod
1737 480 1786 540 Λ
1815 485 1897 532 ter
1917 476 2058 546 quod
2081 477 2276 532 animae
2299 475 2576 531 hominum
2601 477 2913 547 priusquam
2935 474 3046 531 suis
3068 474 3399 546 inspiraren-

117 572 290 626 factus
320 578 407 624 est
435 575 801 640 permaneret.
831 565 936 623 Sed
966 568 1092 637 quia
1121 566 1353 624 naturali
1387 567 1706 623 excellentia

118 661 252 717 male
275 673 412 716 usus
454 668 559 723 est,
587 667 642 714 et
671 658 723 713 in
760 658 988 712 veritate
1015 673 1121 713 non
1151 657 1317 723 stetit,
1361 673 1466 711 non
1497 657 1551 710 in
1582 672 1708 711 con-

120 751 338 807 trariam
374 750 593 805 transiit
622 748 1002 813 substantiam,
1035 748 1126 802 sed
1154 763 1182 802 a
1213 762 1424 803 summo
1455 747 1596 801 bono
1621 745 1708 802 cui

121 844 295 901 debuit
322 844 608 898 adhmre‘re
627 827 875 906 descivit,
901 841 1040 896 sicut
1063 840 1160 910 ipsi
1189 840 1280 909 qui
1307 839 1431 894 talia
1463 846 1712 894 asserunt

122 952 148 991 a
181 937 320 990 veris
341 935 397 989 in
442 934 580 989 falsa
607 940 890 1005 proruunt,
922 941 974 988 et
1009 941 1254 987 naturam
1285 932 1337 986 in
1362 929 1705 1000 eo'arguunt,

122 1030 170 1083 in
210 1043 315 1097 quo
352 1035 552 1096 sponte
602 1024 943 1094 delinquunt,
994 1037 1057 1079 ac
1103 1039 1207 1095 pro
1256 1038 1350 1079 sua
1409 1022 1707 1078 voluntaria

120 1119 476 1190 perversitate
523 1117 865 1171 damnantur.
916 1115 1068 1183 Quod
1113 1115 1299 1186 utique
1331 1116 1382 1170 in
1429 1115 1562 1184 ipsis
1591 1129 1709 1168 ma-

123 1210 223 1263 lum
251 1211 376 1274 erit,
415 1217 473 1264 et
509 1208 679 1278 ipsum
725 1207 928 1263 malum
977 1223 1083 1264 non
1119 1207 1223 1263 erit
1261 1208 1585 1275 substantia,
1616 1206 1710 1263 sed

123 1315 272 1371 pmna
297 1299 646 1354 substantia).

185 1389 291 1447 νη.
311 1388 576 1457 Septimo
607 1387 722 1442 loco
751 1387 996 1458 sequitur
1022 1387 1165 1458 quod
1212 1386 1428 1458 nuptias
1454 1387 1711 1443 damnant

124 1491 172 1535 et
199 1481 635 1550 procreationem
675 1478 1010 1533 nascentium
1055 1478 1492 1548 perhorrescunt.
1524 1475 1577 1532 ln
1605 1492 1711 1547 quo

121 1572 257 1625 sicut
293 1585 436 1640 pene
478 1570 533 1624 in
561 1569 812 1624 omnibus
848 1584 972 1624 cum
1014 1568 1431 1624 Manichaeorum
1471 1569 1712 1638 profani-

124 1668 227 1714 tate
252 1659 614 1714 concordant.
647 1658 770 1712 Ideo
800 1658 940 1712 sicut
977 1658 1214 1728 ipsorum
1257 1673 1436 1713 mores
1481 1658 1712 1729 probant

122 1750 454 1821 conjugalem
483 1749 730 1820 copulam
779 1749 1128 1814 detestantes,
1173 1750 1297 1821 quia
1342 1767 1448 1806 non
1481 1759 1565 1806 est
1603 1751 1711 1807 illic

1809 578 1900 624 tur
1927 570 2243 640 corporibus
2287 584 2391 623 non
2431 569 2583 623 fuere
2608 583 2708 624 nec
2737 570 2804 622 ab
2828 567 2935 623 ullo
2983 567 3400 638 inconporantur

1809 658 1912 713 nisi
1947 659 2014 713 ab
2043 658 2236 728 opifice
2285 659 2412 723 Deo,
2457 659 2548 728 qui
2600 665 2656 712 et
2701 658 2940 728 ipsarum
2987 667 3069 710 est
3105 667 3323 713 creator
3349 644 3408 712 et

1809 761 2114 816 corporum.
2160 747 2246 812 Et,
2279 747 2403 817 quia
2453 762 2549 818 per
2591 747 2750 816 primi
2795 747 3033 801 hominis
3068 747 3400 816 praevarica-

1813 837 2043 902 tionem,
2099 846 2207 893 tota
2254 837 2477 892 humani
2527 840 2742 908 generis
2790 855 3028 910 prepago
3073 840 3256 894 vitiata
3293 827 3402 908 dsit,

1810 927 2082 984 nemiuem
2108 943 2272 998 posse
2295 943 2325 982 a
2355 929 2662 984 conditione
2681 930 2878 984 veteris
2903 930 3133 986 hominis
3155 929 3401 996 liberari,

1810 1019 1913 1074 nisi
1958 1034 2058 1088 per
2105 1029 2504 1074 sacramentum
2554 1020 2890 1092 baptismatis
2940 1020 3164 1087 Chr'sti,
3207 1023 3257 1076 in
3293 1038 3405 1091 quo

1811 1110 1953 1165 nulla
2000 1119 2084 1164 est
2136 1110 2394 1165 discretio
2441 1120 2786 1177 renatorum,
2836 1113 3049 1168 dicente
3105 1114 3403 1182 Apostolo:

1814 1220 1835 1255 ‹
1862 1201 2177 1272 Quicunque
2200 1202 2343 1257 enim
2367 1203 2424 1258 in
2449 1202 2668 1259 Christo
2685 1205 2946 1274 baptizati
2975 1206 3106 1259 estis
3130 1206 3404 1260 Christum

1809 1295 2085 1350 induistis.
2124 1295 2240 1350 Non
2284 1305 2367 1351 est
2407 1294 2622 1351 Judaeus
2670 1312 2842 1367 neque
2888 1298 3129 1360 Graecus,
3176 1315 3282 1353 non
3322 1308 3408 1352 cst

1811 1401 2002 1443 servus
2036 1401 2209 1456 neque
2237 1386 2395 1452 liber,
2428 1402 2534 1441 non
2559 1395 2642 1441 est
2669 1386 2940 1442 masculus
2966 1404 3142 1457 neque
3174 1386 3406 1450 femina;

1810 1492 2000 1534 omnes
2034 1479 2176 1532 enim
2226 1493 2392 1532 unum
2435 1479 2568 1533 estis
2615 1478 2667 1532 in
2711 1479 2928 1534 Christo
2978 1479 3101 1533 Jesu
3132 1475 3276 1550 (Gal.
3321 1493 3407 1539 ιιι,

1809 1567 2036 1641 27,28).
2070 1587 2088 1621 ι
2119 1568 2263 1634 Quid
2309 1569 2452 1624 enim
2507 1578 2673 1639 agunt
2719 1585 2910 1625 cursus
2959 1570 3222 1636 siderum,
3274 1569 3405 1639 quid

1813 1658 2068 1729 ﬁgmenta
2099 1657 2356 1724 fatorum,
2387 1659 2515 1730 quid
2547 1660 2942 1716 mundanarum
2975 1677 3154 1718 rerum
3191 1661 3406 1718 mobilis

1813 1762 2009 1816 status,
2037 1749 2275 1820 inqrieta
2316 1751 2635 1808 diversitas?
2682 1752 2821 1810 Ecce
2860 1762 2935 1808 tot
2965 1753 3200 1822 impares
3233 1754 3409 1824 gratia

122 1842 336 1898 libertas
355 1839 721 1911 turpitudinis
762 1839 852 1895 ubi
897 1840 1071 1909 pudor
1106 1840 1436 1896 matrimonii
1464 1850 1713 1896 servatur
1742 1847 1787 1906 Β
1816 1843 1908 1898 Dei
1948 1843 2074 1898 facit
2102 1844 2357 1914 aequales,
2390 1845 2479 1914 qui
2525 1844 2671 1899 inter
2697 1845 2963 1914 quoslibet
2990 1847 3114 1900 vita:
3144 1849 3302 1916 hujus
3326 1847 3411 1901 la-

120 1943 179 1988 et
209 1932 430 1988 sobolis.

189 2025 316 2081 V‘lll.
345 2024 616 2081 Octavum
656 2038 844 2081 eorum
882 2032 966 2080 est
992 2023 1406 2096 plasmationem
1437 2023 1705 2080 humano-

126 2131 238 2170 rum
285 2130 582 2185 corporum
624 2113 820 2168 diaboli
872 2114 1055 2170 dicere
1100 2127 1219 2168 esse
1273 2113 1603 2186 figmentum,
1655 2123 1712 2169 et

127 2209 321 2263 semina
371 2208 789 2278 conceptionum
832 2221 996 2277 opere
1033 2206 1336 2260 daunonum
1371 2207 1423 2260 in
1468 2207 1712 2262 mulieris

129 2301 288 2354 uteris
310 2298 483 2370 ﬁgura
495 2299 560 2352 ri.
589 2297 880 2368 Pr0pterea
901 2298 1365 2353 resurrectionem
1398 2298 1578 2352 carnis
1605 2313 1709 2353 non

130 2403 241 2444 esse
286 2389 637 2454 credendam,
679 2389 804 2457 quia
848 2389 1158 2443 concreatio
1201 2388 1457 2457 corporis
1487 2403 1591 2443 non
1641 2389 1713 2444 sit

133 2492 422 2550 congruens
460 2479 661 2532 animae
689 2477 957 2548 dignitati.
992 2477 1122 2545 Quae
1159 2477 1368 2532 falsitas
1411 2478 1528 2531 sine
1552 2478 1712 2533 dubio

132 2581 255 2638 opus
275 2569 474 2623 diaboli
498 2578 603 2633 est,
623 2576 676 2622 et
703 2567 826 2621 talia
849 2567 1091 2638 prodigia
1111 2566 1422 2637 opinionum
1447 2566 1711 2638 ﬁgmenta

134 2671 248 2716 sunt
289 2661 619 2725 daemonum,
671 2659 761 2729 qui
814 2676 920 2715 non
964 2661 1016 2714 in
1060 2653 1381 2714 feminarum
1431 2660 1714 2716 ventribus

135 2751 360 2807 formant
385 2753 658 2816 homines,
695 2752 790 2806 sed
816 2752 868 2806 in
897 2751 1276 2806 haereticorum
1302 2750 1558 2806 cordibus
1583 2751 1714 2806 tales

136 2842 461 2900 fabricantur
492 2858 723 2900 errores.
757 2843 910 2912 Quod
943 2843 1432 2897 immundissimum
1469 2842 1620 2896 virus
1647 2841 1714 2897 de

137 2932 428 2990 Manicbteae
489 2934 782 3005 impietatis
825 2933 1134 3004 specialiter
1184 2932 1332 2988 fonte
1383 2933 1714 3003 procedens,

136 3027 251 3082 olim
280 3028 410 3083 fides
434 3027 706 3085 catholica
734 3027 1084 3098 deprehendit
1114 3033 1276 3095 atque
1310 3025 1606 3079 damnavit.

199 3116 284 3172 IX.
316 3117 471 3173 Nona
507 3127 688 3172 autem
733 3116 1010 3171 adnotatio
1043 3114 1361 3170 manifestat
1392 3115 1534 3184 quod
1575 3113 1715 3169 ﬁlios

1809 1938 1971 1992 bores
1999 1935 2044 1990 si
2082 1935 2267 1991 fideles
2294 1945 2631 2006 permanent,
2667 1937 2850 1992 miseri
2880 1952 3000 1992 esse
3025 1954 3133 1993 non
3163 1955 3210 2009 pc
3233 1949 3410 2004 sunt,

1813 2028 2171 2099 apostolicum
2204 2028 2335 2084 illud
2373 2029 2427 2083 in
2466 2028 2760 2083 teutatione
2787 2029 3065 2084 dicentes:
3101 2048 3120 2080 ι
3157 2029 3286 2097 Quis
3312 2047 3412 2085 nos

1810 2121 2082 2192 separabit
2109 2137 2138 2176 a
2161 2121 2428 2176 charitate
2464 2120 2706 2176 Christi?
2732 2121 3008 2177 tribulatio
3045 2137 3111 2178 an
3140 2123 3413 2192 angustia,

1809 2230 1876 2269 an
1907 2211 2228 2285 persecutio,
2261 2227 2327 2267 an
2373 2211 2566 2274 iantes.
2599 2229 2666 2266 an
2716 2213 2953 2276 nuditas,
2980 2229 3046 2267 an
3079 2213 3406 2284 periculum.

1809 2321 1877 2359 an
1929 2304 2168 2376 gladius?
2220 2303 2373 2359 Sicut
2427 2304 2690 2374 scriptum
2748 2313 2851 2370 est,
2903 2305 3027 2374 quia
3081 2317 3301 2376 proper
3359 2312 3412 2356 te

1812 2405 1987 2450 morte
2021 2395 2286 2450 allicimur
2332 2405 2443 2450 tota
2492 2395 2600 2462 die,
2649 2396 2899 2450 aestimati
2949 2411 3134 2450 sumus
3184 2405 3244 2450 ut
3285 2412 3415 2452 oves

1811 2486 2115 2544 occisionis.
2149 2485 2254 2541 Sed
2289 2487 2343 2542 in
2385 2489 2469 2542 his
2497 2488 2750 2542 omnibus
2780 2501 3102 2556 superamus
3143 2487 3196 2540 in
3229 2500 3292 2540 eo
3319 2493 3412 2556 qui

1813 2593 1911 2653 nos
1938 2577 2126 2631 dilexit
2169 2577 2349 2646 (Rom.
2390 2593 2506 2641 vin,
2542 2579 2630 2637 55.
2659 2578 2771 2647 36).
2803 2595 2822 2628 ι
2859 2578 2923 2630 Et
2973 2578 3093 2632 idco
3138 2577 3403 2640 Ecclesia,

1813 2685 1932 2740 qua:
1957 2685 2152 2739 corpus
2182 2679 2264 2724 est
2301 2670 2522 2734 Christi,
2556 2669 2688 2723 nihil
2710 2671 2774 2723 de
2815 2669 2998 2723 mundi
3028 2668 3407 2738 inzequalitati—

1813 2764 1913 2817 bus
1944 2761 2154 2831 metuit,
2179 2778 2298 2832 qum
2339 2762 2471 2817 nihil
2517 2763 2581 2818 de.
2609 2761 2766 2816 bonis
2799 2761 3169 2832 corporalibus
3208 2777 3410 2818 concu-

1813 2853 1990 2922 piscit.
2032 2852 2142 2908 Nec
2191 2855 2408 2908 timetur
2439 2851 2582 2906 inani
2615 2851 2842 2922 strepitu
2893 2851 3125 2906 fatorum
3171 2851 3406 2922 gravari,

1814 2961 1934 3017 qua":
1964 2947 2224 3016 patientia
2255 2946 2661 3001 tribulationum
2691 2945 2839 3000 novit
2866 2945 3073 3016 augeri.

1886 3037 1976 3091 Xl.
2005 3035 2298 3092 Undecima
2339 3037 2576 3107 ipsorum
2609 3037 2942 3107 blasphemia
2971 3043 3087 3101 est,
3117 3051 3220 3106 qua
3264 3033 3404 3088 fatae

1816 3126 1956 3180 libus
1980 3125 2153 3180 stellis
2178 3134 2230 3180 et
2253 3125 2462 3180 animas
2485 3126 2760 3179 hominum
2790 3136 2838 3180 et
2865 3141 3090 3196 corpora
3115 3111 3409 3195 opinantur

137 3207 500 3275 promissionis
549 3221 616 3262 ex
661 3205 975 3260 mulieribus
1021 3205 1237 3274 quidem
1287 3211 1467 3269 natos,
1517 3201 1610 3257 sed
1646 3218 1713 3257 ex

1823 3217 2061 3286 astringi,
2098 3233 2195 3288 per
2224 3233 2385 3288 quam
2424 3217 2715 3272 amentiam
2747 3233 2970 3272 necesse
3014 3226 3116 3282 est,
3153 3228 3212 3271 ut
3238 3220 3417 3271 omni-

142 3295 326 3366 Spiritu
359 3305 554 3353 sancto
576 3297 762 3351 dicant
790 3311 908 3351 esse
939 3304 1248 3367 conceptos,
1280 3309 1346 3349 ne
1374 3293 1461 3348 illa
1504 3291 1715 3350 soboles

140 3401 247 3457 qua:
278 3389 344 3443 de
368 3387 558 3444 carnis
594 3386 800 3444 semine
829 3386 1070 3440 nascitur
1099 3386 1166 3439 ad
1207 3384 1303 3440 Dei
1352 3384 1716 3440 conditionem

143 3480 394 3548 pertinere
431 3479 708 3533 videatur.
741 3477 893 3546 Quod
941 3475 1219 3531 catholica:
1245 3475 1369 3530 fidei
1409 3487 1717 3545 repugnans

145 3579 290 3640 atque
313 3571 650 3627 contrarium
665 3578 768 3635 est,
785 3585 905 3639 quae
917 3583 1140 3624 omnem
1157 3568 1426 3623 hominem
1455 3575 1510 3622 et
1523 3580 1720 3636 corpo-

148 3663 214 3718 ris
237 3665 536 3735 animzeque
564 3663 916 3720 substantiam
954 3677 983 3715 a
1015 3660 1308 3716 Conditore
1349 3660 1720 3715 universitatis

147 3752 348 3811 formari
379 3766 545 3826 atque
564 3756 790 3810 animari
817 3755 956 3809 intra
982 3763 1224 3809 materna
1259 3755 1469 3809 viscera
1498 3752 1722 3809 confite-

151 3853 246 3909 tur,
261 3855 512 3902 manente
543 3847 758 3915 quidem
775 3845 867 3899 illo
888 3844 1094 3915 peccati
1120 3845 1567 3915 mortalitatisque
1589 3858 1714 3899 con-

149 3938 295 4008 tagio,
312 3940 458 4009 quod
483 3941 534 3992 in
555 3937 760 4008 prolem
783 3953 812 3992 a
828 3937 1004 4008 primo
1020 3945 1246 4008 parente
1265 3937 1610 3999 transcurrit,
1627 3934 1721 3990 sed

150 4031 565 4101 regenerationis
591 4037 932 4085 sacramento
971 4027 1342 4094 subveniente,
1374 4043 1482 4098 quo
1505 4043 1571 4083 ex
1601 4027 1723 4097 Spi.

151 4123 246 4178 ritu
291 4136 484 4181 sancto
532 4121 907 4194 promissionis
948 4120 1042 4176 filii
1088 4130 1467 4186 renascuntur,
1512 4136 1621 4176 non
1667 4121 1720 4174 in

148 4225 290 4273 utero
319 4218 526 4283 carnis,
569 4215 662 4271 sed
708 4215 762 4270 in
811 4215 1012 4269 virtute
1059 4212 1418 4283 baptismatis.
1469 4210 1626 4267 Unde
1670 4219 1724 4265 et

152 4307 304 4366 David
331 4311 474 4384 quod
514 4310 698 4380 utique
735 4316 854 4364 erat
896 4307 1270 4378 promissionis
1314 4305 1456 4361 filius
1490 4304 1624 4359 dicit
1656 4303 1721 4357 ad

155 4397 345 4455 Deum:
380 4421 399 4454 ι
436 4399 626 4455 Manus
659 4408 760 4454 tuae
806 4397 1049 4454 fecerunt
1095 4412 1179 4452 me
1225 4406 1280 4451 et
1321 4396 1726 4466 plasmaverunt

155 4503 232 4546 me
263 4491 430 4563 (Psal.
473 4505 664 4557 cxvut,
707 4491 830 4560 75);
868 4507 886 4543 ι
915 4498 971 4546 et
1016 4490 1082 4544 ad
1130 4487 1418 4544 Jeremiam
1467 4487 1726 4543 Dominus

1819 3308 1919 3362 bus
1964 3323 2294 3378 paganorum
2329 3307 2608 3362 erroribus
2647 3307 2901 3377 implicati
2951 3315 3004 3361 ct
3045 3305 3280 3360 faventia
3311 3301 3415 3359 sibi

1821 3398 1900 3475 (ut
1937 3396 2150 3469 putant.)
2202 3397 2379 3453 sidera
2420 3396 2598 3453 colere
2623 3437 2638 3462 ,
2685 3406 2738 3452 et
2773 3397 3114 3451 adversantia
3161 3396 3420 3450 studeant

1820 3490 2093 3560 mitigare.
2126 3487 2326 3544 Verum
2355 3488 2458 3544 ista
2498 3489 2832 3544 sectantibus
2862 3487 3040 3542 nullus
3073 3487 3124 3540 in
3167 3486 3425 3560 Ecclesia

1821 3565 2086 3638 catholica
2119 3582 2268 3637 locus
2305 3591 2406 3646 est,
2439 3581 2696 3651 quoniam
2734 3581 2822 3649 qui
2870 3595 2928 3634 se
2962 3579 3154 3634 talibus
3184 3593 3412 3649 persua-

1822 3673 2065 3728 sionibus
2096 3672 2260 3735 dedit,
2293 3687 2322 3725 a
2352 3671 2552 3726 Christi
2583 3686 2810 3742 corpore
2851 3679 2993 3725 totus
3023 3670 3309 3725 abscessit.

1891 3761 2006 3816 Xll.
2052 3761 2438 3817 Duodecimnm
2487 3762 2629 3816 inter
2676 3761 2789 3815 haec
2836 3759 2962 3814 illud
3001 3759 3143 3829 quod
3187 3766 3270 3814 est
3316 3759 3418 3813 sub

1824 3854 1945 3908 aliis
1985 3853 2341 3924 potestatibus
2377 3862 2559 3923 partes
2605 3851 2835 3915 animze.
2874 3851 2973 3906 sub
3022 3849 3144 3904 aliis
3177 3849 3423 3918 corporis

1826 3946 2068 4002 membra
2101 3945 2412 4000 describunt
2443 3952 2497 3998 et
2535 3943 2823 4013 qualitates
2867 3942 3183 3997 interiorum
3214 3957 3417 4013 praesu-

1828 4039 1934 4093 lum
1969 4039 2020 4093 in
2063 4037 2495 4108 patriarcharum
2543 4025 2852 4092 nominibus
2902 4043 3189 4100 statuunt,
3221 4034 3423 4105 quibus

1827 4145 1858 4185 c
1907 4130 2122 4184 diverso
2173 4130 2322 4199 signa
2370 4128 2621 4194 siderea,
2680 4143 2911 4198 quorum
2962 4127 3144 4181 virtuti
3196 4141 3424 4195 corpora

1828 4218 2186 4288 subjiciuntur
2225 4226 2522 4288 opponunt.
2558 4216 2626 4271 Et
2654 4217 2705 4270 in
2735 4217 2819 4271 his
2850 4217 3100 4272 omnibus
3136 4217 3427 4272 inextr'ca-

1829 4308 1920 4363 bili
1965 4323 2024 4363 se
2063 4322 2248 4363 errore
2289 4309 2660 4378 praepediunt,
2698 4323 2806 4362 non
2849 4309 3128 4363 audientes
3157 4309 3424 4363 dicentem

1828 4397 2145 4467 Apostolum
2179 4416 2191 4451 :
2230 4415 2248 4450 ‹
2281 4398 2468 4452 Videte
2509 4413 2574 4452 ne
2605 4398 2728 4467 quis
2754 4414 2850 4453 vos
2881 4399 3116 4469 decipiat
3163 4413 3259 4468 per
3300 4399 3419 4468 phi-

1831 4489 2130 4560 losophiam
2171 4499 2227 4543 et
2275 4489 2487 4543 inanem
2531 4487 2798 4543 fallaciam
2844 4491 3141 4545 secundum
3182 4487 3430 4542 traditio-

157 4581 257 4635 ait:
283 4601 300 4634 ι
328 4582 650 4654 Priusquam
679 4589 731 4637 te
763 4581 1052 4636 formarem
1078 4582 1128 4635 in
1157 4588 1311 4636 utero
1338 4579 1460 4634 nevi
1489 4589 1564 4645 te,
1592 4579 1726 4634 etin
1757 4572 1806 4629 D
1833 4594 1954 4634 nem
1999 4580 2301 4646 hominum,
2351 4571 2647 4636 secundum
2696 4581 2960 4636 elementa
3007 4581 3188 4634 mundi
3227 4588 3283 4634 et
3321 4596 3425 4632 non

158 4671 298 4728 vulva
329 4675 521 4730 matris
553 4684 658 4729 tute
687 4671 1021 4728 sanctiﬁcavi
1056 4679 1108 4726 te
1133 4670 1269 4741 (Jer.
1300 4686 1342 4735 l,
1372 4669 1448 4740 5).
1481 4689 1499 4721 ›

220 4761 282 4819 Χ.
308 4766 526 4823 Decimo
547 4775 726 4820 autem
755 4763 990 4835 capitulo
1018 4763 1329 4818 referuntur
1351 4775 1594 4818 asserere
1620 4762 1729 4816 ani-

161 4868 265 4911 mas
301 4873 420 4929 qua:
455 4857 707 4913 humanis
743 4854 1062 4924 corporibus
1112 4853 1427 4908 inseruntur
1479 4851 1644 4907 fuisse
1675 4853 1727 4906 iu

161 4938 392 5018 oorpore,
415 4959 471 5008 et
498 4952 552 5006 in
581 4949 788 5006 cmlesti
831 4947 1163 5002 habitatione
1192 4960 1470 5016 peccasse,
1497 4954 1661 5014 atque
1699 4960 1728 4998 a

163 5037 462 5098 sublimibus
486 5041 554 5097 ad
578 5040 833 5096 inferiora
863 5039 1097 5109 dilapsas
1120 5038 1171 5092 i'u
1205 5038 1432 5093 diversae
1455 5025 1730 5107 qualitatis

161 5131 414 5205 principes
439 5134 711 5198 incidisse,
739 5143 791 5187 et
820 5147 918 5201 per
942 5131 1118 5186 aerias
1143 5146 1207 5185 ac
1227 5130 1468 5186 sidereas
1496 5138 1733 5199 potesta-

166 5229 255 5288 tes,
288 5226 417 5282 alias
450 5225 717 5290 duriores,
759 5223 892 5277 alias
936 5221 1179 5277 mitiores
1221 5221 1539 5291 corporibus
1568 5219 1730 5288 222

163 5325 272 5370 esse
295 5317 525 5373 inclusas
551 5333 582 5372 a
621 5324 770 5372 sorte
799 5315 1011 5370 diversa
1042 5321 1098 5368 et
1126 5313 1434 5369 conditione
1462 5312 1730 5376 dissimili,

167 5396 218 5455 ut
237 5405 486 5478 quidquid
512 5408 566 5462 in
595 5407 695 5462 hac
718 5406 828 5460 vita
854 5405 1002 5460 varie
1031 5413 1085 5460 et
1115 5404 1450 5475 inaequaliter
1485 5403 1736 5474 provenit

168 5508 226 5548 ex
266 5501 694 5566 prmeedentibus
735 5498 916 5555 causis
955 5500 1202 5554 videatur
1247 5499 1516 5556 accidere.
1563 5499 1758 5566 Quam

173 5581 441 5655 impietatis
463 5591 697 5647 fabulam
723 5606 791 5647 ex
820 5591 1112 5646 multorum
1137 5590 1236 5645 sibi
1259 5591 1535 5646 erroribus
1559 5599 1741 5645 texue-

177 5686 302 5743 runt,
341 5681 431 5737 sed
472 5696 663 5738 omnes
693 5697 787 5738 eos
817 5683 1080 5738 catholica
1121 5683 1251 5738 iides
1287 5697 1318 5736 a
1358 5697 1586 5753 corpore
1628 5695 1739 5736 suae

149 5764 376 5840 leuitatis
403 5773 635 5829 abscidit
671 5780 981 5829 constanter
1007 5773 1309 5842 przedicaus
1337 5783 1500 5845 atque
1525 5774 1737 5830 veraci-

573 5884 850 5948 ΡΑτιιοι.
887 5881 1150 5947 CXXX.

146 5945 168 5970 θ

1829 4672 2122 4726 secundum
2159 4671 2469 4736 Christum,
2515 4674 2640 4740 quia
2691 4673 2742 4726 in
2785 4673 2900 4741 ipso
2941 4672 3209 4726 inhabitat
3250 4673 3429 4725 omni..-

1830 4765 2105 4835 plenitudo
2130 4766 2426 4820 divinitatis
2461 4767 2833 4836 corporaliter,
2876 4777 2930 4821 et
2966 4767 3097 4821 estis
3129 4767 3182 4820 in
3215 4766 3306 4821 illo
3339 4782 3423 4820 re-

1832 4859 1984 4929 pleti,
2015 4860 2107 4929 qui
2147 4868 2230 4914 est
2268 4870 2430 4929 caput
2471 4861 2649 4915 omnis
2689 4862 3024 4932 principatus
3061 4871 3116 4915 ct
3146 4862 3429 4930 potestatis

1834 4950 2060 5021 (Coloss.
2088 4968 2148 5016 Ir,
2181 4952 2354 5023 8-10).
2390 4972 2408 5002 ι
2442 4952 2506 5006 Ει
2539 4953 2732 5008 iterum
2763 4972 2775 5007 :
2813 4973 2831 5005 ‹
2870 4953 3037 5007 Nemo
3061 4969 3154 5007 vos
3181 4955 3424 5015 seducat.

1834 5042 2019 5097 volens
2066 5042 2120 5096 in
2172 5044 2474 5099 humilitate
2506 5056 2560 5099 et
2608 5045 2863 5116 religione
2909 5047 3257 5116 angelorum,
3309 5063 3428 5116 qua:

1835 5149 1942 5188 non
1977 5135 2113 5188 vidit
2157 5137 2478 5200 ambulans,
2522 5137 2722 5192 frustra
2773 5137 2990 5192 inflatus
3034 5154 3199 5194 sensu
3246 5144 3428 5195 carnis

1835 5240 1976 5289 sum,
2021 5239 2126 5279 non
2159 5233 2346 5280 tenens
2381 5234 2572 5295 caput,
2622 5240 2686 5280 ex
2719 5241 2825 5294 quo
2864 5235 3033 5282 totum
3066 5245 3262 5300 corpus
3306 5245 3431 5298 pcr-

1837 5328 2031 5368 nexum
2061 5323 2116 5368 et
2143 5312 2552 5382 coniunctiones
2580 5316 3048 5371 sulnuinistratum
3097 5330 3150 5372 et
3179 5327 3430 5374 constru-

1836 5415 1982 5461 ctum
2007 5407 2204 5461 crescit
2235 5408 2286 5460 in
2318 5414 2665 5475 augmentum
2701 5407 2790 5462 Dei
2817 5409 3039 5477 (Coloss.
3065 5427 3124 5474 ιι,
3153 5411 3366 5478 18,19).
3405 5431 3422 5461 ι

1838 5498 1976 5564 Quid
2005 5513 2133 5568 ergo
2159 5512 2292 5567 opus
2331 5508 2415 5552 est
2457 5500 2508 5551 in
2538 5513 2633 5552 cor
2661 5500 2947 5556 admittere
2969 5542 2983 5566 ,
3021 5503 3162 5569 quod
3195 5503 3277 5556 lex
3321 5517 3426 5555 non

1839 5589 2040 5654 docuit,
2078 5589 2218 5658 quod
2250 5589 2533 5660 prophetia
2571 5605 2676 5645 non
2721 5591 2940 5656 cecinit,
2973 5594 3116 5662 quod
3153 5594 3427 5662 EVangCill

1837 5679 2042 5733 veritas
2067 5693 2172 5732 nou
2203 5679 2535 5747 praedicavit,
2563 5681 2705 5749 quod
2733 5682 3025 5751 apostolica
3051 5682 3295 5738 doctrina
3322 5691 3426 5738 non

1843 5768 2100 5825 tradidit?
2137 5767 2244 5823 Sed
2282 5769 2616 5840 baceopcrta
2665 5779 2790 5824 sunt
2826 5759 3012 5826 eorum
3057 5771 3326 5827 mentibus
3363 5775 3428 5831 de

2980 5889 3058 5958 29
