3974 6430
1109 228 1127 255 1

620 318 726 374 899

619 426 819 500 quibus
865 424 1150 499 Apostolus
1195 427 1327 483 dicit
1374 444 1387 482 :

618 514 813 578 sanam
844 520 1148 585 doctrinam
1186 535 1290 575 non
1335 522 1717 590 sustinebunt,
1754 523 1847 578 sed
1878 521 1945 577 ad
1982 537 2079 577 sua
2119 522 2216 578 dc-

623 611 824 667 sideria
854 610 1250 666 coacervabuut
1274 609 1376 666 sibi
1418 612 1706 683 magistros
1732 611 2041 682 prurientes
2074 613 2217 667 auri-

618 703 762 768 bus,
807 708 862 757 et
907 716 938 756 a
987 699 1215 755 veritate
1259 701 1474 770 quidem
1525 703 1768 758 auditum
1818 710 2106 769 avertent,
2150 701 2217 757 ad

619 791 837 849 fabulas
860 802 1041 847 autem
1063 800 1448 847 convertentur
1471 792 1557 862 (II
1585 793 1719 848 Tim.
1751 810 1825 860 tv,
1856 794 2044 864 3,4)»
2075 793 2218 848 Nihil

620 885 805 953 itaque
827 880 1108 937 nobiscum
1134 895 1422 937 commune
1451 882 1709 949 habeant,
1739 884 1832 954 qui
1863 883 1991 939 talia
2019 885 2221 939 audent

615 973 704 1028 vel
733 974 952 1040 docere,
978 972 1062 1028 vel
1091 972 1314 1028 credere
1337 1013 1354 1039 ,
1386 981 1440 1028 et
1472 974 1802 1044 quibuslibet
1829 977 2006 1032 modis
2036 978 2218 1031 nitun-

617 1073 708 1118 tur
735 1071 981 1120 astruere
1025 1063 1167 1133 quod
1202 1064 1505 1119 substantia
1544 1066 1725 1122 carnis
1752 1067 1819 1122 ab
1844 1082 1942 1138 spe
1974 1081 2219 1122 resurre-

614 1158 813 1214 ctionis
840 1158 1016 1213 aliena
1063 1157 1156 1223 sit,
1186 1147 1350 1227 atque
1385 1157 1457 1213 ita
1502 1172 1664 1213 oume
1704 1169 2102 1215 sacramentum
2136 1160 2218 1214 iu-

616 1250 954 1306 caruationis
1000 1247 1199 1305 Christi
1256 1248 1552 1303 resolvunt.
1599 1248 1737 1317 Quia
1789 1249 2063 1320 indignum
2116 1247 2217 1303 fuit

533 1331 543 1339 ’
614 1344 886 1415 integrum
926 1341 1202 1397 hominem
1243 1341 1465 1412 suscipi,
1519 1342 1567 1398 si
1596 1341 1876 1414 indignum
1922 1350 2042 1398 erat
2069 1341 2212 1397 inte-

615 1449 773 1505 grum
801 1433 1046 1489 liberari.

684 1520 821 1579 XIII.
859 1521 1046 1579 Tertio
1084 1521 1295 1578 decimo
1343 1521 1462 1579 loco
1490 1522 1726 1593 positum
1758 1531 1840 1579 est
1883 1524 2102 1580 eosdem
2135 1523 2215 1579 di-

611 1627 756 1680 cere.
784 1613 926 1684 quod
962 1628 1125 1670 omne
1150 1628 1347 1684 corpus
1386 1613 1797 1685 Scr‘pturarum
1827 1617 2212 1673 canonicarum

615 1705 717 1761 sub
742 1705 1174 1776 patriarcharum
1211 1707 1523 1763 nominibus
1549 1707 1924 1778 accipiendum
1961 1709 2052 1775 sit,
2083 1709 2211 1780 quia

1477 318 1768 376 APPEND.
1801 319 1896 376 AD
1934 316 2110 377 εκεε.
2149 320 2242 377 IX.
2285 351 2349 364 -—
2387 322 2641 382 ISIDORI
2682 323 3130 383 MERCATORIS

1438 448 1456 481 ι
1496 430 1611 486 Erit
1650 432 1793 486 enim
1845 439 2053 502 tempus
2091 446 2211 487 cum
2242 437 2289 497 Α
2317 442 2445 489 sunt
2465 443 2626 506 atque
2655 437 2867 508 ignibus
2887 438 3313 496 concremanda).
3339 439 3595 508 Quamvis
3615 442 3736 499 enim
3753 447 3828 503 sint

3753 334 3827 390 900

2319 526 2373 580 in
2402 524 2507 581 illis
2538 527 2802 596 quredam,
2833 542 2955 598 quae
2980 527 3273 583 videantur
3301 531 3532 600 speciem
3560 531 3731 589 habere
3750 537 3827 606 pie-

2321 610 2469 674 tatis,
2519 626 2793 682 nunquam
2833 623 3016 669 tamen
3044 629 3215 671 vacua
3261 624 3386 672 sunt
3429 620 3665 685 venenis,
3689 632 3732 676 et
3765 640 3829 693 per

2319 699 2623 757 fabularum
2659 703 2943 761 illecebras
2982 706 3086 762 hoc
3119 706 3352 763 latenter
3375 721 3674 779 operantur,
3699 722 3746 767 ut
3764 718 3828 770 mi-

2319 794 2570 850 rahilium
2611 798 2931 854 narratione
2974 799 3228 856 seductos
3282 800 3493 872 laqueis
3537 802 3828 876 cujuscunque

2318 887 2519 942 erroris
2567 886 2863 945 iuvolvaut.
2921 888 3077 946 Unde
3127 893 3174 948 si
3223 893 3347 964 quis
3397 893 3744 965 episcoporum
3775 900 3827 953 vel

2317 979 2625 1050 apocrypha
2668 978 2861 1035 haberi
2900 995 2996 1052 per
3022 982 3213 1039 domos
3256 999 3361 1038 non
3396 983 3743 1055 prohibuerit,
3772 992 3828 1042 vel

2318 1068 2418 1123 sub
2447 1068 2834 1126 canonicorum
2860 1073 3081 1128 nomine
3119 1088 3214 1128 eos
3237 1073 3456 1130 codices
3485 1076 3755 1145 permiserit
3780 1081 3827 1137 le-

2316 1173 2476 1229 gere,
2507 1159 2599 1230 qui
2642 1158 2964 1217 Priscilliani
3006 1163 3309 1221 adulterina
3356 1174 3487 1220 sunt
3531 1169 3827 1226 emendatione

2315 1251 2590 1323 corrupti,
2631 1252 2944 1309 hzereticum
2987 1269 3047 1310 se
3089 1257 3303 1312 noverit
3339 1256 3694 1325 indicandum.
3729 1260 3825 1329 Quo-

2314 1342 2459 1396 niam
2491 1343 2582 1413 qui
2623 1343 2786 1399 alium
2832 1345 2899 1401 ab
2926 1360 3114 1403 errore
3141 1363 3248 1403 non
3297 1360 3519 1405 revocat
3546 1350 3746 1421 seipsuut
3771 1368 3826 1409 cr-

2315 1448 2437 1488 rare
2465 1433 2819 1492 demonstrat.

2386 1522 2524 1579 XVI.
2566 1523 2849 1583 Postremo
2892 1537 3073 1585 autem
3103 1530 3343 1601 capitulo
3369 1532 3477 1587 hoc
3504 1533 3710 1604 prodidit
3729 1534 3824 1602 justi

2312 1616 2671 1686 querimonia,
2702 1619 2847 1690 quod
2876 1620 3145 1678 Dicticinii
3185 1632 3415 1687 tractus,
3448 1639 3582 1692 quos
3608 1628 3823 1681 Secundum

2312 1694 2637 1763 Priscilliani
2669 1707 2862 1780 dogma
2899 1711 3250 1782 conscripsit,
3290 1728 3322 1767 a
3364 1714 3552 1768 multis
3576 1729 3683 1769 cum
3718 1730 3825 1770 vene-

609 1794 703 1851 ille
741 1794 1024 1852 duodecim
1056 1797 1287 1853 virtutes
1329 1812 1450 1867 quae
1491 1797 1933 1855 reformationem
1971 1800 2208 1857 hominis
2242 1804 2286 1865 Β
2317 1799 2524 1855 ratione
2567 1800 2899 1870 legerentur,
2940 1819 3089 1870 cum,
3121 1804 3168 1859 si
3202 1804 3407 1875 aliquid
3435 1807 3691 1861 memoria:
3710 1806 3822 1862 Dicti-

609 1886 886 1943 interioris
909 1896 1222 1959 operantur,
1257 1888 1311 1943 in
1342 1889 1535 1944 horum
1567 1891 1846 1948 vocabulis
1882 1892 2203 1960 iudicentur,

608 1978 729 2035 sine
770 1995 878 2051 qua
923 1979 1152 2035 scientia
1191 1979 1394 2036 nullam
1424 1981 1659 2037 animam
1689 1997 1848 2054 posse
1872 1984 2109 2054 assequi,
2149 1993 2209 2039 ut

608 2070 662 2125 iu
691 2084 812 2126 eam
844 2070 1227 2137 substantiam,
1273 2071 1341 2128 de
1366 2062 1485 2142 qua
1501 2073 1703 2143 prodiit
1730 2073 2071 2130 reformetur.
2101 2074 2207 2139 Sed

606 2163 750 2219 hanc
794 2163 1016 2235 impiam
1044 2163 1343 2219 vanitatem
1376 2164 1654 2235 despectui
1703 2166 1866 2221 habet
1893 2165 2205 2221 Christiana

610 2256 900 2327 sapientia,
938 2271 1058 2326 quae
1097 2256 1247 2312 novit
1294 2271 1425 2313 vere
1474 2248 1692 2314 deitatis
1740 2250 2103 2324 inviolabilem
2151 2268 2207 2315 et

606 2345 1073 2402 iucouvertibilem
1116 2361 1236 2403 esse
1268 2356 1516 2403 naturam
1545 2388 1560 2413 ,
1597 2349 1835 2404 animam
1876 2358 2057 2405 autem
2090 2351 2206 2407 sive

604 2438 662 2491 in
691 2451 915 2507 corpore
952 2436 1243 2506 viventem,
1269 2437 1384 2495 sive
1414 2454 1443 2494 a
1473 2453 1700 2510 corpore
1738 2450 2040 2510 separatam
2068 2442 2207 2496 mul-

610 2527 685 2583 tis
712 2528 1052 2600 passinnibus
1077 2528 1378 2599 subjaccre.
1405 2530 1537 2599 Quae
1559 2533 1745 2604 utique
1772 2532 1817 2588 si
1843 2532 2039 2589 divinae
2061 2544 2206 2591 esset

606 2621 877 2689 essentne,
917 2622 1052 2677 nihil
1079 2622 1291 2680 adversi
1322 2632 1505 2694 posset
1553 2624 1815 2681 incidere.
1852 2626 1921 2681 Et
1960 2627 2083 2683 ideo
2122 2627 2205 2683 iu-

607 2713 968 2784 corporaliter
1011 2714 1155 2771 aliud
1193 2714 1423 2771 Creator
1453 2725 1557 2783 est,
1602 2714 1747 2773 aliud
1791 2727 2060 2774 creatura.
2109 2718 2203 2776 Ille

607 2804 754 2858 enim
790 2817 1004 2874 semper
1054 2803 1195 2860 idem
1224 2814 1323 2869 est,
1370 2815 1426 2861 et
1456 2806 1600 2862 nulla
1626 2808 1891 2864 varietate
1936 2818 2200 2875 mutatur,

604 2890 722 2947 haec
746 2901 925 2948 autem
965 2893 1239 2949 mutabilis
1268 2904 1351 2950 est
1391 2895 1555 2951 etiam
1586 2911 1690 2952 non
1721 2906 1948 2964 mutata,
1986 2899 2110 2968 quia
2143 2909 2202 2954 ut

601 2997 711 3038 non
736 2991 975 3039 mutetur
1001 2983 1189 3039 datum
1217 2984 1413 3055 poterit
1443 2985 1644 3042 habere
1674 3000 1783 3042 non
1808 2988 2108 3059 pmprium.

675 3078 816 3134 XIV.
857 3076 970 3133 Sub
1016 3086 1212 3148 quarto
1253 3078 1461 3157 decimo
1508 3093 1639 3136 vero
1682 3079 1918 3151 capitulo
1948 3080 2015 3135 de
2050 3090 2195 3135 statu

2310 1890 2454 1945 cinio
2488 1891 2835 1947 tribuendum
2871 1902 3094 1962 putant,
3146 1896 3544 1965 reparationem
3575 1895 3677 1963 ejus
3709 1899 3823 1965 magis

2311 1982 2544 2039 debeant
2566 1999 2752 2039 amare
2775 1999 2939 2055 quam
2970 1985 3200 2055 lapsum.
3230 1984 3349 2041 Non
3376 1970 3509 2058 ergo
3537 1986 3818 2046 Dicticiuiuu,

2310 2074 2407 2131 sed
2458 2073 2860 2131 Priscilliauum
2907 2075 3133 2147 legunt;
3187 2085 3245 2131 et
3295 2075 3427 2131 illud
3484 2077 3693 2147 probant
3728 2080 3819 2146 quod

2307 2181 2500 2223 errans
2525 2167 2730 2235 docuit,
2768 2183 2876 2224 non
2921 2168 3064 2240 quod
3091 2181 3373 2225 correctus
3400 2168 3579 2241 elegit.
3604 2167 3695 2224 Sed
3715 2184 3820 2223 nano

2307 2258 2413 2316 hoc
2459 2260 2679 2330 impune
2709 2271 3040 2331 prtesumat,
3089 2276 3191 2317 nec
3233 2261 3385 2318 inter
3429 2261 3702 2318 catholicos
3733 2275 3815 2315 cea-

2307 2362 2513 2422 seatur,
2545 2353 2793 2424 quisquis
2838 2353 3008 2408 utitur
3039 2351 3362 2425 Scripturis,
3413 2368 3518 2407 non
3560 2352 3622 2407 ab
3648 2352 3818 2407 Ecclesia

2306 2447 2647 2505 solummodo
2676 2447 2938 2503 catholica
2959 2487 2974 2513 ,
3005 2447 3103 2503 sed
3142 2462 3172 2501 a
3213 2461 3312 2502 suo
3344 2456 3566 2501 auctore
3602 2446 3815 2502 damnatis.

2305 2537 2421 2593 Non
2459 2538 2530 2594 sit
2565 2538 2838 2608 perversis
2883 2538 3113 2594 liberum
3161 2537 3425 2594 simulare
3465 2538 3602 2608 quod
3639 2536 3815 2607 ﬁngunt.

2304 2642 2406 2685 nec
2449 2629 2550 2685 sub
2594 2628 2863 2685 velamine
2890 2630 3144 2687 nominis
3176 2629 3477 2685 Cht'iStiaui
3504 2669 3519 2693 ,
3557 2627 3814 2684 decretumst

2305 2717 2667 2789 imperialium
2707 2727 2909 2774 statuta
2939 2718 3234 2774 declinent.
3266 2719 3397 2775 Ideo
3427 2720 3569 2776 enim
3605 2719 3662 2772 ad
3686 2718 3814 2771 Eccle-

2302 2812 2441 2866 siam
2472 2809 2796 2865 catholicam
2842 2825 2964 2866 cum
3007 2819 3158 2866 tanta
3187 2810 3371 2885 cordis
3415 2810 3704 2866 diversitate
3731 2822 3815 2861 rw-

2300 2901 2548 2963 veniunt,
2580 2911 2639 2956 ut
2675 2910 2730 2956 et
2758 2916 2893 2971 quos
2923 2911 3149 2972 possunt
3188 2916 3315 2957 suos
3344 2902 3584 2964 faciant,
3610 2910 3657 2953 et
3695 2899 3814 2967 legum

2299 2991 2668 3057 severitatem,
2699 2991 2825 3047 dum
2855 3006 2913 3047 se
2944 3002 3159 3048 nostros
3206 2991 3567 3055 mentiuntur,
3606 2987 3811 3059 cﬁ‘ugiant

2298 3082 2525 3138 Faciunt
2566 3083 2672 3137 hoc
2714 3082 3159 3149 Priscilliauistte,
3195 3080 3408 3138 faciunt
3446 3082 3547 3138 hoc
3589 3077 3812 3137 Manicltari.

601 3168 849 3241 corporis
889 3168 1095 3225 sentire
1121 3168 1397 3237 dicuntur,
1440 3170 1583 3241 quod
1613 3170 1715 3226 sub
1757 3179 2026 3242 potestate
2052 3171 2195 3227 side~
2228 3166 2272 3232 C
2305 3190 2535 3245 quorum
2562 3189 2684 3230 cum
2715 3173 2838 3230 istis
2867 3182 2976 3229 tam
3005 3172 3266 3231 hederate
3294 3183 3431 3229 sunt
3457 3172 3640 3237 corda,
3667 3167 3813 3223 utsolis

603 3280 726 3322 rum
752 3273 917 3338 atque
946 3264 1223 3341 signorum
1251 3279 1350 3335 pro
1386 3273 1600 3321 terrena
1641 3264 1904 3337 qualitate
1933 3273 2198 3331 teneatur,

598 3368 655 3417 et
685 3359 808 3417 ideo
838 3358 1006 3416 multa
1045 3360 1100 3415 in
1140 3358 1346 3415 sanctis
1387 3358 1540 3416 libris
1566 3398 1582 3425 ,
1625 3374 1746 3431 quae
1771 3359 1839 3415 ad
1873 3359 2200 3415 exteriorem

598 3451 875 3508 hominem
897 3450 1208 3523 pertineant
1248 3450 1508 3522 reperiri,
1548 3458 1610 3506 ut
1642 3449 1697 3505 iu
1741 3449 1872 3522 ipsis
1905 3449 2202 3520 Scripturis

598 3542 746 3598 inter
782 3541 1022 3597 divinam
1069 3548 1452 3611 terrenamque
1499 3549 1752 3596 naturam
1800 3540 2047 3611 quaedam
2096 3540 2201 3596 sibi

597 3640 863 3706 repugnet
886 3631 1192 3689 adversitas
1215 3672 1232 3700 ,
1264 3640 1320 3688 et
1347 3630 1493 3686 aliud
1522 3632 1592 3688 sit
1628 3629 1770 3702 quod
1798 3631 1900 3687 sibi
1929 3629 2203 3688 vindicent

599 3723 796 3780 animae
818 3723 1112 3796 praesules,
1142 3730 1200 3780 et
1241 3722 1387 3779 aliud
1412 3722 1555 3793 quod
1596 3723 1841 3794 corporis
1867 3722 2197 3780 conditores.

600 3817 733 3885 Quae
781 3816 977 3873 fabulae
1019 3815 1142 3872 ideo
1176 3810 1538 3882 disseruntur,
1590 3822 1736 3871 utet
1769 3813 1965 3870 animae
2007 3815 2202 3871 divina:

601 3908 941 3965 aﬁirmentur
978 3921 1102 3964 esse
1144 3906 1462 3963 substantiae
1488 3913 1545 3961 et
1584 3920 1711 3961 caro
1751 3905 2007 3962 credatur
2045 3905 2202 3962 malae

602 4016 726 4059 esse
762 4008 993 4067 naturae,
1022 3999 1280 4071 quoniam
1327 4007 1385 4054 et
1413 3998 1591 4070 ipsum
1632 3998 1893 4053 mundum
1937 4012 2062 4054 cum
2091 3998 2202 4054 elc-

601 4096 803 4152 mentis
834 4095 946 4151 suis
972 4110 1077 4150 non
1098 4108 1234 4164 opus
1253 4092 1351 4149 Dei
1374 4092 1525 4160 boni,
1555 4093 1652 4148 sed
1681 4092 2049 4149 conditionem
2072 4092 2198 4150 mali

597 4185 928 4259 proﬁtentur
978 4184 1260 4251 auctoris,
1312 4191 1477 4255 atque
1525 4194 1585 4240 ut
1630 4185 1747 4240 haec
1791 4184 2198 4241 mendaciorum

598 4292 824 4335 suorum
872 4275 1156 4349 sacrilegia
1205 4275 1364 4331 bouis
1407 4274 1577 4331 titulis
1621 4274 1970 4342 colorarent,
2012 4275 2199 4331 omnia

595 4383 737 4441 pene
786 4367 970 4425 divina
1025 4366 1240 4439 eloquia
1283 4382 1539 4431 sensuum
1580 4366 1942 4426 nefandorum
1990 4367 2198 4426 immis-

594 4459 755 4517 sione
784 4459 1076 4517 violarunt.

667 4551 784 4609 XV.
826 4552 904 4610 De
938 4566 1043 4625 qua
1072 4567 1135 4609 re
1156 4551 1332 4624 quinti
1379 4553 1574 4611 decimi
1601 4554 1825 4625 capituli
1852 4568 2033 4613 sermo
2058 4570 2193 4612 cou-

593 4644 843 4716 queritur
879 4652 935 4701 et
976 4644 1457 4716 pmsumptionem
1501 4644 1826 4703 diabolicam
1861 4646 2057 4703 merito
2096 4647 2193 4703 de-

594 4744 846 4802 testatur,
874 4735 1003 4808 quia
1041 4746 1100 4792 et
1137 4750 1238 4791 nos
1263 4735 1406 4791 istud
1433 4750 1564 4791 vera
1604 4751 1726 4791 cum
1758 4737 2193 4793 testimoniorum

592 4828 861 4884 relatione
886 4828 1273 4901 comperimus,
1301 4835 1355 4883 et
1386 4826 1586 4884 multos
1629 4829 2070 4901 corruptissimos
2103 4844 2195 4886 eo-

592 4935 718 4975 rum
743 4920 960 4977 codices
982 4920 1075 4991 qui
1101 4919 1350 4977 canonici
1377 4918 1663 4975 titulautur
1690 4920 2016 4977 invenimus.
2047 4921 2194 4989 Quo-

560 5036 565 5040 -
589 5011 757 5067 modo
782 5012 926 5068 enim
950 5013 1199 5085 decipere
1220 5013 1497 5085 simplices
1523 5022 1767 5086 possent,
1794 5014 1898 5070 nisi
1924 5025 2188 5072 venenata

591 5101 788 5172 pocula
817 5105 1050 5174 quodam
1101 5104 1262 5160 melle
1300 5104 1652 5176 przcliuirent,
1685 5121 1753 5162 ne
1801 5120 2189 5180 usquequaque

592 5197 929 5254 sentirentur
975 5198 1220 5255 insuavia
1256 5214 1377 5269 qua:
1422 5205 1606 5256 essent
1655 5198 1836 5254 futura
1883 5199 2184 5255 mortifera.

590 5287 903 5349 Curandum
928 5305 1058 5362 ergo
1083 5300 1189 5358 est,
1215 5298 1270 5347 et
1292 5290 1617 5347 sacerdotali
1644 5290 1922 5362 diligentia
1952 5292 2188 5347 maxime

590 5381 1015 5453 providendum,
1044 5391 1104 5437 ut
1130 5380 1311 5438 falsati
1340 5382 1554 5438 codices
1578 5393 1633 5437 et
1656 5397 1687 5437 a
1718 5383 1933 5438 sincera
1956 5383 2187 5438 veritate

592 5473 873 5530 discordes
923 5472 979 5528 in
1026 5470 1174 5527 nullo
1223 5486 1327 5527 usu
1370 5471 1626 5528 lectionis
1672 5471 1994 5529 habeantur.
2043 5472 2186 5542 Apo-

591 5565 811 5637 cryphze
828 5573 1011 5620 autem
1034 5562 1351 5632 Scripturze,
1373 5578 1496 5633 quae
1514 5564 1619 5620 sub
1639 5564 1952 5619 nominibus
1973 5576 2188 5635 aposto-

593 5653 769 5711 lorum
801 5654 1089 5711 multarum
1117 5654 1318 5711 habent
1344 5655 1697 5711 seminarium
1728 5654 2053 5721 falsitatum,
2075 5671 2184 5712 nou

593 5742 768 5802 solum
807 5744 1221 5814 intercidendae,
1267 5743 1361 5802 sed
1404 5745 1571 5803 etiam
1616 5745 1831 5817 penitus
1875 5744 2185 5806 auferenda:

2222 4516 2273 4577 D

2304 3264 2614 3321 nominibus
2650 3264 2891 3327 discreti,
2922 3264 3223 3335 sacrilegiis
3252 3273 3440 3320 autem
3471 3263 3577 3319 suis
3603 3259 3809 3316 inveniat-

2305 3364 2394 3412 tur
2419 3355 2577 3410 uniti.
2604 3354 2744 3421 Quia
2766 3354 2869 3410 etsi
2903 3353 3067 3411 Vetus
3090 3354 3526 3421 Testamentum,
3554 3352 3677 3423 quod
3695 3348 3757 3403 isti
3773 3361 3812 3400 se

2304 3447 2579 3517 suscipere
2607 3445 2887 3512 simulant,
2916 3444 3195 3501 Manicluei
3229 3444 3494 3512 refutant,
3526 3445 3589 3500 ad
3614 3455 3742 3496 unum
3762 3445 3811 3491 ta.

2305 3554 2428 3595 men
2471 3539 2636 3595 ﬁnem
2685 3547 3041 3608 utrorumque
3089 3538 3260 3594 tendit
3305 3537 3535 3595 intentio
3560 3573 3576 3602 ,
3619 3548 3717 3589 cum
3754 3529 3809 3584 isti

2304 3629 2616 3701 recipiendo
2661 3636 3040 3700 corrumpunt,
3082 3628 3157 3685 illi
3209 3628 3513 3685 abdicando
3554 3628 3807 3696 impugnant.

2303 3722 2361 3778 lu
2377 3723 2803 3780 exsecrabilibus
2821 3732 3003 3780 autem
3031 3723 3303 3795 mysteriis
3326 3737 3540 3786 eorum,
3552 3734 3655 3791 qua:
3670 3721 3809 3786 quanto

2304 3815 2665 3873 inmundiora
2717 3825 2884 3884 sunt,
2949 3825 3103 3871 tanto
3157 3815 3471 3887 diligentius
3519 3810 3805 3868 occultantur.

2304 3923 2471 3964 unum
2499 3923 2724 3980 prorsus
2753 3908 2906 3963 nefas
2941 3909 3067 3974 cst',
3110 3921 3218 3962 una
3244 3915 3330 3962 est
3352 3903 3671 3965 obscenitas,
3692 3904 3735 3951 ct
3762 3893 3808 3948 si-

2307 3999 2451 4055 milis
2481 3998 2778 4071 turpitudo.
2810 3998 2963 4066 Quzc,
2986 3998 3034 4054 si
3058 3996 3238 4068 eloqui
3268 3994 3646 4056 erubescimus,
3670 3981 3807 4043 sollici-

2306 4090 2535 4147 tissimis
2587 4081 2768 4147 tamen
2810 4089 3252 4161 iuquisitionibus
3291 4087 3534 4159 iudicata
3559 4124 3574 4151 ,
3615 4091 3663 4138 et
3692 4076 3805 4133 lla-i-

2303 4184 2576 4240 chzeorum
2604 4224 2620 4251 ,
2675 4182 2769 4254 qui
2825 4182 3198 4254 comprehensi
3250 4188 3415 4248 sunt,
3466 4169 3806 4236 confessionibus

2301 4274 2536 4341 detecta,
2566 4274 2634 4330 ad
2660 4274 2928 4346 publicam
2960 4273 3190 4330 fecimus
3215 4270 3498 4344 pervenire
3522 4266 3740 4325 notitiam,
3760 4270 3804 4312 ne

2302 4364 2413 4420 ullo
2450 4365 2610 4421 modo
2657 4365 2828 4436 possit
2871 4365 3092 4421 dubium
3140 4364 3357 4430 videri,
3406 4363 3547 4434 quod
3586 4361 3632 4415 in
3663 4350 3804 4427 judicio

2302 4466 2524 4523 nostro,
2556 4474 2641 4513 cut
2672 4472 2777 4512 nou
2809 4457 2983 4512 solum
3016 4456 3453 4527 frequentissima
3482 4448 3723 4525 presenti:
3747 4455 3804 4496 δι’

2301 4549 2606 4615 cerdotum,
2637 4550 2731 4606 sed
2768 4549 2932 4606 etiam
2963 4548 3252 4604 illustrium
3285 4547 3521 4603 virorum
3547 4539 3748 4613 dignius.
3767 4539 3801 4585 ⁸³

2298 4657 2427 4712 pars
2450 4642 2692 4711 quaedam
2742 4648 2965 4696 senatus
2990 4654 3055 4694 ac
3094 4638 3265 4710 plebis
3299 4636 3557 4703 interfuit,
3591 4634 3799 4702 ipsum.

2298 4735 2391 4807 qui
2417 4750 2578 4792 omne
2609 4735 2818 4791 facinus
2852 4741 3230 4804 perpetrat-ant
3257 4775 3272 4799 ,
3299 4746 3395 4789 ore
3439 4735 3699 4787 reseratum
3729 4723 3796 4776 est.

2296 4829 2439 4886 sicut
2474 4843 2540 4885 ea
2569 4843 2690 4899 qua:
2723 4826 2792 4882 ad
2828 4826 3175 4883 dilectionem
3219 4834 3366 4881 tuam
3410 4838 3545 4880 nunc
3580 4814 3799 4876 direximus

2296 4932 2449 4992 gesta
2494 4922 2890 4977 demonstrant.
2929 4920 3083 4988 Quod
3122 4928 3305 4975 autem
3353 4920 3419 4975 de
3466 4912 3797 4972 Mauiclneorttm

2297 5015 2596 5072 fcedissimo
2623 5015 2854 5082 scelere,
2903 5017 3008 5073 hoc
3046 5016 3213 5072 etiam
3244 5014 3312 5071 de
3352 5006 3795 5077 Priscilliauistarum

2295 5103 2654 5161 iucestissima
2679 5105 3069 5162 consuetudine
3095 5104 3225 5161 olim
3251 5111 3595 5174 compertum,
3617 5092 3797 5151 multum-

2293 5211 2399 5266 que
2428 5196 2702 5269 vulgatum
2736 5206 2839 5253 est.
2873 5197 2975 5265 Qui
3007 5197 3154 5253 enim
3186 5212 3283 5268 per
3326 5195 3502 5252 omnia
3530 5197 3638 5248 sunt
3661 5179 3791 5251 impie-

2296 5297 2406 5345 tate
2436 5304 2692 5345 seusuum
2718 5304 2899 5360 pares,
2944 5304 3053 5345 non
3086 5296 3314 5359 possunt
3343 5289 3395 5344 in
3422 5285 3579 5343 sacris
3606 5276 3793 5367 suisea?

2293 5380 2606 5437 dissimiles.
2662 5356 2918 5437 Decursis
2969 5356 3154 5451 itaque
3205 5381 3495 5443 omnibus,
3542 5387 3642 5445 qua:
3679 5356 3789 5418 lib"Jzi

2292 5469 2464 5529 series
2483 5471 2913 5542 comprehendit,
2937 5481 2989 5527 et
3014 5487 3043 5526 a
3066 5472 3264 5542 quibus
3282 5461 3649 5526 commonitorii
3670 5456 3789 5510 form

2291 5577 2399 5618 non
2443 5561 2749 5633 discrepet,
2790 5561 3121 5618 sufﬁcienter
3151 5563 3232 5634 (ut
3265 5563 3475 5634 opinor)
3514 5546 3784 5644 ostendimus.

2291 5654 2421 5724 quid
2457 5655 2526 5709 de
2571 5655 2692 5722 his,
2743 5669 2864 5724 qua:
2901 5655 2970 5733 ad
3014 5664 3113 5711 nos
3161 5655 3468 5711 fraternitas
3505 5661 3583 5705 tua
3623 5635 3783 5697 retulit.

2293 5760 2633 5821 censeamus,
2664 5755 2718 5804 ct
2751 5761 2915 5819 quam
2950 5763 3057 5806 non
3087 5748 3160 5806 sit
3199 5747 3492 5817 ferendum,
3515 5742 3557 5801 si
3587 5748 3673 5795 tam
3699 5735 3783 5799 νην
