3974 6460
152 450 263 507 π]

1373 436 1877 505 ΌΕΟΒΕΤᾹῌΠΗ
1914 447 2316 509 εοιιεοτιο.

3341 444 3454 515 90:3

151 568 302 623 fanis
328 564 609 625 erroribus
637 564 800 621 etiam
829 564 1185 635 quorumdam
1215 564 1555 621 sacerdotum
1583 564 1749 620 corda
1777 571 1823 631 Α
1852 580 1951 636 por
1978 564 2170 620 falsam
2198 554 2535 636 passionem,
2575 573 2913 635 mortemque
2938 578 3054 620 non
3085 578 3263 620 veram
3292 580 3447 624 men-

148 658 545 724 consentiunt;
573 657 680 723 vel,
716 666 776 713 ut
800 657 985 713 mitius
1015 657 1283 724 dixerim,
1323 672 1431 713 non
1462 657 1752 724 resistunt,

150 768 268 823 qua
311 750 645 809 conscientia
693 752 954 806 honorem
999 749 1105 806 sibi
1147 750 1385 806 debitum
1433 750 1752 814 vindicant,

142 842 250 912 qui
282 855 381 912 pro
409 840 694 896 animabus
729 840 832 896 sibi
857 839 1081 897 creditis
1104 854 1213 895 non
1257 838 1521 895 laborant.
1558 839 1753 895 Bestiae

148 932 404 996 irruunt,
449 939 505 986 et
547 931 728 986 ovium
760 939 911 1002 septa
948 945 1056 986 non
1097 930 1389 995 claudunt;
1433 928 1581 985 fures
1612 928 1752 985 insi-

142 1021 398 1086 diantur,
447 1028 504 1076 et
534 1020 805 1076 excubias
847 1034 954 1075 non
999 1019 1374 1090 pratendunt;
1417 1019 1589 1096 morbi
1634 1034 1753 1075 cre-

142 1111 442 1178 ‘hrescnnt,
474 1120 532 1166 et
561 1109 800 1167 remedia
843 1110 989 1165 nulla
1033 1109 1346 1166 coniiciunt.
1384 1109 1522 1165 Cum
1570 1118 1751 1165 autem

146 1203 327 1259 etiam
355 1202 486 1257 illud
511 1202 735 1267 addunt,
770 1209 826 1256 ut
856 1200 942 1257 bis
962 1202 1060 1272 qui
1087 1200 1373 1256 sollicitius
1398 1209 1588 1271 agunt,
1615 1204 1750 1256 oon-

145 1292 363 1350 sentire
415 1293 762 1357 detrectent,
819 1300 876 1347 et
924 1292 1229 1363 impietates
1278 1290 1407 1347 olim
1461 1299 1574 1347 toto
1618 1291 1752 1346 orbe

136 1385 445 1440 damnatas
489 1382 979 1453 subscriptionibus
1021 1382 1137 1437 suis
1180 1396 1242 1437 se
1285 1380 1751 1437 anathematizare

145 1476 538 1543 dissimulent,
568 1475 697 1546 quid
744 1475 812 1531 de
839 1490 899 1531 se
937 1475 1160 1547 intelligi
1203 1475 1389 1531 volunt
1412 1514 1432 1542 ,
1465 1474 1569 1531 nisi
1608 1475 1751 1544 quod

138 1568 222 1624 de
251 1582 479 1623 numero
511 1566 745 1622 fratrum
771 1582 878 1622 non
905 1574 1064 1634 sunt,
1095 1567 1190 1623 sed
1213 1566 1280 1623 de
1296 1574 1459 1636 parte
1488 1566 1746 1622 hostium-

225 1658 392 1715 XVII.
430 1659 489 1715 ln
525 1674 592 1716 eo
626 1674 757 1715 vero
785 1659 929 1729 quod
953 1659 1006 1714 in
1051 1669 1297 1715 extrema
1336 1658 1618 1714 familiaris
1638 1658 1751 1729 epi-

142 1751 309 1807 stola:
341 1761 444 1807 tuae
464 1760 627 1821 parte
653 1751 905 1822 posuisti,
944 1750 1113 1807 miror
1140 1751 1462 1823 cujusquam
1495 1750 1747 1807 catholici

142 1843 566 1915 intelligentiam
596 1843 877 1908 laborare,
909 1852 1163 1913 tanquam
1212 1844 1477 1899 incertum
1516 1843 1608 1908 sit,
1654 1857 1747 1908 an,

138 1934 518 1990 descendente
536 1934 605 1989 ad
631 1932 843 1989 inferna
863 1932 1098 1999 Christo,
1128 1947 1256 1989 caro
1277 1931 1395 2002 ejus
1420 1934 1748 2004 requieverit
1777 1947 1822 2006 Β

144 2024 206 2079 in
236 2023 506 2095 sepulcro.
536 2023 668 2091 Quae
693 2024 835 2081 sicut
858 2039 988 2081 vere
1006 2032 1066 2081 et
1094 2032 1306 2081 mortua
1327 2032 1413 2080 est
1432 2032 1491 2080 et
1510 2023 1743 2093 sepulta,

135 2112 231 2168 ita
268 2128 400 2168 vere
441 2103 540 2169 est'
567 2112 657 2168 die
702 2114 863 2169 tertia
902 2114 1242 2169 resuscitata.
1278 2112 1394 2170 lloc
1438 2113 1583 2169 enim
1632 2113 1747 2185 ipse

146 2203 417 2259 Dominus
436 2203 875 2268 denuntiaverat,
898 2204 1086 2260 dicens
1109 2204 1179 2259 ad
1199 2203 1416 2260 Iudaeos
1444 2221 1458 2259 :
1491 2221 1512 2257 ι
1543 2203 1749 2261 Solvite

135 2292 417 2363 templum
447 2292 572 2359 hoc,
613 2304 667 2349 et
710 2294 765 2349 in
797 2293 975 2350 triduo
1021 2295 1368 2358 resuscitabo,
1385 2293 1521 2351 illud
1560 2292 1744 2367 (lacn.

138 2401 229 2452 IX,
271 2384 386 2456 l9).
418 2404 439 2439 ι
490 2383 592 2441 Ubi
624 2385 956 2456 evangelista
1002 2386 1311 2459 subjuugit:
1348 2404 1368 2439 ι
1422 2386 1527 2442 hoc
1565 2396 1746 2442 autem

138 2477 372 2535 dicebat
399 2477 467 2532 de
500 2476 699 2548 templo
743 2479 990 2548 corporis
1019 2480 1103 2536 sui
1134 2478 1325 2552 (lbid.,
1362 2478 1476 2551 21).
1512 2497 1533 2533 ι
1582 2478 1750 2551 Cujus

138 2570 235 2626 rei
263 2569 548 2627 veritatem
582 2570 748 2626 etiam
776 2571 951 2627 David
986 2573 1249 2644 propheta
1279 2573 1639 2643 praedixerat,
1670 2573 1749 2629 lo-

134 2677 327 2734 quens
348 2664 449 2719 sub
476 2679 706 2734 persona
732 2664 946 2721 Domini
970 2665 1268 2723 Salvatoris
1292 2667 1519 2722 dicens:
1555 2667 1750 2722 cluso.

134 2767 252 2824 per
295 2761 354 2811 et
398 2768 528 2809 caro
568 2769 688 2810 mea
738 2756 1045 2825 requiescet
1082 2757 1135 2812 in
1171 2770 1289 2828 Spe.
1333 2756 1598 2825 Quoniam
1642 2774 1749 2815 non

139 2843 496 2914 derelinques
541 2845 785 2900 animam
833 2860 1013 2902 meam
1054 2847 1109 2902 in
1159 2848 1402 2914 inferno,
1450 2863 1555 2905 nec
1596 2849 1752 2905 dabis

136 2935 417 2995 Sanctum
447 2947 597 2993 tuum
622 2938 807 2994 videre
826 2940 1233 3011 corruptionem
1259 2938 1436 3013 (Psal.
1461 2956 1555 3007 xv,
1584 2940 1693 3013 10).
1725 2960 1744 2995 ι

138 3027 362 3096 Quibus
406 3029 595 3099 utique
637 3029 821 3087 verbis
871 3030 1218 3087 manifestum
1253 3040 1377 3098 est,
1428 3033 1576 3112 qqod
1614 3049 1752 3091 caro

134 3118 388 3185 Domini,
416 3127 473 3174 et
498 3133 627 3175 vere
660 3118 892 3191 sepulta,
930 3120 1226 3191 requievit,
1258 3130 1313 3178 et
1340 3121 1749 3192 corruptionem

1856 656 1960 712 da:
2004 658 2169 712 etiam
2206 656 2532 713 resurrectio
2562 665 2852 726 resumpta:
2881 657 2948 711 de
2990 655 3238 726 sepulcro
3268 657 3451 716 carnis

1856 745 2142 801 habeatur.
2185 743 2411 800 Frustra
2443 754 2626 800 autem
2656 752 2881 799 utuntur
2907 744 3178 801 catholico
3208 749 3446 816 nomine,

1854 834 1947 906 qui
1984 835 2106 890 istis
2150 835 2521 905 impietatibus
2564 851 2671 891 non
2716 836 3013 901 resistunt,
3057 847 3284 906 possunt
3326 839 3446 895 haec

1848 929 2099 995 credere,
2132 928 2227 1000 qui
2247 938 2483 1000 possunt
2513 929 2635 985 talia
2660 930 2933 1000 patienter
2947 930 3163 986 audire.
3192 932 3449 989 Dedimus

1853 1017 2043 1088 itaque
2098 1017 2308 1074 litteras
2357 1019 2425 1074 ad
2481 1018 2679 1076 fratres
2726 1028 2783 1075 et
2829 1018 3179 1091 coepiscopos
3228 1030 3445 1079 nostros

1854 1106 2335 1179 Tarragonenscs,
2382 1108 2873 1181 Carthaginenses,
2915 1110 3238 1180 Lusitanos,
3279 1124 3447 1186 atque

1848 1194 2124 1265 Gallicos,
2151 1199 2349 1270 eisque
2383 1199 2900 1274 concilium‘synodi
2938 1203 3206 1274 generalis
3250 1204 3445 1260 indixi-

1851 1301 1991 1343 mus.
2019 1287 2100 1344 Ad
2141 1297 2245 1346 tua:
2273 1290 2578 1348 dilectionis
2606 1291 3019 1349 sollicitudinem
3038 1296 3360 1367 pertinebit,
3386 1305 3447 1352 ut

1852 1387 2055 1434 nostra:
2076 1379 2437 1437 ordinationis
2462 1383 2781 1449 auctoritas,
2817 1383 2887 1439 ad
2921 1386 3298 1454 praedictarum
3324 1403 3444 1458 pro-

1852 1468 2153 1526 vinciarum
2206 1472 2493 1544 episcopos
2541 1474 2840 1531 deferatur.
2900 1477 2958 1533 Si
3008 1487 3187 1534 autem
3242 1479 3447 1552 aliquid

1844 1560 2017 1632 (quod
2058 1560 2222 1634 absit)
2266 1563 2580 1633 obstiterit,
2636 1568 2926 1638 quominus
2968 1571 3138 1639 possit
3181 1571 3446 1631 celebrari

1849 1652 2104 1722 generale
2145 1653 2460 1722 concilium,
2505 1655 2746 1713 Gallione
2781 1659 2975 1716 saltem
3001 1661 3063 1715 in
3104 1677 3213 1718 uno
3249 1679 3441 1720 conve-

1850 1742 2003 1797 niant
2026 1744 2363 1812 sacerdotes,
2403 1747 2603 1817 quibus
2628 1751 2989 1822 congregatis,
3019 1750 3218 1808 fratres
3247 1757 3441 1822 nostri,

1850 1830 2125 1904 llydacius
2150 1845 2207 1890 et
2227 1834 2502 1907 Coponius
2524 1837 2882 1895 imminebunt
2902 1839 3188 1910 conjuncta
3215 1858 3336 1900 cum
3361 1847 3443 1903 eis

1851 1921 2107 1978 instantia
2137 1933 2253 1989 tua,
2297 1936 2562 1996 quatenus
2590 1929 2655 1984 de
2674 1929 3004 1999 provinciali
3049 1943 3316 1990 conventu
3351 1951 3440 1992 rc-

1850 2013 2087 2072 modium
2123 2017 2288 2073 tantis
2317 2017 2632 2076 vulneribus
2659 2019 2937 2077 all‘eratur.

1850 2123 2360 2216 EpistolaorAnrelii
2405 2129 2833 2216 Cartl't‘aginensis
2911 2132 3268 2216 episcopilaa
3315 2153 3432 2192 om-

1921 2212 2010 2251 nes
2049 2198 2323 2279 episcopos
2376 2216 2470 2279 per
2529 2198 2887 2279 Bianzenam
2922 2198 2980 2279 et
3034 2198 3438 2279 Ajzidnimnam

1919 2269 2245 2350 prot'inciarit
2271 2269 2580 2350 constilnlos
2609 2273 2673 2326 de
2693 2274 3032 2347 damnatione
3055 2275 3262 2348 Pelagii
3282 2288 3439 2350 atque

1922 2334 2147 2392 Caelestii
2171 2340 2557 2394 Ita'relicorum.

1923 2426 2319 2494 Dilectissimis,
2359 2444 2423 2484 ac
2453 2431 2902 2489 desiderabilibns
2948 2444 3003 2490 et
3036 2438 3441 2497 consacerdoti-

1851 2497 1974 2575 bus,
1996 2498 2285 2564 Pututsuo,
2317 2500 2545 2575 Cauno,
2570 2512 2624 2557 et
2661 2503 2752 2557 al.i
2796 2505 3021 2570 (inuno,
3054 2505 3352 2575 lanosum,
3383 2523 3441 2567 et

1853 2565 2175 2644 Vroronmo,
2200 2573 2411 2625 canoris
2435 2565 2539 2644 per
2559 2582 2788 2644 tractum
2811 2565 3103 2644 pro‘.incia:
3124 2565 3440 2639 Bizanzonai

1851 2646 1907 2693 et
1927 2639 2294 2718 érziguitana:
2316 2639 2654 2718 constitutis,
2683 2639 2970 2718 _1_\uni=.uus
2989 2648 3293 2718 episcopus.

1926 2708 2365 2792 Snpo'erlestii
2393 2721 2467 2791 .et
2514 2708 2717 2785 Pelagii
2761 2708 3112 2792 damnatione
3142 2708 3441 2792 eorumque

1852 2778 2195 2851 dogmatibus
2213 2781 2531 2851 participem
2557 2778 2802 2838 sanctam
2832 2787 3177 2842 dilectionem
3201 2778 3439 2846 vestram

1854 2849 1907 2924 i_n
1936 2849 2190 2924 'plenario
2216 2849 2470 2924 concilio
2520 2853 2689 2908 fuisse
2727 2857 2977 2924 cognovi,
3016 2857 3349 2915 dilectissimi
3385 2872 3441 2917 et

1854 2920 2242 3001 desiderabiles
2276 2921 2490 2982 fratres.
2532 2924 2654 3001 _Sed
2682 2920 2940 3001 quoniam
2962 2920 3063 2997 pro
3089 2928 3292 3001 honore
3321 2932 3439 2996 Dei,

1852 2994 1908 3044 in
1924 2994 2086 3059 cujus
2116 3006 2275 3069 manu
2302 3008 2397 3047 cor
2436 2994 2580 3069 regis
2604 3004 2688 3069 est
2715 2994 3067 3069 constitutum
3117 2994 3441 3069 gloriosissie

1853 3075 2065 3132 morum
2095 3062 2399 3132 principum
2448 3062 2881 3121 Christianorum
2928 3068 3088 3123 fidem
3119 3062 3348 3126 'rectam
3383 3085 3440 3129 et

1854 3131 2180 3213 catholicam
2211 3131 2633 3213 custodientium
2647 3139 2896 3213 _acoe_ssit
2920 3138 3239 3213 auctoritas,
3274 3158 3439 3213 quam

137 3223 258 3264 ηοη
290 3208 477 3275 διώξει,
521 3208 649 3279 quia
668 3248 684 3275 ,
714 3208 967 3265 celeriter
997 3209 1268 3266 viviﬁcam
1298 3211 1473 3267 ι-εάίιυ
1510 3212 1708 3266 animus,
1735 3251 1749 3276 ,
1849 3214 1951 3322 per
1967 3201 2330 3284 humilitatem
2362 3219 2535 3282 meam
2569 3205 2837 3261 universis
2881 3207 3151 3277 episcopis
3180 3201 3317 3268 niei's
3346 3227 3453 3268 vo-'

137 3297 444 3322 -.ι,..........ε.
505 3296 657 3322 n.....l
693 3313 797 3322 ..,...
848 3299 1063 3322 “-4-..
1101 3300 1228 3322 -_.:-
1276 3300 1494 3322 ε.....ε--..,.
1536 3308 1610 3322 μ.
1696 3310 1742 3322 -.
1779 3302 1821 3322 η
1877 3286 1928 3322 ιιι
1965 3280 2251 3322 lltlllttare:
2278 3272 2483 3322 nlmrco
2516 3275 2886 3322 honorabilem
2921 3281 3318 3322 Inllprnilnlpn.
3350 3298 3441 3322 ιτ»-

132 3297 470 3353 resurrexit.
505 3296 660 3366 Quod
693 3313 800 3353 non
842 3299 1065 3355 credere
1098 3300 1232 3355 satis
1274 3300 1499 3371 impium
1533 3308 1652 3368 est,
1691 3310 1748 3355 et
1776 3302 1823 3365 c

136 3390 214 3445 ad
241 3389 525 3446 Manichzci
548 3389 983 3467 Priscillianique
1008 3392 1313 3447 doctrinam
1335 3392 1608 3463 pertinere
1634 3408 1741 3449 non

130 3484 373 3541 dubium
411 3492 526 3551 est,
557 3482 650 3554 qui
696 3483 962 3554 sacrilego
1002 3498 1165 3540 sensu
1188 3524 1209 3551 ,
1248 3484 1324 3539 ita
1360 3498 1428 3561 se
1470 3482 1747 3540 Christum

139 3573 408 3632 simulant
435 3573 683 3629 confiteri
702 3613 718 3641 ,
750 3582 808 3628 ut
840 3574 1235 3630 incarnationis
1259 3583 1317 3630 et
1359 3574 1551 3631 mortis
1584 3583 1640 3629 et
1665 3588 1749 3629 re-

140 3665 509 3722 surrectionis
536 3664 789 3721 auferant
814 3665 1118 3723 veritatem.
1147 3664 1424 3722 Habentur
1451 3680 1581 3738 ergo
1606 3665 1750 3721 inter

135 3775 247 3816 vos
277 3757 581 3830 episcopale
617 3757 935 3825 concilium,
965 3767 1022 3815 et
1045 3758 1116 3814 ad
1142 3773 1268 3831 eum
1298 3757 1475 3815 locum
1513 3758 1604 3828 qui
1631 3773 1749 3814 om-

142 3854 313 3910 nibus
336 3860 672 3924 opportunus
707 3852 816 3920 sit,
845 3851 1147 3907 vicinarum
1179 3851 1580 3922 provinciarum
1610 3866 1742 3907 con-

141 3945 374 4002 veniant
420 3943 731 3999 sacerdotes
755 3982 771 4008 ,
811 3950 871 3998 ut
916 3942 1211 3998 secundum
1255 3956 1321 3998 ea
1367 3957 1489 4013 qua:
1535 3941 1603 3997 ad
1653 3950 1743 3996 tua

142 4037 395 4094 consulta
447 4036 830 4108 respondimus
878 4034 1195 4106 plenissimo
1242 4035 1560 4105 exquiratur
1609 4047 1742 4089 exa-

144 4128 321 4194 mine,
349 4142 418 4183 an
442 4127 553 4183 sint
575 4125 743 4196 aliqui
771 4125 914 4181 inter
933 4124 1237 4196 episcopos,
1259 4124 1354 4195 qui
1386 4123 1546 4193 hujus
1569 4125 1745 4181 luere-

141 4233 278 4276 seos
306 4218 557 4291 contagio
604 4215 915 4288 polluantur
942 4231 975 4271 a
1006 4217 1384 4273 communione
1419 4217 1538 4272 sine
1581 4215 1743 4272 dubio

143 4309 458 4381 separandi,
480 4309 526 4364 si
553 4306 999 4364 nefandissimam
1017 4316 1219 4364 sectam
1238 4322 1340 4378 per
1358 4308 1599 4364 omnium
1619 4321 1744 4363 sen-

144 4418 310 4458 suum
367 4400 660 4472 pravitates
714 4400 974 4456 damnare
1036 4398 1330 4454 noluerint.
1382 4397 1540 4453 Nulla
1595 4398 1741 4453 enim

145 4494 361 4550 ratione
407 4492 745 4556 tolerandum
795 4499 882 4548 est
926 4499 1022 4559 ut,
1069 4491 1162 4563 qui
1210 4490 1566 4562 pmedicaudae
1617 4490 1741 4545 ﬁdei

145 4585 387 4658 suscepit
434 4583 666 4640 ollicium
690 4624 707 4650 ,
763 4584 811 4639 is
863 4591 1055 4639 contra
1105 4582 1442 4653 evangelium
1490 4582 1736 4648 Christi,

146 4684 343 4732 contra
388 4674 744 4746 apostolicam
791 4675 1137 4742 doctrinam,
1182 4686 1371 4731 contra
1416 4675 1740 4731 universalis
1772 4661 1821 4722 Β

145 4766 416 4823 Ecclesiae
457 4765 763 4838 symbolum
802 4765 1001 4820 audeat
1045 4765 1345 4836 diSputare.
1394 4765 1593 4832 Quales
1639 4764 1748 4820 illic

144 4866 314 4914 erunt
354 4857 627 4928 discipuli,
667 4857 758 4912 ubi
799 4856 938 4912 tales
979 4855 1253 4941 docebunt
1295 4856 1584 4926 magistri?
1619 4855 1747 4922 Qum

145 4950 260 5004 illic
310 4947 502 5017 religio
544 4945 775 5018 populi?
815 4961 936 5016 quae
983 4945 1131 5002 salus
1171 4946 1379 5017 plebis?
1423 4945 1516 5004 ubi
1561 4958 1752 5002 contra

1877 3269 1928 3323 ui
1965 3269 2252 3338 intimare;
2278 3272 2483 3327 idcirco
2515 3275 2887 3331 honorabilem
2913 3269 3319 3336 'lraternitatem
3350 3298 3441 3338 ve-

1851 3349 2021 3415 stram
2051 3340 2234 3396 missis
2276 3343 2677 3415 exemplaribus
2715 3347 2987 3403 instruere
3032 3351 3237 3415 curavi,
3277 3369 3347 3407 ne
3380 3358 3437 3409 in

1850 3409 2030 3479 aliqua
2080 3421 2233 3493 parte
2279 3409 3065 3493 provinciaeL‘Stmradietorum
3108 3434 3199 3493 seu
3213 3409 3437 3491 pentina

1850 3483 2131 3548 persuasio
2157 3483 2225 3537 ab
2256 3483 2549 3551 universali
2584 3483 2823 3541 Ecclesia
2852 3489 3016 3544 totius
3040 3489 3189 3551 orbis
3213 3483 3435 3548 exclusa

1847 3551 2080 3626 fortasse
2104 3554 2380 3626 subrepat.
2411 3551 2493 3626 9b
2518 3556 2623 3626 hoc
2657 3572 2789 3626 ergo
2812 3567 2923 3615 tam
2960 3563 3264 3617 necessaria
3295 3578 3434 3619 con-

1847 3620 2060 3691 stitutio
2072 3620 2375 3691 principum
2399 3620 2829 3681 Christianorum
2843 3630 3167 3685 charitatom
3193 3643 3433 3688 vestram

1843 3689 2157 3773 lalere_nbn_
2183 3689 2396 3773 debuit,
2422 3699 2562 3773 et__ad
2588 3712 2674 3773 me
2699 3698 2766 3773 ab
2792 3700 2875 3773 eis
2903 3700 3041 3755 data:
3060 3700 3261 3756 littene
3290 3719 3433 3773 quan

1849 3775 1971 3842 runt
1999 3760 2163 3816 simul
2187 3764 2584 3842 exemplaribus
2617 3766 2773 3822 lectis
2798 3769 3272 3842 (quemadmodum
3302 3760 3432 3828 sub-

1846 3831 2089 3886 scribere
2111 3836 2480 3904 unusquisque
2509 3844 2750 3891 vestrum
2778 3831 2994 3910 debeat)
3013 3840 3232 3898 dilectio
3254 3855 3434 3900 vestra

1846 3911 2136 3981 cognoscet
2162 3942 2178 3969 ,
2229 3918 2346 3959 sive
2393 3919 2623 3981 quorum
2673 3907 3025 3981 synodalibus
3075 3913 3243 3981 gestis
3301 3915 3435 3969 sub-

1847 3973 2073 4055 scriptio
2098 3972 2211 4055 jam
2257 3972 2488 4055 tenetur,
2531 3976 2644 4055 sive
2696 3972 2787 4046 Qui
2830 3994 2936 4033 non
2976 3972 3225 4055 potuistis
3254 3986 3434 4040 eidem

1843 4041 2086 4123 pleuario
2105 4041 2279 4123 totius
2302 4044 2504 4123 Africae
2544 4041 2806 4123 interesse
2851 4041 3102 4123 concilio,
3132 4056 3276 4122 quod
3305 4071 3431 4110 cum

1846 4114 1902 4192 in
1963 4128 2126 4184 supra
2173 4114 2869 4192 drictorAtuuhtereticorum
2928 4114 3277 4192 damnatione
3319 4139 3434 4180 om-

1844 4184 1992 4261 nium
2045 4193 2279 4261 vestrum
2309 4184 2501 4261 “fuerit
2550 4187 2817 4261 integrata
2853 4189 3226 4261 subscriptio,
3295 4197 3433 4251 nihil

1842 4254 2065 4335 omnino
2119 4254 2263 4335 ynde
2308 4254 2414 4335 illis
2435 4254 2897 4335 dissimulationis
2945 4261 3029 4335 vel
3073 4254 3431 4335 negligentiae,

1843 4321 1929 4376 vel
1970 4317 2262 4401 occultata:
2289 4325 2545 4401 _lorsitan
2575 4328 2915 4401 pravitatis,
2954 4317 3435 4401 aliquauvi‘deatnr

1845 4393 2044 4472 merito
2059 4394 2395 4472 rentansisse
2439 4393 2698 4472 suspicio.
2750 4398 2869 4453 Alia
2900 4393 3093 4456 manu.
3129 4403 3292 4472 Opto,
3322 4404 3435 4459 fra-

1847 4470 1982 4529 tres,
2022 4464 2161 4519 bene
2215 4465 2431 4530 vivatis,
2486 4464 2593 4521 mei
2639 4482 2927 4525 memores.
2986 4472 3122 4527 Data
3163 4464 3435 4530 Kalendas

1840 4533 2071 4660 augusti
2104 4532 2501 4607 ,Carthagine,
2559 4535 2814 4595 Monaxio
2871 4550 2927 4597 et
2977 4540 3191 4609 Pluita,
3235 4558 3432 4603 consu-

1928 4679 2013 4694 ι--Δ

1849 4712 2114 4792 Excerpla
2139 4731 2204 4792 ea:
2222 4717 2590 4792 gestisbabitis
2612 4729 2794 4792 contra
2814 4695 3088 4792 Pelagium
3109 4705 3432 4790 [mit-um,

1921 4795 1977 4859 et
1999 4785 2108 4859 alia
2155 4785 2233 4859 de
2262 4786 2454 4843 libellis
2493 4789 2748 4859 ejusdem,
2778 4807 2895 4858 qua:
2936 4785 2993 4847 in
3023 4791 3316 4849 Palwstiua
3337 4785 3438 4851 sibi

1925 4855 2128 4925 objecta
2152 4857 2404 4912 dantnare
2424 4855 2721 4930 compulsus
2736 4855 2842 4916 est.

1930 4944 2083 5025 Quod
2106 4946 2538 5025 adﬂierusalem
2578 4950 2850 5025 nolentem
2893 4944 3076 5025 colligi
3119 4953 3259 5012 lllios
3307 4972 3438 5013 suos

148 5014 447 5093 humanam
473 5014 793 5092 societatem
821 5014 983 5107 223
1008 5014 1229 5106 pudoris
1252 5026 1412 5093 scissi
1431 5038 1756 5092 verecundia
1860 5014 2124 5107 999229?
2143 5018 2435 5107 ςξξιξιθξιιξςιι»
2601 5037 2703 5107 [103
2728 5014 3322 5107 qlalltangys'adversus
3342 5043 3439 5084 eos

156 5129 385 5196 tollitur,
421 5128 797 5200 conjugiorum
831 5128 1040 5186 hedera
1068 5128 1407 5195 auferuntur,
1440 5128 1756 5200 propagatio

156 5220 532 5293 generationis
553 5221 848 5288 inhibetur,
870 5221 1051 5276 carnis
1073 5230 1266 5276 natura
1289 5222 1597 5288 damnatur,
1622 5237 1752 5278 con-
1785 5256 1794 5265 ι

153 5321 243 5366 tra
277 5324 466 5366 verum
503 5319 686 5366 autem
711 5308 809 5364 Dei
846 5309 1051 5365 cultum
1078 5308 1319 5365 Trinitas
1341 5310 1558 5366 deitatis
1585 5324 1750 5381 nega-

147 5414 266 5471 tur,
336 5418 694 5475 personarum
756 5402 1061 5474 proprietas
1128 5402 1496 5470 confunditur,
1564 5404 1745 5458 anima

148 5495 391 5553 hominis
442 5496 625 5552 divina
667 5496 907 5552 essentia
952 5495 1301 5567 praedicatur,
1350 5504 1408 5552 et
1446 5495 1636 5552 eadem
1677 5496 1745 5552 ad

135 5574 350 5650 diaboli
379 5593 660 5648 arbitrium
697 5606 863 5650 carne
888 5592 1261 5660 concluditur;
1306 5593 1400 5650 Dei
1443 5591 1623 5649 Filius
1648 5608 1746 5664 per

150 5683 206 5739 id
236 5681 385 5753 quod
415 5697 484 5737 ex
511 5682 733 5754 Virgine
761 5693 934 5751 ortus,
967 5699 1074 5741 non
1111 5700 1210 5755 per
1232 5685 1287 5740 id
1311 5684 1455 5763 quod
1479 5701 1548 5740 ex
1580 5684 1743 5741 Patre

149 5785 317 5832 natus
339 5783 457 5841 est,
486 5775 796 5846 unigenitus
817 5777 1162 5848 pnedicatur,
1194 5778 1445 5848 idemque
1479 5792 1580 5834 nec
1611 5792 1737 5837 vera

149 5866 252 5953 Dei
286 5865 470 5953 proles
494 5905 511 5937 .
554 5882 658 5941 nec
693 5882 853 5926 verus
897 5866 1070 5927 Filius
1119 5868 1354 5943 Virginis
1395 5871 1634 5940 asserit,
1680 5880 1740 5929 ut

1860 5087 2122 5168 quililios
2148 5088 2401 5168 Ecclesiae
2435 5090 2626 5168 colligi
2656 5093 2880 5168 _no_lunt.
2904 5094 3039 5168 _Nec
3076 5095 3269 5168 saltem
3313 5109 3440 5168 post.

1854 5155 2149 5231 judicium,
2173 5161 2316 5228 quod
2343 5160 2410 5213 de
2433 5161 2550 5229 ipso
2576 5155 2792 5231 Pelagio
2823 5163 2875 5217 in
2904 5162 3187 5220 Palaestina
3227 5155 3433 5223 fac'tmn

1856 5236 1963 5303 est,
2011 5229 2394 5303 corriguntur,
2441 5233 2510 5285 de
2555 5247 2664 5299 quo
2711 5229 2999 5291 damnatus
3040 5237 3271 5303 exisset,
3325 5238 3432 5292 nisi

1854 5299 2067 5369 objecta
2115 5299 2216 5354 sibi
2264 5310 2451 5375 contra
2479 5303 2713 5375 gratiam
2746 5304 2851 5358 Dei
2881 5304 3023 5375 dicta
3049 5345 3064 5369 ,
3090 5322 3211 5375 quae
3231 5299 3430 5362 obscu-

1851 5383 1979 5424 rare
2007 5383 2113 5448 no_n
2146 5371 2343 5448 potuit,
2389 5370 2503 5439 ipse
2554 5372 2884 5448 damnasset.
2929 5370 3135 5431 Praeter
3169 5376 3259 5431 illa
3307 5393 3431 5448 qua:

1892 5439 2122 5514 uomodo
2154 5439 2357 5514 potuit,
2385 5456 2551 5497 ausus
2588 5451 2673 5498 est
2698 5445 3061 5514 qualicunque
3095 5448 3303 5501 ratione
3324 5439 3428 5501 'de-

1870 5509 2088 5584 'endere,
2134 5509 2515 5584 objecta‘sunt
2565 5509 2832 5582 quaedam,
2888 5509 3009 5584 quia
3060 5515 3164 5571 nisi
3222 5527 3436 5572 remota

1847 5579 1995 5655 ριυηί
2038 5579 2480 5655 tergiversatione
2528 5579 3083 5653 ariatltematizasset,
3121 5587 3236 5655 ipse
3293 5602 3432 5640 ana-

1848 5649 2029 5705 thema
2066 5647 2241 5704 factus
2271 5649 2477 5706 fuisset.

2276 5761 2479 5834 Dogma
2508 5762 2709 5837 Pelagii
2734 5766 2984 5821 hwretici.

1913 5872 2304 5961 Cumndiceret
2578 5877 2867 5937 mortalem
2905 5877 3132 5946 factum,
3184 5882 3278 5950 qui
3320 5884 3435 5937 sive
