3974 6436
163 430 292 492 905

1397 431 1884 491 DECRETALIUM
1933 433 2333 498 COLLECTIO.

3339 439 3444 495 906

156 576 375 616 conum
428 557 716 626 Hilarium,
745 566 801 614 et
835 573 972 628 quos
1012 573 1079 613 ex
1130 558 1302 614 latere
1355 573 1476 613 meo
1498 557 1616 613 vice
1637 570 1756 610 mea
1785 554 1833 613 A
1862 554 2006 624 gotio
2035 556 2341 612 communis
2395 555 2771 614 sollicitudinis
2817 558 3142 626 indidisscs,
3189 558 3444 630 quoniam

157 653 302 709 niisi
329 653 395 707 ad
427 651 652 708 fratrem
690 660 934 706 nostrum
966 649 1281 706 Flavianum
1317 649 1632 707 suﬁicientia
1664 666 1762 721 pro

156 743 440 813 qualitate
468 758 649 798 causa:
677 742 881 810 scripta
927 740 1121 804 direxi,
1170 741 1368 811 quibus
1396 750 1451 798 et
1478 751 1660 798 vestra
1683 742 1762 798 di—

156 831 341 889 lectio
365 842 418 888 et
445 833 686 888 Ecclesia
738 832 993 887 universa
1037 841 1334 902 cognoscat
1372 834 1437 888 de
1465 833 1686 902 antiqua
1708 840 1765 888 et

156 921 440 994 singulari
477 922 600 989 fide,
630 937 792 993 quam
843 920 1092 976 indoctus
1148 921 1492 993 impugnator
1518 922 1760 988 incessit,

157 1012 308 1081 quid
339 1012 599 1067 divinitus
630 1011 885 1067 traditum
930 1020 1236 1078 teneamus,
1288 1020 1343 1068 et
1378 1013 1510 1083 quid
1553 1013 1760 1068 incom-

159 1101 510 1156 mutabiliter
553 1101 930 1171 praedicemus.
987 1101 1125 1169 Quia
1158 1110 1337 1158 tamen
1369 1117 1475 1158 non
1506 1102 1766 1158 debemus

157 1202 362 1261 partes
390 1192 757 1248 miserationis
789 1193 1065 1260 omittere,
1098 1209 1338 1263 congrua
1393 1193 1762 1250 moderatione

157 1282 506 1338 credidimus
525 1283 900 1348 sanciendum,
923 1291 982 1336 ut
1004 1283 1047 1338 si
1071 1284 1463 1339 condemnatus
1479 1285 1764 1356 presbyter

155 1377 334 1448 plena
382 1378 754 1434 satisfactione
786 1377 1097 1448 corrigitur.
1129 1378 1396 1432 Sententia
1435 1392 1540 1448 qua
1567 1376 1764 1432 obstri-

159 1476 298 1522 ctus
323 1477 429 1532 est,
463 1467 755 1523 relaxetur.
789 1467 847 1523 Si
869 1483 995 1524 vero
1019 1468 1072 1522 in
1095 1469 1284 1523 eodem
1311 1467 1631 1539 insipientia
1651 1483 1764 1523 sua:

157 1557 290 1615 luto
325 1557 510 1629 jacere
560 1558 844 1630 delegerit,
885 1567 1086 1614 statuta
1140 1566 1513 1629 permaneant,
1562 1565 1763 1614 etcum

157 1649 258 1702 eis
315 1648 510 1704 habeat
568 1659 772 1704 sortem
821 1665 1049 1719 quorum
1099 1657 1180 1704 est
1232 1656 1450 1703 secutus
1497 1663 1773 1702 errorem.-

160 1738 314 1795 Data
341 1739 463 1796 ldus
499 1738 667 1807 Junii,
700 1740 918 1796 Asturio
947 1749 1001 1796 et
1027 1740 1328 1811 Protogene
1357 1739 1689 1795 consulibus.

243 1852 412 1924 225
435 1851 667 1908 LXXIV.
684 1853 904 1907 -Ιιεηι
929 1855 998 1906 ad
1026 1853 1343 1909 Flavianum
1371 1853 1675 1909 Constanti-

775 1925 1157 1993 nopolitanum.

245 2011 480 2069 Litteras
530 2021 638 2077 tute
687 2013 990 2070 dilectionis
1040 2015 1260 2085 accepi,
1303 2031 1424 2071 cum
1455 2015 1619 2086 gestis
1647 2031 1766 2086 qua:

162 2103 314 2176 apud
342 2121 440 2160 vos
477 2105 602 2161 fidei
627 2105 926 2176 quaestione
962 2105 1205 2162 confecta
1231 2115 1377 2161 sunt.
1410 2105 1476 2160 Et
1498 2106 1623 2176 quia
1652 2105 1760 2161 cle~

161 2195 547 2251 mentissimus
586 2197 898 2266 imperator,
926 2211 1024 2266 pro
1055 2196 1309 2252 Ecclesiae
1330 2212 1462 2266 pace
1485 2197 1766 2253 sollicitius

164 2288 442 2360 synodum
473 2287 645 2345 voluit
685 2290 1037 2361 congregari,
1072 2289 1320 2360 quamvis
1358 2289 1640 2346 evidenter
1667 2305 1765 2359 ap-

159 2389 366 2448 pareat
390 2397 534 2447 rem,
577 2381 644 2437 de
674 2397 778 2452 qua
809 2383 989 2454 agitur
1022 2398 1360 2454 nequaquam
1402 2383 1642 2455 synodali
1686 2384 1767 2438 in-

162 2473 362 2543 digere
395 2483 650 2542 tractatu,
681 2483 896 2540 tamen,
937 2475 1106 2530 frater
1133 2476 1475 2540 charissime,
1509 2477 1767 2532 subsecu-

164 2573 260 2619 tos
281 2580 402 2619 esse
429 2565 674 2636 significo
699 2607 714 2632 ,
752 2581 890 2636 quos
920 2567 972 2622 in
1006 2567 1108 2622 hac
1131 2581 1191 2621 re
1232 2566 1432 2637 placuit
1471 2566 1762 2622 destinare.

161 2652 286 2708 Nec
319 2653 686 2709 necessarium
718 2653 815 2709 fuit
846 2670 990 2710 nunc
1016 2655 1250 2726 amplius
1277 2655 1460 2720 scribi,
1485 2670 1606 2709 cum
1646 2671 1765 2724 pro-

161 2743 312 2814 pilio
338 2745 403 2800 de
428 2745 512 2800 bis
541 2760 660 2815 quae
680 2760 858 2800 causa:
881 2745 1210 2803 credidimus
1237 2746 1551 2813 convenire,
1582 2761 1679 2817 per
1701 2762 1765 2802 ea

161 2851 296 2905 qua:
320 2835 420 2907 ipsi
452 2837 743 2906 portabunt
772 2838 973 2908 scripta
993 2878 1008 2904 ,
1041 2839 1117 2894 sis
1147 2838 1358 2909 plenius
1389 2839 1760 2894 instruendus.

165 2927 313 2982 Data
338 2945 408 2984 xv
450 2929 720 2986 Kalendas
744 2929 870 2988 Julii
894 2973 910 3002 ,
939 2933 1199 2991 Austurio
1223 2942 1275 2990 et
1313 2932 1617 3008 Protogene
1636 2951 1764 2992 con-

165 3020 408 3077 solibus.

168 3111 392 3168 LXXV.
434 3145 503 3155 —
533 3112 668 3170 Item
697 3116 932 3188 ejusdem
959 3117 1030 3172 ad
1060 3117 1408 3174 Theodosium
1445 3119 1758 3190 Augustum.

243 3203 498 3273 Acceptis
523 3206 822 3264 clementia:
842 3218 1037 3267 vestrae
1063 3210 1277 3277 litteris,
1305 3221 1360 3266 et
1389 3212 1614 3268 multum
1637 3212 1759 3268 uui-

1864 655 1917 700 et
1947 657 2096 716 gesta
2120 655 2244 702 ante
2270 645 2447 702 delata
2472 648 2538 703 de
2572 648 2825 704 omnibus
2853 665 2952 706 nos
2996 649 3327 705 sufﬁcienter
3367 651 3447 703 in-

1864 745 2174 792 Struxerant
2198 778 2214 804 ,
2249 744 2305 794 et
2343 737 2409 792 ad
2439 736 2762 794 familiarem
2811 740 3291 812 interrogationem
3329 739 3447 794 ido-

1862 842 2000 883 neus
2040 837 2160 884 erat
2210 844 2391 884 sermo
2417 831 2658 900 praedicti
2688 847 2784 903 per
2813 848 2973 903 quem
3024 849 3170 888 nunc
3211 832 3445 902 alloquia

1865 917 2150 975 reddentes
2170 919 2510 977 dilectionem
2543 929 2688 978 tuam
2715 939 2815 994 per
2843 924 2935 980 Dei
2966 925 3216 996 gratiam,
3250 923 3303 978 in
3342 938 3449 994 qua

1864 1009 2100 1078 fidimus,
2131 1012 2481 1068 cohortamur
2502 1023 2715 1071 utentes
2743 1017 2921 1072 verbis
2949 1016 3258 1092 apostolicis
3286 1024 3457 1087 atque

1864 1101 2144 1158 dicentes:
2177 1121 2194 1155 ι
2233 1103 2293 1159 lu
2314 1103 2462 1158 nullo
2499 1107 2810 1162 terreamini
2842 1108 2911 1163 ab
2946 1108 3293 1173 adversariis,
3324 1124 3448 1178 qua:

1865 1199 1949 1248 est
1977 1191 2078 1247 illis
2095 1208 2256 1248 causa
2271 1194 2606 1264 perditionis,
2625 1195 2776 1251 vobis
2789 1205 2971 1251 autem
3000 1197 3188 1252 salutis
3213 1195 3383 1269 (PIu’f.
3407 1214 3448 1262 ι,

1862 1280 1974 1352 28).
2008 1301 2026 1334 ι
2055 1281 2190 1348 Quid
2215 1284 2360 1338 enim
2389 1292 2498 1340 tam
2521 1285 2791 1342 exitiabile
2814 1302 2975 1358 quam
3003 1298 3195 1359 negata
3219 1288 3452 1344 veritate

1865 1371 2256 1427 incarnationis
2285 1373 2520 1442 Christi,
2547 1390 2762 1432 omnem
2795 1393 2944 1448 spem
2973 1378 3161 1434 salutis
3196 1378 3447 1434 humanae
3517 1426 3523 1436 .

1862 1462 1999 1518 velle
2024 1463 2676 1537 dissolvere,etApostolo
2698 1469 2969 1526 contraire
2999 1469 3198 1525 dicenti
3223 1470 3448 1525 manife-

1864 1562 1975 1609 ste:
1997 1573 2014 1606 ι
2037 1554 2286 1626 Magnum
2301 1567 2378 1610 est
2393 1556 2609 1626 pictatis
2630 1570 3028 1615 sacramentum
3052 1561 3196 1631 quod
3219 1559 3446 1616 manife-

1863 1654 2064 1700 statum
2081 1647 2231 1702 estin
2253 1663 2416 1703 carne
2441 1647 2494 1720 (Ι
2517 1648 2650 1704 Tim.
2679 1667 2758 1716 ιιι,
2780 1650 2888 1723 16).
2914 1670 2931 1703 ι
2951 1651 3089 1720 Quid
3117 1662 3226 1707 tam
3251 1653 3450 1724 glorio-

1864 1751 1984 1794 ειιιιι
2030 1753 2196 1809 quam
2255 1749 2446 1795 contra
2503 1741 2754 1796 inimicos
2807 1743 3114 1799 nativitatis
3170 1753 3225 1799 et
3273 1745 3452 1800 crucis

1866 1817 2066 1883 Christi
2094 1844 2191 1898 pro
2229 1828 2331 1884 fide
2369 1829 2692 1902 Evangelica
2737 1831 3029 1888 dimicare?
3055 1835 3130 1888 De
3175 1832 3329 1902 cujus
3355 1849 3453 1904 pug

1789 1927 1836 1985 Β
1867 1921 2079 1978 rissimo
2106 1921 2308 1976 lumine
2331 1921 2639 1992 invictaque
2666 1924 2865 1978 virtute
2895 1923 3036 1978 datis
3067 1922 3180 1992 jam
3210 1923 3277 1978 ad
3302 1931 3450 1978 tuam

1867 2012 2212 2070 dilectionem
2233 2013 2448 2078 litteris,
2465 2013 2592 2082 quid
2624 2015 2679 2068 in
2711 2025 2899 2070 nostro
2937 2023 3079 2071 esset
3107 2015 3269 2069 corde
3295 2023 3460 2088 pate—i

1866 2093 2110 2166 fecimus,
2151 2117 2219 2158 ne
2245 2104 2309 2158 de
2336 2103 2442 2158 illis
2470 2119 2589 2174 quae
2619 2107 2912 2160 secumlum
2938 2105 3237 2162 doctrinam
3265 2106 3454 2162 catho-

1866 2195 2028 2251 licam
2055 2196 2365 2263 didicimus,
2389 2204 2443 2254 et
2469 2196 2747 2263 docemus,
2774 2197 2976 2268 aliquid
2997 2197 3137 2253 inter
3162 2213 3262 2253 nos
3283 2199 3455 2253 videri

1867 2287 2039 2357 possit
2090 2286 2422 2357 ambiguum.
2471 2286 2607 2354 Quia
2645 2302 2773 2343 vero
2818 2297 2928 2342 tam
2969 2288 3145 2344 valida
3175 2329 3191 2353 ,
3241 2298 3297 2343 et
3343 2296 3456 2342 tam

1865 2378 2013 2433 clara
2051 2385 2178 2433 sunt
2215 2376 2830 2446 testimonia,veritatis,
2866 2387 2922 2434 ut
2959 2378 3124 2434 nimis
3168 2393 3346 2433 emcus
3375 2378 3456 2432 ni-

1867 2468 2076 2536 misque
2094 2466 2388 2522 obduratus
2410 2467 2686 2523 habendus
2713 2468 2800 2533 sit,
2825 2469 2914 2538 qui
2937 2469 3004 2523 ad
3019 2469 3455 2524 eoruscationcm

1866 2558 2002 2614 lucis
2029 2567 2193 2628 atque
2221 2559 2446 2614 rationis
2488 2575 2596 2614 non
2620 2559 2905 2616 confestim
2936 2575 2994 2616 se
3021 2575 3052 2615 a
3083 2561 3322 2616 tenebris
3354 2559 3454 2614 fal-

1867 2651 2047 2706 sitatis
2094 2651 2421 2718 excusserit,
2459 2650 2526 2706 ad
2553 2651 2851 2706 curandam
2890 2651 3266 2722 imperitorum
3309 2651 3456 2706 insa-

1866 2743 2035 2810 niam,
2060 2743 2224 2799 etiam
2248 2743 2524 2814 patientim
2549 2743 2798 2799 volumus
2821 2743 3080 2800 adhibere
3106 2744 3454 2808 medicinam,

1867 2843 1926 2889 ut
1962 2845 2218 2906 paternas
2250 2836 2646 2906 increpatioucs
2675 2835 2728 2891 hi
2753 2835 2844 2906 qui
2877 2836 2930 2891 in
2970 2843 3248 2891 senectute
3276 2835 3456 2890 carnis

1867 2943 1978 2992 sua:
2009 2937 2190 2984 mente
2217 2938 2344 2984 sunt
2366 2928 2574 2999 parvuli
2596 2970 2610 2995 ,
2633 2929 2848 2985 discant
2875 2928 3095 2984 obedire
3126 2916 3453 2999 majoribus,

1865 3035 1928 3075 ac
1969 3021 2013 3075 si
2052 3021 2292 3091 deposita
2334 3008 2622 3090 imperitia:
2657 3036 2768 3076 suae
2803 3019 3043 3075 vanitate
3088 3019 3412 3089 resipiscunt
3436 3058 3453 3083 ,

1865 3111 2122 3180 omnique
2147 3126 2333 3166 errore
2363 3111 2618 3165 damnato
2650 3110 2840 3187 fidem,
2881 3124 3066 3165 veram
3092 3099 3452 3180 singularem;

1865 3217 1970 3272 quc
2009 3201 2348 3272 suscipiunt,
2379 3201 2748 3256 misericordia
2778 3201 2980 3256 eisdem
3013 3189 3332 3270 episcopalis
3361 3201 3456 3255 be-

167 3295 375 3350 versali
415 3296 670 3353 Ecclesiae
709 3298 1049 3369 gaudendum
1098 3316 1220 3357 esse
1282 3303 1528 3373 prospexi
1555 3342 1571 3370 ,
1619 3303 1762 3374 quod
1791 3289 1832 3348 C
1867 3293 2186 3349 ηοιόιεηιὶω
2217 3309 2324 3348 "0"
2353 3301 2614 3365 ηεεθιιινι
2643 3307 2900 3349 mansuro
2920 3291 3125 3359 Ῑυάίείο
3155 3293 3298 3361 (ιιιοά
3319 3307 3454 3362 μηθ-

166 3386 538 3446 Christianam
569 3388 728 3443 fidem
759 3405 864 3459 qua
903 3391 1156 3447 divinitas
1193 3392 1520 3458 honoratur,
1551 3403 1606 3448 et
1633 3392 1765 3448 coli-

175 3487 290 3542 tur,
319 3478 372 3531 iu
404 3478 547 3533 nullo
564 3478 899 3547 dissimilem,
918 3481 971 3536 in
1002 3482 1149 3536 nullo
1167 3482 1420 3538 vultcsse
1434 3483 1759 3539 discordem.

170 3566 317 3634 Quid
349 3568 490 3622 enim
532 3570 692 3625 rebus
729 3571 977 3628 humanis
1000 3574 1065 3626 ad
1091 3574 1418 3629 exorandam
1452 3576 1764 3632 misericor-

174 3657 324 3712 diam
355 3658 447 3712 Dei
478 3658 746 3715 eflicacius
767 3661 1092 3732 suffragetur
1113 3705 1130 3728 ,
1158 3681 1318 3734 quam
1347 3667 1392 3722 si
1429 3683 1532 3720 una
1564 3668 1765 3738 gratia-

174 3759 299 3802 rum
327 3750 563 3814 aetio,et.
581 3751 739 3806 unius
767 3751 1123 3810 confessionis
1145 3755 1471 3811 sacrificium
1496 3757 1764 3826 maiestati

173 3839 296 3911 ejus
342 3840 412 3895 ab
446 3842 695 3897 omnibus
736 3841 1036 3899 offeratur?
1065 3844 1121 3899 In
1155 3862 1261 3916 quo
1295 3856 1350 3902 et
1387 3849 1762 3915 sacerdotum,

174 3937 234 3985 et
265 3941 580 3984 cunctorum
613 3932 883 3998 ﬁdelium,
927 3935 1002 3989 ita
1029 3935 1243 3989 demum
1273 3938 1376 3991 erit
1404 3937 1563 4008 plena
1597 3941 1760 3995 devo-

172 4018 253 4074 tio
273 4059 287 4083 ,
318 4018 362 4074 si
396 4019 445 4072 in
471 4020 553 4074 his
575 4036 694 4090 qua:
717 4037 816 4092 per
845 4023 1061 4078 unicum
1089 4023 1185 4079 Dei
1213 4024 1404 4081 Filium
1430 4029 1596 4083 Deum
1625 4030 1763 4085 Ver-

170 4111 327 4176 bum,
369 4127 465 4182 pro
489 4123 670 4168 nostra
699 4114 1066 4187 redemptione
1101 4129 1227 4174 sunt
1249 4129 1422 4190 gesta,
1451 4122 1582 4176 nihil
1618 4123 1763 4180 aliud

173 4205 444 4260 sentiatur
465 4247 480 4271 ,
511 4221 670 4275 quam
699 4209 840 4277 quod
869 4209 979 4279 ipse
1008 4209 1290 4276 praedicari
1320 4212 1386 4266 de
1409 4227 1466 4266 se
1487 4214 1678 4283 jussit,
1711 4223 1765 4271 et

175 4293 349 4350 credi.
401 4293 554 4367 Unde
614 4297 863 4367 quamvis
892 4299 958 4354 ad
1000 4299 1140 4354 diem
1185 4301 1401 4356 concilii
1439 4304 1765 4374 episcopalis

177 4403 343 4457 quem
389 4389 564 4457 pietas
605 4398 787 4444 vestra
837 4392 1119 4446 constituit
1164 4408 1456 4450 occurrere
1500 4411 1586 4450 me
1625 4397 1764 4453 ratio

174 4480 328 4533 nulla
376 4481 691 4550 permittat,
719 4497 843 4536 cum
887 4498 989 4537 nec
1041 4483 1220 4554 aliqua
1261 4500 1325 4540 ex
1370 4487 1473 4542 hoc
1513 4489 1762 4559 exempla

174 4573 556 4642 prmcesserint
582 4613 596 4638 ,
628 4581 682 4627 et
715 4573 1028 4642 temporalis
1066 4578 1361 4632 necessitas
1400 4593 1484 4632 me
1529 4594 1634 4633 non
1668 4595 1765 4649 pa-

179 4663 350 4715 tiatur
392 4663 639 4718 deserere
666 4663 974 4732 civitatem,
1019 4668 1320 4737 praesertim
1356 4684 1479 4724 cum
1509 4679 1616 4724 tam
1649 4672 1763 4727 evi-

175 4754 313 4808 dens
341 4753 462 4809 fidci
493 4771 654 4812 causa
685 4757 756 4810 sit
777 4798 790 4823 ,
819 4766 878 4812 ut
918 4759 1274 4815 rationalibus
1300 4763 1481 4818 causis
1521 4763 1589 4818 ab
1620 4763 1760 4818 indi-

177 4845 350 4900 cenda
374 4849 580 4916 synodo
604 4847 795 4904 fuisset
815 4850 1213 4916 abstinendum,
1242 4861 1420 4908 tamen
1443 4853 1761 4925 inquantum

177 4933 440 4991 Dominus
473 4937 664 5006 jnvare
686 4940 936 5011 dignatur
953 4956 1129 4996 meum
1145 4943 1378 4998 studium
1401 4947 1761 5014 commodavi,

175 5037 236 5084 ut
285 5027 587 5083 clementiae
613 5038 809 5085 vestrae
856 5032 1074 5087 statutis
1101 5032 1440 5103 aliquatenus
1472 5047 1759 5105 pareatur,

175 5120 445 5177 ordinatis
479 5121 603 5176 hinc
639 5122 900 5180 fratribus
930 5125 1064 5181 meis
1089 5141 1208 5194 quae
1234 5130 1575 5199 amputandis
1603 5145 1760 5186 scan-

174 5209 348 5275 dalis,
395 5224 493 5278 pro
527 5225 704 5265 causae
744 5212 1000 5282 {equitate
1037 5213 1304 5271 sufﬁciant
1328 5257 1344 5283 ,
1379 5219 1577 5288 quiquo
1627 5236 1763 5290 pra:-

173 5301 365 5355 seutite
397 5315 530 5356 mea:
560 5301 820 5370 impleant
844 5305 1056 5371 vicem,
1088 5308 1212 5376 quia
1243 5323 1348 5362 non
1389 5311 1509 5365 talis
1536 5315 1762 5382 quaestio

172 5399 298 5447 orta
334 5400 438 5456 cst,
471 5393 613 5447 unde
640 5402 729 5446 aut
762 5395 952 5464 possit,
984 5404 1074 5449 aut
1101 5395 1294 5454 debeat
1340 5399 1592 5457 dubitari.
1627 5403 1758 5458 Data

174 5500 253 5539 xu
288 5482 560 5539 Kalendas
581 5483 728 5551 Julii,
759 5485 980 5542 Asturio
1009 5496 1064 5542 et
1095 5487 1396 5563 Protogene
1426 5495 1752 5551 consulibus.

155 5645 157 5647 ι
261 5573 495 5630 LXXV'l.
526 5606 598 5617 —
621 5575 871 5646 Ejusdem
899 5579 967 5632 ad
994 5577 1308 5637 Flavianum
1354 5585 1672 5653 episcopum.

247 5664 514 5720 Profect's
553 5667 662 5736 jam
714 5668 948 5734 nostris,
980 5686 1116 5741 quo:
1140 5672 1205 5724 ad
1239 5688 1331 5726 vos
1361 5673 1414 5726 in
1441 5671 1563 5727 fidei
1595 5690 1760 5732 causa

177 5756 510 5822 direximus,
533 5771 630 5827 per
658 5757 824 5812 tilium
848 5769 1091 5815 nostrum
1118 5762 1400 5818 diaconum
1429 5763 1632 5834 scripta
1660 5773 1763 5820 tuae

177 5848 486 5906 dilectionis
517 5849 832 5920 accepimus
853 5891 867 5918 ,
911 5852 1104 5922 quibus
1135 5853 1323 5910 merito
1362 5869 1551 5924 parum
1580 5855 1644 5912 de
1671 5871 1762 5912 nc-

1868 3385 2053 3450 cessit,
2085 3383 2129 3438 si
2158 3384 2408 3454 impietas
2437 3383 2630 3440 merito
2656 3384 3015 3439 condemnata
3055 3382 3108 3437 in
3144 3398 3241 3438 sua
3274 3385 3455 3453 pravi-

1870 3484 1979 3530 tate
2004 3474 2320 3545 perstiterit.
2353 3473 2486 3528 Data
2525 3489 2555 3528 x
2609 3473 2882 3528 Kalendas
2924 3473 3191 3544 Augusti,
3229 3472 3452 3527 Asturio

1866 3576 1921 3622 et
1954 3567 2252 3636 Protogene
2275 3565 2609 3622 consulibus.

1867 3679 2424 3737 LXXVlf.—Ilerum
2455 3681 2524 3735 ad
2547 3681 2783 3763 eumdem
2812 3678 3450 3750 Constantinopolitamtm

2500 3768 2815 3822 eptswpum.

1937 3844 2112 3914 Auget
2145 3841 2562 3898 sollicitudinem
2584 3851 2832 3898 nostram.
2856 3842 3336 3904 taciturnitastua,
3359 3842 3453 3912 qui

1863 3933 2071 4004 jamdiu
2130 3931 2275 3987 nulla
2319 3930 2622 3988 dilectionis
2668 3941 2771 4011 tuae
2810 3934 3012 4004 scripta
3074 3933 3451 4003 suscepimus.

1866 4041 1990 4080 cum
2021 4039 2120 4081 nos
2157 4039 2412 4079 curarum
2446 4031 2661 4080 tuarum
2708 4026 3002 4096 participes
3042 4039 3140 4096 pro
3187 4023 3311 4078 fidei
3362 4023 3455 4078 de-

1867 4115 2113 4172 fensione
2159 4114 2375 4170 solliciti
2416 4113 2728 4185 frequenter
2747 4132 2844 4189 per
2872 4101 3188 4173 occasiones
3231 4116 3452 4170 idoneas

1866 4210 1934 4264 ad
1957 4208 2297 4264 dilectionem
2330 4216 2475 4263 tuam
2504 4208 2714 4263 litteras
2753 4210 3058 4265 miserimus
3079 4249 3096 4278 ,
3120 4217 3178 4264 ut
3200 4209 3458 4265 adhorta-

1868 4301 2071 4355 tionum
2103 4308 2411 4354 nostrarum
2439 4298 2898 4355 consolationibus
2929 4307 2982 4355 te
3001 4298 3316 4369 juvaremus
3341 4339 3355 4364 ,
3384 4308 3445 4353 ut

1867 4389 2298 4446 adversariorum
2325 4387 2557 4445 stimulis
2599 4405 2698 4461 pro
2728 4389 2852 4445 fidei
2879 4387 3192 4445 defensione
3228 4404 3332 4444 non
3364 4404 3453 4442 ce-

1867 4482 2040 4545 deres,
2065 4495 2188 4535 cum
2219 4479 2418 4536 laboris
2450 4481 2525 4536 tu-i
2549 4481 2836 4552 participes
2867 4495 2966 4536 nos
3001 4480 3280 4550 probares.
3307 4479 3448 4534 Olim

1869 4573 1936 4628 ad
1967 4571 2363 4628 fraternitatem
2405 4581 2552 4628 tuam
2582 4582 2798 4630 nostros
2821 4575 3092 4630 credimus
3114 4573 3448 4642 pervenisse,

1869 4676 1968 4734 per
1997 4677 2133 4734 quos
2172 4663 2386 4734 plenius
2414 4664 2670 4735 scriptis,
2720 4665 3096 4735 mandatisque
3126 4666 3328 4720 nostris
3376 4666 3454 4720 iu-

1868 4763 2133 4810 structum
2166 4762 2220 4810 te
2248 4769 2369 4810 esse
2398 4755 2604 4811 retines
2629 4795 2645 4822 ,
2675 4766 2732 4810 et
2770 4755 3027 4810 Basilium
3077 4755 3146 4810 ad
3187 4767 3238 4810 te
3261 4756 3453 4824 (ntvo-
3507 4772 3510 4805 ;

1868 4845 2066 4916 fueras)
2091 4845 2190 4915 ipsi
2219 4845 2545 4902 remisimus.
2569 4846 2722 4901 Nunc
2737 4861 2804 4901 ne
2825 4845 3002 4916 aliqua
3025 4845 3452 4917 praetermissum
3485 4891 3492 4897 .

1867 4936 2154 4993 occasione
2186 4945 2238 4991 te
2267 4939 2541 5002 crederes,
2567 4952 2666 5008 per
2691 4936 2858 4991 filium
2883 4947 3125 4992 nostrum
3166 4935 3456 4991 honorabi-

1869 5027 1972 5082 lem
2000 5033 2056 5082 et
2075 5025 2363 5082 amabilem
2395 5026 2549 5082 nobis
2571 5027 2745 5082 virum
2773 5026 3000 5081 Esitium
3031 5027 3171 5081 hanc
3201 5026 3453 5095 paginam

1869 5120 2148 5186 dedimus,
2206 5128 2267 5174 ut
2309 5127 2420 5175 tota
2471 5119 2748 5174 celeritate
2793 5121 2859 5173 ad
2899 5119 3099 5188 scripta
3143 5128 3326 5174 nostra
3363 5133 3452 5173 re-

1869 5212 2161 5281 spondeas,
2196 5223 2404 5280 nosque
2443 5210 2671 5265 subinde
2706 5211 2771 5265 de
2814 5211 2919 5264 tuis
2953 5209 3197 5276 actibus,
3240 5218 3427 5264 nostro

1868 5315 2121 5372 rumque,
2151 5303 2293 5357 etde
2321 5301 2486 5356 totius
2517 5315 2696 5356 causa:
2741 5299 3080 5356 absolutione
3121 5299 3290 5355 facias
3331 5314 3424 5354 cer

1870 5393 2057 5458 tiores,
2086 5400 2147 5446 ut
2168 5391 2587 5447 sollicitudinem
2619 5406 2781 5461 quam
2813 5406 2956 5446 nunc
2982 5407 3079 5461 pro
3107 5390 3232 5445 fidei
3263 5389 3451 5446 defen-

1865 5485 2017 5540 sione
2031 5484 2288 5555 gerimus,
2303 5482 2738 5551 prosperioribus
2752 5483 2957 5537 nuntiis
2977 5482 3299 5538 molliamus.
3319 5481 3452 5536 Data

1866 5593 1924 5631 ιιι
1973 5576 2096 5630 [.lus
2125 5574 2348 5643 Augusti
2377 5613 2392 5639 ,
2419 5573 2639 5629 Asturio
2663 5585 2718 5629 et
2737 5573 3057 5645 [Protogene
3085 5571 3413 5627 consulibus.

2064 5668 2343 5726 LXXVIII.
2371 5699 2439 5709 —-
2461 5669 2542 5722 Ad
2567 5669 2762 5723 clerum
2801 5680 2846 5724 et
2873 5668 3071 5739 plebem
3113 5666 3225 5722 (ΣΡ.

1939 5763 2050 5820 Lso
2102 5772 2157 5818 et
2202 5771 2388 5818 sancta
2449 5763 2685 5838 synodus
2715 5779 2833 5834 quae
2869 5763 2920 5817 in
2974 5763 3118 5818 Urbe
3157 5763 3459 5829 convenit,

1870 5854 2034 5934 cleris
2059 5854 2368 5937 honoratis,
2403 5862 2455 5911 ct
2485 5853 2622 5939 plebi
2646 5852 3269 5937 αοξιειηιιιὶιιυρυητηειυ
3313 5862 3317 5866 ’
