  <div class='ocr_page' id='page_1' title='image "/cluster/home/n/w/nwhite01/storage/ocr_20150623/130/hvd.32044015471717/483.png"; bbox 0 0 3974 6476; ppageno 0'>
   <div class='ocr_carea' id='block_1_1' title="bbox 589 397 691 452">
    <p class='ocr_par' dir='ltr' id='par_1_1' title="bbox 589 397 691 452">
     <span class='ocr_line' id='line_1_1' title="bbox 589 397 691 452; baseline -0.029 0"><span class='ocrx_word' id='word_1_1' title='bbox 589 397 691 452; x_wconf 78' lang='lat'><strong>907</strong></span> 
     </span>
    </p>
   </div>
   <div class='ocr_carea' id='block_1_2' title="bbox 661 511 2183 582">
    <p class='ocr_par' dir='ltr' id='par_1_2' title="bbox 661 511 2183 582">
     <span class='ocr_line' id='line_1_2' title="bbox 661 511 2183 582; baseline -0.001 -16"><span class='ocrx_word' id='word_1_2' title='bbox 661 512 716 568; x_wconf 85' lang='lat' dir='ltr'><strong>la</strong></span> <span class='ocrx_word' id='word_1_3' title='bbox 743 513 992 569; x_wconf 82' lang='lat' dir='ltr'><strong>notitiam</strong></span> <span class='ocrx_word' id='word_1_4' title='bbox 1016 520 1274 574; x_wconf 84' lang='lat' dir='ltr'><strong>nostram,</strong></span> <span class='ocrx_word' id='word_1_5' title='bbox 1302 526 1420 581; x_wconf 80' lang='lat' dir='ltr'><strong>quzn</strong></span> <span class='ocrx_word' id='word_1_6' title='bbox 1444 511 1640 582; x_wconf 81' lang='lat' dir='ltr'><strong>Ephesi</strong></span> <span class='ocrx_word' id='word_1_7' title='bbox 1660 524 1850 567; x_wconf 90' lang='lat' dir='ltr'><strong>contra</strong></span> <span class='ocrx_word' id='word_1_8' title='bbox 1875 511 2183 582; x_wconf 83' lang='lat' dir='ltr'><strong>opinionem</strong></span> 
     </span>
    </p>
   </div>
   <div class='ocr_carea' id='block_1_3' title="bbox 591 602 2176 674">
    <p class='ocr_par' dir='ltr' id='par_1_3' title="bbox 591 602 2176 674">
     <span class='ocr_line' id='line_1_3' title="bbox 591 602 2176 674; baseline 0 -16"><span class='ocrx_word' id='word_1_9' title='bbox 591 606 834 660; x_wconf 90' lang='lat' dir='ltr'><strong>omnium</strong></span> <span class='ocrx_word' id='word_1_10' title='bbox 883 613 1010 660; x_wconf 92' lang='lat' dir='ltr'><strong>sunt</strong></span> <span class='ocrx_word' id='word_1_11' title='bbox 1049 614 1201 670; x_wconf 86' lang='lat' dir='ltr'><strong>acta,</strong></span> <span class='ocrx_word' id='word_1_12' title='bbox 1253 602 1524 674; x_wconf 80' lang='lat' dir='ltr'><strong>praelatis,</strong></span> <span class='ocrx_word' id='word_1_13' title='bbox 1576 620 1771 674; x_wconf 89' lang='lat' dir='ltr'><strong>magno</strong></span> <span class='ocrx_word' id='word_1_14' title='bbox 1811 605 2050 659; x_wconf 91' lang='lat' dir='ltr'><strong>animum</strong></span> <span class='ocrx_word' id='word_1_15' title='bbox 2082 619 2176 658; x_wconf 87' lang='lat' dir='ltr'><strong>no-</strong></span> 
     </span>
    </p>
   </div>
   <div class='ocr_carea' id='block_1_4' title="bbox 589 695 2176 759">
    <p class='ocr_par' dir='ltr' id='par_1_4' title="bbox 589 695 2176 759">
     <span class='ocr_line' id='line_1_4' title="bbox 589 695 2176 759; baseline -0.002 -7"><span class='ocrx_word' id='word_1_16' title='bbox 589 707 760 752; x_wconf 89' lang='lat' dir='ltr'><strong>strum</strong></span> <span class='ocrx_word' id='word_1_17' title='bbox 780 696 1012 752; x_wconf 81' lang='lat' dir='ltr'><strong>fatemur</strong></span> <span class='ocrx_word' id='word_1_18' title='bbox 1026 711 1259 751; x_wconf 68' lang='lat' dir='ltr'><strong>maerore</strong></span> <span class='ocrx_word' id='word_1_19' title='bbox 1279 695 1701 759; x_wconf 86' lang='lat' dir='ltr'><strong>confusum,&#39;nee</strong></span> <span class='ocrx_word' id='word_1_20' title='bbox 1723 704 1928 750; x_wconf 90' lang='lat' dir='ltr'><strong>tantum</strong></span> <span class='ocrx_word' id='word_1_21' title='bbox 1954 695 2176 752; x_wconf 82' lang='lat' dir='ltr'><strong>licuisse</strong></span> 
     </span>
    </p>
   </div>
   <div class='ocr_carea' id='block_1_5' title="bbox 591 784 2178 856">
    <p class='ocr_par' dir='ltr' id='par_1_5' title="bbox 591 784 2178 856">
     <span class='ocr_line' id='line_1_5' title="bbox 591 784 2178 856; baseline 0.001 -16"><span class='ocrx_word' id='word_1_22' title='bbox 591 785 864 855; x_wconf 91' lang='lat' dir='ltr'><strong>iniquitati</strong></span> <span class='ocrx_word' id='word_1_23' title='bbox 899 784 1055 840; x_wconf 80' lang='lat' dir='ltr'><strong>facile</strong></span> <span class='ocrx_word' id='word_1_24' title='bbox 1079 785 1445 856; x_wconf 85' lang='lat' dir='ltr'><strong>potuissemus</strong></span> <span class='ocrx_word' id='word_1_25' title='bbox 1469 785 1691 840; x_wconf 79' lang='lat' dir='ltr'><strong>credere</strong></span> <span class='ocrx_word' id='word_1_26' title='bbox 1713 827 1726 851; x_wconf 95' lang='lat'><strong>,</strong></span> <span class='ocrx_word' id='word_1_27' title='bbox 1767 785 1869 840; x_wconf 82' lang='lat' dir='ltr'><strong>nisi</strong></span> <span class='ocrx_word' id='word_1_28' title='bbox 1918 785 2063 841; x_wconf 81' lang='lat' dir='ltr'><strong>fiiius</strong></span> <span class='ocrx_word' id='word_1_29' title='bbox 2083 800 2178 842; x_wconf 90' lang='lat' dir='ltr'><strong>no-</strong></span> 
     </span>
    </p>
   </div>
   <div class='ocr_carea' id='block_1_6' title="bbox 592 878 2176 950">
    <p class='ocr_par' dir='ltr' id='par_1_6' title="bbox 592 878 2176 950">
     <span class='ocr_line' id='line_1_6' title="bbox 592 878 2176 950; baseline 0 -16"><span class='ocrx_word' id='word_1_30' title='bbox 592 887 706 934; x_wconf 89' lang='lat' dir='ltr'><strong>ster</strong></span> <span class='ocrx_word' id='word_1_31' title='bbox 737 878 978 934; x_wconf 83' lang='lat' dir='ltr'><strong>Hilarius</strong></span> <span class='ocrx_word' id='word_1_32' title='bbox 1007 879 1293 946; x_wconf 88' lang='lat' dir='ltr'><strong>diaconus,</strong></span> <span class='ocrx_word' id='word_1_33' title='bbox 1332 879 1424 950; x_wconf 86' lang='lat' dir='ltr'><strong>qui</strong></span> <span class='ocrx_word' id='word_1_34' title='bbox 1449 895 1477 932; x_wconf 89' lang='lat' dir='ltr'><strong>a</strong></span> <span class='ocrx_word' id='word_1_35' title='bbox 1503 879 1658 935; x_wconf 91' lang='lat' dir='ltr'><strong>nobis</strong></span> <span class='ocrx_word' id='word_1_36' title='bbox 1689 878 1808 933; x_wconf 90' lang='lat' dir='ltr'><strong>vice</strong></span> <span class='ocrx_word' id='word_1_37' title='bbox 1837 888 2024 935; x_wconf 92' lang='lat' dir='ltr'><strong>nostra</strong></span> <span class='ocrx_word' id='word_1_38' title='bbox 2052 895 2176 934; x_wconf 91' lang='lat' dir='ltr'><strong>cum</strong></span> 
     </span>
    </p>
   </div>
   <div class='ocr_carea' id='block_1_7' title="bbox 590 969 2176 1044">
    <p class='ocr_par' dir='ltr' id='par_1_7' title="bbox 590 969 2176 1044">
     <span class='ocr_line' id='line_1_7' title="bbox 590 969 2176 1044; baseline 0.001 -20"><span class='ocrx_word' id='word_1_39' title='bbox 590 970 741 1035; x_wconf 87' lang='lat' dir='ltr'><strong>aliis,</strong></span> <span class='ocrx_word' id='word_1_40' title='bbox 770 980 828 1026; x_wconf 92' lang='lat' dir='ltr'><strong>ut</strong></span> <span class='ocrx_word' id='word_1_41' title='bbox 881 971 1170 1027; x_wconf 88' lang='lat' dir='ltr'><strong>interesset</strong></span> <span class='ocrx_word' id='word_1_42' title='bbox 1205 971 1412 1044; x_wconf 89' lang='lat' dir='ltr'><strong>synodo</strong></span> <span class='ocrx_word' id='word_1_43' title='bbox 1433 1011 1448 1037; x_wconf 93' lang='lat'><strong>,</strong></span> <span class='ocrx_word' id='word_1_44' title='bbox 1491 971 1691 1026; x_wconf 90' lang='lat' dir='ltr'><strong>missus</strong></span> <span class='ocrx_word' id='word_1_45' title='bbox 1715 969 1931 1036; x_wconf 91' lang='lat' dir='ltr'><strong>fuerat,</strong></span> <span class='ocrx_word' id='word_1_46' title='bbox 1964 970 2176 1042; x_wconf 79' lang='lat' dir='ltr'><strong>fugiens</strong></span> 
     </span>
    </p>
   </div>
   <div class='ocr_carea' id='block_1_8' title="bbox 596 1060 2175 1135">
    <p class='ocr_par' dir='ltr' id='par_1_8' title="bbox 596 1060 2175 1135">
     <span class='ocr_line' id='line_1_8' title="bbox 596 1060 2175 1135; baseline 0 -18"><span class='ocrx_word' id='word_1_47' title='bbox 596 1063 942 1131; x_wconf 88' lang='lat' dir='ltr'><strong>revertisset,</strong></span> <span class='ocrx_word' id='word_1_48' title='bbox 975 1063 1255 1121; x_wconf 90' lang='lat' dir='ltr'><strong>declinans</strong></span> <span class='ocrx_word' id='word_1_49' title='bbox 1286 1060 1481 1130; x_wconf 90' lang='lat' dir='ltr'><strong>injuste</strong></span> <span class='ocrx_word' id='word_1_50' title='bbox 1515 1063 1787 1135; x_wconf 84' lang='lat' dir='ltr'><strong>particeps</strong></span> <span class='ocrx_word' id='word_1_51' title='bbox 1809 1079 1929 1118; x_wconf 87' lang='lat' dir='ltr'><strong>esse</strong></span> <span class='ocrx_word' id='word_1_52' title='bbox 1959 1072 2175 1118; x_wconf 88' lang='lat' dir='ltr'><strong>senten-</strong></span> 
     </span>
    </p>
   </div>
   <div class='ocr_carea' id='block_1_9' title="bbox 592 1153 2178 1225">
    <p class='ocr_par' dir='ltr' id='par_1_9' title="bbox 592 1153 2178 1225">
     <span class='ocr_line' id='line_1_9' title="bbox 592 1153 2178 1225; baseline 0.003 -18"><span class='ocrx_word' id='word_1_53' title='bbox 592 1153 700 1209; x_wconf 75' lang='lat' dir='ltr'><strong>tize.</strong></span> <span class='ocrx_word' id='word_1_54' title='bbox 738 1153 946 1225; x_wconf 86' lang='lat' dir='ltr'><strong>Quippe</strong></span> <span class='ocrx_word' id='word_1_55' title='bbox 969 1170 1090 1212; x_wconf 88' lang='lat' dir='ltr'><strong>cum</strong></span> <span class='ocrx_word' id='word_1_56' title='bbox 1121 1170 1224 1212; x_wconf 83' lang='lat' dir='ltr'><strong>vox</strong></span> <span class='ocrx_word' id='word_1_57' title='bbox 1272 1155 1382 1212; x_wconf 91' lang='lat' dir='ltr'><strong>illic</strong></span> <span class='ocrx_word' id='word_1_58' title='bbox 1414 1171 1443 1210; x_wconf 91' lang='lat' dir='ltr'><strong>a</strong></span> <span class='ocrx_word' id='word_1_59' title='bbox 1486 1155 1691 1211; x_wconf 89' lang='lat' dir='ltr'><strong>nostris</strong></span> <span class='ocrx_word' id='word_1_60' title='bbox 1731 1155 2178 1212; x_wconf 89' lang='lat' dir='ltr'><strong>contradictionis</strong></span> 
     </span>
    </p>
   </div>
   <div class='ocr_carea' id='block_1_10' title="bbox 590 1247 2175 1319">
    <p class='ocr_par' dir='ltr' id='par_1_10' title="bbox 590 1247 2175 1319">
     <span class='ocr_line' id='line_1_10' title="bbox 590 1247 2175 1319; baseline 0.001 -17"><span class='ocrx_word' id='word_1_61' title='bbox 590 1247 789 1302; x_wconf 87' lang='lat' dir='ltr'><strong>emissa</strong></span> <span class='ocrx_word' id='word_1_62' title='bbox 822 1247 894 1302; x_wconf 87' lang='lat' dir='ltr'><strong>sit</strong></span> <span class='ocrx_word' id='word_1_63' title='bbox 919 1287 934 1312; x_wconf 87' lang='lat'><strong>,</strong></span> <span class='ocrx_word' id='word_1_64' title='bbox 962 1263 1122 1317; x_wconf 92' lang='lat' dir='ltr'><strong>quam</strong></span> <span class='ocrx_word' id='word_1_65' title='bbox 1147 1247 1548 1304; x_wconf 79' lang='lat' dir='ltr'><strong>Alexandrinus</strong></span> <span class='ocrx_word' id='word_1_66' title='bbox 1585 1249 1848 1315; x_wconf 86' lang='lat' dir='ltr'><strong>antistes,</strong></span> <span class='ocrx_word' id='word_1_67' title='bbox 1877 1250 1970 1319; x_wconf 87' lang='lat' dir='ltr'><strong>qui</strong></span> <span class='ocrx_word' id='word_1_68' title='bbox 2004 1258 2175 1305; x_wconf 78' lang='lat' dir='ltr'><strong>totum</strong></span> 
     </span>
    </p>
   </div>
   <div class='ocr_carea' id='block_1_11' title="bbox 592 1337 2174 1410">
    <p class='ocr_par' dir='ltr' id='par_1_11' title="bbox 592 1337 2174 1410">
     <span class='ocr_line' id='line_1_11' title="bbox 592 1337 2174 1410; baseline 0.001 -17"><span class='ocrx_word' id='word_1_69' title='bbox 592 1337 747 1394; x_wconf 84' lang='lat' dir='ltr'><strong>solus</strong></span> <span class='ocrx_word' id='word_1_70' title='bbox 763 1339 1018 1410; x_wconf 66' lang='lat' dir='ltr'><strong>potentia:</strong></span> <span class='ocrx_word' id='word_1_71' title='bbox 1038 1353 1149 1395; x_wconf 78' lang='lat' dir='ltr'><strong>suae</strong></span> <span class='ocrx_word' id='word_1_72' title='bbox 1171 1339 1487 1404; x_wconf 89' lang='lat' dir='ltr'><strong>vindicavit,</strong></span> <span class='ocrx_word' id='word_1_73' title='bbox 1518 1339 1708 1395; x_wconf 86' lang='lat' dir='ltr'><strong>audire</strong></span> <span class='ocrx_word' id='word_1_74' title='bbox 1728 1340 2088 1410; x_wconf 88' lang='lat' dir='ltr'><strong>contempsit,</strong></span> <span class='ocrx_word' id='word_1_75' title='bbox 2120 1339 2174 1394; x_wconf 90' lang='lat' dir='ltr'><strong>in</strong></span> 
     </span>
    </p>
   </div>
   <div class='ocr_carea' id='block_1_12' title="bbox 590 1430 2173 1502">
    <p class='ocr_par' dir='ltr' id='par_1_12' title="bbox 590 1430 2173 1502">
     <span class='ocr_line' id='line_1_12' title="bbox 590 1430 2173 1502; baseline 0.002 -18"><span class='ocrx_word' id='word_1_76' title='bbox 590 1431 935 1488; x_wconf 85' lang='lat' dir='ltr'><strong>consortium</strong></span> <span class='ocrx_word' id='word_1_77' title='bbox 976 1445 1088 1487; x_wconf 66' lang='lat' dir='ltr'><strong>suae</strong></span> <span class='ocrx_word' id='word_1_78' title='bbox 1125 1430 1419 1486; x_wconf 85' lang='lat' dir='ltr'><strong>voluntatis</strong></span> <span class='ocrx_word' id='word_1_79' title='bbox 1476 1431 1671 1487; x_wconf 92' lang='lat' dir='ltr'><strong>invitos</strong></span> <span class='ocrx_word' id='word_1_80' title='bbox 1714 1431 2038 1502; x_wconf 86' lang='lat' dir='ltr'><strong>protrahens</strong></span> <span class='ocrx_word' id='word_1_81' title='bbox 2083 1447 2173 1487; x_wconf 89' lang='lat' dir='ltr'><strong>sa-</strong></span> 
     </span>
    </p>
   </div>
   <div class='ocr_carea' id='block_1_13' title="bbox 591 1523 2173 1595">
    <p class='ocr_par' dir='ltr' id='par_1_13' title="bbox 591 1523 2173 1595">
     <span class='ocr_line' id='line_1_13' title="bbox 591 1523 2173 1595; baseline 0.003 -22"><span class='ocrx_word' id='word_1_82' title='bbox 591 1523 843 1578; x_wconf 75' lang='lat' dir='ltr'><strong>cerdotes</strong></span> <span class='ocrx_word' id='word_1_83' title='bbox 868 1563 884 1588; x_wconf 86' lang='lat'><strong>,</strong></span> <span class='ocrx_word' id='word_1_84' title='bbox 916 1531 974 1578; x_wconf 90' lang='lat' dir='ltr'><strong>ut</strong></span> <span class='ocrx_word' id='word_1_85' title='bbox 1005 1539 1102 1594; x_wconf 89' lang='lat' dir='ltr'><strong>per</strong></span> <span class='ocrx_word' id='word_1_86' title='bbox 1125 1523 1230 1578; x_wconf 91' lang='lat' dir='ltr'><strong>vim</strong></span> <span class='ocrx_word' id='word_1_87' title='bbox 1255 1524 1426 1579; x_wconf 81' lang='lat' dir='ltr'><strong>coacti</strong></span> <span class='ocrx_word' id='word_1_88' title='bbox 1455 1524 1863 1580; x_wconf 87' lang='lat' dir='ltr'><strong>subseribcrent</strong></span> <span class='ocrx_word' id='word_1_89' title='bbox 1885 1566 1901 1590; x_wconf 92' lang='lat'><strong>,</strong></span> <span class='ocrx_word' id='word_1_90' title='bbox 1932 1526 2022 1595; x_wconf 89' lang='lat' dir='ltr'><strong>qui</strong></span> <span class='ocrx_word' id='word_1_91' title='bbox 2052 1525 2173 1579; x_wconf 92' lang='lat' dir='ltr'><strong>nul-</strong></span> 
     </span>
    </p>
   </div>
   <div class='ocr_carea' id='block_1_14' title="bbox 591 1613 2174 1685">
    <p class='ocr_par' dir='ltr' id='par_1_14' title="bbox 591 1613 2174 1685">
     <span class='ocr_line' id='line_1_14' title="bbox 591 1613 2174 1685; baseline 0.001 -17"><span class='ocrx_word' id='word_1_92' title='bbox 591 1615 698 1669; x_wconf 88' lang='lat' dir='ltr'><strong>lam</strong></span> <span class='ocrx_word' id='word_1_93' title='bbox 721 1614 1081 1670; x_wconf 87' lang='lat' dir='ltr'><strong>damnationis</strong></span> <span class='ocrx_word' id='word_1_94' title='bbox 1093 1630 1312 1671; x_wconf 89' lang='lat' dir='ltr'><strong>causam</strong></span> <span class='ocrx_word' id='word_1_95' title='bbox 1342 1614 1548 1671; x_wconf 72' lang='lat' dir='ltr'><strong>idonea:</strong></span> <span class='ocrx_word' id='word_1_96' title='bbox 1577 1615 1926 1685; x_wconf 89' lang='lat' dir='ltr'><strong>reperissent.</strong></span> <span class='ocrx_word' id='word_1_97' title='bbox 1945 1613 2051 1670; x_wconf 90' lang='lat' dir='ltr'><strong>Sed</strong></span> <span class='ocrx_word' id='word_1_98' title='bbox 2075 1615 2174 1670; x_wconf 89' lang='lat' dir='ltr'><strong>hos</strong></span> 
     </span>
    </p>
   </div>
   <div class='ocr_carea' id='block_1_15' title="bbox 589 1706 2174 1778">
    <p class='ocr_par' dir='ltr' id='par_1_15' title="bbox 589 1706 2174 1778">
     <span class='ocr_line' id='line_1_15' title="bbox 589 1706 2174 1778; baseline 0.003 -19"><span class='ocrx_word' id='word_1_99' title='bbox 589 1722 758 1762; x_wconf 89' lang='lat' dir='ltr'><strong>ausus</strong></span> <span class='ocrx_word' id='word_1_100' title='bbox 796 1707 885 1777; x_wconf 89' lang='lat' dir='ltr'><strong>pio</strong></span> <span class='ocrx_word' id='word_1_101' title='bbox 931 1715 983 1762; x_wconf 90' lang='lat' dir='ltr'><strong>et</strong></span> <span class='ocrx_word' id='word_1_102' title='bbox 1021 1706 1485 1763; x_wconf 80' lang='lat' dir='ltr'><strong>Christianissimo</strong></span> <span class='ocrx_word' id='word_1_103' title='bbox 1527 1707 1756 1778; x_wconf 88' lang='lat' dir='ltr'><strong>principi</strong></span> <span class='ocrx_word' id='word_1_104' title='bbox 1825 1706 2174 1773; x_wconf 89' lang='lat' dir='ltr'><strong>confidimus,</strong></span> 
     </span>
    </p>
   </div>
   <div class='ocr_carea' id='block_1_16' title="bbox 593 1794 2172 1867">
    <p class='ocr_par' dir='ltr' id='par_1_16' title="bbox 593 1794 2172 1867">
     <span class='ocr_line' id='line_1_16' title="bbox 593 1794 2172 1867; baseline 0.004 -19"><span class='ocrx_word' id='word_1_105' title='bbox 593 1795 814 1850; x_wconf 85' lang='lat' dir='ltr'><strong>minime</strong></span> <span class='ocrx_word' id='word_1_106' title='bbox 865 1794 1178 1865; x_wconf 90' lang='lat' dir='ltr'><strong>placituros.</strong></span> <span class='ocrx_word' id='word_1_107' title='bbox 1235 1795 1390 1852; x_wconf 77' lang='lat' dir='ltr'><strong>Nunc</strong></span> <span class='ocrx_word' id='word_1_108' title='bbox 1422 1797 1550 1867; x_wconf 88' lang='lat' dir='ltr'><strong>quia</strong></span> <span class='ocrx_word' id='word_1_109' title='bbox 1596 1796 1897 1854; x_wconf 85' lang='lat' dir='ltr'><strong>Ecclesiam</strong></span> <span class='ocrx_word' id='word_1_110' title='bbox 1936 1807 2172 1854; x_wconf 86' lang='lat' dir='ltr'><strong>vestram</strong></span> 
     </span>
    </p>
   </div>
   <div class='ocr_carea' id='block_1_17' title="bbox 591 1883 2176 1958">
    <p class='ocr_par' dir='ltr' id='par_1_17' title="bbox 591 1883 2176 1958">
     <span class='ocr_line' id='line_1_17' title="bbox 591 1883 2176 1958; baseline 0.003 -19"><span class='ocrx_word' id='word_1_111' title='bbox 591 1883 696 1940; x_wconf 87' lang='lat' dir='ltr'><strong>hac</strong></span> <span class='ocrx_word' id='word_1_112' title='bbox 752 1885 959 1940; x_wconf 87' lang='lat' dir='ltr'><strong>ratione</strong></span> <span class='ocrx_word' id='word_1_113' title='bbox 1003 1886 1352 1958; x_wconf 87' lang='lat' dir='ltr'><strong>cognovimus</strong></span> <span class='ocrx_word' id='word_1_114' title='bbox 1407 1886 1758 1956; x_wconf 85' lang='lat' dir='ltr'><strong>dissipatam,</strong></span> <span class='ocrx_word' id='word_1_115' title='bbox 1817 1887 2176 1944; x_wconf 88' lang='lat' dir='ltr'><strong>consolandos</strong></span> 
     </span>
    </p>
   </div>
   <div class='ocr_carea' id='block_1_18' title="bbox 590 1975 2175 2048">
    <p class='ocr_par' dir='ltr' id='par_1_18' title="bbox 590 1975 2175 2048">
     <span class='ocr_line' id='line_1_18' title="bbox 590 1975 2175 2048; baseline 0.003 -20"><span class='ocrx_word' id='word_1_116' title='bbox 590 1975 1070 2045; x_wconf 84' lang='lat' dir='ltr'><strong>adhortandosque</strong></span> <span class='ocrx_word' id='word_1_117' title='bbox 1100 1990 1194 2033; x_wconf 91' lang='lat' dir='ltr'><strong>vos</strong></span> <span class='ocrx_word' id='word_1_118' title='bbox 1225 1991 1346 2033; x_wconf 90' lang='lat' dir='ltr'><strong>esse</strong></span> <span class='ocrx_word' id='word_1_119' title='bbox 1375 1977 1650 2033; x_wconf 89' lang='lat' dir='ltr'><strong>credimus</strong></span> <span class='ocrx_word' id='word_1_120' title='bbox 1684 1979 1888 2034; x_wconf 89' lang='lat' dir='ltr'><strong>nostris</strong></span> <span class='ocrx_word' id='word_1_121' title='bbox 1906 1977 2175 2048; x_wconf 88' lang='lat' dir='ltr'><strong>epistol-is,</strong></span> 
     </span>
    </p>
   </div>
   <div class='ocr_carea' id='block_1_19' title="bbox 589 2068 2178 2141">
    <p class='ocr_par' dir='ltr' id='par_1_19' title="bbox 589 2068 2178 2141">
     <span class='ocr_line' id='line_1_19' title="bbox 589 2068 2178 2141; baseline 0.002 -19"><span class='ocrx_word' id='word_1_122' title='bbox 589 2077 648 2123; x_wconf 91' lang='lat' dir='ltr'><strong>ut</strong></span> <span class='ocrx_word' id='word_1_123' title='bbox 679 2083 776 2138; x_wconf 89' lang='lat' dir='ltr'><strong>pro</strong></span> <span class='ocrx_word' id='word_1_124' title='bbox 797 2068 1076 2124; x_wconf 72' lang='lat' dir='ltr'><strong>catholica:</strong></span> <span class='ocrx_word' id='word_1_125' title='bbox 1101 2068 1232 2125; x_wconf 80' lang='lat' dir='ltr'><strong>fidei</strong></span> <span class='ocrx_word' id='word_1_126' title='bbox 1246 2068 1557 2125; x_wconf 87' lang='lat' dir='ltr'><strong>defensione</strong></span> <span class='ocrx_word' id='word_1_127' title='bbox 1575 2069 1903 2140; x_wconf 86' lang='lat' dir='ltr'><strong>perfidorum</strong></span> <span class='ocrx_word' id='word_1_128' title='bbox 1925 2069 2178 2141; x_wconf 72' lang='lat' dir='ltr'><strong>nequitia:</strong></span> 
     </span>
    </p>
   </div>
   <div class='ocr_carea' id='block_1_20' title="bbox 589 2161 2179 2220">
    <p class='ocr_par' dir='ltr' id='par_1_20' title="bbox 589 2161 2179 2220">
     <span class='ocr_line' id='line_1_20' title="bbox 589 2161 2179 2220; baseline 0.002 -4"><span class='ocrx_word' id='word_1_129' title='bbox 589 2162 876 2218; x_wconf 86' lang='lat' dir='ltr'><strong>resistatis.</strong></span> <span class='ocrx_word' id='word_1_130' title='bbox 907 2161 1166 2218; x_wconf 80' lang='lat' dir='ltr'><strong>Nolumus</strong></span> <span class='ocrx_word' id='word_1_131' title='bbox 1217 2163 1361 2219; x_wconf 90' lang='lat' dir='ltr'><strong>enim</strong></span> <span class='ocrx_word' id='word_1_132' title='bbox 1409 2163 1750 2220; x_wconf 87' lang='lat' dir='ltr'><strong>dilectionem</strong></span> <span class='ocrx_word' id='word_1_133' title='bbox 1800 2171 2038 2220; x_wconf 89' lang='lat' dir='ltr'><strong>vestram</strong></span> <span class='ocrx_word' id='word_1_134' title='bbox 2075 2163 2179 2219; x_wconf 89' lang='lat' dir='ltr'><strong>hoc</strong></span> 
     </span>
    </p>
   </div>
   <div class='ocr_carea' id='block_1_21' title="bbox 593 2253 2174 2327">
    <p class='ocr_par' dir='ltr' id='par_1_21' title="bbox 593 2253 2174 2327">
     <span class='ocr_line' id='line_1_21' title="bbox 593 2253 2174 2327; baseline 0 -18"><span class='ocrx_word' id='word_1_135' title='bbox 593 2269 828 2310; x_wconf 58' lang='lat' dir='ltr'><strong>maerore</strong></span> <span class='ocrx_word' id='word_1_136' title='bbox 854 2253 1072 2325; x_wconf 88' lang='lat' dir='ltr'><strong>percelli</strong></span> <span class='ocrx_word' id='word_1_137' title='bbox 1099 2295 1116 2321; x_wconf 92' lang='lat'><strong>,</strong></span> <span class='ocrx_word' id='word_1_138' title='bbox 1145 2270 1268 2312; x_wconf 90' lang='lat' dir='ltr'><strong>eum</strong></span> <span class='ocrx_word' id='word_1_139' title='bbox 1294 2253 1468 2324; x_wconf 85' lang='lat' dir='ltr'><strong>major</strong></span> <span class='ocrx_word' id='word_1_140' title='bbox 1493 2255 1660 2327; x_wconf 81' lang='lat' dir='ltr'><strong>gloria</strong></span> <span class='ocrx_word' id='word_1_141' title='bbox 1696 2263 1877 2311; x_wconf 91' lang='lat' dir='ltr'><strong>vestra</strong></span> <span class='ocrx_word' id='word_1_142' title='bbox 1915 2257 2174 2313; x_wconf 87' lang='lat' dir='ltr'><strong>subsecu-</strong></span> 
     </span>
    </p>
   </div>
   <div class='ocr_carea' id='block_1_22' title="bbox 593 2347 2176 2419">
    <p class='ocr_par' dir='ltr' id='par_1_22' title="bbox 593 2347 2176 2419">
     <span class='ocr_line' id='line_1_22' title="bbox 593 2347 2176 2419; baseline 0 -17"><span class='ocrx_word' id='word_1_143' title='bbox 593 2359 714 2402; x_wconf 86' lang='lat' dir='ltr'><strong>tnra</strong></span> <span class='ocrx_word' id='word_1_144' title='bbox 765 2347 1123 2404; x_wconf 88' lang='lat' dir='ltr'><strong>constantiam</strong></span> <span class='ocrx_word' id='word_1_145' title='bbox 1177 2348 1223 2403; x_wconf 92' lang='lat' dir='ltr'><strong>si</strong></span> <span class='ocrx_word' id='word_1_146' title='bbox 1287 2363 1318 2404; x_wconf 89' lang='lat' dir='ltr'><strong>a</strong></span> <span class='ocrx_word' id='word_1_147' title='bbox 1354 2347 1616 2419; x_wconf 89' lang='lat' dir='ltr'><strong>probabili</strong></span> <span class='ocrx_word' id='word_1_148' title='bbox 1663 2349 1945 2404; x_wconf 89' lang='lat' dir='ltr'><strong>sacerdote</strong></span> <span class='ocrx_word' id='word_1_149' title='bbox 1991 2357 2176 2404; x_wconf 87' lang='lat' dir='ltr'><strong>vestro</strong></span> 
     </span>
    </p>
   </div>
   <div class='ocr_carea' id='block_1_23' title="bbox 591 2437 2182 2509">
    <p class='ocr_par' dir='ltr' id='par_1_23' title="bbox 591 2437 2182 2509">
     <span class='ocr_line' id='line_1_23' title="bbox 591 2437 2182 2509; baseline 0.002 -16"><span class='ocrx_word' id='word_1_150' title='bbox 591 2437 755 2493; x_wconf 68' lang='lat' dir='ltr'><strong>nulla:</strong></span> <span class='ocrx_word' id='word_1_151' title='bbox 787 2439 946 2494; x_wconf 67' lang='lat' dir='ltr'><strong>minae</strong></span> <span class='ocrx_word' id='word_1_152' title='bbox 967 2454 1063 2495; x_wconf 86' lang='lat' dir='ltr'><strong>vos</strong></span> <span class='ocrx_word' id='word_1_153' title='bbox 1091 2438 1236 2494; x_wconf 89' lang='lat' dir='ltr'><strong>nulla</strong></span> <span class='ocrx_word' id='word_1_154' title='bbox 1286 2438 1519 2496; x_wconf 90' lang='lat' dir='ltr'><strong>formido</strong></span> <span class='ocrx_word' id='word_1_155' title='bbox 1564 2439 1866 2495; x_wconf 88' lang='lat' dir='ltr'><strong>divulserit.</strong></span> <span class='ocrx_word' id='word_1_156' title='bbox 1915 2439 2182 2509; x_wconf 77' lang='lat' dir='ltr'><strong>Quisquis</strong></span> 
     </span>
    </p>
   </div>
   <div class='ocr_carea' id='block_1_24' title="bbox 590 2528 2174 2601">
    <p class='ocr_par' dir='ltr' id='par_1_24' title="bbox 590 2528 2174 2601">
     <span class='ocr_line' id='line_1_24' title="bbox 590 2528 2174 2601; baseline 0.003 -19"><span class='ocrx_word' id='word_1_157' title='bbox 590 2528 736 2582; x_wconf 93' lang='lat' dir='ltr'><strong>enim</strong></span> <span class='ocrx_word' id='word_1_158' title='bbox 779 2528 1031 2584; x_wconf 91' lang='lat' dir='ltr'><strong>incolumi</strong></span> <span class='ocrx_word' id='word_1_159' title='bbox 1080 2536 1244 2600; x_wconf 90' lang='lat' dir='ltr'><strong>atque</strong></span> <span class='ocrx_word' id='word_1_160' title='bbox 1290 2529 1583 2600; x_wconf 90' lang='lat' dir='ltr'><strong>superstite</strong></span> <span class='ocrx_word' id='word_1_161' title='bbox 1625 2530 1886 2586; x_wconf 83' lang='lat' dir='ltr'><strong>Flaviano</strong></span> <span class='ocrx_word' id='word_1_162' title='bbox 1917 2531 2174 2601; x_wconf 92' lang='lat' dir='ltr'><strong>episeopo</strong></span> 
     </span>
    </p>
   </div>
   <div class='ocr_carea' id='block_1_25' title="bbox 587 2619 2171 2690">
    <p class='ocr_par' dir='ltr' id='par_1_25' title="bbox 587 2619 2171 2690">
     <span class='ocr_line' id='line_1_25' title="bbox 587 2619 2171 2690; baseline 0.002 -19"><span class='ocrx_word' id='word_1_163' title='bbox 587 2627 770 2676; x_wconf 83' lang='lat' dir='ltr'><strong>vestro</strong></span> <span class='ocrx_word' id='word_1_164' title='bbox 795 2620 1160 2676; x_wconf 84' lang='lat' dir='ltr'><strong>sacerdotium</strong></span> <span class='ocrx_word' id='word_1_165' title='bbox 1189 2619 1305 2690; x_wconf 91' lang='lat' dir='ltr'><strong>ejus</strong></span> <span class='ocrx_word' id='word_1_166' title='bbox 1329 2619 1492 2676; x_wconf 91' lang='lat' dir='ltr'><strong>fuerit</strong></span> <span class='ocrx_word' id='word_1_167' title='bbox 1526 2636 1690 2676; x_wconf 92' lang='lat' dir='ltr'><strong>ausus</strong></span> <span class='ocrx_word' id='word_1_168' title='bbox 1716 2621 1972 2676; x_wconf 87' lang='lat' dir='ltr'><strong>invadere</strong></span> <span class='ocrx_word' id='word_1_169' title='bbox 1989 2661 2004 2686; x_wconf 91' lang='lat'><strong>,</strong></span> <span class='ocrx_word' id='word_1_170' title='bbox 2030 2637 2171 2675; x_wconf 84' lang='lat' dir='ltr'><strong>nun-</strong></span> 
     </span>
    </p>
   </div>
   <div class='ocr_carea' id='block_1_26' title="bbox 587 2709 2174 2778">
    <p class='ocr_par' dir='ltr' id='par_1_26' title="bbox 587 2709 2174 2778">
     <span class='ocr_line' id='line_1_26' title="bbox 587 2709 2174 2778; baseline 0 -14"><span class='ocrx_word' id='word_1_171' title='bbox 587 2724 751 2778; x_wconf 87' lang='lat' dir='ltr'><strong>quam</strong></span> <span class='ocrx_word' id='word_1_172' title='bbox 823 2710 876 2765; x_wconf 92' lang='lat' dir='ltr'><strong>in</strong></span> <span class='ocrx_word' id='word_1_173' title='bbox 903 2710 1282 2766; x_wconf 90' lang='lat' dir='ltr'><strong>communione</strong></span> <span class='ocrx_word' id='word_1_174' title='bbox 1309 2719 1490 2766; x_wconf 93' lang='lat' dir='ltr'><strong>nostra</strong></span> <span class='ocrx_word' id='word_1_175' title='bbox 1533 2709 1850 2773; x_wconf 87' lang='lat' dir='ltr'><strong>habebitur,</strong></span> <span class='ocrx_word' id='word_1_176' title='bbox 1893 2725 1993 2766; x_wconf 91' lang='lat' dir='ltr'><strong>nec</strong></span> <span class='ocrx_word' id='word_1_177' title='bbox 2033 2710 2174 2765; x_wconf 92' lang='lat' dir='ltr'><strong>inter</strong></span> 
     </span>
    </p>
   </div>
   <div class='ocr_carea' id='block_1_27' title="bbox 587 2801 2174 2876">
    <p class='ocr_par' dir='ltr' id='par_1_27' title="bbox 587 2801 2174 2876">
     <span class='ocr_line' id='line_1_27' title="bbox 587 2801 2174 2876; baseline -0.001 -16"><span class='ocrx_word' id='word_1_178' title='bbox 587 2804 870 2874; x_wconf 80' lang='lat' dir='ltr'><strong>episcopos</strong></span> <span class='ocrx_word' id='word_1_179' title='bbox 909 2805 1110 2876; x_wconf 89' lang='lat' dir='ltr'><strong>poterit</strong></span> <span class='ocrx_word' id='word_1_180' title='bbox 1149 2805 1444 2860; x_wconf 88' lang='lat' dir='ltr'><strong>numerari.</strong></span> <span class='ocrx_word' id='word_1_181' title='bbox 1473 2803 1584 2860; x_wconf 78' lang='lat' dir='ltr'><strong>Nos</strong></span> <span class='ocrx_word' id='word_1_182' title='bbox 1611 2804 1754 2860; x_wconf 90' lang='lat' dir='ltr'><strong>enim</strong></span> <span class='ocrx_word' id='word_1_183' title='bbox 1797 2804 1938 2859; x_wconf 88' lang='lat' dir='ltr'><strong>sicut</strong></span> <span class='ocrx_word' id='word_1_184' title='bbox 1979 2801 2174 2858; x_wconf 86' lang='lat' dir='ltr'><strong>Nesto-</strong></span> 
     </span>
    </p>
   </div>
   <div class='ocr_carea' id='block_1_28' title="bbox 585 2895 2169 2968">
    <p class='ocr_par' dir='ltr' id='par_1_28' title="bbox 585 2895 2169 2968">
     <span class='ocr_line' id='line_1_28' title="bbox 585 2895 2169 2968; baseline -0.002 -15"><span class='ocrx_word' id='word_1_185' title='bbox 585 2897 729 2953; x_wconf 88' lang='lat' dir='ltr'><strong>rium</strong></span> <span class='ocrx_word' id='word_1_186' title='bbox 779 2897 833 2952; x_wconf 91' lang='lat' dir='ltr'><strong>in</strong></span> <span class='ocrx_word' id='word_1_187' title='bbox 863 2912 962 2954; x_wconf 88' lang='lat' dir='ltr'><strong>sua</strong></span> <span class='ocrx_word' id='word_1_188' title='bbox 1010 2897 1365 2968; x_wconf 85' lang='lat' dir='ltr'><strong>perversitate</strong></span> <span class='ocrx_word' id='word_1_189' title='bbox 1431 2896 2050 2962; x_wconf 79' lang='lat' dir='ltr'><strong>anatlicmatizavimus,</strong></span> <span class='ocrx_word' id='word_1_190' title='bbox 2095 2895 2169 2950; x_wconf 89' lang='lat' dir='ltr'><strong>ita</strong></span> 
     </span>
    </p>
   </div>
   <div class='ocr_carea' id='block_1_29' title="bbox 585 2986 2168 3060">
    <p class='ocr_par' dir='ltr' id='par_1_29' title="bbox 585 2986 2168 3060">
     <span class='ocr_line' id='line_1_29' title="bbox 585 2986 2168 3060; baseline -0.001 -14"><span class='ocrx_word' id='word_1_191' title='bbox 585 3004 683 3048; x_wconf 86' lang='lat' dir='ltr'><strong>eos</strong></span> <span class='ocrx_word' id='word_1_192' title='bbox 729 2991 822 3060; x_wconf 90' lang='lat' dir='ltr'><strong>qui</strong></span> <span class='ocrx_word' id='word_1_193' title='bbox 861 2991 1147 3047; x_wconf 89' lang='lat' dir='ltr'><strong>veritatem</strong></span> <span class='ocrx_word' id='word_1_194' title='bbox 1199 2990 1383 3048; x_wconf 90' lang='lat' dir='ltr'><strong>carnis</strong></span> <span class='ocrx_word' id='word_1_195' title='bbox 1439 3001 1638 3047; x_wconf 70' lang='lat' dir='ltr'><strong>nostra:</strong></span> <span class='ocrx_word' id='word_1_196' title='bbox 1680 2990 1733 3045; x_wconf 91' lang='lat' dir='ltr'><strong>in</strong></span> <span class='ocrx_word' id='word_1_197' title='bbox 1773 2989 2002 3046; x_wconf 85' lang='lat' dir='ltr'><strong>Domino</strong></span> <span class='ocrx_word' id='word_1_198' title='bbox 2037 2986 2168 3044; x_wconf 78' lang='lat' dir='ltr'><strong>Jesu</strong></span> 
     </span>
    </p>
   </div>
   <div class='ocr_carea' id='block_1_30' title="bbox 585 3080 2164 3153">
    <p class='ocr_par' dir='ltr' id='par_1_30' title="bbox 585 3080 2164 3153">
     <span class='ocr_line' id='line_1_30' title="bbox 585 3080 2164 3153; baseline -0.003 -16"><span class='ocrx_word' id='word_1_199' title='bbox 585 3080 804 3137; x_wconf 78' lang='lat' dir='ltr'><strong>Christo</strong></span> <span class='ocrx_word' id='word_1_200' title='bbox 858 3080 1160 3153; x_wconf 87' lang='lat' dir='ltr'><strong>denegant,</strong></span> <span class='ocrx_word' id='word_1_201' title='bbox 1218 3081 1335 3152; x_wconf 89' lang='lat' dir='ltr'><strong>pari</strong></span> <span class='ocrx_word' id='word_1_202' title='bbox 1391 3083 1767 3138; x_wconf 82' lang='lat' dir='ltr'><strong>exsecratione</strong></span> <span class='ocrx_word' id='word_1_203' title='bbox 1824 3082 2164 3136; x_wconf 88' lang='lat' dir='ltr'><strong>damnamus.</strong></span> 
     </span>
    </p>
   </div>
   <div class='ocr_carea' id='block_1_31' title="bbox 585 3171 2164 3244">
    <p class='ocr_par' dir='ltr' id='par_1_31' title="bbox 585 3171 2164 3244">
     <span class='ocr_line' id='line_1_31' title="bbox 585 3171 2164 3244; baseline 0.001 -16"><span class='ocrx_word' id='word_1_204' title='bbox 585 3171 741 3228; x_wconf 87' lang='lat' dir='ltr'><strong>State</strong></span> <span class='ocrx_word' id='word_1_205' title='bbox 776 3172 940 3244; x_wconf 83' lang='lat' dir='ltr'><strong>igitur</strong></span> <span class='ocrx_word' id='word_1_206' title='bbox 969 3173 1020 3227; x_wconf 88' lang='lat' dir='ltr'><strong>in</strong></span> <span class='ocrx_word' id='word_1_207' title='bbox 1045 3173 1239 3243; x_wconf 90' lang='lat' dir='ltr'><strong>spiritu</strong></span> <span class='ocrx_word' id='word_1_208' title='bbox 1277 3173 1560 3228; x_wconf 76' lang='lat' dir='ltr'><strong>catholica:</strong></span> <span class='ocrx_word' id='word_1_209' title='bbox 1580 3173 1847 3240; x_wconf 84' lang='lat' dir='ltr'><strong>veritatis,</strong></span> <span class='ocrx_word' id='word_1_210' title='bbox 1873 3181 1926 3228; x_wconf 88' lang='lat' dir='ltr'><strong>et</strong></span> <span class='ocrx_word' id='word_1_211' title='bbox 1951 3181 2164 3244; x_wconf 86' lang='lat' dir='ltr'><strong>aposto-</strong></span> 
     </span>
    </p>
   </div>
   <div class='ocr_carea' id='block_1_32' title="bbox 583 3260 2170 3333">
    <p class='ocr_par' dir='ltr' id='par_1_32' title="bbox 583 3260 2170 3333">
     <span class='ocr_line' id='line_1_32' title="bbox 583 3260 2170 3333; baseline 0.001 -17"><span class='ocrx_word' id='word_1_212' title='bbox 583 3260 744 3319; x_wconf 91' lang='lat' dir='ltr'><strong>licam</strong></span> <span class='ocrx_word' id='word_1_213' title='bbox 768 3262 1200 3319; x_wconf 88' lang='lat' dir='ltr'><strong>eohortationem</strong></span> <span class='ocrx_word' id='word_1_214' title='bbox 1229 3263 1532 3319; x_wconf 90' lang='lat' dir='ltr'><strong>ministerio</strong></span> <span class='ocrx_word' id='word_1_215' title='bbox 1557 3264 1722 3318; x_wconf 89' lang='lat' dir='ltr'><strong>vestri</strong></span> <span class='ocrx_word' id='word_1_216' title='bbox 1754 3263 1866 3320; x_wconf 89' lang='lat' dir='ltr'><strong>oris</strong></span> <span class='ocrx_word' id='word_1_217' title='bbox 1899 3263 2129 3333; x_wconf 91' lang='lat' dir='ltr'><strong>accipite</strong></span> <span class='ocrx_word' id='word_1_218' title='bbox 2155 3303 2170 3328; x_wconf 93' lang='lat'><strong>,</strong></span> 
     </span>
    </p>
   </div>
   <div class='ocr_carea' id='block_1_33' title="bbox 589 3339 2174 3424">
    <p class='ocr_par' dir='ltr' id='par_1_33' title="bbox 589 3339 2174 3424">
     <span class='ocr_line' id='line_1_33' title="bbox 589 3339 2174 3424; baseline 0.004 -22"><span class='ocrx_word' id='word_1_219' title='bbox 589 3368 610 3402; x_wconf 79' lang='grc' dir='ltr'><strong>ι</strong></span> <span class='ocrx_word' id='word_1_220' title='bbox 633 3351 757 3421; x_wconf 89' lang='lat' dir='ltr'><strong>quia</strong></span> <span class='ocrx_word' id='word_1_221' title='bbox 781 3339 936 3408; x_wconf 81' lang='lat' dir='ltr'><strong>vobis</strong></span> <span class='ocrx_word' id='word_1_222' title='bbox 963 3352 1219 3409; x_wconf 87' lang='lat' dir='ltr'><strong>donatum</strong></span> <span class='ocrx_word' id='word_1_223' title='bbox 1250 3361 1333 3409; x_wconf 92' lang='lat' dir='ltr'><strong>est</strong></span> <span class='ocrx_word' id='word_1_224' title='bbox 1349 3393 1370 3419; x_wconf 84' lang='lat'><strong>,</strong></span> <span class='ocrx_word' id='word_1_225' title='bbox 1388 3369 1485 3424; x_wconf 92' lang='lat' dir='ltr'><strong>pro</strong></span> <span class='ocrx_word' id='word_1_226' title='bbox 1508 3353 1724 3410; x_wconf 90' lang='lat' dir='ltr'><strong>Christo</strong></span> <span class='ocrx_word' id='word_1_227' title='bbox 1755 3368 1859 3408; x_wconf 87' lang='lat' dir='ltr'><strong>non</strong></span> <span class='ocrx_word' id='word_1_228' title='bbox 1884 3351 2079 3420; x_wconf 91' lang='lat' dir='ltr'><strong>solum,</strong></span> <span class='ocrx_word' id='word_1_229' title='bbox 2109 3361 2174 3408; x_wconf 91' lang='lat' dir='ltr'><strong>ut</strong></span> 
     </span>
    </p>
   </div>
   <div class='ocr_carea' id='block_1_34' title="bbox 583 3431 2172 3516">
    <p class='ocr_par' dir='ltr' id='par_1_34' title="bbox 583 3431 2172 3516">
     <span class='ocr_line' id='line_1_34' title="bbox 583 3431 2172 3516; baseline 0.001 -19"><span class='ocrx_word' id='word_1_230' title='bbox 583 3441 638 3498; x_wconf 91' lang='lat' dir='ltr'><strong>in</strong></span> <span class='ocrx_word' id='word_1_231' title='bbox 679 3459 802 3498; x_wconf 90' lang='lat' dir='ltr'><strong>eum</strong></span> <span class='ocrx_word' id='word_1_232' title='bbox 849 3443 1120 3508; x_wconf 86' lang='lat' dir='ltr'><strong>credatis,</strong></span> <span class='ocrx_word' id='word_1_233' title='bbox 1151 3445 1244 3501; x_wconf 90' lang='lat' dir='ltr'><strong>sed</strong></span> <span class='ocrx_word' id='word_1_234' title='bbox 1291 3445 1453 3500; x_wconf 87' lang='lat' dir='ltr'><strong>etiam</strong></span> <span class='ocrx_word' id='word_1_235' title='bbox 1502 3455 1560 3500; x_wconf 91' lang='lat' dir='ltr'><strong>ut</strong></span> <span class='ocrx_word' id='word_1_236' title='bbox 1599 3460 1696 3516; x_wconf 91' lang='lat' dir='ltr'><strong>pro</strong></span> <span class='ocrx_word' id='word_1_237' title='bbox 1750 3431 1842 3500; x_wconf 84' lang='lat' dir='ltr'><strong>illo</strong></span> <span class='ocrx_word' id='word_1_238' title='bbox 1888 3443 2172 3516; x_wconf 88' lang='lat' dir='ltr'><strong>patiamini</strong></span> 
     </span>
    </p>
   </div>
   <div class='ocr_carea' id='block_1_35' title="bbox 586 3532 2172 3607">
    <p class='ocr_par' dir='ltr' id='par_1_35' title="bbox 586 3532 2172 3607">
     <span class='ocr_line' id='line_1_35' title="bbox 586 3532 2172 3607; baseline 0.003 -21"><span class='ocrx_word' id='word_1_239' title='bbox 586 3532 756 3603; x_wconf 83' lang='lat' dir='ltr'><strong>(Phil.</strong></span> <span class='ocrx_word' id='word_1_240' title='bbox 789 3550 828 3598; x_wconf 86' lang='lat' dir='ltr'><strong>r,</strong></span> <span class='ocrx_word' id='word_1_241' title='bbox 853 3533 966 3607; x_wconf 72' lang='lat'><strong>29).</strong></span> <span class='ocrx_word' id='word_1_242' title='bbox 1007 3555 1025 3588; x_wconf 78' lang='grc' dir='ltr'><strong>ι</strong></span> <span class='ocrx_word' id='word_1_243' title='bbox 1060 3534 1238 3591; x_wconf 84' lang='lat' dir='ltr'><strong>Nolite</strong></span> <span class='ocrx_word' id='word_1_244' title='bbox 1281 3535 1556 3602; x_wconf 90' lang='lat' dir='ltr'><strong>arbitrari,</strong></span> <span class='ocrx_word' id='word_1_245' title='bbox 1601 3535 1941 3592; x_wconf 88' lang='lat' dir='ltr'><strong>dilectissimi</strong></span> <span class='ocrx_word' id='word_1_246' title='bbox 1972 3577 1990 3603; x_wconf 90' lang='lat'><strong>,</strong></span> <span class='ocrx_word' id='word_1_247' title='bbox 2026 3535 2172 3605; x_wconf 89' lang='lat' dir='ltr'><strong>quod</strong></span> 
     </span>
    </p>
   </div>
   <div class='ocr_carea' id='block_1_36' title="bbox 588 3627 2172 3692">
    <p class='ocr_par' dir='ltr' id='par_1_36' title="bbox 588 3627 2172 3692">
     <span class='ocr_line' id='line_1_36' title="bbox 588 3627 2172 3692; baseline 0.001 -10"><span class='ocrx_word' id='word_1_248' title='bbox 588 3637 793 3682; x_wconf 74' lang='lat' dir='ltr'><strong>sancta:</strong></span> <span class='ocrx_word' id='word_1_249' title='bbox 825 3627 1080 3684; x_wconf 72' lang='lat' dir='ltr'><strong>Ecclesia:</strong></span> <span class='ocrx_word' id='word_1_250' title='bbox 1109 3644 1221 3685; x_wconf 68' lang='lat' dir='ltr'><strong>sum</strong></span> <span class='ocrx_word' id='word_1_251' title='bbox 1259 3628 1428 3692; x_wconf 87' lang='lat' dir='ltr'><strong>desit,</strong></span> <span class='ocrx_word' id='word_1_252' title='bbox 1471 3637 1564 3683; x_wconf 91' lang='lat' dir='ltr'><strong>aut</strong></span> <span class='ocrx_word' id='word_1_253' title='bbox 1602 3628 1852 3685; x_wconf 88' lang='lat' dir='ltr'><strong>defutura</strong></span> <span class='ocrx_word' id='word_1_254' title='bbox 1891 3629 1964 3684; x_wconf 93' lang='lat' dir='ltr'><strong>sit</strong></span> <span class='ocrx_word' id='word_1_255' title='bbox 1992 3628 2172 3684; x_wconf 86' lang='lat' dir='ltr'><strong>divina</strong></span> 
     </span>
    </p>
   </div>
   <div class='ocr_carea' id='block_1_37' title="bbox 582 3719 2170 3791">
    <p class='ocr_par' dir='ltr' id='par_1_37' title="bbox 582 3719 2170 3791">
     <span class='ocr_line' id='line_1_37' title="bbox 582 3719 2170 3791; baseline -0.001 -18"><span class='ocrx_word' id='word_1_256' title='bbox 582 3720 872 3789; x_wconf 89' lang='lat' dir='ltr'><strong>protectio.</strong></span> <span class='ocrx_word' id='word_1_257' title='bbox 897 3719 1238 3791; x_wconf 88' lang='lat' dir='ltr'><strong>Splendcseit</strong></span> <span class='ocrx_word' id='word_1_258' title='bbox 1263 3721 1407 3777; x_wconf 93' lang='lat' dir='ltr'><strong>enim</strong></span> <span class='ocrx_word' id='word_1_259' title='bbox 1437 3719 1560 3775; x_wconf 89' lang='lat' dir='ltr'><strong>fidei</strong></span> <span class='ocrx_word' id='word_1_260' title='bbox 1589 3719 1794 3791; x_wconf 89' lang='lat' dir='ltr'><strong>puritas</strong></span> <span class='ocrx_word' id='word_1_261' title='bbox 1817 3760 1832 3784; x_wconf 89' lang='lat'><strong>,</strong></span> <span class='ocrx_word' id='word_1_262' title='bbox 1867 3736 1986 3774; x_wconf 86' lang='lat' dir='ltr'><strong>eum</strong></span> <span class='ocrx_word' id='word_1_263' title='bbox 2013 3719 2081 3774; x_wconf 94' lang='lat' dir='ltr'><strong>ab</strong></span> <span class='ocrx_word' id='word_1_264' title='bbox 2107 3733 2170 3774; x_wconf 91' lang='lat' dir='ltr'><strong>ea</strong></span> 
     </span>
    </p>
   </div>
   <div class='ocr_carea' id='block_1_38' title="bbox 581 3811 2173 3882">
    <p class='ocr_par' dir='ltr' id='par_1_38' title="bbox 581 3811 2173 3882">
     <span class='ocr_line' id='line_1_38' title="bbox 581 3811 2173 3882; baseline 0.001 -17"><span class='ocrx_word' id='word_1_265' title='bbox 581 3811 775 3866; x_wconf 83' lang='lat' dir='ltr'><strong>sordes</strong></span> <span class='ocrx_word' id='word_1_266' title='bbox 805 3822 1129 3882; x_wconf 85' lang='lat' dir='ltr'><strong>separantur</strong></span> <span class='ocrx_word' id='word_1_267' title='bbox 1151 3827 1422 3869; x_wconf 89' lang='lat' dir='ltr'><strong>errorum.</strong></span> <span class='ocrx_word' id='word_1_268' title='bbox 1473 3812 1627 3869; x_wconf 85' lang='lat' dir='ltr'><strong>Unde</strong></span> <span class='ocrx_word' id='word_1_269' title='bbox 1649 3813 1844 3869; x_wconf 87' lang='lat' dir='ltr'><strong>iterum</strong></span> <span class='ocrx_word' id='word_1_270' title='bbox 1871 3812 2173 3881; x_wconf 90' lang='lat' dir='ltr'><strong>iterumque</strong></span> 
     </span>
    </p>
   </div>
   <div class='ocr_carea' id='block_1_39' title="bbox 583 3904 2173 3975">
    <p class='ocr_par' dir='ltr' id='par_1_39' title="bbox 583 3904 2173 3975">
     <span class='ocr_line' id='line_1_39' title="bbox 583 3904 2173 3975; baseline 0.001 -19"><span class='ocrx_word' id='word_1_271' title='bbox 583 3918 686 3959; x_wconf 64' lang='lat' dir='ltr'><strong>ves</strong></span> <span class='ocrx_word' id='word_1_272' title='bbox 726 3912 854 3958; x_wconf 91' lang='lat' dir='ltr'><strong>ante</strong></span> <span class='ocrx_word' id='word_1_273' title='bbox 881 3913 1228 3975; x_wconf 90' lang='lat' dir='ltr'><strong>conspectum</strong></span> <span class='ocrx_word' id='word_1_274' title='bbox 1270 3905 1483 3960; x_wconf 90' lang='lat' dir='ltr'><strong>Domini</strong></span> <span class='ocrx_word' id='word_1_275' title='bbox 1526 3905 1865 3960; x_wconf 81' lang='lat' dir='ltr'><strong>obtestamur</strong></span> <span class='ocrx_word' id='word_1_276' title='bbox 1887 3904 2092 3975; x_wconf 88' lang='lat' dir='ltr'><strong>pariter</strong></span> <span class='ocrx_word' id='word_1_277' title='bbox 2117 3912 2173 3959; x_wconf 90' lang='lat' dir='ltr'><strong>et</strong></span> 
     </span>
    </p>
   </div>
   <div class='ocr_carea' id='block_1_40' title="bbox 592 3993 2170 4065">
    <p class='ocr_par' dir='ltr' id='par_1_40' title="bbox 592 3993 2170 4065">
     <span class='ocr_line' id='line_1_40' title="bbox 592 3993 2170 4065; baseline 0.001 -18"><span class='ocrx_word' id='word_1_278' title='bbox 592 4008 903 4057; x_wconf 86' lang='lat' dir='ltr'><strong>monemus,</strong></span> <span class='ocrx_word' id='word_1_279' title='bbox 946 4001 1006 4048; x_wconf 90' lang='lat' dir='ltr'><strong>ut</strong></span> <span class='ocrx_word' id='word_1_280' title='bbox 1051 4009 1082 4048; x_wconf 87' lang='lat' dir='ltr'><strong>a</strong></span> <span class='ocrx_word' id='word_1_281' title='bbox 1135 3993 1240 4050; x_wconf 91' lang='lat' dir='ltr'><strong>fide</strong></span> <span class='ocrx_word' id='word_1_282' title='bbox 1259 3994 1313 4049; x_wconf 91' lang='lat' dir='ltr'><strong>in</strong></span> <span class='ocrx_word' id='word_1_283' title='bbox 1348 4009 1450 4065; x_wconf 88' lang='lat' dir='ltr'><strong>qua</strong></span> <span class='ocrx_word' id='word_1_284' title='bbox 1475 3994 1680 4049; x_wconf 89' lang='lat' dir='ltr'><strong>fundati</strong></span> <span class='ocrx_word' id='word_1_285' title='bbox 1707 3994 1870 4060; x_wconf 92' lang='lat' dir='ltr'><strong>estis,</strong></span> <span class='ocrx_word' id='word_1_286' title='bbox 1899 4003 1952 4049; x_wconf 90' lang='lat' dir='ltr'><strong>et</strong></span> <span class='ocrx_word' id='word_1_287' title='bbox 1981 3994 2033 4048; x_wconf 94' lang='lat' dir='ltr'><strong>in</strong></span> <span class='ocrx_word' id='word_1_288' title='bbox 2065 4008 2170 4064; x_wconf 89' lang='lat' dir='ltr'><strong>qua</strong></span> 
     </span>
    </p>
   </div>
   <div class='ocr_carea' id='block_1_41' title="bbox 590 4082 2167 4154">
    <p class='ocr_par' dir='ltr' id='par_1_41' title="bbox 590 4082 2167 4154">
     <span class='ocr_line' id='line_1_41' title="bbox 590 4082 2167 4154; baseline 0.001 -16"><span class='ocrx_word' id='word_1_289' title='bbox 590 4082 1118 4138; x_wconf 83' lang='lat' dir='ltr'><strong>Christianissimum</strong></span> <span class='ocrx_word' id='word_1_290' title='bbox 1163 4084 1462 4154; x_wconf 84' lang='lat' dir='ltr'><strong>principem</strong></span> <span class='ocrx_word' id='word_1_291' title='bbox 1513 4083 1759 4139; x_wconf 88' lang='lat' dir='ltr'><strong>novimus</strong></span> <span class='ocrx_word' id='word_1_292' title='bbox 1811 4097 2167 4154; x_wconf 88' lang='lat' dir='ltr'><strong>permanere,</strong></span> 
     </span>
    </p>
   </div>
   <div class='ocr_carea' id='block_1_42' title="bbox 584 4172 2167 4246">
    <p class='ocr_par' dir='ltr' id='par_1_42' title="bbox 584 4172 2167 4246">
     <span class='ocr_line' id='line_1_42' title="bbox 584 4172 2167 4246; baseline 0.001 -19"><span class='ocrx_word' id='word_1_293' title='bbox 584 4189 695 4229; x_wconf 80' lang='lat' dir='ltr'><strong>non</strong></span> <span class='ocrx_word' id='word_1_294' title='bbox 726 4173 956 4236; x_wconf 88' lang='lat' dir='ltr'><strong>insidiis,</strong></span> <span class='ocrx_word' id='word_1_295' title='bbox 993 4187 1100 4228; x_wconf 89' lang='lat' dir='ltr'><strong>non</strong></span> <span class='ocrx_word' id='word_1_296' title='bbox 1128 4172 1446 4246; x_wconf 89' lang='lat' dir='ltr'><strong>cujusquam</strong></span> <span class='ocrx_word' id='word_1_297' title='bbox 1469 4174 1915 4245; x_wconf 74' lang='lat' dir='ltr'><strong>persuasionibus</strong></span> <span class='ocrx_word' id='word_1_298' title='bbox 1945 4188 2167 4230; x_wconf 88' lang='lat' dir='ltr'><strong>movea-</strong></span> 
     </span>
    </p>
   </div>
   <div class='ocr_carea' id='block_1_43' title="bbox 579 4262 2166 4335">
    <p class='ocr_par' dir='ltr' id='par_1_43' title="bbox 579 4262 2166 4335">
     <span class='ocr_line' id='line_1_43' title="bbox 579 4262 2166 4335; baseline 0 -17"><span class='ocrx_word' id='word_1_299' title='bbox 579 4262 755 4328; x_wconf 85' lang='lat' dir='ltr'><strong>mini,</strong></span> <span class='ocrx_word' id='word_1_300' title='bbox 803 4263 895 4318; x_wconf 91' lang='lat' dir='ltr'><strong>sed</strong></span> <span class='ocrx_word' id='word_1_301' title='bbox 946 4263 1000 4318; x_wconf 90' lang='lat' dir='ltr'><strong>in</strong></span> <span class='ocrx_word' id='word_1_302' title='bbox 1040 4279 1326 4334; x_wconf 86' lang='lat' dir='ltr'><strong>personam</strong></span> <span class='ocrx_word' id='word_1_303' title='bbox 1374 4264 1614 4335; x_wconf 91' lang='lat' dir='ltr'><strong>episcopi</strong></span> <span class='ocrx_word' id='word_1_304' title='bbox 1664 4264 1830 4321; x_wconf 83' lang='lat' dir='ltr'><strong>vestri</strong></span> <span class='ocrx_word' id='word_1_305' title='bbox 1910 4263 2060 4318; x_wconf 92' lang='lat' dir='ltr'><strong>illum</strong></span> <span class='ocrx_word' id='word_1_306' title='bbox 2113 4263 2166 4318; x_wconf 90' lang='lat' dir='ltr'><strong>in</strong></span> 
     </span>
    </p>
   </div>
   <div class='ocr_carea' id='block_1_44' title="bbox 580 4354 2166 4428">
    <p class='ocr_par' dir='ltr' id='par_1_44' title="bbox 580 4354 2166 4428">
     <span class='ocr_line' id='line_1_44' title="bbox 580 4354 2166 4428; baseline 0.001 -19"><span class='ocrx_word' id='word_1_307' title='bbox 580 4354 762 4409; x_wconf 92' lang='lat' dir='ltr'><strong>cordis</strong></span> <span class='ocrx_word' id='word_1_308' title='bbox 801 4354 972 4410; x_wconf 90' lang='lat' dir='ltr'><strong>oculis</strong></span> <span class='ocrx_word' id='word_1_309' title='bbox 1010 4355 1252 4412; x_wconf 84' lang='lat' dir='ltr'><strong>habeatis</strong></span> <span class='ocrx_word' id='word_1_310' title='bbox 1278 4399 1293 4421; x_wconf 87' lang='lat'><strong>.</strong></span> <span class='ocrx_word' id='word_1_311' title='bbox 1334 4372 1433 4428; x_wconf 91' lang='lat' dir='ltr'><strong>pro</strong></span> <span class='ocrx_word' id='word_1_312' title='bbox 1483 4372 1589 4426; x_wconf 90' lang='lat' dir='ltr'><strong>quo</strong></span> <span class='ocrx_word' id='word_1_313' title='bbox 1635 4356 1776 4413; x_wconf 91' lang='lat' dir='ltr'><strong>idem</strong></span> <span class='ocrx_word' id='word_1_314' title='bbox 1826 4357 2008 4412; x_wconf 88' lang='lat' dir='ltr'><strong>omnia</strong></span> <span class='ocrx_word' id='word_1_315' title='bbox 2052 4356 2166 4427; x_wconf 84' lang='lat' dir='ltr'><strong>pali</strong></span> 
     </span>
    </p>
   </div>
   <div class='ocr_carea' id='block_1_45' title="bbox 577 4442 2166 4518">
    <p class='ocr_par' dir='ltr' id='par_1_45' title="bbox 577 4442 2166 4518">
     <span class='ocr_line' id='line_1_45' title="bbox 577 4442 2166 4518; baseline 0.003 -21"><span class='ocrx_word' id='word_1_316' title='bbox 577 4458 701 4512; x_wconf 69' lang='lat' dir='ltr'><strong>qua:</strong></span> <span class='ocrx_word' id='word_1_317' title='bbox 745 4442 948 4499; x_wconf 90' lang='lat' dir='ltr'><strong>fuerint</strong></span> <span class='ocrx_word' id='word_1_318' title='bbox 997 4444 1178 4511; x_wconf 88' lang='lat' dir='ltr'><strong>illata,</strong></span> <span class='ocrx_word' id='word_1_319' title='bbox 1227 4463 1334 4502; x_wconf 86' lang='lat' dir='ltr'><strong>non</strong></span> <span class='ocrx_word' id='word_1_320' title='bbox 1380 4448 1607 4512; x_wconf 82' lang='lat' dir='ltr'><strong>metuit;</strong></span> <span class='ocrx_word' id='word_1_321' title='bbox 1656 4445 1811 4516; x_wconf 88' lang='lat' dir='ltr'><strong>cujus</strong></span> <span class='ocrx_word' id='word_1_322' title='bbox 1857 4462 1956 4518; x_wconf 91' lang='lat' dir='ltr'><strong>per</strong></span> <span class='ocrx_word' id='word_1_323' title='bbox 1982 4447 2166 4503; x_wconf 89' lang='lat' dir='ltr'><strong>omnia</strong></span> 
     </span>
    </p>
   </div>
   <div class='ocr_carea' id='block_1_46' title="bbox 1435 391 2201 454">
    <p class='ocr_par' dir='ltr' id='par_1_46' title="bbox 1435 391 2201 454">
     <span class='ocr_line' id='line_1_46' title="bbox 1435 391 2201 454; baseline -0.009 -1"><span class='ocrx_word' id='word_1_324' title='bbox 1435 397 1722 454; x_wconf 76' lang='lat' dir='ltr'><strong>APPEND.</strong></span> <span class='ocrx_word' id='word_1_325' title='bbox 1767 394 1858 450; x_wconf 74' lang='lat' dir='ltr'><strong>AD</strong></span> <span class='ocrx_word' id='word_1_326' title='bbox 1899 392 2073 448; x_wconf 73' lang='lat' dir='ltr'><strong>SAZC.</strong></span> <span class='ocrx_word' id='word_1_327' title='bbox 2111 391 2201 447; x_wconf 89' lang='lat' dir='ltr'><strong>IX.</strong></span> 
     </span>
    </p>
   </div>
   <div class='ocr_carea' id='block_1_47' title="bbox 2240 392 3792 474">
    <p class='ocr_par' dir='ltr' id='par_1_47' title="bbox 2240 392 3792 474">
     <span class='ocr_line' id='line_1_47' title="bbox 2240 392 3792 474; baseline 0.019 -28"><span class='ocrx_word' id='word_1_328' title='bbox 2240 420 2306 436; x_wconf 74' lang='grc' dir='ltr'><strong>ο-</strong></span> <span class='ocrx_word' id='word_1_329' title='bbox 2345 392 2593 452; x_wconf 78' lang='lat' dir='ltr'><strong>lSlDORI</strong></span> <span class='ocrx_word' id='word_1_330' title='bbox 2632 398 3072 461; x_wconf 77' lang='lat' dir='ltr'><strong>MERCATORIS</strong></span> <span class='ocrx_word' id='word_1_331' title='bbox 3719 418 3792 474; x_wconf 73' lang='lat'><strong>908</strong></span> 
     </span>
    </p>
   </div>
   <div class='ocr_carea' id='block_1_48' title="bbox 2216 510 3792 588">
    <p class='ocr_par' dir='ltr' id='par_1_48' title="bbox 2216 510 3792 588">
     <span class='ocr_line' id='line_1_48' title="bbox 2216 510 3792 588; baseline 0.013 -26"><span class='ocrx_word' id='word_1_332' title='bbox 2216 510 2258 570; x_wconf 74' lang='grc' dir='ltr'>Α</span> <span class='ocrx_word' id='word_1_333' title='bbox 2293 525 2320 563; x_wconf 91' lang='lat' dir='ltr'><strong>a</strong></span> <span class='ocrx_word' id='word_1_334' title='bbox 2351 517 2504 565; x_wconf 90' lang='lat' dir='ltr'><strong>tanto</strong></span> <span class='ocrx_word' id='word_1_335' title='bbox 2525 510 2730 566; x_wconf 87' lang='lat' dir='ltr'><strong>scelere</strong></span> <span class='ocrx_word' id='word_1_336' title='bbox 2761 513 2996 584; x_wconf 90' lang='lat' dir='ltr'><strong>indignis</strong></span> <span class='ocrx_word' id='word_1_337' title='bbox 3020 513 3232 584; x_wconf 89' lang='lat' dir='ltr'><strong>injuriis</strong></span> <span class='ocrx_word' id='word_1_338' title='bbox 3254 515 3574 588; x_wconf 85' lang='lat' dir='ltr'><strong>subjaceres,</strong></span> <span class='ocrx_word' id='word_1_339' title='bbox 3602 531 3649 577; x_wconf 88' lang='lat' dir='ltr'><strong>et</strong></span> <span class='ocrx_word' id='word_1_340' title='bbox 3671 522 3792 582; x_wconf 84' lang='lat' dir='ltr'><strong>furori</strong></span> 
     </span>
    </p>
   </div>
   <div class='ocr_carea' id='block_1_49' title="bbox 2286 599 3792 678">
    <p class='ocr_par' dir='ltr' id='par_1_49' title="bbox 2286 599 3792 678">
     <span class='ocr_line' id='line_1_49' title="bbox 2286 599 3792 678; baseline 0.011 -27"><span class='ocrx_word' id='word_1_341' title='bbox 2286 599 2454 668; x_wconf 90' lang='lat' dir='ltr'><strong>impio</strong></span> <span class='ocrx_word' id='word_1_342' title='bbox 2491 599 2754 657; x_wconf 88' lang='lat' dir='ltr'><strong>militibus</strong></span> <span class='ocrx_word' id='word_1_343' title='bbox 2793 613 3053 671; x_wconf 89' lang='lat' dir='ltr'><strong>quantum</strong></span> <span class='ocrx_word' id='word_1_344' title='bbox 3101 603 3388 661; x_wconf 89' lang='lat' dir='ltr'><strong>didicimus</strong></span> <span class='ocrx_word' id='word_1_345' title='bbox 3433 608 3682 678; x_wconf 90' lang='lat' dir='ltr'><strong>armisque</strong></span> <span class='ocrx_word' id='word_1_346' title='bbox 3714 614 3792 668; x_wconf 87' lang='lat' dir='ltr'><strong>suf-</strong></span> 
     </span>
    </p>
   </div>
   <div class='ocr_carea' id='block_1_50' title="bbox 2281 689 3798 770">
    <p class='ocr_par' dir='ltr' id='par_1_50' title="bbox 2281 689 3798 770">
     <span class='ocr_line' id='line_1_50' title="bbox 2281 689 3798 770; baseline 0.009 -26"><span class='ocrx_word' id='word_1_347' title='bbox 2281 689 2416 746; x_wconf 90' lang='lat' dir='ltr'><strong>fulto</strong></span> <span class='ocrx_word' id='word_1_348' title='bbox 2457 691 2735 747; x_wconf 87' lang='lat' dir='ltr'><strong>contraire</strong></span> <span class='ocrx_word' id='word_1_349' title='bbox 2780 707 2888 748; x_wconf 90' lang='lat' dir='ltr'><strong>non</strong></span> <span class='ocrx_word' id='word_1_350' title='bbox 2925 708 3133 762; x_wconf 88' lang='lat' dir='ltr'><strong>posses.</strong></span> <span class='ocrx_word' id='word_1_351' title='bbox 3187 693 3322 762; x_wconf 86' lang='lat' dir='ltr'><strong>Quia</strong></span> <span class='ocrx_word' id='word_1_352' title='bbox 3365 711 3492 767; x_wconf 85' lang='lat' dir='ltr'><strong>ergo</strong></span> <span class='ocrx_word' id='word_1_353' title='bbox 3516 702 3727 770; x_wconf 88' lang='lat' dir='ltr'><strong>prorupit</strong></span> <span class='ocrx_word' id='word_1_354' title='bbox 3759 705 3798 758; x_wconf 82' lang='lat' dir='ltr'><strong>in</strong></span> 
     </span>
    </p>
   </div>
   <div class='ocr_carea' id='block_1_51' title="bbox 2281 785 3796 854">
    <p class='ocr_par' dir='ltr' id='par_1_51' title="bbox 2281 785 3796 854">
     <span class='ocr_line' id='line_1_51' title="bbox 2281 785 3796 854; baseline 0.008 -18"><span class='ocrx_word' id='word_1_355' title='bbox 2281 791 2464 852; x_wconf 90' lang='lat' dir='ltr'><strong>aptum</strong></span> <span class='ocrx_word' id='word_1_356' title='bbox 2510 785 2742 854; x_wconf 84' lang='lat' dir='ltr'><strong>perfidia</strong></span> <span class='ocrx_word' id='word_1_357' title='bbox 2792 799 2914 854; x_wconf 69' lang='lat' dir='ltr'><strong>qum</strong></span> <span class='ocrx_word' id='word_1_358' title='bbox 2954 785 3286 852; x_wconf 83' lang='lat' dir='ltr'><strong>latebat,et</strong></span> <span class='ocrx_word' id='word_1_359' title='bbox 3331 787 3382 841; x_wconf 92' lang='lat' dir='ltr'><strong>in</strong></span> <span class='ocrx_word' id='word_1_360' title='bbox 3425 787 3796 848; x_wconf 80' lang='lat' dir='ltr'><strong>nefandissimam</strong></span> 
     </span>
    </p>
   </div>
   <div class='ocr_carea' id='block_1_52' title="bbox 2283 872 3798 944">
    <p class='ocr_par' dir='ltr' id='par_1_52' title="bbox 2283 872 3798 944">
     <span class='ocr_line' id='line_1_52' title="bbox 2283 872 3798 944; baseline 0.009 -18"><span class='ocrx_word' id='word_1_361' title='bbox 2283 872 2533 928; x_wconf 85' lang='lat' dir='ltr'><strong>luercsim</strong></span> <span class='ocrx_word' id='word_1_362' title='bbox 2570 875 2731 929; x_wconf 91' lang='lat' dir='ltr'><strong>unius</strong></span> <span class='ocrx_word' id='word_1_363' title='bbox 2762 874 3156 944; x_wconf 86' lang='lat' dir='ltr'><strong>imperitissimi</strong></span> <span class='ocrx_word' id='word_1_364' title='bbox 3199 877 3346 934; x_wconf 87' lang='lat' dir='ltr'><strong>senis</strong></span> <span class='ocrx_word' id='word_1_365' title='bbox 3385 879 3594 935; x_wconf 75' lang='lat' dir='ltr'><strong>asseclze</strong></span> <span class='ocrx_word' id='word_1_366' title='bbox 3627 886 3798 940; x_wconf 79' lang='lat' dir='ltr'><strong>transie-</strong></span> 
     </span>
    </p>
   </div>
   <div class='ocr_carea' id='block_1_53' title="bbox 2284 964 3796 1042">
    <p class='ocr_par' dir='ltr' id='par_1_53' title="bbox 2284 964 3796 1042">
     <span class='ocr_line' id='line_1_53' title="bbox 2284 964 3796 1042; baseline 0.01 -27"><span class='ocrx_word' id='word_1_367' title='bbox 2284 971 2426 1027; x_wconf 87' lang='lat' dir='ltr'><strong>runt,</strong></span> <span class='ocrx_word' id='word_1_368' title='bbox 2453 971 2664 1034; x_wconf 88' lang='lat' dir='ltr'><strong>tempus</strong></span> <span class='ocrx_word' id='word_1_369' title='bbox 2697 964 3033 1035; x_wconf 90' lang='lat' dir='ltr'><strong>probationis</strong></span> <span class='ocrx_word' id='word_1_370' title='bbox 3055 975 3255 1024; x_wconf 76' lang='lat' dir='ltr'><strong>nostra:</strong></span> <span class='ocrx_word' id='word_1_371' title='bbox 3277 968 3530 1025; x_wconf 91' lang='lat' dir='ltr'><strong>debemus</strong></span> <span class='ocrx_word' id='word_1_372' title='bbox 3554 988 3796 1042; x_wconf 84' lang='lat' dir='ltr'><strong>agnoscere,</strong></span> 
     </span>
    </p>
   </div>
   <div class='ocr_carea' id='block_1_54' title="bbox 2281 1056 3798 1127">
    <p class='ocr_par' dir='ltr' id='par_1_54' title="bbox 2281 1056 3798 1127">
     <span class='ocr_line' id='line_1_54' title="bbox 2281 1056 3798 1127; baseline 0.009 -19"><span class='ocrx_word' id='word_1_373' title='bbox 2281 1061 2339 1108; x_wconf 90' lang='lat' dir='ltr'><strong>et</strong></span> <span class='ocrx_word' id='word_1_374' title='bbox 2371 1065 2562 1110; x_wconf 89' lang='lat' dir='ltr'><strong>contra</strong></span> <span class='ocrx_word' id='word_1_375' title='bbox 2603 1056 2834 1127; x_wconf 90' lang='lat' dir='ltr'><strong>impetus</strong></span> <span class='ocrx_word' id='word_1_376' title='bbox 2863 1059 3264 1114; x_wconf 88' lang='lat' dir='ltr'><strong>adversantium</strong></span> <span class='ocrx_word' id='word_1_377' title='bbox 3294 1062 3664 1120; x_wconf 86' lang='lat' dir='ltr'><strong>munitionibus</strong></span> <span class='ocrx_word' id='word_1_378' title='bbox 3686 1067 3798 1122; x_wconf 67' lang='lat' dir='ltr'><strong>cele-</strong></span> 
     </span>
    </p>
   </div>
   <div class='ocr_carea' id='block_1_55' title="bbox 2281 1146 3799 1226">
    <p class='ocr_par' dir='ltr' id='par_1_55' title="bbox 2281 1146 3799 1226">
     <span class='ocr_line' id='line_1_55' title="bbox 2281 1146 3799 1226; baseline 0.008 -26"><span class='ocrx_word' id='word_1_379' title='bbox 2281 1146 2453 1201; x_wconf 84' lang='lat' dir='ltr'><strong>stibus</strong></span> <span class='ocrx_word' id='word_1_380' title='bbox 2472 1147 2592 1202; x_wconf 89' lang='lat' dir='ltr'><strong>freti</strong></span> <span class='ocrx_word' id='word_1_381' title='bbox 2619 1147 3129 1208; x_wconf 89' lang='lat' dir='ltr'><strong>iucommutabiliter</strong></span> <span class='ocrx_word' id='word_1_382' title='bbox 3149 1151 3342 1209; x_wconf 91' lang='lat' dir='ltr'><strong>animis</strong></span> <span class='ocrx_word' id='word_1_383' title='bbox 3360 1157 3688 1210; x_wconf 85' lang='lat' dir='ltr'><strong>constantiam</strong></span> <span class='ocrx_word' id='word_1_384' title='bbox 3706 1173 3799 1226; x_wconf 48' lang='lat' dir='ltr'><strong>pra.</strong></span> 
     </span>
    </p>
   </div>
   <div class='ocr_carea' id='block_1_56' title="bbox 2281 1235 3805 1312">
    <p class='ocr_par' dir='ltr' id='par_1_56' title="bbox 2281 1235 3805 1312">
     <span class='ocr_line' id='line_1_56' title="bbox 2281 1235 3805 1312; baseline 0.009 -24"><span class='ocrx_word' id='word_1_385' title='bbox 2281 1250 2496 1305; x_wconf 89' lang='lat' dir='ltr'><strong>parare.</strong></span> <span class='ocrx_word' id='word_1_386' title='bbox 2522 1235 2757 1304; x_wconf 88' lang='lat' dir='ltr'><strong>Scimus,</strong></span> <span class='ocrx_word' id='word_1_387' title='bbox 2786 1236 2955 1293; x_wconf 87' lang='lat' dir='ltr'><strong>frater</strong></span> <span class='ocrx_word' id='word_1_388' title='bbox 2984 1239 3308 1298; x_wconf 89' lang='lat' dir='ltr'><strong>charissime</strong></span> <span class='ocrx_word' id='word_1_389' title='bbox 3333 1284 3346 1307; x_wconf 92' lang='lat'><strong>,</strong></span> <span class='ocrx_word' id='word_1_390' title='bbox 3374 1243 3500 1312; x_wconf 90' lang='lat' dir='ltr'><strong>quia</strong></span> <span class='ocrx_word' id='word_1_391' title='bbox 3531 1259 3805 1302; x_wconf 85' lang='lat' dir='ltr'><strong>sacramento</strong></span> 
     </span>
    </p>
   </div>
   <div class='ocr_carea' id='block_1_57' title="bbox 2283 1327 3797 1406">
    <p class='ocr_par' dir='ltr' id='par_1_57' title="bbox 2283 1327 3797 1406">
     <span class='ocr_line' id='line_1_57' title="bbox 2283 1327 3797 1406; baseline 0.007 -27"><span class='ocrx_word' id='word_1_392' title='bbox 2283 1341 2492 1398; x_wconf 61' lang='lat' dir='ltr'><strong>magna;</strong></span> <span class='ocrx_word' id='word_1_393' title='bbox 2520 1327 2739 1398; x_wconf 89' lang='lat' dir='ltr'><strong>pietatis</strong></span> <span class='ocrx_word' id='word_1_394' title='bbox 2766 1344 2879 1384; x_wconf 73' lang='lat' dir='ltr'><strong>sua:</strong></span> <span class='ocrx_word' id='word_1_395' title='bbox 2913 1329 3090 1385; x_wconf 90' lang='lat' dir='ltr'><strong>aderit</strong></span> <span class='ocrx_word' id='word_1_396' title='bbox 3113 1331 3293 1394; x_wconf 83' lang='lat' dir='ltr'><strong>divina</strong></span> <span class='ocrx_word' id='word_1_397' title='bbox 3318 1336 3598 1404; x_wconf 88' lang='lat' dir='ltr'><strong>protectio.</strong></span> <span class='ocrx_word' id='word_1_398' title='bbox 3623 1335 3670 1391; x_wconf 88' lang='lat' dir='ltr'><strong>Si</strong></span> <span class='ocrx_word' id='word_1_399' title='bbox 3709 1341 3797 1406; x_wconf 77' lang='lat' dir='ltr'><strong>quid</strong></span> 
     </span>
    </p>
   </div>
   <div class='ocr_carea' id='block_1_58' title="bbox 2281 1416 3800 1493">
    <p class='ocr_par' dir='ltr' id='par_1_58' title="bbox 2281 1416 3800 1493">
     <span class='ocr_line' id='line_1_58' title="bbox 2281 1416 3800 1493; baseline 0.007 -22"><span class='ocrx_word' id='word_1_400' title='bbox 2281 1416 2449 1488; x_wconf 83' lang='lat' dir='ltr'><strong>igitur</strong></span> <span class='ocrx_word' id='word_1_401' title='bbox 2497 1417 2828 1474; x_wconf 87' lang='lat' dir='ltr'><strong>fraternitati</strong></span> <span class='ocrx_word' id='word_1_402' title='bbox 2885 1427 2988 1475; x_wconf 76' lang='lat' dir='ltr'><strong>tum</strong></span> <span class='ocrx_word' id='word_1_403' title='bbox 3035 1421 3100 1477; x_wconf 92' lang='lat' dir='ltr'><strong>de</strong></span> <span class='ocrx_word' id='word_1_404' title='bbox 3155 1423 3337 1493; x_wconf 89' lang='lat' dir='ltr'><strong>impiis</strong></span> <span class='ocrx_word' id='word_1_405' title='bbox 3391 1425 3800 1482; x_wconf 86' lang='lat' dir='ltr'><strong>constitutionibus</strong></span> 
     </span>
    </p>
   </div>
   <div class='ocr_carea' id='block_1_59' title="bbox 2280 1509 3796 1586">
    <p class='ocr_par' dir='ltr' id='par_1_59' title="bbox 2280 1509 3796 1586">
     <span class='ocr_line' id='line_1_59' title="bbox 2280 1509 3796 1586; baseline 0.007 -23"><span class='ocrx_word' id='word_1_406' title='bbox 2280 1509 2444 1566; x_wconf 91' lang='lat' dir='ltr'><strong>fuerit</strong></span> <span class='ocrx_word' id='word_1_407' title='bbox 2473 1511 2775 1582; x_wconf 89' lang='lat' dir='ltr'><strong>ingestum,</strong></span> <span class='ocrx_word' id='word_1_408' title='bbox 2807 1523 3173 1585; x_wconf 89' lang='lat' dir='ltr'><strong>protestamur</strong></span> <span class='ocrx_word' id='word_1_409' title='bbox 3199 1517 3406 1586; x_wconf 85' lang='lat' dir='ltr'><strong>pariter</strong></span> <span class='ocrx_word' id='word_1_410' title='bbox 3447 1533 3513 1574; x_wconf 93' lang='lat' dir='ltr'><strong>ac</strong></span> <span class='ocrx_word' id='word_1_411' title='bbox 3553 1533 3796 1584; x_wconf 84' lang='lat' dir='ltr'><strong>monemus,</strong></span> 
     </span>
    </p>
   </div>
   <div class='ocr_carea' id='block_1_60' title="bbox 2280 1602 3797 1676">
    <p class='ocr_par' dir='ltr' id='par_1_60' title="bbox 2280 1602 3797 1676">
     <span class='ocr_line' id='line_1_60' title="bbox 2280 1602 3797 1676; baseline 0.006 -19"><span class='ocrx_word' id='word_1_412' title='bbox 2280 1618 2348 1659; x_wconf 88' lang='lat' dir='ltr'><strong>ne.</strong></span> <span class='ocrx_word' id='word_1_413' title='bbox 2400 1602 2485 1660; x_wconf 85' lang='lat' dir='ltr'><strong>vel</strong></span> <span class='ocrx_word' id='word_1_414' title='bbox 2527 1605 2579 1659; x_wconf 92' lang='lat' dir='ltr'><strong>in</strong></span> <span class='ocrx_word' id='word_1_415' title='bbox 2601 1606 2948 1663; x_wconf 86' lang='lat' dir='ltr'><strong>damnatione</strong></span> <span class='ocrx_word' id='word_1_416' title='bbox 2988 1607 3175 1664; x_wconf 90' lang='lat' dir='ltr'><strong>fratris</strong></span> <span class='ocrx_word' id='word_1_417' title='bbox 3222 1609 3475 1676; x_wconf 89' lang='lat' dir='ltr'><strong>insontis,</strong></span> <span class='ocrx_word' id='word_1_418' title='bbox 3515 1609 3596 1665; x_wconf 90' lang='lat' dir='ltr'><strong>vel</strong></span> <span class='ocrx_word' id='word_1_419' title='bbox 3630 1612 3674 1666; x_wconf 91' lang='lat' dir='ltr'><strong>in</strong></span> <span class='ocrx_word' id='word_1_420' title='bbox 3696 1628 3797 1667; x_wconf 78' lang='lat' dir='ltr'><strong>rere-</strong></span> 
     </span>
    </p>
   </div>
   <div class='ocr_carea' id='block_1_61' title="bbox 2277 1696 3798 1769">
    <p class='ocr_par' dir='ltr' id='par_1_61' title="bbox 2277 1696 3798 1769">
     <span class='ocr_line' id='line_1_61' title="bbox 2277 1696 3798 1769; baseline 0.006 -20"><span class='ocrx_word' id='word_1_421' title='bbox 2277 1696 2458 1767; x_wconf 90' lang='lat' dir='ltr'><strong>ptione</strong></span> <span class='ocrx_word' id='word_1_422' title='bbox 2484 1696 2677 1752; x_wconf 87' lang='lat' dir='ltr'><strong>nefarii</strong></span> <span class='ocrx_word' id='word_1_423' title='bbox 2707 1698 2973 1769; x_wconf 84' lang='lat' dir='ltr'><strong>dogmatis</strong></span> <span class='ocrx_word' id='word_1_424' title='bbox 3001 1715 3323 1755; x_wconf 87' lang='lat' dir='ltr'><strong>consensum</strong></span> <span class='ocrx_word' id='word_1_425' title='bbox 3353 1701 3432 1756; x_wconf 90' lang='lat' dir='ltr'><strong>tui</strong></span> <span class='ocrx_word' id='word_1_426' title='bbox 3453 1701 3624 1758; x_wconf 87' lang='lat' dir='ltr'><strong>cordis</strong></span> <span class='ocrx_word' id='word_1_427' title='bbox 3645 1702 3798 1758; x_wconf 80' lang='lat' dir='ltr'><strong>immis-</strong></span> 
     </span>
    </p>
   </div>
   <div class='ocr_carea' id='block_1_62' title="bbox 2277 1790 3797 1866">
    <p class='ocr_par' dir='ltr' id='par_1_62' title="bbox 2277 1790 3797 1866">
     <span class='ocr_line' id='line_1_62' title="bbox 2277 1790 3797 1866; baseline 0.001 -21"><span class='ocrx_word' id='word_1_428' title='bbox 2277 1805 2425 1846; x_wconf 88' lang='lat' dir='ltr'><strong>ceas.</strong></span> <span class='ocrx_word' id='word_1_429' title='bbox 2463 1790 2634 1863; x_wconf 83' lang='lat' dir='ltr'><strong>Major</strong></span> <span class='ocrx_word' id='word_1_430' title='bbox 2666 1800 2751 1847; x_wconf 89' lang='lat' dir='ltr'><strong>est</strong></span> <span class='ocrx_word' id='word_1_431' title='bbox 2772 1793 2915 1848; x_wconf 88' lang='lat' dir='ltr'><strong>enim</strong></span> <span class='ocrx_word' id='word_1_432' title='bbox 2965 1793 3058 1863; x_wconf 92' lang='lat' dir='ltr'><strong>qui</strong></span> <span class='ocrx_word' id='word_1_433' title='bbox 3105 1794 3161 1848; x_wconf 93' lang='lat' dir='ltr'><strong>in</strong></span> <span class='ocrx_word' id='word_1_434' title='bbox 3217 1794 3373 1850; x_wconf 90' lang='lat' dir='ltr'><strong>nobis</strong></span> <span class='ocrx_word' id='word_1_435' title='bbox 3412 1803 3530 1860; x_wconf 85' lang='lat' dir='ltr'><strong>est,</strong></span> <span class='ocrx_word' id='word_1_436' title='bbox 3561 1810 3700 1865; x_wconf 90' lang='lat' dir='ltr'><strong>quam</strong></span> <span class='ocrx_word' id='word_1_437' title='bbox 3735 1797 3797 1866; x_wconf 81' lang='lat' dir='ltr'><strong>qui</strong></span> 
     </span>
    </p>
   </div>
   <div class='ocr_carea' id='block_1_63' title="bbox 2210 1865 3797 1956">
    <p class='ocr_par' dir='ltr' id='par_1_63' title="bbox 2210 1865 3797 1956">
     <span class='ocr_line' id='line_1_63' title="bbox 2210 1865 3797 1956; baseline 0.004 -22"><span class='ocrx_word' id='word_1_438' title='bbox 2210 1865 2254 1926; x_wconf 79' lang='grc' dir='ltr'><strong>Β</strong></span> <span class='ocrx_word' id='word_1_439' title='bbox 2282 1880 2542 1936; x_wconf 89' lang='lat' dir='ltr'><strong>adversus</strong></span> <span class='ocrx_word' id='word_1_440' title='bbox 2573 1897 2692 1938; x_wconf 90' lang='lat' dir='ltr'><strong>nos.</strong></span> <span class='ocrx_word' id='word_1_441' title='bbox 2722 1882 2985 1939; x_wconf 82' lang='lat' dir='ltr'><strong>Annitere</strong></span> <span class='ocrx_word' id='word_1_442' title='bbox 3014 1884 3194 1954; x_wconf 89' lang='lat' dir='ltr'><strong>potius</strong></span> <span class='ocrx_word' id='word_1_443' title='bbox 3223 1893 3492 1954; x_wconf 91' lang='lat' dir='ltr'><strong>quantum</strong></span> <span class='ocrx_word' id='word_1_444' title='bbox 3537 1892 3588 1941; x_wconf 92' lang='lat' dir='ltr'><strong>te</strong></span> <span class='ocrx_word' id='word_1_445' title='bbox 3615 1886 3706 1956; x_wconf 87' lang='lat' dir='ltr'><strong>ipse</strong></span> <span class='ocrx_word' id='word_1_446' title='bbox 3736 1865 3797 1940; x_wconf 76' lang='lat' dir='ltr'><strong>na-</strong></span> 
     </span>
    </p>
   </div>
   <div class='ocr_carea' id='block_1_64' title="bbox 2282 1975 3798 2049">
    <p class='ocr_par' dir='ltr' id='par_1_64' title="bbox 2282 1975 3798 2049">
     <span class='ocr_line' id='line_1_64' title="bbox 2282 1975 3798 2049; baseline 0.003 -22"><span class='ocrx_word' id='word_1_447' title='bbox 2282 1982 2416 2028; x_wconf 76' lang='lat' dir='ltr'><strong>turze</strong></span> <span class='ocrx_word' id='word_1_448' title='bbox 2453 1983 2652 2030; x_wconf 82' lang='lat' dir='ltr'><strong>nostrae</strong></span> <span class='ocrx_word' id='word_1_449' title='bbox 2697 1983 2980 2046; x_wconf 87' lang='lat' dir='ltr'><strong>susceptor</strong></span> <span class='ocrx_word' id='word_1_450' title='bbox 3007 1985 3060 2033; x_wconf 91' lang='lat' dir='ltr'><strong>et</strong></span> <span class='ocrx_word' id='word_1_451' title='bbox 3106 1975 3442 2049; x_wconf 85' lang='lat' dir='ltr'><strong>glorificator</strong></span> <span class='ocrx_word' id='word_1_452' title='bbox 3471 1978 3798 2047; x_wconf 85' lang='lat' dir='ltr'><strong>adjuverit,ut</strong></span> 
     </span>
    </p>
   </div>
   <div class='ocr_carea' id='block_1_65' title="bbox 2279 2063 3798 2125">
    <p class='ocr_par' dir='ltr' id='par_1_65' title="bbox 2279 2063 3798 2125">
     <span class='ocr_line' id='line_1_65' title="bbox 2279 2063 3798 2125; baseline 0.005 -10"><span class='ocrx_word' id='word_1_453' title='bbox 2279 2064 2522 2120; x_wconf 90' lang='lat' dir='ltr'><strong>omnium</strong></span> <span class='ocrx_word' id='word_1_454' title='bbox 2570 2063 2797 2121; x_wconf 91' lang='lat' dir='ltr'><strong>fratrum</strong></span> <span class='ocrx_word' id='word_1_455' title='bbox 2829 2076 3138 2122; x_wconf 86' lang='lat' dir='ltr'><strong>nostrorum</strong></span> <span class='ocrx_word' id='word_1_456' title='bbox 3169 2068 3338 2124; x_wconf 76' lang='lat' dir='ltr'><strong>corda</strong></span> <span class='ocrx_word' id='word_1_457' title='bbox 3358 2068 3659 2125; x_wconf 85' lang='lat' dir='ltr'><strong>confirmes.</strong></span> <span class='ocrx_word' id='word_1_458' title='bbox 3682 2066 3798 2123; x_wconf 75' lang='lat' dir='ltr'><strong>Nobis</strong></span> 
     </span>
    </p>
   </div>
   <div class='ocr_carea' id='block_1_66' title="bbox 2278 2153 3801 2228">
    <p class='ocr_par' dir='ltr' id='par_1_66' title="bbox 2278 2153 3801 2228">
     <span class='ocr_line' id='line_1_66' title="bbox 2278 2153 3801 2228; baseline 0.004 -22"><span class='ocrx_word' id='word_1_459' title='bbox 2278 2153 2423 2208; x_wconf 91' lang='lat' dir='ltr'><strong>enim</strong></span> <span class='ocrx_word' id='word_1_460' title='bbox 2453 2155 2521 2210; x_wconf 93' lang='lat' dir='ltr'><strong>ab</strong></span> <span class='ocrx_word' id='word_1_461' title='bbox 2550 2155 2842 2225; x_wconf 83' lang='lat' dir='ltr'><strong>Evangelio</strong></span> <span class='ocrx_word' id='word_1_462' title='bbox 2871 2159 3235 2228; x_wconf 88' lang='lat' dir='ltr'><strong>generationis</strong></span> <span class='ocrx_word' id='word_1_463' title='bbox 3263 2166 3317 2213; x_wconf 90' lang='lat' dir='ltr'><strong>et</strong></span> <span class='ocrx_word' id='word_1_464' title='bbox 3351 2161 3541 2215; x_wconf 92' lang='lat' dir='ltr'><strong>mortis</strong></span> <span class='ocrx_word' id='word_1_465' title='bbox 3583 2175 3641 2215; x_wconf 88' lang='lat' dir='ltr'><strong>ac</strong></span> <span class='ocrx_word' id='word_1_466' title='bbox 3675 2175 3801 2214; x_wconf 84' lang='lat' dir='ltr'><strong>resur-</strong></span> 
     </span>
    </p>
   </div>
   <div class='ocr_carea' id='block_1_67' title="bbox 2280 2246 3801 2307">
    <p class='ocr_par' dir='ltr' id='par_1_67' title="bbox 2280 2246 3801 2307">
     <span class='ocr_line' id='line_1_67' title="bbox 2280 2246 3801 2307; baseline 0.004 -9"><span class='ocrx_word' id='word_1_467' title='bbox 2280 2246 2538 2302; x_wconf 91' lang='lat' dir='ltr'><strong>rectionis</strong></span> <span class='ocrx_word' id='word_1_468' title='bbox 2586 2247 2802 2304; x_wconf 90' lang='lat' dir='ltr'><strong>Domini</strong></span> <span class='ocrx_word' id='word_1_469' title='bbox 2840 2247 2966 2304; x_wconf 84' lang='lat' dir='ltr'><strong>Jesu</strong></span> <span class='ocrx_word' id='word_1_470' title='bbox 2997 2248 3195 2306; x_wconf 89' lang='lat' dir='ltr'><strong>Christi</strong></span> <span class='ocrx_word' id='word_1_471' title='bbox 3225 2249 3534 2307; x_wconf 86' lang='lat' dir='ltr'><strong>nullatenus</strong></span> <span class='ocrx_word' id='word_1_472' title='bbox 3570 2250 3801 2307; x_wconf 84' lang='lat' dir='ltr'><strong>recedenti-</strong></span> 
     </span>
    </p>
   </div>
   <div class='ocr_carea' id='block_1_68' title="bbox 2277 2335 3801 2398">
    <p class='ocr_par' dir='ltr' id='par_1_68' title="bbox 2277 2335 3801 2398">
     <span class='ocr_line' id='line_1_68' title="bbox 2277 2335 3801 2398; baseline 0.001 -8"><span class='ocrx_word' id='word_1_473' title='bbox 2277 2335 2376 2392; x_wconf 91' lang='lat' dir='ltr'><strong>bus</strong></span> <span class='ocrx_word' id='word_1_474' title='bbox 2401 2378 2415 2395; x_wconf 91' lang='lat'><strong>.</strong></span> <span class='ocrx_word' id='word_1_475' title='bbox 2452 2335 2894 2394; x_wconf 76' lang='lat' dir='ltr'><strong>diffinitissimum</strong></span> <span class='ocrx_word' id='word_1_476' title='bbox 2926 2348 3010 2396; x_wconf 91' lang='lat' dir='ltr'><strong>est</strong></span> <span class='ocrx_word' id='word_1_477' title='bbox 3035 2339 3087 2395; x_wconf 92' lang='lat' dir='ltr'><strong>in</strong></span> <span class='ocrx_word' id='word_1_478' title='bbox 3123 2349 3322 2397; x_wconf 67' lang='lat' dir='ltr'><strong>nostra:</strong></span> <span class='ocrx_word' id='word_1_479' title='bbox 3349 2341 3715 2398; x_wconf 89' lang='lat' dir='ltr'><strong>communionis</strong></span> <span class='ocrx_word' id='word_1_480' title='bbox 3734 2355 3801 2393; x_wconf 81' lang='lat' dir='ltr'><strong>nu-</strong></span> 
     </span>
    </p>
   </div>
   <div class='ocr_carea' id='block_1_69' title="bbox 2277 2428 3799 2502">
    <p class='ocr_par' dir='ltr' id='par_1_69' title="bbox 2277 2428 3799 2502">
     <span class='ocr_line' id='line_1_69' title="bbox 2277 2428 3799 2502; baseline 0.003 -22"><span class='ocrx_word' id='word_1_481' title='bbox 2277 2441 2428 2482; x_wconf 89' lang='lat' dir='ltr'><strong>mero</strong></span> <span class='ocrx_word' id='word_1_482' title='bbox 2459 2443 2568 2482; x_wconf 91' lang='lat' dir='ltr'><strong>non</strong></span> <span class='ocrx_word' id='word_1_483' title='bbox 2613 2428 2826 2485; x_wconf 90' lang='lat' dir='ltr'><strong>futuros</strong></span> <span class='ocrx_word' id='word_1_484' title='bbox 2861 2444 2958 2485; x_wconf 90' lang='lat' dir='ltr'><strong>eos</strong></span> <span class='ocrx_word' id='word_1_485' title='bbox 2979 2431 3070 2500; x_wconf 91' lang='lat' dir='ltr'><strong>qui</strong></span> <span class='ocrx_word' id='word_1_486' title='bbox 3115 2440 3384 2487; x_wconf 83' lang='lat' dir='ltr'><strong>conantur</strong></span> <span class='ocrx_word' id='word_1_487' title='bbox 3414 2432 3640 2502; x_wconf 73' lang='lat' dir='ltr'><strong>antiqua:</strong></span> <span class='ocrx_word' id='word_1_488' title='bbox 3663 2430 3799 2485; x_wconf 81' lang='lat' dir='ltr'><strong>catho-</strong></span> 
     </span>
    </p>
   </div>
   <div class='ocr_carea' id='block_1_70' title="bbox 2275 2515 3797 2578">
    <p class='ocr_par' dir='ltr' id='par_1_70' title="bbox 2275 2515 3797 2578">
     <span class='ocr_line' id='line_1_70' title="bbox 2275 2515 3797 2578; baseline 0.001 -8"><span class='ocrx_word' id='word_1_489' title='bbox 2275 2515 2392 2572; x_wconf 78' lang='lat' dir='ltr'><strong>licze</strong></span> <span class='ocrx_word' id='word_1_490' title='bbox 2421 2517 2543 2574; x_wconf 86' lang='lat' dir='ltr'><strong>fidei</strong></span> <span class='ocrx_word' id='word_1_491' title='bbox 2573 2517 2921 2576; x_wconf 83' lang='lat' dir='ltr'><strong>fundamenta</strong></span> <span class='ocrx_word' id='word_1_492' title='bbox 2945 2521 3263 2578; x_wconf 83' lang='lat' dir='ltr'><strong>convellere.</strong></span> <span class='ocrx_word' id='word_1_493' title='bbox 3300 2521 3436 2577; x_wconf 89' lang='lat' dir='ltr'><strong>Data</strong></span> <span class='ocrx_word' id='word_1_494' title='bbox 3466 2538 3529 2578; x_wconf 83' lang='grc' dir='ltr'><strong>ιιι</strong></span> <span class='ocrx_word' id='word_1_495' title='bbox 3553 2521 3662 2576; x_wconf 90' lang='lat' dir='ltr'><strong>ldus</strong></span> <span class='ocrx_word' id='word_1_496' title='bbox 3685 2517 3797 2574; x_wconf 73' lang='lat' dir='ltr'><strong>Octo</strong></span> 
     </span>
    </p>
   </div>
   <div class='ocr_carea' id='block_1_71' title="bbox 2276 2606 3456 2680">
    <p class='ocr_par' dir='ltr' id='par_1_71' title="bbox 2276 2606 3456 2680">
     <span class='ocr_line' id='line_1_71' title="bbox 2276 2606 3456 2680; baseline 0.004 -20"><span class='ocrx_word' id='word_1_497' title='bbox 2276 2606 2392 2661; x_wconf 89' lang='lat' dir='ltr'><strong>bris</strong></span> <span class='ocrx_word' id='word_1_498' title='bbox 2417 2647 2432 2669; x_wconf 87' lang='lat'><strong>.</strong></span> <span class='ocrx_word' id='word_1_499' title='bbox 2462 2608 2680 2664; x_wconf 86' lang='lat' dir='ltr'><strong>Asturio</strong></span> <span class='ocrx_word' id='word_1_500' title='bbox 2707 2618 2762 2664; x_wconf 91' lang='lat' dir='ltr'><strong>et</strong></span> <span class='ocrx_word' id='word_1_501' title='bbox 2787 2609 3093 2680; x_wconf 82' lang='lat' dir='ltr'><strong>Protogene</strong></span> <span class='ocrx_word' id='word_1_502' title='bbox 3121 2611 3456 2669; x_wconf 91' lang='lat' dir='ltr'><strong>consulibus.</strong></span> 
     </span>
    </p>
   </div>
   <div class='ocr_carea' id='block_1_72' title="bbox 2278 2696 3796 2775">
    <p class='ocr_par' dir='ltr' id='par_1_72' title="bbox 2278 2696 3796 2775">
     <span class='ocr_line' id='line_1_72' title="bbox 2278 2696 3796 2775; baseline 0.003 -24"><span class='ocrx_word' id='word_1_503' title='bbox 2278 2696 2488 2752; x_wconf 84' lang='lat' dir='ltr'><strong>LXXX.</strong></span> <span class='ocrx_word' id='word_1_504' title='bbox 2530 2731 2599 2740; x_wconf 91' lang='lat'><strong><em>—</em></strong></span> <span class='ocrx_word' id='word_1_505' title='bbox 2639 2699 2772 2755; x_wconf 84' lang='lat' dir='ltr'><strong>Item</strong></span> <span class='ocrx_word' id='word_1_506' title='bbox 2802 2701 3039 2772; x_wconf 82' lang='lat' dir='ltr'><strong>ejusdem</strong></span> <span class='ocrx_word' id='word_1_507' title='bbox 3071 2703 3140 2756; x_wconf 85' lang='lat' dir='ltr'><strong>ad</strong></span> <span class='ocrx_word' id='word_1_508' title='bbox 3169 2702 3521 2758; x_wconf 81' lang='lat' dir='ltr'><strong>Theodosium</strong></span> <span class='ocrx_word' id='word_1_509' title='bbox 3549 2704 3796 2775; x_wconf 68' lang='lat' dir='ltr'><strong>Augustum.</strong></span> 
     </span>
    </p>
   </div>
   <div class='ocr_carea' id='block_1_73' title="bbox 2342 2788 3798 2862">
    <p class='ocr_par' dir='ltr' id='par_1_73' title="bbox 2342 2788 3798 2862">
     <span class='ocr_line' id='line_1_73' title="bbox 2342 2788 3798 2862; baseline -0.001 -19"><span class='ocrx_word' id='word_1_510' title='bbox 2342 2788 2450 2844; x_wconf 90' lang='lat' dir='ltr'><strong>Pro</strong></span> <span class='ocrx_word' id='word_1_511' title='bbox 2494 2790 2802 2862; x_wconf 77' lang='lat' dir='ltr'><strong>integritate</strong></span> <span class='ocrx_word' id='word_1_512' title='bbox 2851 2791 2973 2848; x_wconf 90' lang='lat' dir='ltr'><strong>fidei</strong></span> <span class='ocrx_word' id='word_1_513' title='bbox 3027 2791 3306 2848; x_wconf 65' lang='lat' dir='ltr'><strong>catholica:</strong></span> <span class='ocrx_word' id='word_1_514' title='bbox 3340 2793 3798 2849; x_wconf 75' lang='lat' dir='ltr'><strong>Cltristianfssimum</strong></span> 
     </span>
    </p>
   </div>
   <div class='ocr_carea' id='block_1_74' title="bbox 2271 2881 3800 2953">
    <p class='ocr_par' dir='ltr' id='par_1_74' title="bbox 2271 2881 3800 2953">
     <span class='ocr_line' id='line_1_74' title="bbox 2271 2881 3800 2953; baseline 0.001 -18"><span class='ocrx_word' id='word_1_515' title='bbox 2271 2881 2574 2953; x_wconf 87' lang='lat' dir='ltr'><strong>principem</strong></span> <span class='ocrx_word' id='word_1_516' title='bbox 2599 2883 2856 2939; x_wconf 90' lang='lat' dir='ltr'><strong>convenit</strong></span> <span class='ocrx_word' id='word_1_517' title='bbox 2879 2899 2999 2940; x_wconf 87' lang='lat' dir='ltr'><strong>esse</strong></span> <span class='ocrx_word' id='word_1_518' title='bbox 3028 2884 3340 2950; x_wconf 91' lang='lat' dir='ltr'><strong>sollicitum,</strong></span> <span class='ocrx_word' id='word_1_519' title='bbox 3372 2887 3552 2943; x_wconf 89' lang='lat' dir='ltr'><strong>ethoc</strong></span> <span class='ocrx_word' id='word_1_520' title='bbox 3580 2887 3800 2942; x_wconf 65' lang='lat' dir='ltr'><strong>indefessis</strong></span> 
     </span>
    </p>
   </div>
   <div class='ocr_carea' id='block_1_75' title="bbox 2271 2972 3796 3048">
    <p class='ocr_par' dir='ltr' id='par_1_75' title="bbox 2271 2972 3796 3048">
     <span class='ocr_line' id='line_1_75' title="bbox 2271 2972 3796 3048; baseline 0.004 -22"><span class='ocrx_word' id='word_1_521' title='bbox 2271 2973 2524 3042; x_wconf 90' lang='lat' dir='ltr'><strong>precibus</strong></span> <span class='ocrx_word' id='word_1_522' title='bbox 2572 2972 2814 3029; x_wconf 89' lang='lat' dir='ltr'><strong>divinam</strong></span> <span class='ocrx_word' id='word_1_523' title='bbox 2867 2975 3296 3032; x_wconf 89' lang='lat' dir='ltr'><strong>misericordiam</strong></span> <span class='ocrx_word' id='word_1_524' title='bbox 3340 2991 3508 3048; x_wconf 87' lang='lat' dir='ltr'><strong>posco</strong></span> <span class='ocrx_word' id='word_1_525' title='bbox 3548 3019 3562 3044; x_wconf 93' lang='lat'><strong>,</strong></span> <span class='ocrx_word' id='word_1_526' title='bbox 3602 2987 3654 3031; x_wconf 91' lang='lat' dir='ltr'><strong>ut</strong></span> <span class='ocrx_word' id='word_1_527' title='bbox 3690 2975 3796 3032; x_wconf 86' lang='lat' dir='ltr'><strong>cordi</strong></span> 
     </span>
    </p>
   </div>
   <div class='ocr_carea' id='block_1_76' title="bbox 2268 3066 3798 3140">
    <p class='ocr_par' dir='ltr' id='par_1_76' title="bbox 2268 3066 3798 3140">
     <span class='ocr_line' id='line_1_76' title="bbox 2268 3066 3798 3140; baseline 0 -22"><span class='ocrx_word' id='word_1_528' title='bbox 2268 3073 2451 3120; x_wconf 91' lang='lat' dir='ltr'><strong>vestro</strong></span> <span class='ocrx_word' id='word_1_529' title='bbox 2477 3066 2529 3120; x_wconf 91' lang='lat' dir='ltr'><strong>id</strong></span> <span class='ocrx_word' id='word_1_530' title='bbox 2555 3066 2699 3136; x_wconf 89' lang='lat' dir='ltr'><strong>quod</strong></span> <span class='ocrx_word' id='word_1_531' title='bbox 2724 3075 2808 3122; x_wconf 91' lang='lat' dir='ltr'><strong>est</strong></span> <span class='ocrx_word' id='word_1_532' title='bbox 2840 3067 3087 3122; x_wconf 90' lang='lat' dir='ltr'><strong>veritatis</strong></span> <span class='ocrx_word' id='word_1_533' title='bbox 3118 3067 3383 3139; x_wconf 90' lang='lat' dir='ltr'><strong>inspiret,</strong></span> <span class='ocrx_word' id='word_1_534' title='bbox 3412 3084 3583 3140; x_wconf 90' lang='lat' dir='ltr'><strong>neque</strong></span> <span class='ocrx_word' id='word_1_535' title='bbox 3607 3067 3699 3124; x_wconf 84' lang='lat' dir='ltr'><strong>falli</strong></span> <span class='ocrx_word' id='word_1_536' title='bbox 3733 3081 3798 3120; x_wconf 87' lang='lat' dir='ltr'><strong>vos</strong></span> 
     </span>
    </p>
   </div>
   <div class='ocr_carea' id='block_1_77' title="bbox 2271 3157 3799 3230">
    <p class='ocr_par' dir='ltr' id='par_1_77' title="bbox 2271 3157 3799 3230">
     <span class='ocr_line' id='line_1_77' title="bbox 2271 3157 3799 3230; baseline 0.003 -18"><span class='ocrx_word' id='word_1_537' title='bbox 2271 3157 2329 3213; x_wconf 89' lang='lat' dir='ltr'><strong>in</strong></span> <span class='ocrx_word' id='word_1_538' title='bbox 2360 3157 2542 3229; x_wconf 90' lang='lat' dir='ltr'><strong>aliquo</strong></span> <span class='ocrx_word' id='word_1_539' title='bbox 2572 3159 2933 3216; x_wconf 88' lang='lat' dir='ltr'><strong>humanarum</strong></span> <span class='ocrx_word' id='word_1_540' title='bbox 2980 3161 3338 3218; x_wconf 87' lang='lat' dir='ltr'><strong>calliditatum</strong></span> <span class='ocrx_word' id='word_1_541' title='bbox 3383 3163 3702 3218; x_wconf 81' lang='lat' dir='ltr'><strong>:cmulatioae</strong></span> <span class='ocrx_word' id='word_1_542' title='bbox 3731 3176 3799 3230; x_wconf 79' lang='lat' dir='ltr'><strong>pa-</strong></span> 
     </span>
    </p>
   </div>
   <div class='ocr_carea' id='block_1_78' title="bbox 2279 3249 3804 3326">
    <p class='ocr_par' dir='ltr' id='par_1_78' title="bbox 2279 3249 3804 3326">
     <span class='ocr_line' id='line_1_78' title="bbox 2279 3249 3804 3326; baseline 0.002 -21"><span class='ocrx_word' id='word_1_543' title='bbox 2279 3251 2464 3306; x_wconf 91' lang='lat' dir='ltr'><strong>tiatur.</strong></span> <span class='ocrx_word' id='word_1_544' title='bbox 2515 3249 2559 3306; x_wconf 87' lang='lat' dir='ltr'><strong>A</strong></span> <span class='ocrx_word' id='word_1_545' title='bbox 2599 3267 2687 3308; x_wconf 91' lang='lat' dir='ltr'><strong>me</strong></span> <span class='ocrx_word' id='word_1_546' title='bbox 2741 3264 2921 3310; x_wconf 90' lang='lat' dir='ltr'><strong>autem</strong></span> <span class='ocrx_word' id='word_1_547' title='bbox 2974 3264 3140 3326; x_wconf 88' lang='lat' dir='ltr'><strong>atque</strong></span> <span class='ocrx_word' id='word_1_548' title='bbox 3185 3256 3252 3312; x_wconf 88' lang='lat' dir='ltr'><strong>ab</strong></span> <span class='ocrx_word' id='word_1_549' title='bbox 3298 3257 3552 3312; x_wconf 75' lang='lat' dir='ltr'><strong>erunibus</strong></span> <span class='ocrx_word' id='word_1_550' title='bbox 3585 3254 3804 3314; x_wconf 78' lang='lat' dir='ltr'><strong>catholicis</strong></span> 
     </span>
    </p>
   </div>
   <div class='ocr_carea' id='block_1_79' title="bbox 2275 3345 3801 3418">
    <p class='ocr_par' dir='ltr' id='par_1_79' title="bbox 2275 3345 3801 3418">
     <span class='ocr_line' id='line_1_79' title="bbox 2275 3345 3801 3418; baseline 0 -20"><span class='ocrx_word' id='word_1_551' title='bbox 2275 3345 2648 3400; x_wconf 86' lang='lat' dir='ltr'><strong>sacerdotibus</strong></span> <span class='ocrx_word' id='word_1_552' title='bbox 2673 3360 2793 3416; x_wconf 71' lang='lat' dir='ltr'><strong>qua:</strong></span> <span class='ocrx_word' id='word_1_553' title='bbox 2820 3345 3078 3417; x_wconf 73' lang='lat' dir='ltr'><strong>angelicze</strong></span> <span class='ocrx_word' id='word_1_554' title='bbox 3098 3345 3219 3401; x_wconf 90' lang='lat' dir='ltr'><strong>fidei</strong></span> <span class='ocrx_word' id='word_1_555' title='bbox 3243 3348 3416 3418; x_wconf 88' lang='lat' dir='ltr'><strong>pietas</strong></span> <span class='ocrx_word' id='word_1_556' title='bbox 3441 3346 3688 3411; x_wconf 87' lang='lat' dir='ltr'><strong>defendat,</strong></span> <span class='ocrx_word' id='word_1_557' title='bbox 3706 3345 3801 3400; x_wconf 80' lang='lat' dir='ltr'><strong>satis</strong></span> 
     </span>
    </p>
   </div>
   <div class='ocr_carea' id='block_1_80' title="bbox 2273 3433 3794 3510">
    <p class='ocr_par' dir='ltr' id='par_1_80' title="bbox 2273 3433 3794 3510">
     <span class='ocr_line' id='line_1_80' title="bbox 2273 3433 3794 3510; baseline 0.001 -22"><span class='ocrx_word' id='word_1_558' title='bbox 2273 3433 2430 3504; x_wconf 88' lang='lat' dir='ltr'><strong>plene</strong></span> <span class='ocrx_word' id='word_1_559' title='bbox 2473 3449 2537 3491; x_wconf 87' lang='lat' dir='ltr'><strong>ac</strong></span> <span class='ocrx_word' id='word_1_560' title='bbox 2585 3434 2762 3491; x_wconf 89' lang='lat' dir='ltr'><strong>lucide</strong></span> <span class='ocrx_word' id='word_1_561' title='bbox 2815 3436 3012 3493; x_wconf 90' lang='lat' dir='ltr'><strong>litteris</strong></span> <span class='ocrx_word' id='word_1_562' title='bbox 3037 3439 3173 3494; x_wconf 90' lang='lat' dir='ltr'><strong>meis</strong></span> <span class='ocrx_word' id='word_1_563' title='bbox 3211 3455 3348 3510; x_wconf 89' lang='lat' dir='ltr'><strong>quas</strong></span> <span class='ocrx_word' id='word_1_564' title='bbox 3390 3439 3707 3497; x_wconf 88' lang='lat' dir='ltr'><strong>clementiam</strong></span> <span class='ocrx_word' id='word_1_565' title='bbox 3735 3452 3794 3490; x_wconf 83' lang='lat' dir='ltr'><strong>re-</strong></span> 
     </span>
    </p>
   </div>
   <div class='ocr_carea' id='block_1_81' title="bbox 2273 3527 3796 3606">
    <p class='ocr_par' dir='ltr' id='par_1_81' title="bbox 2273 3527 3796 3606">
     <span class='ocr_line' id='line_1_81' title="bbox 2273 3527 3796 3606; baseline -0.001 -22"><span class='ocrx_word' id='word_1_566' title='bbox 2273 3540 2441 3584; x_wconf 89' lang='lat' dir='ltr'><strong>stram</strong></span> <span class='ocrx_word' id='word_1_567' title='bbox 2463 3527 2780 3600; x_wconf 82' lang='lat' dir='ltr'><strong>jamdudum</strong></span> <span class='ocrx_word' id='word_1_568' title='bbox 2813 3547 2914 3602; x_wconf 91' lang='lat' dir='ltr'><strong>per</strong></span> <span class='ocrx_word' id='word_1_569' title='bbox 2940 3530 3197 3588; x_wconf 90' lang='lat' dir='ltr'><strong>famulum</strong></span> <span class='ocrx_word' id='word_1_570' title='bbox 3223 3541 3466 3589; x_wconf 88' lang='lat' dir='ltr'><strong>vestrum</strong></span> <span class='ocrx_word' id='word_1_571' title='bbox 3507 3533 3796 3606; x_wconf 83' lang='lat' dir='ltr'><strong>Epiphaniam</strong></span> 
     </span>
    </p>
   </div>
   <div class='ocr_carea' id='block_1_82' title="bbox 2277 3622 3798 3696">
    <p class='ocr_par' dir='ltr' id='par_1_82' title="bbox 2277 3622 3798 3696">
     <span class='ocr_line' id='line_1_82' title="bbox 2277 3622 3798 3696; baseline 0.001 -20"><span class='ocrx_word' id='word_1_572' title='bbox 2277 3622 2586 3688; x_wconf 91' lang='lat' dir='ltr'><strong>tribunum,</strong></span> <span class='ocrx_word' id='word_1_573' title='bbox 2618 3623 2711 3694; x_wconf 91' lang='lat' dir='ltr'><strong>qui</strong></span> <span class='ocrx_word' id='word_1_574' title='bbox 2761 3639 2860 3696; x_wconf 91' lang='lat' dir='ltr'><strong>pro</strong></span> <span class='ocrx_word' id='word_1_575' title='bbox 2885 3625 2987 3681; x_wconf 85' lang='lat' dir='ltr'><strong>hac</strong></span> <span class='ocrx_word' id='word_1_576' title='bbox 3025 3641 3188 3682; x_wconf 91' lang='lat' dir='ltr'><strong>causa</strong></span> <span class='ocrx_word' id='word_1_577' title='bbox 3225 3627 3431 3683; x_wconf 90' lang='lat' dir='ltr'><strong>missus</strong></span> <span class='ocrx_word' id='word_1_578' title='bbox 3456 3637 3572 3691; x_wconf 88' lang='lat' dir='ltr'><strong>est,</strong></span> <span class='ocrx_word' id='word_1_579' title='bbox 3617 3625 3798 3682; x_wconf 87' lang='lat' dir='ltr'><strong>arbitror</strong></span> 
     </span>
    </p>
   </div>
   <div class='ocr_carea' id='block_1_83' title="bbox 2273 3711 3794 3791">
    <p class='ocr_par' dir='ltr' id='par_1_83' title="bbox 2273 3711 3794 3791">
     <span class='ocr_line' id='line_1_83' title="bbox 2273 3711 3794 3791; baseline 0.001 -26"><span class='ocrx_word' id='word_1_580' title='bbox 2273 3711 2567 3782; x_wconf 90' lang='lat' dir='ltr'><strong>accepisse.</strong></span> <span class='ocrx_word' id='word_1_581' title='bbox 2621 3712 2817 3768; x_wconf 81' lang='lat' dir='ltr'><strong>Ratum</strong></span> <span class='ocrx_word' id='word_1_582' title='bbox 2858 3729 2976 3781; x_wconf 87' lang='lat' dir='ltr'><strong>est,</strong></span> <span class='ocrx_word' id='word_1_583' title='bbox 3028 3731 3130 3772; x_wconf 91' lang='lat' dir='ltr'><strong>nec</strong></span> <span class='ocrx_word' id='word_1_584' title='bbox 3175 3717 3373 3790; x_wconf 84' lang='lat' dir='ltr'><strong>ambigi</strong></span> <span class='ocrx_word' id='word_1_585' title='bbox 3414 3727 3586 3791; x_wconf 89' lang='lat' dir='ltr'><strong>potest</strong></span> <span class='ocrx_word' id='word_1_586' title='bbox 3617 3719 3700 3773; x_wconf 88' lang='lat' dir='ltr'><strong>hoc</strong></span> <span class='ocrx_word' id='word_1_587' title='bbox 3729 3729 3794 3767; x_wconf 77' lang='lat' dir='ltr'><strong>nos</strong></span> 
     </span>
    </p>
   </div>
   <div class='ocr_carea' id='block_1_84' title="bbox 2272 3803 3798 3880">
    <p class='ocr_par' dir='ltr' id='par_1_84' title="bbox 2272 3803 3798 3880">
     <span class='ocr_line' id='line_1_84' title="bbox 2272 3803 3798 3880; baseline 0.007 -24"><span class='ocrx_word' id='word_1_588' title='bbox 2272 3803 2562 3873; x_wconf 90' lang='lat' dir='ltr'><strong>purissime</strong></span> <span class='ocrx_word' id='word_1_589' title='bbox 2608 3807 2867 3873; x_wconf 90' lang='lat' dir='ltr'><strong>credere,</strong></span> <span class='ocrx_word' id='word_1_590' title='bbox 2922 3807 3024 3863; x_wconf 89' lang='lat' dir='ltr'><strong>hoc</strong></span> <span class='ocrx_word' id='word_1_591' title='bbox 3068 3818 3385 3864; x_wconf 90' lang='lat' dir='ltr'><strong>constanter</strong></span> <span class='ocrx_word' id='word_1_592' title='bbox 3428 3826 3657 3866; x_wconf 82' lang='lat' dir='ltr'><strong>asserere</strong></span> <span class='ocrx_word' id='word_1_593' title='bbox 3695 3806 3798 3880; x_wconf 74' lang='lat' dir='ltr'><strong>quod</strong></span> 
     </span>
    </p>
   </div>
   <div class='ocr_carea' id='block_1_85' title="bbox 2281 3895 3794 3972">
    <p class='ocr_par' dir='ltr' id='par_1_85' title="bbox 2281 3895 3794 3972">
     <span class='ocr_line' id='line_1_85' title="bbox 2281 3895 3794 3972; baseline 0.001 -22"><span class='ocrx_word' id='word_1_594' title='bbox 2281 3895 2447 3950; x_wconf 89' lang='lat' dir='ltr'><strong>etiam</strong></span> <span class='ocrx_word' id='word_1_595' title='bbox 2477 3897 2766 3952; x_wconf 88' lang='lat' dir='ltr'><strong>venerandi</strong></span> <span class='ocrx_word' id='word_1_596' title='bbox 2793 3907 2979 3968; x_wconf 89' lang='lat' dir='ltr'><strong>patres</strong></span> <span class='ocrx_word' id='word_1_597' title='bbox 3004 3901 3274 3970; x_wconf 87' lang='lat' dir='ltr'><strong>quondam</strong></span> <span class='ocrx_word' id='word_1_598' title='bbox 3303 3901 3446 3972; x_wconf 87' lang='lat' dir='ltr'><strong>apud</strong></span> <span class='ocrx_word' id='word_1_599' title='bbox 3488 3901 3693 3958; x_wconf 78' lang='lat' dir='ltr'><strong>Nicmam</strong></span> <span class='ocrx_word' id='word_1_600' title='bbox 3711 3914 3794 3954; x_wconf 84' lang='lat' dir='ltr'><strong>con-</strong></span> 
     </span>
    </p>
   </div>
   <div class='ocr_carea' id='block_1_86' title="bbox 2280 3986 3794 4062">
    <p class='ocr_par' dir='ltr' id='par_1_86' title="bbox 2280 3986 3794 4062">
     <span class='ocr_line' id='line_1_86' title="bbox 2280 3986 3794 4062; baseline 0.002 -23"><span class='ocrx_word' id='word_1_601' title='bbox 2280 3986 2485 4058; x_wconf 87' lang='lat' dir='ltr'><strong>gregati</strong></span> <span class='ocrx_word' id='word_1_602' title='bbox 2516 3988 2813 4043; x_wconf 88' lang='lat' dir='ltr'><strong>secundum</strong></span> <span class='ocrx_word' id='word_1_603' title='bbox 2847 3988 3005 4044; x_wconf 90' lang='lat' dir='ltr'><strong>fidem</strong></span> <span class='ocrx_word' id='word_1_604' title='bbox 3033 3991 3257 4062; x_wconf 73' lang='lat' dir='ltr'><strong>syrulioli</strong></span> <span class='ocrx_word' id='word_1_605' title='bbox 3291 3993 3612 4049; x_wconf 89' lang='lat' dir='ltr'><strong>credendum</strong></span> <span class='ocrx_word' id='word_1_606' title='bbox 3641 4002 3685 4048; x_wconf 89' lang='lat' dir='ltr'><strong>et</strong></span> <span class='ocrx_word' id='word_1_607' title='bbox 3705 4004 3794 4046; x_wconf 84' lang='lat' dir='ltr'><strong>con-</strong></span> 
     </span>
    </p>
   </div>
   <div class='ocr_carea' id='block_1_87' title="bbox 2272 4075 3793 4140">
    <p class='ocr_par' dir='ltr' id='par_1_87' title="bbox 2272 4075 3793 4140">
     <span class='ocr_line' id='line_1_87' title="bbox 2272 4075 3793 4140; baseline 0.002 -10"><span class='ocrx_word' id='word_1_608' title='bbox 2272 4075 2532 4133; x_wconf 87' lang='lat' dir='ltr'><strong>fitendum</strong></span> <span class='ocrx_word' id='word_1_609' title='bbox 2589 4080 2957 4135; x_wconf 88' lang='lat' dir='ltr'><strong>sacratissima</strong></span> <span class='ocrx_word' id='word_1_610' title='bbox 3011 4083 3336 4138; x_wconf 90' lang='lat' dir='ltr'><strong>auctoritate</strong></span> <span class='ocrx_word' id='word_1_611' title='bbox 3375 4091 3674 4140; x_wconf 79' lang='lat' dir='ltr'><strong>sanxerunt.</strong></span> <span class='ocrx_word' id='word_1_612' title='bbox 3719 4080 3793 4135; x_wconf 75' lang='lat' dir='ltr'><strong>Nos</strong></span> 
     </span>
    </p>
   </div>
   <div class='ocr_carea' id='block_1_88' title="bbox 2243 4167 3791 4242">
    <p class='ocr_par' dir='ltr' id='par_1_88' title="bbox 2243 4167 3791 4242">
     <span class='ocr_line' id='line_1_88' title="bbox 2243 4167 3791 4242; baseline 0.002 -21"><span class='ocrx_word' id='word_1_613' title='bbox 2243 4167 2440 4235; x_wconf 73' lang='lat' dir='ltr'><strong>enim,</strong></span> <span class='ocrx_word' id='word_1_614' title='bbox 2474 4170 2805 4226; x_wconf 89' lang='lat' dir='ltr'><strong>venerabilis</strong></span> <span class='ocrx_word' id='word_1_615' title='bbox 2832 4171 3149 4242; x_wconf 90' lang='lat' dir='ltr'><strong>imperator,</strong></span> <span class='ocrx_word' id='word_1_616' title='bbox 3193 4173 3335 4230; x_wconf 92' lang='lat' dir='ltr'><strong>sicut</strong></span> <span class='ocrx_word' id='word_1_617' title='bbox 3381 4174 3607 4232; x_wconf 88' lang='lat' dir='ltr'><strong>Nestorii</strong></span> <span class='ocrx_word' id='word_1_618' title='bbox 3652 4173 3791 4242; x_wconf 77' lang='lat' dir='ltr'><strong>dogma</strong></span> 
     </span>
    </p>
   </div>
   <div class='ocr_carea' id='block_1_89' title="bbox 2272 4261 3791 4333">
    <p class='ocr_par' dir='ltr' id='par_1_89' title="bbox 2272 4261 3791 4333">
     <span class='ocr_line' id='line_1_89' title="bbox 2272 4261 3791 4333; baseline 0.005 -21"><span class='ocrx_word' id='word_1_619' title='bbox 2272 4272 2590 4328; x_wconf 89' lang='lat' dir='ltr'><strong>perversum</strong></span> <span class='ocrx_word' id='word_1_620' title='bbox 2651 4261 2847 4318; x_wconf 90' lang='lat' dir='ltr'><strong>merito</strong></span> <span class='ocrx_word' id='word_1_621' title='bbox 2902 4263 3526 4333; x_wconf 83' lang='lat' dir='ltr'><strong>anathematizavimus,</strong></span> <span class='ocrx_word' id='word_1_622' title='bbox 3584 4267 3648 4321; x_wconf 85' lang='lat' dir='ltr'><strong>ita</strong></span> <span class='ocrx_word' id='word_1_623' title='bbox 3688 4262 3791 4331; x_wconf 78' lang='lat' dir='ltr'><strong>jnslc</strong></span> 
     </span>
    </p>
   </div>
   <div class='ocr_carea' id='block_1_90' title="bbox 2271 4347 3791 4422">
    <p class='ocr_par' dir='ltr' id='par_1_90' title="bbox 2271 4347 3791 4422">
     <span class='ocr_line' id='line_1_90' title="bbox 2271 4347 3791 4422; baseline -0.001 -18"><span class='ocrx_word' id='word_1_624' title='bbox 2271 4347 2435 4404; x_wconf 91' lang='lat' dir='ltr'><strong>etiam</strong></span> <span class='ocrx_word' id='word_1_625' title='bbox 2463 4348 2656 4404; x_wconf 89' lang='lat' dir='ltr'><strong>borum</strong></span> <span class='ocrx_word' id='word_1_626' title='bbox 2679 4350 3008 4421; x_wconf 90' lang='lat' dir='ltr'><strong>impietatem</strong></span> <span class='ocrx_word' id='word_1_627' title='bbox 3033 4353 3124 4422; x_wconf 94' lang='lat' dir='ltr'><strong>qui</strong></span> <span class='ocrx_word' id='word_1_628' title='bbox 3145 4353 3430 4411; x_wconf 88' lang='lat' dir='ltr'><strong>veritatem</strong></span> <span class='ocrx_word' id='word_1_629' title='bbox 3457 4357 3628 4411; x_wconf 87' lang='lat' dir='ltr'><strong>carnis</strong></span> <span class='ocrx_word' id='word_1_630' title='bbox 3648 4361 3791 4408; x_wconf 69' lang='lat' dir='ltr'><strong>nostra!</strong></span> 
     </span>
    </p>
   </div>
   <div class='ocr_carea' id='block_1_91' title="bbox 2275 4439 3791 4517">
    <p class='ocr_par' dir='ltr' id='par_1_91' title="bbox 2275 4439 3791 4517">
     <span class='ocr_line' id='line_1_91' title="bbox 2275 4439 3791 4517; baseline -0.001 -22"><span class='ocrx_word' id='word_1_631' title='bbox 2275 4449 2475 4513; x_wconf 86' lang='lat' dir='ltr'><strong>negant</strong></span> <span class='ocrx_word' id='word_1_632' title='bbox 2501 4455 2531 4495; x_wconf 88' lang='lat' dir='ltr'><strong>a</strong></span> <span class='ocrx_word' id='word_1_633' title='bbox 2565 4439 2796 4497; x_wconf 89' lang='lat' dir='ltr'><strong>Domino</strong></span> <span class='ocrx_word' id='word_1_634' title='bbox 2820 4441 2945 4498; x_wconf 74' lang='lat' dir='ltr'><strong>Iesu</strong></span> <span class='ocrx_word' id='word_1_635' title='bbox 2969 4444 3186 4500; x_wconf 88' lang='lat' dir='ltr'><strong>Christo</strong></span> <span class='ocrx_word' id='word_1_636' title='bbox 3213 4458 3520 4517; x_wconf 91' lang='lat' dir='ltr'><strong>susceptam</strong></span> <span class='ocrx_word' id='word_1_637' title='bbox 3559 4462 3666 4502; x_wconf 88' lang='lat' dir='ltr'><strong>esse</strong></span> <span class='ocrx_word' id='word_1_638' title='bbox 3687 4444 3791 4497; x_wconf 81' lang='lat' dir='ltr'><strong>dam-</strong></span> 
     </span>
    </p>
   </div>
   <div class='ocr_carea' id='block_1_92' title="bbox 579 4531 3789 4633">
    <p class='ocr_par' dir='ltr' id='par_1_92' title="bbox 579 4531 3789 4633">
     <span class='ocr_line' id='line_1_92' title="bbox 579 4531 3789 4633; baseline 0.004 -43"><span class='ocrx_word' id='word_1_639' title='bbox 579 4535 884 4591; x_wconf 86' lang='lat' dir='ltr'><strong>imitatores</strong></span> <span class='ocrx_word' id='word_1_640' title='bbox 912 4551 1007 4590; x_wconf 86' lang='lat' dir='ltr'><strong>vos</strong></span> <span class='ocrx_word' id='word_1_641' title='bbox 1027 4553 1148 4592; x_wconf 87' lang='lat' dir='ltr'><strong>esse</strong></span> <span class='ocrx_word' id='word_1_642' title='bbox 1182 4539 1448 4607; x_wconf 88' lang='lat' dir='ltr'><strong>cupimus,</strong></span> <span class='ocrx_word' id='word_1_643' title='bbox 1477 4547 1536 4592; x_wconf 88' lang='grc' dir='ltr'><strong>ιιι</strong></span> <span class='ocrx_word' id='word_1_644' title='bbox 1565 4551 1855 4593; x_wconf 90' lang='lat' dir='ltr'><strong>commune</strong></span> <span class='ocrx_word' id='word_1_645' title='bbox 1892 4554 2014 4592; x_wconf 93' lang='lat' dir='ltr'><strong>cum</strong></span> <span class='ocrx_word' id='word_1_646' title='bbox 2044 4539 2163 4608; x_wconf 89' lang='lat' dir='ltr'><strong>ipso</strong></span> <span class='ocrx_word' id='word_1_647' title='bbox 2191 4571 2242 4633; x_wconf 69' lang='grc' dir='ltr'>υ</span> <span class='ocrx_word' id='word_1_648' title='bbox 2270 4547 2481 4588; x_wconf 73' lang='lat' dir='ltr'><strong>namus.</strong></span> <span class='ocrx_word' id='word_1_649' title='bbox 2526 4531 2680 4588; x_wconf 85' lang='lat' dir='ltr'><strong>Unde</strong></span> <span class='ocrx_word' id='word_1_650' title='bbox 2709 4533 2753 4588; x_wconf 89' lang='lat' dir='ltr'><strong>si</strong></span> <span class='ocrx_word' id='word_1_651' title='bbox 2782 4535 2955 4604; x_wconf 77' lang='lat' dir='ltr'><strong>pietas</strong></span> <span class='ocrx_word' id='word_1_652' title='bbox 2975 4544 3154 4589; x_wconf 79' lang='lat' dir='ltr'><strong>vestra</strong></span> <span class='ocrx_word' id='word_1_653' title='bbox 3193 4539 3525 4608; x_wconf 78' lang='lat' dir='ltr'><strong>suggestioui</strong></span> <span class='ocrx_word' id='word_1_654' title='bbox 3559 4553 3616 4593; x_wconf 80' lang='lat' dir='ltr'><strong>ac</strong></span> <span class='ocrx_word' id='word_1_655' title='bbox 3639 4532 3789 4604; x_wconf 71' lang='lat' dir='ltr'><strong>sunt“-</strong></span> 
     </span>
    </p>
   </div>
   <div class='ocr_carea' id='block_1_93' title="bbox 577 4627 2158 4698">
    <p class='ocr_par' dir='ltr' id='par_1_93' title="bbox 577 4627 2158 4698">
     <span class='ocr_line' id='line_1_93' title="bbox 577 4627 2158 4698; baseline 0.003 -18"><span class='ocrx_word' id='word_1_656' title='bbox 577 4627 858 4696; x_wconf 84' lang='lat' dir='ltr'><strong>pr.emium</strong></span> <span class='ocrx_word' id='word_1_657' title='bbox 902 4627 1021 4683; x_wconf 91' lang='lat' dir='ltr'><strong>fidei</strong></span> <span class='ocrx_word' id='word_1_658' title='bbox 1057 4628 1255 4684; x_wconf 90' lang='lat' dir='ltr'><strong>habere</strong></span> <span class='ocrx_word' id='word_1_659' title='bbox 1277 4629 1512 4698; x_wconf 85' lang='lat' dir='ltr'><strong>possitis.</strong></span> <span class='ocrx_word' id='word_1_660' title='bbox 1554 4628 1687 4683; x_wconf 90' lang='lat' dir='ltr'><strong>Data</strong></span> <span class='ocrx_word' id='word_1_661' title='bbox 1715 4628 1838 4684; x_wconf 79' lang='lat' dir='ltr'><strong>ldus</strong></span> <span class='ocrx_word' id='word_1_662' title='bbox 1875 4627 2158 4695; x_wconf 83' lang='lat' dir='ltr'><strong>Octobris,</strong></span> 
     </span>
    </p>
   </div>
   <div class='ocr_carea' id='block_1_94' title="bbox 578 4717 1577 4792">
    <p class='ocr_par' dir='ltr' id='par_1_94' title="bbox 578 4717 1577 4792">
     <span class='ocr_line' id='line_1_94' title="bbox 578 4717 1577 4792; baseline -0.001 -19"><span class='ocrx_word' id='word_1_663' title='bbox 578 4717 805 4773; x_wconf 81' lang='lat' dir='ltr'><strong>Asturio</strong></span> <span class='ocrx_word' id='word_1_664' title='bbox 834 4726 888 4774; x_wconf 93' lang='lat' dir='ltr'><strong>et</strong></span> <span class='ocrx_word' id='word_1_665' title='bbox 919 4718 1220 4792; x_wconf 86' lang='lat' dir='ltr'><strong>Protogene</strong></span> <span class='ocrx_word' id='word_1_666' title='bbox 1245 4719 1577 4775; x_wconf 89' lang='lat' dir='ltr'><strong>consulibus.</strong></span> 
     </span>
    </p>
   </div>
   <div class='ocr_carea' id='block_1_95' title="bbox 577 4875 2159 4949">
    <p class='ocr_par' dir='ltr' id='par_1_95' title="bbox 577 4875 2159 4949">
     <span class='ocr_line' id='line_1_95' title="bbox 577 4875 2159 4949; baseline 0 -18"><span class='ocrx_word' id='word_1_667' title='bbox 577 4875 812 4932; x_wconf 84' lang='lat' dir='ltr'><strong>LXXIX.</strong></span> <span class='ocrx_word' id='word_1_668' title='bbox 834 4876 1050 4932; x_wconf 74' lang='lat' dir='ltr'><strong>—l.&#39;em</strong></span> <span class='ocrx_word' id='word_1_669' title='bbox 1089 4875 1189 4949; x_wconf 70' lang='lat' dir='ltr'><strong>L_eo</strong></span> <span class='ocrx_word' id='word_1_670' title='bbox 1217 4895 1350 4947; x_wconf 77' lang='lat' dir='ltr'><strong>papa</strong></span> <span class='ocrx_word' id='word_1_671' title='bbox 1375 4878 1443 4930; x_wconf 82' lang='lat' dir='ltr'><strong>ad</strong></span> <span class='ocrx_word' id='word_1_672' title='bbox 1489 4877 1825 4931; x_wconf 76' lang='lat' dir='ltr'><strong>Auaslasium</strong></span> <span class='ocrx_word' id='word_1_673' title='bbox 1863 4879 2159 4949; x_wconf 76' lang='lat' dir='ltr'><strong>episcopum</strong></span> 
     </span>
    </p>
   </div>
   <div class='ocr_carea' id='block_1_96' title="bbox 1112 4947 1638 5002">
    <p class='ocr_par' dir='ltr' id='par_1_96' title="bbox 1112 4947 1638 5002">
     <span class='ocr_line' id='line_1_96' title="bbox 1112 4947 1638 5002; baseline -0.004 0"><span class='ocrx_word' id='word_1_674' title='bbox 1112 4947 1638 5002; x_wconf 73' lang='lat' dir='ltr'><strong>Thessalonicensem.</strong></span> 
     </span>
    </p>
   </div>
   <div class='ocr_carea' id='block_1_97' title="bbox 653 5072 2160 5148">
    <p class='ocr_par' dir='ltr' id='par_1_97' title="bbox 653 5072 2160 5148">
     <span class='ocr_line' id='line_1_97' title="bbox 653 5072 2160 5148; baseline 0.002 -20"><span class='ocrx_word' id='word_1_675' title='bbox 653 5072 924 5144; x_wconf 86' lang='lat' dir='ltr'><strong>Quantum</strong></span> <span class='ocrx_word' id='word_1_676' title='bbox 953 5077 1216 5132; x_wconf 90' lang='lat' dir='ltr'><strong>relatione</strong></span> <span class='ocrx_word' id='word_1_677' title='bbox 1247 5075 1435 5132; x_wconf 84' lang='lat' dir='ltr'><strong>llilarii</strong></span> <span class='ocrx_word' id='word_1_678' title='bbox 1465 5076 1674 5132; x_wconf 90' lang='lat' dir='ltr'><strong>diaconi</strong></span> <span class='ocrx_word' id='word_1_679' title='bbox 1702 5076 1870 5132; x_wconf 91' lang='lat' dir='ltr'><strong>nostri</strong></span> <span class='ocrx_word' id='word_1_680' title='bbox 1904 5077 2160 5148; x_wconf 87' lang='lat' dir='ltr'><strong>cognovi-</strong></span> 
     </span>
    </p>
   </div>
   <div class='ocr_carea' id='block_1_98' title="bbox 574 5167 2159 5240">
    <p class='ocr_par' dir='ltr' id='par_1_98' title="bbox 574 5167 2159 5240">
     <span class='ocr_line' id='line_1_98' title="bbox 574 5167 2159 5240; baseline 0.002 -18"><span class='ocrx_word' id='word_1_681' title='bbox 574 5181 718 5233; x_wconf 89' lang='lat' dir='ltr'><strong>mus,</strong></span> <span class='ocrx_word' id='word_1_682' title='bbox 745 5183 998 5237; x_wconf 80' lang='lat' dir='ltr'><strong>magnum</strong></span> <span class='ocrx_word' id='word_1_683' title='bbox 1027 5167 1235 5225; x_wconf 91' lang='lat' dir='ltr'><strong>facinus</strong></span> <span class='ocrx_word' id='word_1_684' title='bbox 1261 5168 1627 5225; x_wconf 75' lang='lat' dir='ltr'><strong>Alexandrino</strong></span> <span class='ocrx_word' id='word_1_685' title='bbox 1650 5171 1901 5240; x_wconf 89' lang='lat' dir='ltr'><strong>episcopo</strong></span> <span class='ocrx_word' id='word_1_686' title='bbox 1938 5181 2159 5225; x_wconf 83' lang='lat' dir='ltr'><strong>auctore</strong></span> 
     </span>
    </p>
   </div>
   <div class='ocr_carea' id='block_1_99' title="bbox 573 5259 2156 5327">
    <p class='ocr_par' dir='ltr' id='par_1_99' title="bbox 573 5259 2156 5327">
     <span class='ocr_line' id='line_1_99' title="bbox 573 5259 2156 5327; baseline 0.002 -14"><span class='ocrx_word' id='word_1_687' title='bbox 573 5259 661 5316; x_wconf 85' lang='lat' dir='ltr'><strong>vel</strong></span> <span class='ocrx_word' id='word_1_688' title='bbox 689 5268 1008 5316; x_wconf 77' lang='lat' dir='ltr'><strong>exsecutore</strong></span> <span class='ocrx_word' id='word_1_689' title='bbox 1049 5262 1397 5317; x_wconf 90' lang='lat' dir='ltr'><strong>commissum</strong></span> <span class='ocrx_word' id='word_1_690' title='bbox 1425 5272 1509 5316; x_wconf 86' lang='lat' dir='ltr'><strong>est</strong></span> <span class='ocrx_word' id='word_1_691' title='bbox 1535 5301 1550 5327; x_wconf 95' lang='lat'><strong>,</strong></span> <span class='ocrx_word' id='word_1_692' title='bbox 1576 5271 1637 5316; x_wconf 92' lang='lat' dir='ltr'><strong>ut</strong></span> <span class='ocrx_word' id='word_1_693' title='bbox 1678 5263 1813 5323; x_wconf 78' lang='lat' dir='ltr'><strong>dum</strong></span> <span class='ocrx_word' id='word_1_694' title='bbox 1840 5262 1890 5316; x_wconf 93' lang='lat' dir='ltr'><strong>in</strong></span> <span class='ocrx_word' id='word_1_695' title='bbox 1936 5261 2156 5316; x_wconf 88' lang='lat' dir='ltr'><strong>fratrem</strong></span> 
     </span>
    </p>
   </div>
   <div class='ocr_carea' id='block_1_100' title="bbox 580 5351 2156 5417">
    <p class='ocr_par' dir='ltr' id='par_1_100' title="bbox 580 5351 2156 5417">
     <span class='ocr_line' id='line_1_100' title="bbox 580 5351 2156 5417; baseline 0 -9"><span class='ocrx_word' id='word_1_696' title='bbox 580 5362 830 5408; x_wconf 90' lang='lat' dir='ltr'><strong>nostrum</strong></span> <span class='ocrx_word' id='word_1_697' title='bbox 877 5351 1191 5406; x_wconf 87' lang='lat' dir='ltr'><strong>Flavianum</strong></span> <span class='ocrx_word' id='word_1_698' title='bbox 1218 5393 1233 5417; x_wconf 89' lang='lat'><strong>,</strong></span> <span class='ocrx_word' id='word_1_699' title='bbox 1266 5361 1477 5408; x_wconf 87' lang='lat' dir='ltr'><strong>veteres</strong></span> <span class='ocrx_word' id='word_1_700' title='bbox 1514 5351 1905 5417; x_wconf 76' lang='lat' dir='ltr'><strong>:cmulationes,</strong></span> <span class='ocrx_word' id='word_1_701' title='bbox 1935 5361 1990 5408; x_wconf 89' lang='lat' dir='ltr'><strong>et</strong></span> <span class='ocrx_word' id='word_1_702' title='bbox 2033 5353 2156 5408; x_wconf 89' lang='lat' dir='ltr'><strong>odia</strong></span> 
     </span>
    </p>
   </div>
   <div class='ocr_carea' id='block_1_101' title="bbox 572 5440 2157 5515">
    <p class='ocr_par' dir='ltr' id='par_1_101' title="bbox 572 5440 2157 5515">
     <span class='ocr_line' id='line_1_101' title="bbox 572 5440 2157 5515; baseline -0.001 -17"><span class='ocrx_word' id='word_1_703' title='bbox 572 5443 786 5515; x_wconf 84' lang='lat' dir='ltr'><strong>privata</strong></span> <span class='ocrx_word' id='word_1_704' title='bbox 828 5442 1144 5504; x_wconf 77' lang='lat' dir='ltr'><strong>dcszeviunt.</strong></span> <span class='ocrx_word' id='word_1_705' title='bbox 1175 5457 1274 5497; x_wconf 91' lang='lat' dir='ltr'><strong>nec</strong></span> <span class='ocrx_word' id='word_1_706' title='bbox 1314 5442 1637 5497; x_wconf 73' lang='lat' dir='ltr'><strong>innocentia:</strong></span> <span class='ocrx_word' id='word_1_707' title='bbox 1676 5440 2039 5512; x_wconf 89' lang='lat' dir='ltr'><strong>probatissimi</strong></span> <span class='ocrx_word' id='word_1_708' title='bbox 2071 5458 2157 5497; x_wconf 85' lang='lat' dir='ltr'><strong>sa-</strong></span> 
     </span>
    </p>
   </div>
   <div class='ocr_carea' id='block_1_102' title="bbox 572 5532 2160 5602">
    <p class='ocr_par' dir='ltr' id='par_1_102' title="bbox 572 5532 2160 5602">
     <span class='ocr_line' id='line_1_102' title="bbox 572 5532 2160 5602; baseline -0.001 -13"><span class='ocrx_word' id='word_1_709' title='bbox 572 5535 846 5601; x_wconf 90' lang='lat' dir='ltr'><strong>cerdotis,</strong></span> <span class='ocrx_word' id='word_1_710' title='bbox 896 5550 993 5588; x_wconf 81' lang='lat' dir='ltr'><strong>nec</strong></span> <span class='ocrx_word' id='word_1_711' title='bbox 1047 5533 1372 5589; x_wconf 73' lang='lat' dir='ltr'><strong>Christiana:</strong></span> <span class='ocrx_word' id='word_1_712' title='bbox 1429 5534 1549 5588; x_wconf 88' lang='lat' dir='ltr'><strong>fidei</strong></span> <span class='ocrx_word' id='word_1_713' title='bbox 1617 5542 1953 5602; x_wconf 88' lang='lat' dir='ltr'><strong>parceretur.</strong></span> <span class='ocrx_word' id='word_1_714' title='bbox 2010 5532 2160 5588; x_wconf 89' lang='lat' dir='ltr'><strong>Unde</strong></span> 
     </span>
    </p>
   </div>
   <div class='ocr_carea' id='block_1_103' title="bbox 571 5621 2158 5693">
    <p class='ocr_par' dir='ltr' id='par_1_103' title="bbox 571 5621 2158 5693">
     <span class='ocr_line' id='line_1_103' title="bbox 571 5621 2158 5693; baseline -0.003 -14"><span class='ocrx_word' id='word_1_715' title='bbox 571 5626 802 5679; x_wconf 85' lang='lat' dir='ltr'><strong>multum</strong></span> <span class='ocrx_word' id='word_1_716' title='bbox 843 5624 1114 5679; x_wconf 84' lang='lat' dir='ltr'><strong>dilectioni</strong></span> <span class='ocrx_word' id='word_1_717' title='bbox 1167 5631 1271 5678; x_wconf 76' lang='lat' dir='ltr'><strong>tua:</strong></span> <span class='ocrx_word' id='word_1_718' title='bbox 1319 5622 1794 5693; x_wconf 88' lang='lat' dir='ltr'><strong>congratulamur&#39;,</strong></span> <span class='ocrx_word' id='word_1_719' title='bbox 1826 5622 1966 5692; x_wconf 91' lang='lat' dir='ltr'><strong>quod</strong></span> <span class='ocrx_word' id='word_1_720' title='bbox 2002 5630 2052 5676; x_wconf 91' lang='lat' dir='ltr'><strong>te</strong></span> <span class='ocrx_word' id='word_1_721' title='bbox 2091 5621 2158 5675; x_wconf 89' lang='lat' dir='ltr'><strong>ad</strong></span> 
     </span>
    </p>
   </div>
   <div class='ocr_carea' id='block_1_104' title="bbox 573 5714 2161 5788">
    <p class='ocr_par' dir='ltr' id='par_1_104' title="bbox 573 5714 2161 5788">
     <span class='ocr_line' id='line_1_104' title="bbox 573 5714 2161 5788; baseline 0 -19"><span class='ocrx_word' id='word_1_722' title='bbox 573 5715 721 5771; x_wconf 89' lang='lat' dir='ltr'><strong>illam</strong></span> <span class='ocrx_word' id='word_1_723' title='bbox 747 5717 1008 5788; x_wconf 87' lang='lat' dir='ltr'><strong>synodum</strong></span> <span class='ocrx_word' id='word_1_724' title='bbox 1052 5717 1131 5770; x_wconf 87' lang='lat' dir='ltr'><strong>ire</strong></span> <span class='ocrx_word' id='word_1_725' title='bbox 1155 5715 1465 5785; x_wconf 84' lang='lat' dir='ltr'><strong>cupientem</strong></span> <span class='ocrx_word' id='word_1_726' title='bbox 1507 5715 1827 5784; x_wconf 89' lang='lat' dir='ltr'><strong>opportunis</strong></span> <span class='ocrx_word' id='word_1_727' title='bbox 1867 5714 2161 5771; x_wconf 84' lang='lat' dir='ltr'><strong>obstaculis</strong></span> 
     </span>
    </p>
   </div>
   <div class='ocr_carea' id='block_1_105' title="bbox 573 5805 2158 5891">
    <p class='ocr_par' dir='ltr' id='par_1_105' title="bbox 573 5805 2158 5891">
     <span class='ocr_line' id='line_1_105' title="bbox 573 5805 2158 5891; baseline 0.002 -29"><span class='ocrx_word' id='word_1_728' title='bbox 573 5823 768 5865; x_wconf 89' lang='lat' dir='ltr'><strong>manus</strong></span> <span class='ocrx_word' id='word_1_729' title='bbox 795 5809 970 5891; x_wconf 69' lang='lat' dir='ltr'><strong>divina</strong></span> <span class='ocrx_word' id='word_1_730' title='bbox 999 5807 1250 5866; x_wconf 85' lang='lat' dir='ltr'><strong>obtinuit.</strong></span> <span class='ocrx_word' id='word_1_731' title='bbox 1282 5805 1358 5862; x_wconf 73' lang='lat' dir='ltr'><strong>Ne</strong></span> <span class='ocrx_word' id='word_1_732' title='bbox 1389 5807 1734 5862; x_wconf 82' lang='lat' dir='ltr'><strong>abstenturus</strong></span> <span class='ocrx_word' id='word_1_733' title='bbox 1781 5808 1964 5878; x_wconf 87' lang='lat' dir='ltr'><strong>procul</strong></span> <span class='ocrx_word' id='word_1_734' title='bbox 1997 5809 2158 5865; x_wconf 90' lang='lat' dir='ltr'><strong>dubio</strong></span> 
     </span>
    </p>
   </div>
   <div class='ocr_carea' id='block_1_106' title="bbox 2267 4621 3788 4694">
    <p class='ocr_par' dir='ltr' id='par_1_106' title="bbox 2267 4621 3788 4694">
     <span class='ocr_line' id='line_1_106' title="bbox 2267 4621 3788 4694; baseline -0.002 -18"><span class='ocrx_word' id='word_1_735' title='bbox 2267 4621 2466 4676; x_wconf 83' lang='lat' dir='ltr'><strong>cationi</strong></span> <span class='ocrx_word' id='word_1_736' title='bbox 2517 4630 2720 4677; x_wconf 75' lang='lat' dir='ltr'><strong>nostra:</strong></span> <span class='ocrx_word' id='word_1_737' title='bbox 2749 4623 3001 4694; x_wconf 90' lang='lat' dir='ltr'><strong>dignetur</strong></span> <span class='ocrx_word' id='word_1_738' title='bbox 3046 4641 3289 4682; x_wconf 91' lang='lat' dir='ltr'><strong>annuere</strong></span> <span class='ocrx_word' id='word_1_739' title='bbox 3314 4667 3328 4692; x_wconf 88' lang='lat'><strong>,</strong></span> <span class='ocrx_word' id='word_1_740' title='bbox 3359 4638 3417 4682; x_wconf 93' lang='lat' dir='ltr'><strong>ut</strong></span> <span class='ocrx_word' id='word_1_741' title='bbox 3463 4629 3596 4683; x_wconf 87' lang='lat' dir='ltr'><strong>intra</strong></span> <span class='ocrx_word' id='word_1_742' title='bbox 3635 4626 3788 4680; x_wconf 79' lang='lat' dir='ltr'><strong>Italiam</strong></span> 
     </span>
    </p>
   </div>
   <div class='ocr_carea' id='block_1_107' title="bbox 2266 4708 3789 4789">
    <p class='ocr_par' dir='ltr' id='par_1_107' title="bbox 2266 4708 3789 4789">
     <span class='ocr_line' id='line_1_107' title="bbox 2266 4708 3789 4789; baseline 0.001 -26"><span class='ocrx_word' id='word_1_743' title='bbox 2266 4708 2454 4764; x_wconf 86' lang='lat' dir='ltr'><strong>haberi</strong></span> <span class='ocrx_word' id='word_1_744' title='bbox 2475 4708 2714 4778; x_wconf 90' lang='lat' dir='ltr'><strong>jubeatis</strong></span> <span class='ocrx_word' id='word_1_745' title='bbox 2747 4713 3050 4782; x_wconf 90' lang='lat' dir='ltr'><strong>episcopale</strong></span> <span class='ocrx_word' id='word_1_746' title='bbox 3073 4716 3381 4782; x_wconf 89' lang='lat' dir='ltr'><strong>concilium,</strong></span> <span class='ocrx_word' id='word_1_747' title='bbox 3406 4719 3514 4773; x_wconf 87' lang='lat' dir='ltr'><strong>cito</strong></span> <span class='ocrx_word' id='word_1_748' title='bbox 3536 4716 3789 4789; x_wconf 80' lang='lat' dir='ltr'><strong>(auxiliante</strong></span> 
     </span>
    </p>
   </div>
   <div class='ocr_carea' id='block_1_108' title="bbox 2267 4800 3786 4879">
    <p class='ocr_par' dir='ltr' id='par_1_108' title="bbox 2267 4800 3786 4879">
     <span class='ocr_line' id='line_1_108' title="bbox 2267 4800 3786 4879; baseline -0.003 -23"><span class='ocrx_word' id='word_1_749' title='bbox 2267 4800 2398 4872; x_wconf 85' lang='lat' dir='ltr'><strong>Deo)</strong></span> <span class='ocrx_word' id='word_1_750' title='bbox 2422 4811 2673 4872; x_wconf 88' lang='lat' dir='ltr'><strong>poterunt</strong></span> <span class='ocrx_word' id='word_1_751' title='bbox 2693 4805 2870 4859; x_wconf 91' lang='lat' dir='ltr'><strong>omnia</strong></span> <span class='ocrx_word' id='word_1_752' title='bbox 2899 4806 3150 4860; x_wconf 90' lang='lat' dir='ltr'><strong>scandala</strong></span> <span class='ocrx_word' id='word_1_753' title='bbox 3169 4823 3286 4877; x_wconf 68' lang='lat' dir='ltr'><strong>quae</strong></span> <span class='ocrx_word' id='word_1_754' title='bbox 3311 4809 3360 4862; x_wconf 92' lang='lat' dir='ltr'><strong>in</strong></span> <span class='ocrx_word' id='word_1_755' title='bbox 3385 4808 3786 4879; x_wconf 85' lang='lat' dir='ltr'><strong>perturbationem</strong></span> 
     </span>
    </p>
   </div>
   <div class='ocr_carea' id='block_1_109' title="bbox 2269 4893 3788 4970">
    <p class='ocr_par' dir='ltr' id='par_1_109' title="bbox 2269 4893 3788 4970">
     <span class='ocr_line' id='line_1_109' title="bbox 2269 4893 3788 4970; baseline -0.001 -25"><span class='ocrx_word' id='word_1_756' title='bbox 2269 4893 2435 4948; x_wconf 89' lang='lat' dir='ltr'><strong>totius</strong></span> <span class='ocrx_word' id='word_1_757' title='bbox 2463 4893 2718 4949; x_wconf 73' lang='lat' dir='ltr'><strong>Ecclesia:</strong></span> <span class='ocrx_word' id='word_1_758' title='bbox 2747 4904 2872 4949; x_wconf 91' lang='lat' dir='ltr'><strong>sunt</strong></span> <span class='ocrx_word' id='word_1_759' title='bbox 2899 4907 3168 4951; x_wconf 88' lang='lat' dir='ltr'><strong>commota</strong></span> <span class='ocrx_word' id='word_1_760' title='bbox 3211 4901 3443 4954; x_wconf 87' lang='lat' dir='ltr'><strong>resecari</strong></span> <span class='ocrx_word' id='word_1_761' title='bbox 3471 4941 3485 4964; x_wconf 92' lang='lat'><strong>,</strong></span> <span class='ocrx_word' id='word_1_762' title='bbox 3513 4910 3568 4954; x_wconf 91' lang='lat' dir='ltr'><strong>ut</strong></span> <span class='ocrx_word' id='word_1_763' title='bbox 3603 4913 3683 4970; x_wconf 88' lang='lat' dir='ltr'><strong>per</strong></span> <span class='ocrx_word' id='word_1_764' title='bbox 3707 4893 3788 4947; x_wconf 84' lang='lat' dir='ltr'><strong>nni-</strong></span> 
     </span>
    </p>
   </div>
   <div class='ocr_carea' id='block_1_110' title="bbox 2265 4987 3787 5058">
    <p class='ocr_par' dir='ltr' id='par_1_110' title="bbox 2265 4987 3787 5058">
     <span class='ocr_line' id='line_1_110' title="bbox 2265 4987 3787 5058; baseline -0.002 -22"><span class='ocrx_word' id='word_1_765' title='bbox 2265 4998 2483 5039; x_wconf 84' lang='lat' dir='ltr'><strong>versum</strong></span> <span class='ocrx_word' id='word_1_766' title='bbox 2530 5000 2753 5056; x_wconf 91' lang='lat' dir='ltr'><strong>regnum</strong></span> <span class='ocrx_word' id='word_1_767' title='bbox 2787 4997 3026 5042; x_wconf 90' lang='lat' dir='ltr'><strong>vestrum</strong></span> <span class='ocrx_word' id='word_1_768' title='bbox 3059 4988 3344 5046; x_wconf 73' lang='lat' dir='ltr'><strong>catholica:</strong></span> <span class='ocrx_word' id='word_1_769' title='bbox 3384 4989 3506 5045; x_wconf 91' lang='lat' dir='ltr'><strong>fidei</strong></span> <span class='ocrx_word' id='word_1_770' title='bbox 3539 4987 3787 5058; x_wconf 81' lang='lat' dir='ltr'><strong>integritate</strong></span> 
     </span>
    </p>
   </div>
   <div class='ocr_carea' id='block_1_111' title="bbox 2269 5075 3785 5146">
    <p class='ocr_par' dir='ltr' id='par_1_111' title="bbox 2269 5075 3785 5146">
     <span class='ocr_line' id='line_1_111' title="bbox 2269 5075 3785 5146; baseline 0.001 -19"><span class='ocrx_word' id='word_1_771' title='bbox 2269 5081 2483 5127; x_wconf 90' lang='lat' dir='ltr'><strong>servata</strong></span> <span class='ocrx_word' id='word_1_772' title='bbox 2502 5113 2516 5137; x_wconf 90' lang='lat'><strong>,</strong></span> <span class='ocrx_word' id='word_1_773' title='bbox 2546 5083 2602 5128; x_wconf 92' lang='lat' dir='ltr'><strong>et</strong></span> <span class='ocrx_word' id='word_1_774' title='bbox 2627 5089 2815 5146; x_wconf 87' lang='lat' dir='ltr'><strong>pacem</strong></span> <span class='ocrx_word' id='word_1_775' title='bbox 2848 5075 3218 5132; x_wconf 88' lang='lat' dir='ltr'><strong>Christianam</strong></span> <span class='ocrx_word' id='word_1_776' title='bbox 3250 5094 3498 5146; x_wconf 86' lang='lat' dir='ltr'><strong>manere,</strong></span> <span class='ocrx_word' id='word_1_777' title='bbox 3524 5089 3576 5134; x_wconf 91' lang='lat' dir='ltr'><strong>et</strong></span> <span class='ocrx_word' id='word_1_778' title='bbox 3602 5085 3785 5131; x_wconf 79' lang='lat' dir='ltr'><strong>vestram</strong></span> 
     </span>
    </p>
   </div>
   <div class='ocr_carea' id='block_1_112' title="bbox 2268 5166 3784 5242">
    <p class='ocr_par' dir='ltr' id='par_1_112' title="bbox 2268 5166 3784 5242">
     <span class='ocr_line' id='line_1_112' title="bbox 2268 5166 3784 5242; baseline -0.001 -22"><span class='ocrx_word' id='word_1_779' title='bbox 2268 5166 2410 5235; x_wconf 89' lang='lat' dir='ltr'><strong>apud</strong></span> <span class='ocrx_word' id='word_1_780' title='bbox 2458 5166 2623 5221; x_wconf 90' lang='lat' dir='ltr'><strong>Deum</strong></span> <span class='ocrx_word' id='word_1_781' title='bbox 2656 5181 2905 5223; x_wconf 88' lang='lat' dir='ltr'><strong>crescere</strong></span> <span class='ocrx_word' id='word_1_782' title='bbox 2932 5169 3157 5238; x_wconf 86' lang='lat' dir='ltr'><strong>gloriam</strong></span> <span class='ocrx_word' id='word_1_783' title='bbox 3191 5171 3534 5242; x_wconf 85' lang='lat' dir='ltr'><strong>gaudeamus.</strong></span> <span class='ocrx_word' id='word_1_784' title='bbox 3581 5169 3692 5224; x_wconf 87' lang='lat' dir='ltr'><strong>Data</strong></span> <span class='ocrx_word' id='word_1_785' title='bbox 3717 5176 3784 5216; x_wconf 77' lang='lat' dir='ltr'><strong>rm</strong></span> 
     </span>
    </p>
   </div>
   <div class='ocr_carea' id='block_1_113' title="bbox 2265 5257 3778 5332">
    <p class='ocr_par' dir='ltr' id='par_1_113' title="bbox 2265 5257 3778 5332">
     <span class='ocr_line' id='line_1_113' title="bbox 2265 5257 3778 5332; baseline -0.003 -21"><span class='ocrx_word' id='word_1_786' title='bbox 2265 5257 2533 5312; x_wconf 80' lang='lat' dir='ltr'><strong>Kalendas</strong></span> <span class='ocrx_word' id='word_1_787' title='bbox 2561 5257 2778 5325; x_wconf 73' lang='lat' dir='ltr'><strong>lunias,</strong></span> <span class='ocrx_word' id='word_1_788' title='bbox 2826 5259 3046 5315; x_wconf 78' lang='lat' dir='ltr'><strong>Asturio</strong></span> <span class='ocrx_word' id='word_1_789' title='bbox 3074 5270 3129 5316; x_wconf 92' lang='lat' dir='ltr'><strong>et</strong></span> <span class='ocrx_word' id='word_1_790' title='bbox 3169 5261 3471 5332; x_wconf 87' lang='lat' dir='ltr'><strong>Protogene</strong></span> <span class='ocrx_word' id='word_1_791' title='bbox 3507 5258 3778 5317; x_wconf 84' lang='lat' dir='ltr'><strong>consulibus.</strong></span> 
     </span>
    </p>
   </div>
   <div class='ocr_carea' id='block_1_114' title="bbox 2266 5370 3781 5442">
    <p class='ocr_par' dir='ltr' id='par_1_114' title="bbox 2266 5370 3781 5442">
     <span class='ocr_line' id='line_1_114' title="bbox 2266 5370 3781 5442; baseline -0.005 -16"><span class='ocrx_word' id='word_1_792' title='bbox 2266 5370 2504 5426; x_wconf 88' lang='lat' dir='ltr'><strong>LXXXI.</strong></span> <span class='ocrx_word' id='word_1_793' title='bbox 2535 5403 2603 5411; x_wconf 97' lang='lat'><strong>—</strong></span> <span class='ocrx_word' id='word_1_794' title='bbox 2655 5371 2911 5442; x_wconf 82' lang='lat' dir='ltr'><strong>Ejusdem</strong></span> <span class='ocrx_word' id='word_1_795' title='bbox 2946 5373 3015 5426; x_wconf 88' lang='lat' dir='ltr'><strong>ad</strong></span> <span class='ocrx_word' id='word_1_796' title='bbox 3045 5372 3364 5429; x_wconf 75' lang='lat' dir='ltr'><strong>Flavianum</strong></span> <span class='ocrx_word' id='word_1_797' title='bbox 3413 5372 3781 5435; x_wconf 77' lang='lat' dir='ltr'><strong>Constantinopo-</strong></span> 
     </span>
    </p>
   </div>
   <div class='ocr_carea' id='block_1_115' title="bbox 2769 5442 3333 5514">
    <p class='ocr_par' dir='ltr' id='par_1_115' title="bbox 2769 5442 3333 5514">
     <span class='ocr_line' id='line_1_115' title="bbox 2769 5442 3333 5514; baseline 0.009 -20"><span class='ocrx_word' id='word_1_798' title='bbox 2769 5442 2992 5496; x_wconf 83' lang='lat' dir='ltr'><strong>Iitarmm</strong></span> <span class='ocrx_word' id='word_1_799' title='bbox 3020 5444 3333 5514; x_wconf 83' lang='lat' dir='ltr'><strong>episcopum.</strong></span> 
     </span>
    </p>
   </div>
   <div class='ocr_carea' id='block_1_116' title="bbox 2336 5526 3775 5609">
    <p class='ocr_par' dir='ltr' id='par_1_116' title="bbox 2336 5526 3775 5609">
     <span class='ocr_line' id='line_1_116' title="bbox 2336 5526 3775 5609; baseline 0.001 -21"><span class='ocrx_word' id='word_1_800' title='bbox 2336 5533 2465 5599; x_wconf 67' lang='lat' dir='ltr'><strong>Quae</strong></span> <span class='ocrx_word' id='word_1_801' title='bbox 2519 5541 2574 5589; x_wconf 87' lang='lat' dir='ltr'><strong>et</strong></span> <span class='ocrx_word' id='word_1_802' title='bbox 2615 5542 2813 5602; x_wconf 89' lang='lat' dir='ltr'><strong>quanta</strong></span> <span class='ocrx_word' id='word_1_803' title='bbox 2857 5533 3074 5590; x_wconf 90' lang='lat' dir='ltr'><strong>dilectio</strong></span> <span class='ocrx_word' id='word_1_804' title='bbox 3128 5546 3220 5593; x_wconf 82' lang='lat' dir='ltr'><strong>tua</strong></span> <span class='ocrx_word' id='word_1_805' title='bbox 3252 5552 3352 5609; x_wconf 90' lang='lat' dir='ltr'><strong>pro</strong></span> <span class='ocrx_word' id='word_1_806' title='bbox 3400 5535 3654 5594; x_wconf 77' lang='lat' dir='ltr'><strong>catholica:</strong></span> <span class='ocrx_word' id='word_1_807' title='bbox 3689 5526 3775 5582; x_wconf 54' lang='lat' dir='ltr'><strong>ﬁdei</strong></span> 
     </span>
    </p>
   </div>
   <div class='ocr_carea' id='block_1_117' title="bbox 2263 5622 3776 5699">
    <p class='ocr_par' dir='ltr' id='par_1_117' title="bbox 2263 5622 3776 5699">
     <span class='ocr_line' id='line_1_117' title="bbox 2263 5622 3776 5699; baseline -0.003 -17"><span class='ocrx_word' id='word_1_808' title='bbox 2263 5627 2578 5682; x_wconf 86' lang='lat' dir='ltr'><strong>defensione</strong></span> <span class='ocrx_word' id='word_1_809' title='bbox 2628 5626 2866 5697; x_wconf 90' lang='lat' dir='ltr'><strong>patiatur</strong></span> <span class='ocrx_word' id='word_1_810' title='bbox 2891 5667 2906 5690; x_wconf 91' lang='lat'><strong>,</strong></span> <span class='ocrx_word' id='word_1_811' title='bbox 2941 5628 3031 5697; x_wconf 91' lang='lat' dir='ltr'><strong>qui</strong></span> <span class='ocrx_word' id='word_1_812' title='bbox 3065 5628 3349 5684; x_wconf 90' lang='lat' dir='ltr'><strong>diaconum</strong></span> <span class='ocrx_word' id='word_1_813' title='bbox 3391 5631 3478 5699; x_wconf 91' lang='lat' dir='ltr'><strong>qui</strong></span> <span class='ocrx_word' id='word_1_814' title='bbox 3527 5627 3589 5681; x_wconf 89' lang='lat' dir='ltr'><strong>ab</strong></span> <span class='ocrx_word' id='word_1_815' title='bbox 3617 5622 3776 5692; x_wconf 78' lang='lat' dir='ltr'><strong>Epheso</strong></span> 
     </span>
    </p>
   </div>
   <div class='ocr_carea' id='block_1_118' title="bbox 2265 5713 3772 5790">
    <p class='ocr_par' dir='ltr' id='par_1_118' title="bbox 2265 5713 3772 5790">
     <span class='ocr_line' id='line_1_118' title="bbox 2265 5713 3772 5790; baseline -0.005 -20"><span class='ocrx_word' id='word_1_816' title='bbox 2265 5717 2451 5771; x_wconf 88' lang='lat' dir='ltr'><strong>furtim</strong></span> <span class='ocrx_word' id='word_1_817' title='bbox 2486 5725 2568 5772; x_wconf 88' lang='lat' dir='ltr'><strong>est</strong></span> <span class='ocrx_word' id='word_1_818' title='bbox 2598 5717 2779 5788; x_wconf 89' lang='lat' dir='ltr'><strong>lapsus</strong></span> <span class='ocrx_word' id='word_1_819' title='bbox 2807 5759 2821 5783; x_wconf 87' lang='lat'><strong>,</strong></span> <span class='ocrx_word' id='word_1_820' title='bbox 2850 5719 3222 5790; x_wconf 89' lang='lat' dir='ltr'><strong>cognovimus.</strong></span> <span class='ocrx_word' id='word_1_821' title='bbox 3255 5719 3322 5774; x_wconf 87' lang='lat' dir='ltr'><strong>Et</strong></span> <span class='ocrx_word' id='word_1_822' title='bbox 3353 5721 3474 5776; x_wconf 88' lang='lat' dir='ltr'><strong>licet</strong></span> <span class='ocrx_word' id='word_1_823' title='bbox 3520 5713 3772 5786; x_wconf 83' lang='lat' dir='ltr'><strong>magnifice-</strong></span> 
     </span>
    </p>
   </div>
   <div class='ocr_carea' id='block_1_119' title="bbox 2266 5803 3772 5892">
    <p class='ocr_par' dir='ltr' id='par_1_119' title="bbox 2266 5803 3772 5892">
     <span class='ocr_line' id='line_1_119' title="bbox 2266 5803 3772 5892; baseline -0.007 -27"><span class='ocrx_word' id='word_1_824' title='bbox 2266 5826 2384 5866; x_wconf 91' lang='lat' dir='ltr'><strong>mus</strong></span> <span class='ocrx_word' id='word_1_825' title='bbox 2431 5809 2596 5864; x_wconf 90' lang='lat' dir='ltr'><strong>Deum</strong></span> <span class='ocrx_word' id='word_1_826' title='bbox 2626 5811 2715 5881; x_wconf 87' lang='lat' dir='ltr'><strong>qui</strong></span> <span class='ocrx_word' id='word_1_827' title='bbox 2747 5819 2798 5865; x_wconf 89' lang='lat' dir='ltr'><strong>te</strong></span> <span class='ocrx_word' id='word_1_828' title='bbox 2829 5811 3014 5882; x_wconf 73' lang='lat' dir='ltr'><strong>gratia:</strong></span> <span class='ocrx_word' id='word_1_829' title='bbox 3046 5827 3154 5867; x_wconf 65' lang='lat' dir='ltr'><strong>sua:</strong></span> <span class='ocrx_word' id='word_1_830' title='bbox 3202 5812 3400 5868; x_wconf 89' lang='lat' dir='ltr'><strong>virtute</strong></span> <span class='ocrx_word' id='word_1_831' title='bbox 3431 5809 3577 5892; x_wconf 70' lang='lat'><strong>225</strong></span> <span class='ocrx_word' id='word_1_832' title='bbox 3612 5803 3772 5864; x_wconf 61' lang='lat' dir='ltr'><strong>confer</strong></span> 
     </span>
    </p>
   </div>
  </div>
