3974 6436
115 392 256 450 909
1354 377 1844 438 DECRETALIUM
1883 375 2285 434 COLLECTIO.
3308 374 3414 430 91-0

121 517 234 563 tat
258 545 273 572 ,
326 517 550 562 necesse
583 511 664 558 est
693 509 874 557 tamen
915 511 1013 553 nos
1039 496 1224 552 colere
1268 509 1456 550 eorum
1497 493 1684 548 ruinas
1711 530 1726 554 ,
1758 493 1806 552 Α
1835 489 2086 545 universa
2130 491 2375 561 corporis
2420 488 2621 545 Christi
2666 488 2908 544 membra
2956 487 3254 558 pulsantur.
3310 485 3417 543 Sed

120 615 250 669 per
276 613 414 669 quos
461 597 663 652 veritas
711 595 1075 663 impugnatur,
1115 601 1168 644 et
1208 590 1322 658 ipsa
1348 588 1514 643 totius
1545 585 1732 642 Eecle-
1837 584 1962 654 quia
1990 583 2280 654 gloriosum
2329 581 2491 637 nobis
2534 589 2653 645 est,
2697 579 2959 650 quidquid
2991 595 3088 635 nos
3116 579 3226 650 pati
3274 578 3418 634 Deus

124 691 247 745 sim
287 689 633 744 fundamenta
683 683 1017 754 quatiuntur.
1069 679 1204 747 Quia
1239 693 1368 735 vero
1398 677 1733 748 providentia
1838 673 2098 737 voluerit,
2139 687 2239 742 pro
2290 672 2519 728 veritate
2551 671 2804 736 tolerare,
2854 672 2907 725 in
2938 669 3272 726 consortium
3322 684 3422 725 vos

129 782 252 837 Dei
319 795 532 850 semper
574 778 688 834 suis
733 773 1102 832 necessarium
1149 779 1370 843 praestat
1434 769 1692 825 auxilium
1719 809 1734 835 ,
1837 766 2401 838 patientiaz.paternis
2455 765 2923 821 exhortationibus
2971 765 3319 829 advocamus,
3363 770 3425 818 ut

128 878 300 932 scire
328 874 487 931 debet
525 871 838 928 fraternitas
886 877 976 923 tua
1006 881 1105 922 nos
1149 881 1248 937 pro
1278 865 1549 921 communi
1575 878 1737 920 causa
1837 873 1937 929 per
1954 857 2293 914 dilectionem
2338 864 2596 922 vestram,
2621 857 2873 914 omnibus
2900 855 3007 912 Deo
3041 855 3423 919 servientibus,

132 966 294 1021 nihil
321 979 506 1021 eorum
537 978 657 1034 qua;
694 959 903 1032 agenda
954 965 1081 1014 sunt
1128 957 1428 1026 praeterire,
1461 964 1519 1010 ut
1547 955 1738 1026 primi-

137 1063 246 1109 tus
278 1055 348 1109 ad
391 1069 455 1111 ea
501 1069 622 1124 quae
657 1050 996 1108 universitati
1045 1047 1282 1103 ﬁdelium
1333 1050 1566 1120 prosint,
1617 1064 1740 1120 per-

133 1145 349 1200 venire
387 1160 713 1200 mereanmr.
743 1143 838 1200 Sin
885 1152 970 1199 est
996 1151 1055 1199 ut
1091 1142 1305 1200 fortiter
1351 1142 1566 1198 interim
1610 1141 1742 1197 dile-

135 1237 269 1290 ctio
302 1244 390 1290 tua
425 1236 637 1302 toleret,
665 1253 784 1306 qua:
834 1238 934 1293 sibi
965 1241 1032 1295 ad
1077 1246 1336 1295 aeternam
1362 1235 1588 1308 gloriam
1637 1250 1742 1289 non

138 1325 376 1380 dubitat
420 1326 724 1396 profutura.
757 1329 1004 1385 Perlator
1033 1345 1166 1387 sane
1196 1330 1380 1386 brevis
1430 1330 1593 1399 hujus
1632 1327 1745 1397 epi-

137 1418 310 1474 stolae
357 1419 480 1475 ﬁdei
511 1435 763 1477 sermone
808 1424 1007 1492 poterit
1030 1439 1288 1480 enarrare
1316 1421 1580 1492 quidquid
1615 1421 1746 1476 illud

138 1519 265 1574 est,
297 1510 363 1564 ad
393 1511 535 1580 quod
568 1511 858 1581 adjuvante
887 1515 1133 1577 Domino,
1165 1515 1344 1569 studio
1375 1513 1496 1568 ﬁdei
1528 1521 1582 1568 et
1617 1512 1736 1568 cha-

141 1601 341 1656 ritatis
371 1602 720 1659 intendimus.
753 1603 886 1658 Data
911 1621 969 1660 ιιι
998 1603 1268 1661 Kalendas
1289 1603 1562 1671 Octobris,
1587 1604 1721 1660 Astu

143 1695 244 1746 rio
277 1701 332 1747 et
366 1690 670 1764 Protogene
705 1695 1039 1751 consulibus.

141 1783 421 1838 LXXXII.
459 1815 530 1825 —
557 1785 724 1856 Cujus
749 1787 990 1856 superior
1017 1787 1088 1841 ad
1115 1787 1393 1842 lulianum
1427 1786 1743 1857 episcopum.

225 1877 473 1945 Cognitis
511 1895 631 1950 qum
667 1881 808 1950 apud
848 1879 1118 1951 Ephesum
1152 1881 1313 1937 unius
1355 1880 1590 1936 hominis
1620 1895 1751 1950 prae-

143 1970 467 2039 sumptione
497 1979 623 2025 sunt
657 1979 829 2043 gesta,
883 1986 1081 2040 magno
1109 1971 1328 2041 quidem
1357 1970 1539 2027 dolore
1573 1969 1750 2024 allecti

142 2071 369 2122 sumus,
400 2061 465 2115 de
489 2061 574 2116 his
599 2077 719 2132 quae
740 2061 902 2132 impie
928 2061 1241 2132 furioseque
1267 2061 1557 2118 commissa
1583 2069 1748 2124 sunt;

145 2151 256 2205 sed
287 2151 356 2206 ad
406 2152 688 2207 Dominum
725 2163 970 2208 nostrum
1003 2153 1215 2208 animos
1249 2141 1564 2222 dirigentes,
1609 2149 1751 2208 mul-

149 2251 273 2296 tam
303 2242 550 2298 ﬁduciam
583 2244 652 2298 ab
688 2244 803 2314 ipsa
835 2259 997 2314 quam
1048 2245 1329 2313 sequimur
1365 2243 1594 2297 veritate
1622 2255 1755 2296 eon-

145 2332 415 2402 cipimus,
443 2347 549 2388 non
578 2334 890 2390 omittentes
907 2334 1088 2389 omnia
1113 2350 1293 2405 agere,
1321 2349 1441 2404 quae
1457 2330 1754 2387 auxiliante

149 2423 258 2478 Dei
288 2423 482 2494 gratia,
506 2424 778 2479 credimus
808 2423 1110 2494 profutura.
1141 2423 1453 2479 Tenendum
1492 2436 1623 2492 ergo
1656 2436 1752 2476 no-

148 2514 247 2570 bis
302 2525 386 2570 est
423 2517 568 2585 quol
616 2525 878 2579 tenemus,
922 2525 978 2570 et
1018 2515 1275 2570 saeviente
1319 2514 1478 2569 unius
1523 2511 1754 2567 turbinis

147 2608 428 2678 procella,
457 2610 806 2666 serenissima
833 2609 955 2664 ﬁdei
983 2619 1066 2665 est
1091 2607 1464 2679 amplectenda
1492 2605 1756 2675 tranquil-

149 2701 308 2766 litas,
340 2701 512 2758 donec
539 2701 718 2758 radios
746 2716 873 2758 suos
899 2701 1100 2756 veritas
1141 2715 1241 2771 per
1268 2700 1518 2755 universa
1550 2696 1753 2753 dilfun-

151 2790 289 2854 dat,
335 2799 391 2846 et
417 2791 700 2864 caliginem
729 2791 1062 2848 inﬁdelitatis
1081 2801 1379 2848 consumat.
1409 2791 1540 2859 Qua:
1575 2799 1755 2846 autem

154 2883 426 2953 disposita
449 2892 575 2939 sunt
598 2901 693 2955 per
709 2885 896 2941 latoris
910 2900 1215 2943 sermonem
1241 2900 1523 2958 agnosces.
1542 2887 1676 2942 Data
1695 2901 1756 2941 ιιι

154 2975 290 3029 ldus
323 2973 592 3043 Octobris,
618 2978 837 3049 Asturip
863 2987 919 3034 et
949 2977 1250 3050 Protogene
1272 2977 1608 3033 consulibus.

157 3065 454 3123 LXXXIII.
482 3099 552 3110 —
584 3071 666 3124 Ad
697 3069 956 3125 Faustum
982 3081 1030 3126 et
1050 3081 1263 3126 ca’teros
1302 3069 1758 3125 Archimandrilas

602 3140 1238 3213 Constantinopolitanos.

238 3227 354 3284 Leo
387 3237 444 3284 et
475 3238 659 3286 saneta
686 3231 924 3302 synodus
967 3247 1090 3302 qua:
1141 3231 1194 3284 in
1233 3230 1367 3286 urbe
1408 3229 1577 3286 Roma
1629 3244 1761 3285 con-

160 3324 338 3390 venit,
393 3324 628 3389 Fausro,
679 3324 954 3390 MABTINO,
1010 3324 1217 3391 Pereo,
1266 3323 1477 3390 MAGNO,
1514 3332 1570 3378 et
1610 3323 1759 3378 ELUE

161 3414 521 3487 presbyteris,
552 3423 609 3470 et
648 3414 1102 3470 Architnandritis
1130 3413 1760 3483 Gonstantinopolitanis,

165 3507 537 3565 dilectissimis
558 3507 698 3571 ﬁliis,
734 3508 788 3564 in
822 3507 1072 3573 Domino,
1099 3507 1350 3563 salutem.

242 3583 501 3667 Quamvis
529 3614 594 3655 ea
637 3614 758 3670 quae
785 3600 852 3654 ad
881 3598 1536 3669 Constantinopolitanam
1575 3598 1765 3655 Eccle-

169 3691 310 3744 siam
351 3691 700 3761 scripsimus,
755 3691 1176 3748 sollicitudinem
1223 3690 1529 3747 devotionis
1564 3699 1764 3748 vestra:

169 3779 345 3836 latere
396 3796 504 3836 non
558 3792 821 3853 possunt,
856 3790 1034 3838 tamen
1062 3781 1230 3838 etiam
1279 3781 1606 3852 specialibus
1634 3782 1764 3839 dile-

171 3871 411 3926 ctionem
440 3884 676 3928 vestram
704 3871 902 3928 litteris
925 3872 1319 3928 cohortandam
1360 3886 1483 3929 esse
1527 3871 1765 3928 credidi—

174 3978 319 4029 mus,
347 3972 406 4017 ut
438 3977 706 4019 memores
759 3970 960 4019 sancta:
1009 3961 1359 4032 professionis
1405 3970 1601 4018 vestra:
1645 3977 1767 4033 qua:

171 4058 394 4127 proprie
415 4057 469 4112 in
499 4055 602 4112 ﬁde
629 4065 684 4114 et
710 4056 976 4112 cbaritate
1006 4055 1276 4120 consistit,
1301 4057 1484 4112 omnia
1512 4056 1766 4111 scandala

172 4166 296 4221 quae
321 4158 508 4206 contra
539 4164 724 4220 pacem
753 4149 1008 4207 Ecclesiae
1031 4156 1149 4205 orta
1179 4156 1324 4215 sunt,
1349 4163 1380 4202 a
1410 4147 1608 4205 vestris
1643 4162 1766 4204 cor-

171 4240 337 4296 dibus
357 4240 626 4311 repellatis
657 4241 798 4297 beati
839 4239 1076 4311 Apostoli
1105 4240 1432 4296 sententiam
1469 4240 1560 4311 pia
1585 4247 1769 4296 mente

177 4331 476 4387 retinentes
505 4350 519 4386 :
557 4350 576 4383 ι
600 4331 657 4388 Si
687 4332 810 4404 quis
835 4332 988 4388 vobis
1009 4331 1464 4402 evangelizaverit
1488 4339 1686 4401 praeter
1715 4329 1768 4385 id

176 4424 324 4494 quod
347 4424 654 4495 accepistis,
694 4425 984 4482 anathema
1035 4425 1107 4482 sit
1142 4421 1286 4496 (Gal.
1317 4439 1355 4489 ι,
1397 4423 1474 4494 8),
1513 4443 1532 4476 ι
1585 4431 1768 4479 custo-

177 4515 390 4571 dientes
435 4515 697 4572 unitatem
733 4532 858 4573 cum
895 4515 1064 4572 fratre
1100 4525 1289 4572 nostro
1339 4515 1600 4570 Flaviano
1653 4514 1767 4585 epi-
1792 4549 1846 4610 Ι)

176 4623 379 4679 scopo,
406 4624 564 4680 quem
621 4611 688 4664 ad
731 4618 944 4679 tempus
981 4608 1242 4665 Dominus
1284 4607 1534 4678 permisit
1575 4606 1768 4678 impio-

176 4715 299 4757 rum
334 4700 810 4768 tactioneteutari,
841 4709 901 4756 ut
945 4700 1228 4770 probatum
1274 4699 1378 4755 sibi
1429 4699 1767 4756 sacerdotem

174 4810 337 4850 suum
358 4795 772 4866 perseverantia:
793 4795 990 4850 merito
1015 4790 1215 4847 faceret
1240 4789 1546 4846 clariorem.
1571 4789 1664 4845 lla:
1679 4804 1770 4844 au-

176 4895 287 4943 tem
312 4887 766 4959 perturbationes,
784 4901 1004 4944 necesse
1023 4894 1126 4952 est,
1139 4883 1434 4939 auxiliante
1453 4881 1543 4938 Dei
1570 4883 1764 4952 gratia,

175 4979 431 5036 celeriter
453 4978 822 5045 destruantur,
845 4987 901 5034 et
921 4991 1082 5034 omne
1108 4974 1253 5047 quod
1274 4971 1565 5045 reprobum
1590 4980 1675 5028 est
1699 4972 1768 5028 ab

176 5071 434 5128 Ecclesiae
479 5073 734 5142 puritate,
774 5087 895 5142 quae
924 5085 1024 5126 nec
1069 5066 1334 5124 maculam
1360 5105 1376 5132 ,
1429 5079 1532 5121 nec
1576 5077 1766 5134 rugam

176 5163 393 5233 recipit,
430 5172 732 5233 respuatur,
766 5162 999 5218 maxime
1028 5175 1150 5216 cum
1175 5158 1243 5214 ab
1273 5158 1464 5214 insana
1496 5154 1767 5226 imperitia

178 5259 232 5314 in
263 5258 558 5326 hocusque
577 5266 906 5328 prmruptum
936 5254 1027 5317 sit,
1062 5261 1120 5308 ut
1141 5258 1329 5306 contra
1360 5255 1764 5306 sacramentum

177 5347 373 5403 salutis
422 5347 672 5402 humana:
720 5343 1110 5400 incarnationis
1161 5340 1372 5396 Domini
1416 5338 1588 5395 nostri
1638 5336 1767 5393 Jesu

176 5439 383 5497 Christi
435 5439 639 5495 veritas
678 5438 995 5510 denegetur,
1027 5445 1190 5506 atque
1217 5433 1453 5502 antiquze
1477 5430 1601 5487 ﬁdei
1635 5443 1771 5500 prae-

178 5534 389 5589 dicator
427 5540 588 5602 atque
608 5529 880 5596 defensor,
907 5530 1032 5600 quia
1063 5544 1172 5585 non
1216 5515 1489 5599 acquievit
1517 5524 1771 5594 blasphe-

180 5626 328 5690 miis,
359 5640 498 5695 quas
525 5623 652 5680 olim
683 5623 854 5679 sancti
891 5622 1079 5677 Patres
1113 5620 1285 5677 nostri
1308 5619 1360 5674 in
1385 5617 1571 5673 multis
1599 5616 1770 5671 haere-

181 5719 302 5776 ticis
345 5719 695 5782 damnavere,
728 5717 1044 5785 subjiciatur
1073 5713 1303 5784 injuriis.
1356 5712 1413 5767 ln
1445 5726 1550 5782 qua
1581 5709 1770 5778 utique

178 5811 423 5869 omnium
464 5811 674 5868 Domini
717 5808 1057 5867 sacerdotum
1091 5805 1392 5864 reverentia
1459 5803 1687 5873 ceditur,
1718 5810 1772 5858 et

1840 968 1959 1023 qua:
2006 951 2322 1022 scripsimus
2370 952 2750 1017 innotescant,
2792 948 3104 1007 etinituicis
3149 945 3427 1018 Evangelii

1843 1044 2181 1109 resistentes,
2213 1057 2312 1098 nec
2339 1042 2574 1112 pastoris
2592 1041 2756 1096 vestri
2780 1040 3147 1104 dilectionem,
3179 1053 3280 1094 nec
3308 1036 3432 1090 uni-

1845 1147 2009 1193 tatem
2049 1137 2327 1193 catholicae
2360 1137 2480 1192 ﬁdei
2509 1136 2792 1192 deseratis.
2823 1121 3189 1203 Quoniam’ea
3223 1147 3342 1203 qua:
3376 1130 3429 1184 in

1844 1231 2057 1301 Epheso
2100 1245 2270 1301 nuper
2309 1237 2496 1285 contra
2546 1229 2816 1298 justitiam
2840 1228 2922 1283 vel
2962 1241 3229 1282 canonum
3261 1226 3426 1280 disci-

1845 1325 2045 1396 plinam
2075 1339 2172 1394 per
2199 1323 2356 1379 unius
2373 1324 2618 1383 hominis
2647 1309 3038 1395 impudentiam
3082 1330 3232 1390 gesta
3267 1329 3426 1382 sunt,

1846 1417 1990 1470 nulla
2013 1415 2295 1472 catholicae
2325 1415 2447 1470 ﬁdei
2496 1416 2636 1470 ratio
2667 1424 2780 1469 rata
2810 1429 2930 1470 esse
2971 1413 3258 1484 permittit.
3297 1411 3432 1465 Data

1847 1525 1942 1565 vttt
1963 1509 2086 1564 ldus
2115 1508 2388 1575 Octobris,
2416 1508 2638 1563 Asturio
2678 1515 2733 1562 et
2773 1507 2971 1577 Protog
2992 1521 3074 1560 ‘ne
3099 1503 3433 1560 consulibus.

1882 1642 2164 1699 LXXXIV.
2206 1675 2275 1684 -—-
2313 1642 2446 1697 Item
2481 1640 2667 1766 Lleonis
2730 1641 2799 1694 ad
2851 1639 3140 1694 Martinum
3197 1639 3409 1709 presby-

2537 1727 2705 1766 erum.

2537 1727 2705 1766 erum.

1778 1853 1826 1913 Β
1921 1830 2138 1889 Gratias
2165 1829 2375 1900 agimus
2413 1827 2540 1891 Deo,
2575 1835 2630 1881 et
2656 1824 2880 1901 nndtam
2910 1822 3159 1878 ﬁduciam
3192 1822 3292 1891 phe
3337 1836 3437 1876 ex-

1853 1919 2163 1976 sultationis
2187 1918 2514 1988 accepimus,
2559 1929 2683 1970 cum
2707 1913 3049 1969 dilectionem
3092 1921 3237 1966 tuam
3263 1919 3317 1964 et
3347 1925 3441 1964 ca-

1856 2011 2113 2068 tholicam
2159 2007 2583 2072 fraternitatem,
2633 2005 2706 2060 ita
2748 2004 3046 2076 spirit-itum
3094 2002 3214 2056 ﬁdei
3257 2001 3439 2071 vigere

1854 2105 2230 2174 cognoscimus
2259 2140 2274 2167 ,
2329 2108 2388 2154 ut
2416 2097 2670 2154 cordibus
2712 2085 2908 2152 vestris
2938 2093 3068 2149 nihil
3114 2091 3445 2147 inﬁrmitatis

1855 2195 2108 2253 lueretica
2136 2192 2307 2264 possit
2346 2190 2548 2246 inferre
2591 2187 2838 2252 teutatio,
2879 2187 2945 2240 ad
2972 2200 3136 2256 quam
3182 2183 3442 2238 divinitus

1855 2287 2262 2352 destruendam,
2293 2299 2393 2340 nec
2425 2280 2612 2344 defuit,
2661 2280 2741 2352 (ut
2768 2278 2942 2349 scitis)
2995 2276 3301 2333 sollicitudo
3346 2290 3442 2330 no-

1855 2391 2114 2448 stra,nec
2148 2378 2340 2444 deerit,
2365 2377 2535 2433 donec
2575 2373 2929 2443 Omnipotens
2971 2370 3196 2426 dextera
3257 2367 3441 2422 munia

1856 2470 2052 2527 diaboli
2099 2484 2251 2523 arma
2297 2466 2622 2536 confringat.
2653 2462 2752 2519 Cui
2783 2463 2852 2517 ob
2885 2462 2985 2516 hoc
3014 2459 3214 2530 aliquid
3242 2458 3443 2512 audere

1858 2562 2212 2635 permittitur,
2241 2571 2299 2614 ιιι
2328 2574 2358 2614 a
2383 2556 2627 2615 ﬁdelibus
2648 2553 2847 2610 Christi
2875 2551 3046 2623 gloria
3078 2549 3282 2619 majore
3321 2548 3444 2602 vin-

1859 2668 2036 2714 catur.
2071 2656 2179 2712 Sed
2203 2654 2332 2727 quid
2375 2660 2556 2708 autem
2602 2647 2972 2705 dillicultatum
3006 2643 3316 2707 intervenit,
3348 2649 3446 2696 aut

1859 2762 2158 2815 morarum,
2207 2761 2330 2802 cum
2360 2741 2762 2815 aequanimitate
2802 2735 3141 2793 tolerandum
3177 2742 3282 2800 est,
3313 2747 3449 2804 quo-

1861 2844 2008 2898 niam
2051 2841 2140 2896 ubi
2168 2839 2368 2895 veritas
2409 2845 2494 2893 est
2527 2835 2809 2905 magistra,
2841 2844 3116 2899 nunquam
3147 2827 3341 2882 desunt
3370 2823 3453 2879 di—

1862 2934 1986 2988 vina
2015 2929 2228 2996 solatia,
2259 2928 2454 2982 fratres
2479 2923 2806 2980 charissimi.
2825 2919 3082 2990 Quamvis
3097 2933 3224 2989 ergo
3251 2931 3445 2986 magna

1862 3025 2103 3080 locorum
2135 3019 2415 3078 intervalla
2453 3032 2549 3073 nos
2571 3015 2831 3080 dividant,
2867 3013 3075 3067 unitate
3099 3019 3276 3064 tamen
3326 3007 3451 3060 ﬁdei

1861 3116 2140 3171 vobiscum
2167 3127 2376 3176 sumus,
2405 3119 2460 3166 et
2499 3117 2612 3164 toto
2635 3107 2802 3164 corde
2834 3104 3016 3162 Jesum
3042 3102 3316 3158 Christum
3345 3101 3447 3154 De-

1787 3206 1834 3270 C
1867 3208 2070 3263 minum
2096 3214 2340 3261 nostrum
2382 3217 2568 3258 verum
2622 3198 2810 3261 Deum,
2838 3205 2893 3252 ct
2941 3211 3127 3250 verum
3178 3193 3448 3248 hominem

1864 3299 2218 3363 conﬁtentes,
2272 3293 2417 3350 nulla
2448 3293 2502 3348 in
2530 3291 2685 3346 vobis
2721 3288 3046 3344 detrimenta
3091 3283 3446 3356 perpetimur,

1864 3405 1988 3446 cum
2027 3387 2092 3444 de
2137 3393 2328 3441 vestrae
2382 3380 2734 3454 professionis
2795 3375 3082 3434 concordia
3131 3373 3451 3444 gloriamur,

1867 3485 2073 3533 tantum
2101 3483 2159 3530 ut
2179 3475 2271 3542 sit,
2294 3472 2608 3545 (auxiliante
2634 3467 2904 3536 Domino),
2931 3463 3239 3521 constantia
3261 3473 3446 3530 perse-

1864 3584 2061 3627 verans
2089 3609 2104 3634 ,
2139 3568 2351 3624 dicente
2390 3562 2646 3635 Apostolo
2677 3581 2688 3615 :
2727 3581 2744 3613 ι
2790 3560 2955 3615 Vobis
2979 3559 3122 3614 enim
3145 3557 3328 3612 datum
3371 3561 3456 3607 est

1865 3677 1964 3732 pro
1989 3660 2206 3718 Christo
2227 3673 2333 3713 non
2363 3655 2535 3713 solum
2558 3663 2616 3708 ut
2651 3654 2702 3708 in
2730 3667 2852 3708 eum
2885 3651 3140 3714 credatis,
3173 3649 3265 3704 sed
3285 3646 3449 3701 etiam

1865 3763 1927 3809 ut
1966 3751 2176 3825 proillo
2200 3748 2476 3821 patiamini
2519 3744 2740 3818 (Philip.
2774 3745 2950 3814 1,29).
2992 3763 3010 3794 ι
3047 3741 3126 3797 Ad
3149 3755 3308 3809 quam
3341 3737 3452 3790 for—

1868 3844 2151 3902 titudinem
2176 3851 2486 3897 sanctarum
2527 3836 2788 3892 mentium
2839 3831 3221 3893 roborandam,
3254 3827 3452 3881 fratres

1865 3945 2085 3994 nostros
2115 3942 2278 4003 atque
2331 3931 2554 4001 legatos,
2586 3942 2724 3997 quos
2753 3940 2850 3996 pro
2884 3923 3190 3994 apostolicae
3237 3918 3358 3973 lidei
3391 3917 3455 3970 Ii-

1865 4028 2077 4083 bertate
2121 4021 2455 4088 direximus,
2508 4027 2564 4075 et
2613 4032 2751 4088 quos
2785 4014 2984 4070 dudum
3029 4012 3169 4081 apud
3209 4023 3307 4064 vos
3335 4023 3458 4063 esse

1867 4116 2193 4174 conﬁdimus
2219 4155 2232 4180 ,
2274 4112 2565 4184 plurimum
2611 4108 2883 4166 credimus
2939 4101 3248 4174 profuturos
3274 4141 3289 4165 ,
3332 4115 3457 4156 cum

1870 4210 2035 4265 totius
2064 4205 2294 4263 actionis
2315 4211 2513 4258 nostra:
2548 4199 2856 4257 didiceretis
2876 4195 3149 4260 allectum,
3177 4202 3234 4250 et
3267 4207 3456 4249 curam

1869 4308 2104 4357 vestram
2148 4306 2310 4367 atque
2331 4292 2614 4352 consilium
2635 4289 2783 4362 operi
2829 4287 3142 4361 junxeritis,
3172 4287 3238 4341 de
3262 4300 3367 4355 qua
3397 4298 3456 4338 re

1871 4408 1978 4448 non
2013 4405 2239 4446 necesse
2272 4399 2358 4445 est
2405 4401 2550 4441 nunc
2593 4384 2754 4439 latius
2785 4383 3047 4446 scribere,
3077 4397 3199 4437 cum
3223 4379 3337 4448 jam
3367 4393 3462 4446 per

1871 4479 2211 4552 supradictas
2255 4476 2581 4534 sullicientcs
2624 4474 2881 4546 epistolas
2910 4473 3236 4536 miserimus,
3263 4469 3460 4538 quibus

1872 4571 2338 4628 abundantissime
2359 4568 2538 4626 omnis
2567 4567 2832 4624 catholica
2871 4565 3185 4620 fraternitas
3224 4562 3461 4616 instrua-

1874 4679 1981 4734 tur,
2007 4668 2202 4724 divina:
2250 4667 2355 4724 erit
2403 4663 2624 4718 virtutis
2666 4671 2721 4717 et
2768 4658 2987 4730 grati-.e,
3035 4664 3092 4709 ut
3132 4653 3223 4708 Dei
3269 4651 3458 4715 Filius,

1872 4761 1965 4832 qui
2008 4770 2257 4815 naturam
2305 4754 2526 4812 humani
2575 4752 2792 4824 generis
2835 4762 2988 4805 suam
3027 4745 3174 4807 fecit,
3229 4742 3461 4811 amplius

1871 4869 2034 4924 quam
2065 4854 2333 4916 videmus,
2361 4859 2454 4905 aut
2491 4848 2760 4917 sapimus,
2809 4856 3061 4911 magnum
3105 4837 3324 4908 pietatis
3351 4851 3463 4890 sua:

1873 4951 2083 4998 asserat
2103 4949 2522 5004 sacramentum,
2562 4937 2704 5007 quod
2733 4933 2892 5003 impia
2925 4930 3200 4986 temeritas
3221 4927 3322 4980 sibi
3345 4926 3464 4996 qui-

1873 5034 1994 5088 dem
2034 5031 2322 5096 fraudavit,
2351 5031 2443 5085 sed
2476 5028 2639 5084 rectis
2678 5024 2932 5080 cordibus
2973 5036 3077 5074 non
3102 5020 3294 5090 potuit.
3331 5017 3462 5070 Data

1877 5123 1998 5179 Idus
2038 5121 2396 5194 Septembris,
2430 5117 2803 5174 Valentiniano
2845 5122 2900 5170 et
2942 5112 3185 5167 Avcnuio
3229 5106 3463 5165 consuli-

1873 5216 1995 5270 bus.

1958 5312 2220 5370 LXXXV.
2249 5343 2316 5353 —
2344 5311 2596 5381 Ejusdem
2639 5309 2707 5364 ad
2735 5309 3060 5364 Murtianum
3091 5307 3405 5377 Augustum.

1951 5430 2184 5486 Litteras
2221 5427 2444 5498 pietatis
2481 5433 2677 5480 vestra:
2716 5422 2990 5493 accepisse
3040 5436 3125 5475 me
3151 5417 3377 5490 gaudeo,
3409 5424 3466 5470 et

1879 5522 1945 5576 ad
1985 5520 2433 5591 significationem
2477 5517 2642 5572 totius
2663 5512 3036 5585 prosperitatis
3076 5510 3343 5581 pertinere
3366 5519 3461 5560 eo-

1878 5630 2098 5686 gnosco,
2129 5628 2249 5667 cum
2290 5623 2571 5666 sermones
2600 5609 2764 5664 vestri
2794 5623 2891 5661 vos
2923 5605 3123 5658 faciant
3155 5599 3463 5668 integritate

1878 5722 2116 5762 securos.
2139 5704 2382 5770 Quantas
2405 5703 2588 5770 itaque
2611 5698 2911 5754 clementia:
2933 5705 3120 5749 vestrae
3149 5692 3350 5764 gratias
3375 5705 3459 5742 re-

1880 5799 2136 5868 feramus,
2167 5814 2272 5855 non
2319 5813 2385 5854 ex
2433 5794 2610 5854 verbis
2657 5791 2877 5860 nostris,
2925 5789 3021 5846 sed
3069 5803 3137 5844 ex
3188 5782 3466 5842 beaeliciis
