3974 6428
607 348 706 404 9H

1422 353 1845 410 APPEND.'A.D
1885 353 2057 412 SEC.
2092 354 2192 412 ΙΧ..
2220 386 2288 399 --
2325 356 2577 416 ISIDOBI
2616 357 3056 417 MERCATORIS
3729 365 3807 422 ιιι

605 459 954 535 vestris,qu:e
967 463 1220 523 Ecclesiae
1238 465 1562 533 contulistis,
1585 468 1878 539 agnoscite,
1901 484 2014 525 non
2032 469 2198 525 ambi-
2224 474 2273 532 Α
2299 471 2622 529 clericorum
2646 473 2765 543 ejus
2791 475 3164 546 suggestiones
3185 475 3511 546 patefactum
3551 483 3646 542 est,
3683 482 3806 538 multa

604 563 792 625 gentes
815 555 1027 624 qualem
1059 555 1208 611 illum
1235 557 1618 612 retributorem
1645 557 1700 612 in
1725 557 1975 614 omnibus
2000 558 2194 614 habea-

608 645 699 711 tis,
729 661 827 715 pro
855 647 1007 716 cujus
1045 647 1178 704 estis
1217 657 1327 704 tam
1373 649 1462 720 pia
1511 649 1769 720 religione
1812 651 2092 717 sollicitus,
2138 661 2196 707 et

605 739 696 808 qui
749 753 842 794 vos
885 738 968 810 (ιιι
1018 755 1103 796 res
1150 740 1265 810 ipsa
1305 741 1662 813 demonstrat)
1691 743 1758 799 ad
1804 744 1907 800 hoc
1955 751 2016 798 ιιι
2059 742 2194 800 fides

603 829 870 886 catholica
913 833 982 886 ab
1030 833 1237 888 insidiis
1284 833 1631 892 inimicorum
1680 849 1900 890 suorum
1936 835 2192 908 defendes

603 933 788 991 retur,
830 923 1008 997 elegit.
1042 926 1222 983 Hasce
1257 944 1344 986 me
1388 945 1536 986 nunc
1580 931 1820 986 breviter
1864 946 1962 1004 per
2008 931 2192 987 fratris

601 1016 706 1069 mei
744 1015 980 1072 Anatolii
1026 1017 1253 1075 clericos
1307 1020 1483 1092 pietas
1526 1030 1708 1077 vestra
1736 1022 2018 1093 dignanter
2044 1022 2189 1078 acci-

603 1108 732 1175 piat.
784 1107 1032 1164 Pleniora
1075 1119 1255 1167 autem
1312 1113 1379 1168 de
1421 1113 1672 1170 omnibus
1724 1129 1844 1184 quae
1893 1114 1958 1169 ad
2007 1129 2192 1170 curam

603 1213 778 1252 meam
812 1216 908 1271 pro
943 1209 1086 1256 statu
1129 1201 1480 1259 ecclesiarum
1510 1211 1566 1259 et
1605 1205 1892 1260 concordia
1920 1204 2194 1276 pertinent

603 1287 816 1343 homini
845 1292 1208 1359 sacerdotum,
1242 1309 1340 1363 per
1367 1294 1568 1365 legatos
1613 1303 1830 1352 nostros
1872 1297 2078 1368 scripta
2108 1295 2190 1352 di-

602 1379 859 1434 reximus.
891 1381 1023 1436 Data
1054 1382 1176 1436 ldus
1203 1384 1422 1454 Aprilis,
1453 1385 1714 1455 Adelpltio
1743 1387 1991 1442 consule.

606 1470 890 1528 LXXXVI.
931 1504 990 1515 —-
1029 1473 1196 1545 Cujus
1243 1493 1402 1546 supra
1454 1477 1523 1531 ad
1561 1477 1837 1533 lulianum
1872 1480 2188 1548 episcopum.

677 1563 911 1618 Litteras
941 1563 1293 1619 fraternitatis
1324 1574 1425 1619 ture
1470 1582 1568 1636 per
1612 1566 1748 1622 filios
1794 1576 2008 1622 nostros
2050 1567 2192 1624 Con-

601 1655 1104 1724 stantinOpolitanos
1128 1656 1354 1711 clericos
1377 1658 1595 1712 nuntias
1627 1667 1730 1714 tuac
1757 1657 1945 1714 salutis
1984 1658 2186 1728 accepi,

601 1745 798 1816 quibus
844 1755 896 1801 te
952 1746 1159 1816 magnis
1210 1745 1642 1802 tribulationibus
1691 1757 1975 1818 gravatum
2024 1747 2190 1804 fuisse

2292 571 2439 627 sunt,
2485 578 2604 633 quae
2629 565 3014 635 indulgentius
3062 575 3188 621 sunt
3222 569 3498 632 curanda,
3541 569 3690 622 multa
3723 587 3807 640 qua

2285 648 2483 719 justins
2509 654 2827 720 coercenda,
2856 665 2917 710 ut
2939 656 2995 710 in
3039 671 3204 711 causa
3232 665 3391 711 tantm
3425 659 3805 728 perturbationis,

2293 758 2394 799 nec
2418 743 2682 802 districtio
2711 745 2874 802 nimis
2902 746 2974 801 sit
3007 761 3223 818 aspera,
3252 761 3350 802 nec
3392 748 3632 802 remissio
3667 765 3808 819 parun

2292 842 2471 899 cauta,
2501 849 2626 889 cum
2655 833 2799 889 aliud
2834 833 3309 901 satisfacientibus,
3338 835 3485 891 aliud
3512 837 3811 906 pertinacibus

2292 920 2570 978 debeatur.
2597 921 2832 979 Oll‘ertur
2850 940 2981 996 ergo
3005 924 3192 995 pietati
3221 934 3412 982 vestrae
3433 927 3591 998 digna
3618 931 3809 992 materia,

2290 1029 2410 1084 quae
2438 1014 2691 1084 placitam
2715 1017 2943 1073 Domino
2972 1031 3160 1073 curam
3188 1019 3362 1075 sancti
3389 1018 3571 1075 cordis
3596 1033 3808 1086 exerceat,

2291 1115 2346 1162 et
2368 1107 2788 1176 prmcedentium
2835 1109 3152 1164 meritorum
3177 1124 3406 1167 coronas
3432 1110 3592 1164 etiam
3621 1110 3680 1164 de
3715 1127 3811 1180 pra:-

2292 1197 2462 1254 sentis
2489 1200 2693 1256 erroris
2722 1200 3014 1256 abolitione
3043 1200 3379 1271 multiplicet.
3427 1201 3579 1258 Sicut
3601 1201 3812 1257 Nestori:-

2291 1302 2359 1342 na
2389 1288 2637 1358 impietas
2665 1289 2736 1344 ita
2766 1299 2822 1346 et
2845 1291 3159 1346 Eutichiana
3180 1291 3516 1363 blasphemia
3543 1293 3610 1348 ab
3627 1295 3809 1348 omnium

2291 1384 2376 1432 est
2429 1377 2817 1434 catholicorum
2865 1378 3191 1435 eliminanda
3245 1382 3541 1437 consortio.
3583 1381 3701 1448 Quia
3739 1391 3812 1435 tam

2292 1466 2515 1538 impium
2573 1477 2658 1524 est
2708 1470 3219 1528 consubstantialem
3274 1479 3330 1526 et
3386 1472 3811 1541 consempiternam

2292 1556 2442 1612 Patri
2469 1557 2592 1614 Filii
2620 1560 2874 1616 deitatem
2909 1562 3071 1618 etiam
3121 1577 3189 1618 ex
3235 1573 3389 1619 utero
3425 1562 3654 1634 Virginis
3679 1562 3815 1616 matris

2291 1655 2451 1716 partu
2492 1649 2690 1703 editam
2729 1664 2928 1720 negare
2973 1666 3251 1721 corporeo,
3291 1667 3458 1723 quam
3511 1668 3659 1707 unam
3685 1651 3813 1708 inDei

2292 1740 2429 1796 Filio
2451 1751 2574 1812 post
2596 1743 2984 1800 incarnationis
3009 1756 3410 1802 sacramentum
3433 1745 3690 1802 afﬁrmare
3708 1758 3816 1801 natu-

600 1837 906 1908 signiflcas,
941 1852 1063 1891 curn
1097 1836 1283 1906 utique
1320 1851 1426 1891 non
1465 1836 1694 1892 defuerit
1734 1837 1960 1892 materia
1991 1837 2189 1892 sollici-
2217 1822 2264 1882 Β
2297 1849 2433 1902 ram,
2462 1844 2520 1890 ul
2548 1836 2756 1892 scilicet
2803 1847 2896 1892 θυι
2939 1838 3247 1894 humanius
3289 1838 3408 1908 eius
3464 1838 3720 1903 ΐεῖυῑθιυτι
3753 1850 3816 1892 δαί

601 1926 770 1980 tudini
818 1935 874 1981 et
913 1926 1206 1994 laboribus,
1255 1941 1373 1996 quae
1418 1927 1558 1983 inter
1603 1943 1863 1998 procaces
1909 1928 2188 1983 catholicre

601 2019 725 2073 fidei
752 2019 1094 2075 adversarios
1118 2019 1470 2075 inhaerentem
1492 2021 1702 2075 veritati
1726 2021 1964 2076 animum
1992 2020 2189 2091 fatiga-

602 2116 744 2176 rent,
775 2109 957 2179 idque,
988 2118 1048 2164 ιιι
1071 2109 1286 2174 scribis,
1317 2108 1480 2165 fuerit
1505 2110 1683 2165 animo
1712 2119 1772 2164 ut
1801 2125 1898 2180 per
1939 2111 2186 2165 occasio-

603 2213 727 2252 nem
757 2199 1100 2254 necessitatis
1128 2208 1183 2254 et
1212 2199 1368 2254 nobis
1395 2207 1446 2254 te
1488 2207 1543 2255 et
1584 2201 1774 2272 patria:
1812 2209 2190 2270 praesentares.

603 2288 757 2354 Quod
791 2303 918 2344 vero
947 2287 1189 2344 futurum
1230 2304 1608 2360 speraveram,
1638 2299 1697 2345 ut
1728 2291 1903 2361 aptius
1949 2291 2192 2345 omnium

606 2379 984 2436 hrereticorum
1031 2381 1286 2452 ambages
1337 2390 1430 2435 tuo
1488 2396 1583 2436 ore
1627 2394 2032 2452 cognoscerem.
2084 2379 2193 2435 Sed

607 2472 811 2540 gratias
837 2488 937 2544 ago
963 2472 1090 2539 Deo,
1114 2473 1257 2544 quod
1287 2473 1361 2528 ita
1387 2473 1726 2530 incolumitas
1748 2482 1837 2528 tua
1865 2483 1921 2528 et
1941 2471 2194 2528 Ecclesia:

605 2579 772 2619 causa
797 2564 1048 2636 perfecit,
1077 2575 1130 2622 ut
1162 2565 1390 2622 liberum
1420 2567 1514 2622 tibi
1551 2566 1712 2622 fuerit
1743 2567 1883 2638 apud
1910 2582 2005 2622 eos
2052 2567 2191 2622 inte-

601 2657 708 2711 rim
733 2657 948 2728 degere,
978 2673 1209 2728 quorum
1231 2659 1386 2715 nobis
1413 2659 1684 2730 parabolis
1713 2676 2011 2716 consensus
2041 2660 2195 2716 innoé

606 2749 732 2814 tuit,
761 2749 900 2804 sicut
926 2759 981 2804 et
1013 2749 1196 2806 fratris
1231 2750 1504 2807 Anatholii
1535 2753 1731 2822 scripta
1759 2752 2106 2822 profitentur,
2138 2761 2195 2807 et

607 2847 758 2910 gesta
796 2855 918 2910 quae
946 2841 1084 2911 apud
1115 2841 1288 2910 ipsum
1317 2857 1500 2906 coram
1552 2844 1754 2899 nostris
1778 2853 1904 2898 sunt
1949 2843 2196 2898 confecta

612 2928 986 2984 demonstrant
1025 2928 1282 2984 fratribus
1327 2931 1712 2986 remeantibus.
1747 2932 1888 3004 Ergo
1925 2931 2195 3001 prredictis

610 3020 1024 3076 salutationibus
1051 3021 1476 3077 vicissitudinem
1505 3023 1691 3089 reddo;
1723 3033 1777 3078 et
1800 3033 1857 3077 ιιι
1882 3033 2069 3078 contra
2097 3023 2197 3077 fal-

605 3114 786 3168 sitatis
813 3114 1039 3170 astutias
1083 3125 1516 3184 perseverantem
1545 3115 1873 3186 diligentiam
1904 3123 2087 3171 teneas
2132 3115 2196 3169 fi-

2293 1924 2484 1990 deitas,
2513 1941 2633 1981 cum
2663 1927 2859 1984 unione
2886 1928 3166 1997 utriusque
3195 1930 3471 1994 essentize,
3501 1944 3596 1985 nec
3619 1928 3754 1983 altera
3770 1929 3816 1981 sit

2293 2013 2347 2068 in
2375 2015 2690 2070 alterutram
2719 2032 2896 2083 versa,
2928 2031 3029 2073 nec
3062 2027 3338 2089 assumpta
3368 2019 3426 2074 in
3463 2028 3740 2074 assumente
3769 2017 3812 2071 fi-

2294 2105 2423 2160 nita.
2454 2105 2558 2162 Sed
2587 2115 2642 2161 et
2669 2106 2832 2162 Verbi
2857 2109 3391 2177 incommutabilitas,
3429 2119 3486 2166 et
3510 2111 3676 2166 carnis
3701 2120 3814 2178 atque

2294 2197 2487 2252 anima:
2549 2197 2750 2254 veritas
2796 2209 3052 2255 maneant
3097 2202 3535 2272 inseparabiliter
3575 2204 3624 2256 in
3665 2203 3814 2256 unitate

2293 2301 2573 2356 persona),
2621 2288 2763 2357 quod
2809 2289 2936 2358 qui,
2979 2289 3304 2346 testificante
3349 2291 3494 2362 lege,
3540 2290 3816 2346 credentibus

2295 2379 2655 2447 patriarchis,
2725 2379 3087 2450 annitentibus
3162 2383 3486 2452 prophetis,
3558 2381 3818 2451 prtedicante

2297 2468 2609 2540 Evangelio,
2645 2471 2963 2526 docentibus
2989 2473 3263 2542 apostolis,
3300 2483 3353 2530 et
3385 2482 3502 2529 toto
3527 2473 3702 2527 mundo
3724 2487 3815 2525 conn

2296 2561 2504 2629 fitente,
2538 2579 2644 2618 non
2685 2565 2943 2630 credunt,
2994 2575 3147 2620 extra
3193 2575 3592 2621 sacramentum
3638 2564 3818 2631 corporis

2295 2653 2538 2720 Christi,
2589 2663 2741 2710 extra
2790 2656 3053 2710 unitatem
3107 2665 3245 2724 sunt,
3289 2657 3528 2712 nominis
3573 2653 3815 2710 Christiani.

2297 2744 2534 2811 Quorum
2557 2745 2695 2800 sicut
2724 2745 2934 2800 ruinam
2957 2745 3217 2812 dolemus,
3247 2747 3319 2801 ita
3341 2746 3620 2816 perfidiam
3640 2745 3817 2796 detesta-

2297 2853 2437 2891 nntr.
2473 2835 2542 2892 Ut
2571 2848 2749 2892 autem
2772 2838 2915 2894 circa
2945 2837 3126 2895 talium
3157 2855 3420 2909 personas
3474 2838 3716 2893 sincerum
3740 2849 3816 2887 ser-

2299 2939 2454 2984 vetur
2476 2931 2674 2998 ubique
2702 2931 2983 3003 judicium,
3029 2942 3082 2986 et
3125 2932 3266 2987 aliud
3311 2931 3592 2992 correctis.
3632 2938 3678 2984 ct
3716 2927 3818 2981 aliud

2298 3021 2664 3090 pertinacibus
2701 3021 3025 3091 rependatur
3049 3061 3066 3086 ,
3099 3031 3275 3076 vestra
3311 3022 3491 3090 pietas
3519 3029 3724 3082 nostros,
3753 3014 3815 3084 qui

2299 3110 2368 3164 ab
2393 3109 2687 3180 apostolica
2717 3111 2843 3164 sede
2872 3119 2997 3164 sunt
3019 3109 3192 3174 missi,
3239 3109 3427 3166 fovere
3475 3110 3715 3181 dignetur,
3755 3121 3817 3160 eo-

609 3209 800 3261 denter
820 3208 1096 3273 exhortor,
1132 3224 1253 3264 cum
1285 3207 1379 3263 tibi
1416 3209 1482 3263 ad
1517 3210 1618 3264 hoc
1648 3184 1709 3265 vet
1737 3218 1860 3265 tuus
1890 3210 2103 3264 animus
2136 3217 2192 3264 et
2222 3184 2268 3246 (ἶ
2301 3216 2528 3272 rumque
2574 3215 2768 3256 omnes
2805 3217 2940 3271 quas
2987 3201 3316 3273 iniunximus
3355 3202 3574 3272 θάἱιινεῑ
3616 3201 3814 3258 “tiones.

608 3307 794 3352 nostra
823 3298 1119 3353 auctoritas
1148 3296 1492 3370 squragctur.
1523 3300 1784 3366 Quoniam
1812 3299 1935 3354 licet
1958 3302 2024 3354 de
2055 3300 2190 3353 mul-

607 3386 678 3441 tis
716 3386 938 3440 meliora
990 3387 1223 3443 indicata
1269 3397 1415 3454 sunt,
1447 3390 1592 3460 quod
1624 3390 1829 3445 scilicet
1873 3390 2089 3445 doleant
2135 3406 2194 3446 se

608 3479 886 3548 deceptos,
939 3488 994 3535 et
1037 3480 1287 3536 damnata
1317 3483 1540 3552 perfidia
1582 3498 1703 3538 cum
1735 3483 2045 3538 auctoribus
2085 3484 2196 3540 suis

610 3571 843 3640 gratiam
896 3578 1096 3626 nostra:
1141 3573 1534 3629 communionis
1577 3583 1890 3644 exposcam,
1922 3574 2062 3644 quod
2099 3589 2197 3630 nos

608 3661 746 3716 adeo
792 3661 1023 3717 libenter
1065 3662 1391 3733 accepimus,
1427 3664 1687 3719 reddituri
1733 3665 1818 3720 his
1864 3665 2002 3720 hanc
2033 3680 2194 3732 quam

612 3753 928 3808 desiderant
955 3756 1412 3821 communionem,
1441 3772 1563 3810 eum
1596 3757 1862 3826 promissa
1891 3756 2194 3826 complevev

608 3841 738 3907 rint,
771 3842 1028 3912 quosdam
1054 3844 1345 3912 persistere
1392 3845 1445 3898 in
1481 3860 1576 3900 sua
1603 3845 1956 3901 obduratione
1993 3860 2199 3918 cogno-

611 3931 826 3998 vimus,
877 3949 1012 4003 quos
1056 3942 1270 4002 oportet
1309 3935 1604 3990 districtius
1647 3937 1963 4008 comprimi,
2011 3938 2056 3993 si
2095 3951 2196 3993 ne-

613 4032 820 4092 queunt
865 4024 1195 4095 benignitate
1239 4025 1441 4079 sanari.
1491 4027 1572 4080 Ad
1619 4042 1779 4096 quam
1831 4043 1944 4082 rem
1985 4037 2198 4086 nostros

614 4125 740 4184 post
767 4115 906 4169 diem
933 4115 1294 4170 venerabilem
1325 4117 1639 4186 dirigemus,
1687 4118 1775 4187 qui
1806 4127 1980 4172 tecum
2026 4120 2197 4188 parti-

614 4209 796 4278 cipato
826 4208 1052 4263 consilio
1075 4223 1138 4262 ea
1167 4224 1286 4278 quae
1317 4225 1347 4262 a
1377 4209 1532 4264 nobis
1559 4209 1852 4265 constituta
1881 4208 2080 4264 fuerint
2107 4226 2204 4266 ex-

605 4309 936 4372 sequantur.
966 4302 1098 4356 Data
1126 4301 1247 4358 ldus
1272 4301 1494 4363 Aprilis.
1524 4302 1811 4374 Adelphio,
1841 4301 1962 4358 viro
2007 4302 2200 4359 claris-

614 4395 778 4461 simo,
809 4393 1048 4449 consule.

722 4483 1029 4539 LXXXVII.
1060 4515 1128 4524 —
1163 4481 1266 4538 Leo
1294 4484 1364 4538 ad
1388 4482 1723 4538 Pulclieriam
1751 4487 2058 4556 Augustam.

688 4574 1014 4646 Religiosam
1074 4573 1292 4644 pietatis
1338 4582 1532 4628 vestrae
1577 4574 2034 4640 sollicitudinem,
2089 4589 2196 4646 qua

510 4715 527 4726 .
617 4667 872 4721 universo
899 4663 1120 4729 mundo,
1168 4664 1279 4719 Deo
1305 4664 1620 4734 inspirante,
1653 4666 1932 4721 consulitis
1960 4665 2200 4721 crebrio-

634 4758 768 4812 -ihus
818 4753 1068 4824 alloquiis
1115 4753 1342 4808 incitare
1391 4769 1678 4824 praesumo,
1737 4763 1794 4810 ιιι
1839 4771 2063 4826 Operum
2107 4770 2199 4812 ve-

622 4863 852 4907 strorum
873 4853 1172 4924 profectum
1197 4852 1502 4907 necessaria
1525 4850 1785 4921 perfectio
1814 4854 2200 4922 subsequatur,

621 4959 684 4997 ac
715 4945 853 4998 sicut
887 4946 952 4999 de
987 4953 1130 4999 statu
1167 4942 1774 5012 Constantinopolitano:
1793 4943 2056 4999 Ecclesite
2083 4959 2206 5014 gra-

618 5031 873 5095 tulamur,
901 5033 1051 5100 cujus
1079 5042 1131 5087 et
1162 5033 1412 5088 sacerdos
1436 5040 1489 5087 et
1511 5031 1736 5102 populus
1778 5032 2056 5087 catholicae
2101 5047 2203 5102 pu-

615 5121 795 5176 ritatis
832 5121 987 5177 fidem
1007 5122 1120 5191 jam
1153 5132 1335 5178 tenere
1365 5123 1734 5192 cognoscitur,
1775 5122 1848 5176 ita
1878 5122 2042 5176 etiam
2072 5120 2203 5176 alio-

620 5227 740 5265 rum
794 5227 1022 5268 concors
1071 5214 1346 5268 nobiscum
1395 5215 1466 5268 sit
1511 5215 1577 5269 de
1623 5214 1771 5269 verbi
1831 5213 2206 5268 incarnatione

617 5302 908 5360 confessio.
951 5304 1100 5359 Unde
1128 5307 1268 5375 quod
1316 5307 1586 5362 facturum
1616 5322 1702 5361 me
1729 5306 1852 5360 aliis
1898 5306 2090 5360 litteris
2121 5305 2204 5360 in-

619 5396 928 5452 dicaveram
968 5395 1260 5452 anensem
1313 5399 1646 5470 episcopum,
1684 5407 1740 5454 et
1783 5397 2038 5453 Basilium
2079 5412 2206 5467 prc-

620 5491 896 5561 shyterum
915 5487 1112 5544 fratres
1136 5505 1281 5545 meos
1302 5491 1535 5562 dirigere
1562 5491 1882 5562 prtepar.;vi,
1908 5491 1997 5560 qui
2027 5491 2207 5559 dispo-

621 5583 847 5640 sitioncs
902 5597 1052 5638 meas
1105 5582 1289 5637 fratris
1333 5583 1438 5638 mei
1509 5583 1743 5638 Anatolii
1791 5581 2075 5638 devotione
2120 5596 2206 5636 so-

623 5674 764 5728 ciata
792 5675 1086 5729 secundum
1129 5687 1222 5727 eas
1269 5688 1402 5742 quas
1446 5682 1770 5744 acceperunt
1817 5672 2028 5744 regulas
2056 5687 2208 5726 exsc-

625 5773 876 5832 quantur.
911 5765 1062 5821 Sicut
1103 5764 1245 5820 enim
1292 5765 1533 5836 pr.t:dicti
1581 5765 1817 5835 episcopi
1870 5763 2104 5834 scriptis,
2157 5771 2209 5817 et

2226 4535 2275 4594 D

2297 3309 2417 3364 qua:
2440 3293 2602 3348 citius
2643 3308 2708 3348 ac
2737 3292 2966 3358 facilius,
3009 3293 3301 3346 auxiliante
3350 3293 3600 3356 Domino,
3642 3305 3738 3359 qua:
3772 3287 3816 3340 ad

2298 3398 2534 3444 vestram
2569 3387 2818 3458 gloriam,
2851 3397 2906 3442 et
2930 3388 2996 3441 ad
3025 3389 3188 3442 totius
3217 3387 3484 3443 Ecclesia:
3507 3400 3676 3456 pacein
3699 3380 3813 3452 proﬁ-

2297 3481 2462 3546 ciant,
2491 3489 2874 3549 exsequantur.
2901 3480 2976 3535 De
3004 3479 3230 3536 Eutiche
3253 3489 3435 3533 autem
3469 3479 3623 3533 totius
3639 3471 3815 3531 scandali

2299 3579 2351 3624 et
2377 3569 2658 3639 pravitatis
2679 3580 2920 3634 auctore,
2941 3571 3044 3624 hoc
3067 3569 3349 3625 clementia
3380 3577 3558 3624 vestra
3584 3557 3814 3638 prrcipial.

2299 3671 2358 3716 ut
2386 3664 2454 3718 ab
2481 3678 2546 3718 eo
2572 3663 2690 3718 loco
2711 3663 2801 3734 qui
2829 3661 3439 3731 Constantinopolitanae
3463 3661 3578 3716 urbi
3611 3658 3741 3714 nimis
3758 3655 3815 3707 ri-

2299 3738 2452 3808 cinus
2481 3763 2597 3818 est,
2643 3753 2853 3824 longius
2899 3752 3278 3818 transferatur,
3309 3767 3379 3808 ne
3429 3746 3816 3821 frequentioribus

2299 3842 2506 3898 solatiis
2529 3858 2717 3898 eorum
2748 3857 2884 3912 quos
2913 3842 2979 3897 ad
3005 3842 3336 3912 impietatem
3364 3857 3521 3898 suam
3555 3839 3713 3899 traxit,
3735 3844 3814 3888 uta-

2299 3943 2406 3988 tur.
2433 3932 2760 3988 Monasterio
2785 3946 2999 4003 quoque
3023 3932 3189 4002 ipsius
3212 3932 3296 3986 cui
3317 3932 3613 4002 perniciose
3630 3927 3814 3994 indigne-

2300 4040 2406 4094 que
2440 4026 2712 4095 prmsedit,
2761 4023 3083 4079 catholicum
3129 4024 3378 4079 abbatem
3409 4023 3587 4093 jubetc
3617 4016 3811 4091 proponi.

2300 4116 2392 4186 qui
2422 4116 2565 4170 illam
2594 4130 2872 4171 servorum
2901 4114 2992 4169 Dei
3022 4114 3514 4186 congregationem,
3542 4122 3593 4168 ct
3631 4127 3658 4165 a
3697 4119 3814 4177 prato

2300 4206 2551 4279 dogmate
2574 4207 2824 4272 liberare,
2845 4215 2898 4262 et
2912 4205 3170 4261 institutis
3184 4205 3429 4261 veritatis
3446 4201 3812 4275 possitimbuere.

2302 4297 2440 4353 Data
2475 4299 2597 4353 ldus
2625 4297 2789 4361 Junii,
2817 4296 3114 4367 Adelphio,
3144 4295 3260 4350 viro
3289 4295 3605 4356 clarissimo,
3632 4284 3812 4344 consule.

2306 4389 2635 4447 LXXXVIII.
2660 4419 2732 4430 —-
2747 4388 2882 4442 Item
2903 4387 3136 4457 ejusdem
3165 4386 3234 4440 ad
3250 4385 3547 4439 Anatolium
3561 4382 3807 4451 episcopum.

2379 4482 2544 4551 226
2565 4480 2648 4535 Ad
2689 4479 3062 4534 declinandam
3095 4476 3300 4532 erroris
3327 4475 3608 4538 maculam,
3623 4485 3708 4540 qua
3723 4478 3813 4520 non-

2304 4573 2478 4629 nullos
2497 4581 2589 4626 aut
2610 4570 2928 4626 Nestoriana
2951 4570 3222 4640 impietas,
3237 4577 3329 4624 aut
3347 4567 3649 4622 Eutichiana
3669 4555 3813 4615 labefa-

2304 4665 2474 4720 ctavit
2503 4663 2733 4728 insania,
2761 4661 3083 4716 laudabilem
3114 4674 3302 4716 curam
3342 4657 3436 4712 filii
3464 4654 3622 4711 nostri
3643 4646 3811 4706 Basilius

2307 4767 2361 4812 et
2397 4755 2632 4812 Joannes
2655 4752 2976 4824 presbyteri,
3001 4767 3112 4807 sure
3139 4749 3513 4805 aestimationis
3556 4742 3808 4800 habuerunt.

2307 4859 2366 4904 ut
2389 4849 2530 4902 inter
2556 4843 2846 4916 pugnantia
2879 4845 3128 4912 dogmata
3159 4839 3430 4903 falsitatis,
3455 4850 3576 4891 vera
3602 4826 3810 4924 catholich

2309 4938 2428 4993 fidei
2459 4951 2590 5008 pace
2613 4934 2930 5006 gauderent.
2960 4931 3019 4988 Si
3068 4931 3284 5001 quidem
3331 4929 3612 5000 longinquo
3635 4931 3811 4994 peregri-

2308 5032 2543 5088 nationis
2574 5029 2756 5085 labore
2781 5035 3064 5098 suscepto,
3093 5040 3310 5082 sensum
3345 5024 3524 5080 cordis
3549 5019 3623 5076 sui
3645 5017 3687 5070 in
3719 5024 3810 5079 apo-

2307 5127 2496 5182 stolica
2525 5124 2652 5180 sede
2679 5121 3000 5194 patefecerc,
3043 5121 3364 5174 damnantes
3402 5126 3662 5181 utramque
3685 5106 3807 5160 haere-

2308 5221 2427 5284 sim,
2463 5235 2691 5289 quarum
2715 5232 2878 5286 supra
2908 5215 3138 5270 fecimus
3165 5213 3512 5276 mentionem,
3538 5219 3588 5262 et
3607 5205 3662 5258 de
3682 5200 3808 5291 incur-

2308 5311 2527 5366 natione
2575 5309 2784 5363 Domini
2813 5307 2983 5362 nostri
3011 5305 3140 5361 Jesu
3182 5305 3378 5360 Christi
3423 5318 3524 5356 non
3551 5293 3674 5352 aliud

2309 5403 2521 5472 pientes
2542 5416 2703 5470 quam
2733 5398 2876 5469 quod
2901 5399 3198 5453 instruente
3221 5406 3408 5451 sancto
3435 5391 3694 5479 Spiritu,el
3711 5377 3804 5479 (Μ’

2310 5493 2484 5547 cimus
2513 5501 2570 5546 et
2595 5490 2868 5544 docemus.
2899 5487 3004 5544 Per
3033 5488 3130 5542 hos
3168 5502 3320 5557 ergo,
3361 5485 3522 5538 frater
3539 5475 3803 5565 ειιιιιιεδιιιιε,

2311 5597 2433 5636 cum
2471 5579 2776 5635 testimonio
2803 5587 2992 5633 nostro
3020 5579 3089 5632 ad
3141 5577 3355 5647 pr0pria
3381 5577 3695 5630 revertentes,
3717 5557 3803 5612 dile-

2310 5669 2474 5725 ctioni
2516 5679 2616 5723 tute
2643 5677 2824 5722 nostra
2853 5667 3053 5738 scripta
3088 5667 3400 5729 direximus,
3427 5662 3631 5717 fidenter
3647 5655 3804 5706 οιτιιιιεε

2315 5770 2368 5815 υῑ
2428 5760 2519 5831 (ιιιῑ
2568 5758 2741 5829 ετιιεῑ³
2805 5757 3111 5829 apostolica:
3169 5751 3550 5815 communionis
3589 5744 3797 5801 ornantur.
