3974 6436
186 391 302 448 913

1436 402 1925 462 DECRETALIUM
1963 402 2362 463 COLLECTIO.

3363 404 3469 461 9N

187 507 365 563 etiam
405 518 497 568 tuo
535 511 724 572 favore
756 531 858 588 per
886 519 1070 575 omnia
1101 534 1160 576 se
1201 520 1472 590 gaudeant
1515 517 1781 587 adjuvari.
1812 520 1862 580 Α
1889 513 2140 572 berrimae
2166 517 2476 573 sanctiones
2499 517 2694 587 quibus
2720 516 2968 574 insanam
2999 513 3326 588 imperitiam
3347 532 3471 572 mod

186 597 338 655 Data
367 617 466 658 xm
503 603 773 664 Kalendas
809 608 958 677 Julii,
995 609 1282 682 Adelpbio,
1308 609 1425 666 viro
1457 608 1781 677 clarissimo,

189 694 441 750 consule.
1405 699 1408 703 ’

185 781 486 840 LXXXIX.
511 820 582 830 -—
607 790 774 863 Cujus
809 811 969 865 supra
999 794 1070 850 ad
1108 793 1433 851 Martianum
1468 795 1781 866 Augustum.

264 875 636 938 Credebamus
690 885 1030 942 clementiam
1082 896 1320 944 vestram
1378 889 1431 944 id
1511 886 1782 942 desiderio

186 976 386 1024 nostro
435 986 592 1040 posse
645 985 948 1044 praestare,
1005 987 1106 1045 ut,
1159 979 1413 1049 praesenti
1458 977 1783 1034 necessitate

187 1073 444 1131 respectu
499 1064 704 1122 differri
762 1068 1228 1140 ad'opportuuius
1271 1079 1480 1141 tempus
1532 1071 1784 1126 sacerdo-

185 1151 364 1207 talem
415 1157 678 1226 synodum
730 1157 1039 1229 jnberetis,
1085 1170 1144 1217 ut
1193 1163 1402 1217 vocatis
1449 1163 1517 1218 de
1571 1161 1782 1217 cunctis

186 1244 494 1311 provinciis
527 1249 904 1307 sacerdotibus
933 1266 1060 1308 vere
1106 1262 1291 1323 posset
1327 1268 1448 1308 esse
1480 1251 1786 1308 universale

186 1334 507 1391 concilium.
534 1337 661 1408 Sed,
687 1341 810 1411 quia
833 1359 928 1398 vos
954 1359 1139 1400 amore
1183 1343 1463 1400 catholicm
1493 1343 1614 1400 fidei
1650 1360 1781 1400 con-

188 1427 564 1494 gregationem
596 1446 741 1487 nunc
788 1433 904 1490 fieri
940 1435 1202 1501 voluistis,
1233 1451 1300 1491 ne
1326 1437 1520 1492 devoto
1563 1435 1786 1492 obviare

184 1517 412 1574 viderer
456 1522 720 1587 arbitrio,
778 1524 1002 1581 fratrem
1053 1537 1108 1582 et
1166 1529 1539 1598 coepiscopum
1605 1542 1782 1582 meum

184 1605 550 1666 Paschasium
578 1614 644 1668 de
687 1615 874 1671 eadem
928 1618 1208 1688 provincia
1241 1635 1360 1690 quae
1407 1619 1619 1674 videtur
1664 1633 1784 1674 esse

184 1701 483 1768 securior,
536 1703 857 1774 evocatum,
922 1710 1014 1781 qui
1067 1711 1240 1766 vicem
1291 1711 1592 1782 praesentiae
1650 1725 1786 1767 mere

183 1794 369 1864 possit
424 1795 650 1867 implere
717 1798 942 1870 direxi,
998 1801 1309 1870 Bonifacio,
1374 1802 1542 1858 fratre
1595 1811 1784 1858 nostro

1885 607 2184 661 nacborum
2208 607 2412 677 dignati
2431 608 2563 664 estis
2582 608 2852 677 parcendo
2872 607 3130 678 plectere,
3152 615 3207 662 et
3229 605 3471 662 docendo

1884 697 2098 765 punire,
2131 705 2190 751 ut
2222 697 2269 752 si
2297 712 2390 752 eos
2440 699 2508 754 ad
2557 699 2933 768 paenitentiam
2982 697 3260 754 miseratio
3293 697 3473 754 divina

1883 788 2232 852 converterit,
2281 788 2465 844 multis
2493 788 2770 861 lacrymis,
2797 799 2851 845 et
2879 805 2910 844 a
2943 789 3189 845 nefandis
3213 789 3470 854 caedibus,

1884 888 1937 935 et
1959 879 2026 934 ab
2057 878 2434 935 haereticorum
2457 879 2808 952 blasphemiis
2837 881 3131 937 diluantur.
3157 879 3311 948 Quod
3342 894 3474 936 vero

1883 969 2158 1042 piissimus
2186 967 2482 1040 imperator
2509 973 2576 1026 ad
2601 986 2792 1027 omnes
2817 972 3101 1042 episcopos
3129 971 3220 1042 qui
3247 968 3476 1026 Chalce-

1883 1059 2332 1130 donensisynodo
2351 1059 2667 1127 interfuere,
2690 1060 2964 1116 voluitme
2991 1060 3190 1130 scripta
3215 1059 3474 1130 dirigere,

1882 1151 2080 1220 quibus
2094 1165 2214 1220 quae
2235 1149 2344 1206 illic
2361 1150 2426 1206 de
2449 1149 2572 1206 ﬁdei
2595 1160 2720 1208 sunt
2735 1151 2922 1222 regula
2939 1151 3158 1208 definita
3178 1150 3474 1216 firruarem,

1884 1241 2119 1298 libenter
2149 1240 2389 1312 implevi,
2413 1255 2515 1297 nec
2540 1241 2702 1298 fallax
2733 1243 3022 1314 quisquam
3047 1240 3320 1297 simulatio
3353 1253 3479 1295 sen-

1885 1332 2108 1387 tentiam
2165 1346 2342 1386 meam
2408 1331 2597 1387 haberi
2647 1331 2809 1388 vellet
2868 1331 3155 1396 incertam,
3213 1343 3335 1384 cum
3378 1341 3481 1399 per

1883 1420 2541 1492 Constantinopolitanum
2561 1409 2901 1493 episcopum,
2925 1422 3012 1476 cui
3030 1419 3273 1474 laetitiam
3297 1431 3477 1473 meam

1883 1514 2102 1584 largiter
2127 1513 2378 1578 iudicavi,
2397 1513 2454 1566 ini
2472 1512 2717 1568 Omnium
2759 1512 2998 1582 potuerit
3020 1511 3269 1566 notitiam
3292 1521 3480 1578 perve-

1885 1605 2002 1659 nire
2029 1605 2170 1674 quod
2197 1605 2543 1675 scripseram,
2574 1605 2678 1660 nisi
2711 1605 2992 1660 maluisset
3019 1617 3197 1658 meum
3220 1600 3476 1672 gaudium

1887 1703 2068 1750 tacere
2095 1709 2259 1764 quam
2289 1695 2558 1764 repulsam
2592 1695 2680 1778 sui
2712 1694 2944 1750 ambitus
2977 1684 3276 1763 publicare,
3311 1689 3476 1773 fratri

1885 1793 1940 1840 et
1967 1786 2290 1854 coepiscopo
2323 1800 2446 1840 meo
2474 1783 2690 1841 Juliano
2726 1785 2812 1841 cui
2852 1783 3271 1841 sollicitudinem
3300 1795 3478 1836 meam

185 1886 641 1956 compresbytero
666 1890 892 1956 sociato,
927 1869 983 1948 et
1016 1892 1100 1948 bis
1123 1891 1258 1962 quos
1281 1901 1438 1946 antea
1465 1893 1784 1948 miseramns
1815 1869 1859 1929 Β
1892 1878 1947 1934 in
1996 1893 2217 1933 causam
2276 1876 2400 1932 ﬁdei
2455 1876 2718 1962 ἀθῐοεανί,
2756 1891 2887 1949 ιοεο
2939 1884 3001 1931 ιη
3049 1888 3170 1931 eam
3225 1871 3480 1928 “audam

187 1971 489 2039 adiunctis,
515 1985 821 2033 consortem
865 1980 969 2036 illis
1000 1981 1221 2036 fratrem
1249 1997 1463 2053 quoque
1486 1999 1663 2038 meum
1695 1983 1788 2039 Ju-

185 2063 399 2119 lianum
446 2068 706 2126 addentes
757 2073 1088 2144 episcopum.
1119 2074 1265 2142 Quos
1312 2090 1376 2130 ea
1415 2073 1789 2132 moderatione

187 2158 474 2225 universa,
503 2159 730 2216 Domino
747 2163 1063 2231 auxiliante,
1088 2166 1360 2222 credimus
1381 2182 1500 2224 esse
1515 2178 1786 2240 gesturos,

189 2257 260 2302 ut
285 2263 625 2320 quaecunque
652 2251 704 2306 in
729 2253 1003 2322 querelam
1034 2257 1606 2328 perturbationemque
1629 2271 1792 2313 vene-

188 2345 327 2392 runt
373 2339 441 2392 ad
499 2340 758 2395 unitatem
806 2343 957 2412 pacis
1005 2353 1060 2399 et
1095 2344 1239 2410 fidei,
1287 2361 1600 2417 compressa
1641 2347 1791 2403 omni

187 2427 537 2485 dissensione
598 2443 948 2500 revocentur,
1009 2451 1108 2491 nec
1157 2437 1321 2490 ullum
1379 2438 1432 2492 in
1485 2439 1788 2509 aliquorum

190 2522 455 2579 cordibus
474 2529 838 2592 sacerdotum,
865 2529 946 2584 vel
970 2528 1326 2596 Nestorianaa,
1350 2532 1431 2587 vel
1459 2532 1793 2590 Eutichianze

190 2612 495 2683 impietatis
517 2617 806 2686 ves:iginm
843 2619 1200 2691 relinquatur,
1234 2622 1490 2692 quoniam
1521 2623 1790 2678 catholica

190 2702 334 2758 fides
363 2720 524 2774 quam
573 2707 869 2764 instruente
923 2725 1022 2766 nos
1052 2711 1254 2781 Spiritu
1301 2712 1392 2767 Dei
1431 2729 1528 2783 per
1573 2725 1793 2772 sanctos

193 2795 393 2850 Patres
433 2801 476 2851 a’
500 2798 672 2853 beatis
718 2801 974 2868 apostolis
1020 2800 1344 2866 didicimus,
1402 2811 1456 2858 et
1494 2804 1749 2860 docemus
1775 2845 1791 2870 ,

195 2894 454 2942 neutrum
489 2889 782 2958 subrepere
809 2893 1087 2960 permittat
1111 2889 1375 2948 errorem.
1420 2892 1474 2949 Si
1502 2895 1630 2963 quid
1661 2909 1790 2962 ergo

196 2981 539 3046 morborum,
564 2980 608 3035 si
631 2982 772 3051 quod
803 2992 887 3038 est
910 2982 1213 3048 vulnerum,
1238 2983 1364 3053 quid
1390 2984 1604 3039 sincera
1625 2985 1798 3056 possit

198 3071 545 3126 correctione
571 3073 931 3136 curari,utad
959 3089 1144 3128 veram
1168 3076 1454 3129 sanitatem
1486 3085 1794 3145 revocetur,

198 3169 474 3229 optamus.
517 3162 649 3230 Qum
696 3180 841 3219 nunc
869 3165 1056 3236 utique
1111 3181 1217 3220 non
1262 3174 1421 3220 erant
1459 3167 1642 3233 dubia,
1693 3184 1796 3223 nec

201 3250 527 3322 cujusquam
573 3255 904 3325 simplicitati
949 3257 1200 3326 deinceps
1233 3257 1499 3323 nocitura,
1545 3259 1591 3312 si
1639 3257 1797 3313 nullis

203 3359 269 3400 se
293 3347 732 3404 excusationibus
782 3349 1015 3404 voluerit
1039 3351 1386 3416 obumbrare,
1433 3367 1555 3406 cum
1583 3353 1802 3408 absolu-

203 3437 410 3493 tionem
458 3440 664 3509 peccati
715 3457 819 3495 non
867 3442 1138 3508 obtineat,
1187 3442 1289 3496 nisi
1332 3457 1457 3496 vera
1506 3443 1797 3498 confessio.

204 3526 346 3594 Quia
379 3545 509 3584 vero
535 3531 752 3599 quidam
785 3531 850 3586 de
879 3530 1136 3586 fratribus
1155 3532 1320 3602 (quod
1350 3533 1466 3588 sine
1486 3533 1668 3589 dolore
1693 3550 1798 3589 non

206 3618 461 3691 dicimus)
494 3628 684 3674 contra
719 3621 959 3677 turbines
990 3622 1244 3676 falsitatis
1294 3638 1400 3678 non
1449 3622 1667 3679 valuere
1707 3638 1802 3678 ca-

209 3708 467 3763 tholicam
503 3717 688 3765 tenere
717 3711 1100 3776 constantiam,
1135 3712 1450 3780 przedictum
1485 3713 1708 3766 fratrem
1747 3719 1803 3766 et

208 3801 588 3870 coepisc0pum
633 3817 812 3854 meum
856 3802 975 3857 vice
1007 3817 1121 3856 mea
1153 3804 1358 3874 synodo
1382 3803 1636 3858 convenit
1666 3818 1804 3874 prze-

208 3891 413 3956 sidere,
449 3900 630 3946 certus
662 3889 805 3962 quod
829 3892 1033 3962 absque
1060 3894 1184 3948 odio
1223 3904 1278 3948 et
1303 3893 1476 3964 gratia
1507 3893 1705 3948 ibidem
1733 3893 1803 3949 ab

210 3984 321 4050 his,
379 3984 575 4053 quibus
630 3985 733 4040 hoc
780 3987 1169 4052 commisimus,
1223 3985 1518 4052 laboretur,
1576 3994 1634 4040 ut
1677 3999 1803 4040 cum

210 4073 381 4127 solius
452 4076 720 4130 haeretica:
788 4077 1084 4146 impietatis
1138 4078 1349 4132 excidio
1416 4078 1468 4130 in
1551 4077 1804 4135 omnibus

211 4166 473 4221 Ecclesiis
527 4167 621 4222 Dei
674 4168 872 4222 veritas
930 4177 1117 4239 regnet
1165 4177 1218 4223 et
1267 4169 1523 4223 charitas.
1561 4167 1696 4224 Data
1743 4185 1798 4224 vt

212 4256 487 4314 Kalendas
509 4258 655 4324 Julii,
685 4258 948 4330 Adclphio
974 4261 1088 4314 viro
1115 4261 1418 4315 clarissimo
1451 4260 1696 4315 consule.

330 4346 441 4403 XC.
470 4379 537 4389 —-
561 4345 726 4418 Cujus
746 4366 906 4414 supra
931 4350 998 4403 ad
1024 4349 1356 4404 Puto/teriam
1381 4350 1691 4418 Augustam.

288 4439 547 4506 Quamvis
580 4440 757 4494 nullas
780 4455 924 4494 nunc
949 4439 1156 4494 litteras
1185 4449 1285 4493 tuae
1316 4440 1533 4510 pietatis
1581 4454 1806 4510 accepe-

214 4532 346 4593 rim,
387 4530 659 4586 scribente
709 4539 887 4585 tamen
941 4529 1332 4602 gloriosissimo
1371 4530 1638 4600 principe,
1695 4545 1805 4584 non

215 4621 378 4678 aliter
404 4621 711 4693 dignatione
738 4622 907 4691 ipsius
933 4636 1052 4676 sum
1093 4621 1329 4691 gavisus,
1356 4635 1516 4689 quam
1549 4620 1593 4676 si
1640 4620 1802 4676 etiam

217 4722 329 4768 tua:
359 4712 668 4767 serenitatis
693 4712 1048 4767 redderentur
1086 4711 1337 4780 alloquia.
1371 4709 1523 4766 Unde
1572 4725 1804 4766 consue-

216 4805 461 4862 tudinem
509 4819 596 4859 me
639 4804 872 4859 debitam
905 4803 1007 4857 mei
1037 4801 1197 4856 oﬂicii
1229 4804 1469 4873 oportuit
1507 4802 1806 4867 custodire,

218 4912 319 4968 per
358 4911 522 4966 quam
576 4893 936 4968 significarem
976 4895 1277 4949 clementia:
1316 4905 1509 4949 vestrae
1562 4893 1808 4949 absolute

219 5001 312 5042 me
337 4987 593 5056 gaudere,
625 4995 680 5042 et
710 4986 1120 5041 incessabilibus
1166 5002 1198 5040 a
1245 4987 1354 5041 Deo
1409 4985 1662 5056 precibus
1709 5001 1808 5056 po-

221 5076 450 5143 stulare,
478 5085 539 5132 ut
558 5092 654 5132 vos
683 5085 737 5132 et
761 5075 1019 5132 Romanae
1059 5077 1371 5147 reipublicae
1398 5077 1679 5132 catholicae
1709 5077 1812 5132 Ec-

222 5168 407 5224 clesia:
457 5168 511 5223 in
539 5167 686 5223 omni
735 5169 1092 5238 prosperitate
1143 5175 1449 5224 conservet.
1496 5167 1572 5222 De
1629 5169 1815 5239 vigore

221 5267 407 5312 autem
446 5257 566 5312 lldei
602 5268 790 5313 vestrae
812 5259 951 5328 quod
983 5259 1354 5315 indesinenter
1380 5259 1607 5314 Domino
1639 5259 1814 5314 sacri-

224 5351 410 5404 ficium
449 5348 620 5404 laudis
671 5351 898 5416 offertis,
951 5363 1184 5421 quantas
1237 5351 1343 5407 Deo
1399 5352 1604 5420 gratias
1659 5367 1813 5421 agam

223 5454 487 5495 enarrare
534 5455 638 5494 non
668 5440 844 5507 valeo,
877 5453 1135 5511 quantum
1183 5442 1521 5513 principibus
1559 5443 1816 5513 temporis

224 5531 399 5586 nostri
434 5541 558 5586 non
610 5529 780 5586 solum
821 5533 1115 5600 potentiam
1148 5533 1370 5604 regiam,
1403 5533 1498 5588 sed
1526 5533 1690 5588 etiam
1725 5539 1816 5586 sa"-

206 5620 558 5678 cerdotalem
575 5624 950 5694 cognoscimus
975 5624 1153 5679 inesse
1177 5623 1500 5679 doctrinam.
1524 5623 1816 5680 Judicaute

227 5715 374 5770 enim
417 5713 584 5771 fratre
630 5732 752 5773 meo
785 5714 997 5772 Iuliano
1023 5716 1298 5786 episcopo,
1352 5725 1716 5788 pervenerunt
1745 5716 1812 5770 ad

229 5823 330 5864 nos
363 5807 414 5864 in
448 5809 844 5882 exemplaribus
877 5810 1286 5883 perceptiouuui
1317 5823 1618 5869 vestrarum
1672 5811 1815 5867 salu-

1824 3217 1870 3278 C

1836 4583 1882 4642 D

1890 1969 2133 2040 praebere
2176 1960 2609 2038 dignemini'qua
2657 1970 2847 2039 pietati
2896 1977 3094 2024 vestrae
3131 1965 3302 2036 possit
3359 1979 3482 2034 quae

1889 2056 2188 2114 universali
2215 2056 2472 2112 Ecclesiae
2515 2057 2624 2112 sint
2672 2057 2954 2126 profutura
2992 2069 3307 2126 suggerere.
3344 2053 3482 2108 Data

1889 2165 1968 2204 xu
1995 2148 2267 2205 Kalendas
2299 2147 2522 2218 Aprilis,
2550 2130 2800 2208 Opilione
2831 2146 2948 2203 viro
2977 2144 3310 2222 clarissimo
3355 2157 3485 2200 con-

1890 2241 2030 2296 sule.

1992 2332 2127 2390 XCI.
2149 2332 2315 2387 --Ad
2341 2330 2636 2387 Maximum
2658 2331 3034 2387 Antiochenam
3057 2330 3376 2400 episcopum.

1961 2421 2230 2492 Quantum
2270 2422 2544 2478 dilectioni
2603 2430 2708 2476 tua:
2749 2422 2960 2491 placeat
3004 2416 3308 2473 communis
3360 2414 3486 2470 fidei

1865 2495 2262 2570 sacratissima
2284 2513 2488 2578 unitas,
2517 2521 2574 2568 et
2611 2512 2762 2582 pacis
2781 2509 3169 2566 ecclesiasticae
3197 2504 3486 2576 tranquilla

1892 2603 2204 2667 concordia,
2247 2601 2555 2657 litterarum
2582 2609 2795 2655 tuarum
2836 2606 3016 2654 textus
3037 2596 3298 2661 ostendit,
3345 2609 3483 2664 quas

1894 2695 1963 2751 ad
1989 2709 2088 2764 nos
2114 2693 2211 2748 filii
2245 2693 2417 2748 nostri
2461 2691 2761 2746 Martianus
2786 2691 3089 2762 presbyter,
3111 2696 3167 2743 et
3195 2685 3478 2758 Olympius

1895 2785 2156 2839 diaconus
2181 2781 2446 2846 detulere,
2471 2796 2536 2836 eo
2582 2781 2740 2836 nobis
2764 2779 3033 2850 gratiores
3058 2776 3188 2847 quid
3216 2789 3314 2846 per
3339 2776 3486 2844 ipsas

1896 2875 2130 2945 alloquia
2157 2874 2368 2930 alterna
2393 2874 2702 2938 miscemus,
2732 2880 2787 2927 et
2816 2871 2990 2942 magis
3019 2869 3300 2940 magisque
3327 2867 3484 2922 inno-

1895 2978 2105 3024 tescere
2129 2966 2358 3037 gratiam
2389 2965 2504 3030 Dei,
2528 2978 2636 3034 qua
2682 2962 2740 3017 fit
2789 2973 2848 3016 ut
2879 2975 2976 3032 per
3005 2969 3179 3015 totum
3226 2956 3486 3012 mundum

1897 3060 1965 3116 de
2010 3057 2298 3114 manifesto
2331 3055 2614 3111 catholicae
2639 3054 2887 3110 veritatis
2933 3053 3138 3106 lumine
3168 3049 3490 3121 gaudeatur.

1899 3147 2158 3215 Quamvis
2215 3147 2393 3218 (quod
2440 3145 2670 3201 multum
2716 3142 2992 3214 dolemus)
3039 3140 3260 3210 quidam
3313 3139 3492 3194 adhuc

1903 3241 2045 3292 sicut
2099 3251 2280 3292 sermo
2338 3235 2544 3290 indicat
2606 3233 2972 3296 nuntiorum,
3050 3231 3302 3285 tenebras
3362 3240 3492 3282 suas

1904 3329 2151 3399 diligant,
2186 3335 2242 3382 et
2287 3341 2411 3382 cum
2459 3324 2659 3394 ubique
2709 3323 2816 3379 diei
2851 3322 3106 3392 splendor
3132 3329 3355 3375 exortus
3391 3318 3486 3384 sit,

1904 3419 2071 3475 etiam
2103 3432 2250 3474 nunc
2295 3417 2559 3473 caecitatis
2609 3429 2721 3470 suae
2751 3413 3092 3468 delectentur
3126 3411 3384 3474 obscuro,
3434 3417 3492 3463 et

1903 3511 2114 3582 perdita
2167 3509 2272 3564 fide
2322 3508 2436 3566 solo
2493 3518 2549 3563 et
2603 3521 2778 3561 vacuo
2837 3502 3202 3560 remanserint
3268 3499 3486 3554 nomine

1903 3600 2221 3665 Christiani,
2250 3612 2356 3653 non
2381 3598 2646 3652 habentes
2664 3593 3097 3665 intelligentiam,
3121 3606 3226 3660 qua
3246 3603 3490 3645 errorem

1905 3692 1972 3745 ab
2013 3704 2202 3746 errore
2232 3688 2563 3752 discernunt,
2611 3695 2666 3742 et
2716 3683 3109 3753 blasphemiam
3157 3679 3391 3736 Nestorii
3423 3677 3494 3732 ab

1905 3781 2150 3837 Eutichis
2217 3780 2496 3849 impietate
2563 3777 2918 3848 distinguant.
2986 3773 3098 3828 Nec
3161 3772 3310 3826 enim
3369 3771 3492 3825 ideo

1905 3871 2234 3930 excusabilis
2263 3869 2430 3925 videri
2454 3868 2636 3940 aliqua
2678 3882 2867 3923 eorum
2898 3865 3106 3920 falsitas
3134 3869 3331 3933 potest,
3362 3861 3491 3930 quia

1906 3963 2008 4034 ipsi
2048 3969 2176 4018 sunt
2229 3959 2312 4015 in~
2339 3975 2435 4016 sua
2487 3957 2845 4030 perversitate
2890 3953 3174 4011 contrarii.
3206 3950 3340 4006 Nam
3366 3966 3492 4006 cum

1907 4059 2216 4115 Nestorium
2247 4055 2552 4112 Euticbctis
2590 4052 2841 4123 discipuli
2864 4051 3224 4114 detestentur,
3252 4054 3308 4102 et
3345 4045 3496 4100 Euti-

1907 4152 2046 4206 chen
2086 4147 2552 4202 anatliematizent
2590 4142 2828 4198 Nestorii
2857 4147 3179 4203 sectatores,
3203 4135 3498 4192 catholico-

1908 4253 2027 4296 rum
2061 4237 2269 4308 judicio
2291 4251 2421 4306 pars
2444 4243 2675 4304 utraque
2698 4234 3008 4296 damnatur,
3043 4236 3099 4284 et
3127 4227 3301 4282 ambae
3327 4223 3491 4280 simul

1907 4335 2142 4391 haereses
2166 4345 2197 4385 a
2227 4335 2453 4399 corpore
2478 4326 2737 4382 Ecclesim
2763 4331 3101 4388 resecantur,
3129 4321 3255 4391 quia
3301 4327 3496 4374 neutra

1908 4425 2116 4480 falsitas
2161 4421 2443 4478 nobiscum
2496 4425 2675 4489 potest
2717 4417 2923 4471 habere
2963 4412 3332 4471 concordiam.
3383 4409 3495 4464 Nec

1911 4522 2134 4574 interest
2161 4529 2270 4585 quo
2298 4510 2582 4580 sacrilegio
2627 4509 2696 4564 ab
2747 4504 3138 4563 incarnationis
3196 4500 3492 4558 Dominica:

1911 4610 2138 4666 veritate
2154 4603 2488 4669 discordem,
2511 4601 2638 4656 dum
2661 4599 2715 4655 id
2727 4598 2870 4669 quod
2891 4595 3210 4667 pravissime
3233 4589 3494 4656 sentiunt,

1911 4717 2012 4758 nec
2054 4698 2352 4754 auctoritas
2391 4691 2696 4762 Evangelii,
2728 4703 2830 4745 nec
2872 4685 3010 4740 ratio
3057 4683 3284 4752 recipiat
3309 4693 3496 4735 sacra-

1911 4791 2099 4848 menti.
2123 4789 2191 4844 Et
2206 4788 2349 4853 ideo,
2367 4784 2538 4839 frater
2561 4780 2901 4844 charissime,
2919 4785 3132 4847 oportet
3154 4772 3500 4828 dilectionem

1913 4892 2062 4937 tuam
2091 4889 2206 4936 toto
2228 4879 2394 4934 corde
2413 4874 2748 4946 perspicere,
2771 4867 2926 4939 cujus
2957 4866 3212 4922 Ecclesiae
3234 4864 3504 4936 guberna-

1909 4973 2046 5030 culis
2071 4981 2125 5028 te
2149 4970 2408 5026 Dominus
2421 4965 2653 5022 voluerit
2668 4961 2977 5034 praesidere,
2993 4967 3048 5013 et
3061 4955 3177 5025 ejus
3189 4955 3502 5010 meminisse

1913 5067 2213 5131 doctrinae,
2273 5076 2436 5133 quam
2486 5057 2792 5130 praecipuus
2834 5051 3201 5123 apostolorum
3256 5048 3500 5104 omnium

1914 5155 2260 5211 beatissimus
2319 5152 2513 5206 Petrus
2566 5161 2664 5217 per
2722 5153 2898 5200 totum
2961 5141 3224 5196 mundum
3279 5139 3499 5209 quidem

1917 5247 2172 5303 uuiformi
2225 5241 2633 5316 praedicatione,
2683 5236 2780 5294 sed
2835 5233 3058 5305 speciali
3108 5232 3421 5304 magisterio
3449 5230 3502 5284 in

1921 5339 2260 5395 Antiochena
2301 5343 2357 5391 et
2402 5333 2648 5388 Romana
2678 5328 2816 5384 urbe
2858 5325 3124 5390 fundavit,
3160 5337 3218 5379 ut
3246 5322 3394 5377 illum
3439 5321 3493 5373 in

1920 5445 2031 5486 sua:
2053 5425 2458 5501 glorificationis
2471 5420 2745 5479 domicilio
2769 5417 3235 5489 praeminentem,
3257 5427 3319 5466 ea
3335 5409 3496 5466 intel-

1921 5526 2058 5597 ligas
2087 5538 2370 5594 reposcere
2395 5520 2775 5586 Iustitutaquae
2811 5513 3052 5577 tradidit,
3086 5513 3228 5566 sicut
3275 5507 3344 5562 ab
3390 5508 3502 5576 ipsa

1921 5631 2086 5687 quam
2127 5613 2409 5671 confessus
2457 5619 2543 5667 est
2567 5609 2800 5664 veritate
2855 5604 3113 5673 suscepit.
3164 5600 3348 5670 Neque
3399 5599 3507 5654 ullo

1924 5713 2087 5766 modo
2115 5711 2264 5765 sinas
2309 5709 2366 5763 in
2399 5703 2772 5764 Orientalibus
2797 5699 3058 5757 Ecclesiis
3087 5699 3426 5766 maximeque
3451 5692 3505 5748 in

1927 5806 2011 5864 bis
2051 5821 2188 5879 quas
2222 5805 2571 5863 Antiochcnte
2604 5801 2719 5862 sedi
2765 5797 3254 5856 sacratissimorum
3284 5791 3503 5850 Patrum
