3974 6432
559 351 664 408 915

1392 350 1683 409 APPEND.
1721 351 1815 408 AD
1853 351 2028 409 SIEC.
2062 351 2156 406 IX.
2196 380 2264 392 ——
2300 353 2553 414 lSlDORl
2591 358 3042 418 MEBCATORIS

3719 375 3795 429 916

560 471 763 530 Nicmni
819 485 1060 528 canones
1117 471 1376 538 deputare
1441 475 1510 530 ab
1567 475 1828 547 improbis
1875 475 2148 531 haereticis
2179 467 2222 524 Α
2254 471 2623 529 authenticam
2649 478 2871 534 noveris
2902 480 3189 550 reperisse,
3215 482 3317 538 hoc
3349 490 3533 556 tamen
3560 489 3794 559 propri"...

559 563 855 634 Evangelio
886 563 1157 626 resultari,
1188 572 1242 617 et
1275 563 1356 618 vel
1384 563 1642 632 Nestorii,
1664 566 1746 622 vel
1785 568 2086 624 Euticbelis
2117 584 2146 623 a

560 671 834 726 quoquam
866 656 1058 726 dogma
1085 641 1323 711 defendi.
1370 656 1636 724 Quoniam
1675 658 1840 730 (sicut
1873 662 2009 731 dixi)
2050 677 2145 717 ca-

559 746 778 801 tholicaa
802 745 923 822 ﬁdei
953 755 1128 814 petra,
1157 745 1313 817 cujus
1342 762 1640 818 cognomen
1658 751 1849 806 beatus
1872 752 2148 822 apostolus

558 835 755 893 Petrus
783 820 1033 908 surnpsit,
1060 855 1089 894 a
1120 839 1350 896 Domino
1374 841 1581 897 nullum
1613 843 1805 914 recipit
1823 844 1891 899 ab
1908 820 2147 915 utraque

559 927 838 997 impietate
871 930 1175 1001 vestigium,
1209 932 1303 987 sed
1335 933 1616 989 evidenter
1653 942 1816 1004 atque
1860 937 2148 1006 perspicue

559 1028 613 1073 et
644 1017 954 1075 Nestorium
1013 1024 1458 1089 anathematizat,
1509 1025 1601 1094 qui
1651 1025 1803 1080 verbi
1855 1027 2148 1098 carnisque

561 1117 810 1164 naturam
858 1111 908 1165 in
944 1110 1116 1168 beata:
1157 1114 1396 1185 Virginis
1436 1115 1816 1186 conjunctione
1866 1116 2144 1187 sejunges,

560 1217 836 1273 unumque
858 1201 1136 1261 Christum
1165 1207 1219 1261 in
1259 1207 1396 1264 duos
1421 1207 1689 1277 dividens,
1721 1210 1882 1265 aliam
1909 1211 2146 1280 deitatis,

560 1305 616 1348 et
665 1295 824 1351 aliam
861 1297 1220 1356 humanitatis
1267 1301 1439 1356 voluit
1489 1316 1612 1357 esse
1656 1317 1968 1372 personam,
2023 1320 2148 1360 cum

561 1385 785 1442 omnino
812 1402 952 1443 unus
979 1388 1230 1458 idemque
1280 1391 1372 1458 sit,
1403 1390 1494 1460 qui
1526 1399 1582 1446 ct
1609 1394 1904 1448 secundum
1951 1393 2150 1464 sempi-

560 1483 772 1529 ternam
812 1475 1070 1532 deitatem
1104 1480 1169 1534 de
1196 1479 1359 1535 Patre
1388 1490 1472 1536 est
1522 1492 1683 1537 natus
1725 1482 1847 1538 sine
1885 1491 2145 1554 tempore,

561 1576 616 1622 et
644 1568 709 1623 de
745 1577 920 1626 matre
948 1579 1107 1627 natus
1135 1573 1189 1626 in
1223 1582 1480 1644 tempore.
1509 1575 1577 1630 Et
1601 1573 1864 1632 Eutichen
1898 1577 2151 1634 similiter

563 1670 901 1728 exsecratur,
932 1665 1024 1734 qui
1076 1664 1128 1718 in
1164 1664 1392 1722 Domino
1438 1665 1566 1723 Iesu
1604 1667 1824 1724 Christo
1861 1670 2146 1726 veritatem

562 1752 814 1810 humanae
841 1757 1023 1811 carnis
1042 1772 1312 1813 evacuans
1335 1758 1515 1828 ipsum
1541 1758 1776 1816 Verbum
1831 1761 1885 1816 in
1917 1776 2140 1818 carnem

560 1845 758 1901 asserit
781 1846 1252 1915 transformatum,
1298 1858 1360 1904 ut
1399 1849 1572 1915 nasci,
1597 1851 1820 1919 nutriri,
1847 1852 2148 1924 perﬁcere,

560 1937 695 2005 pati,
747 1939 908 2003 mori,
941 1949 1105 2010 atque
1154 1942 1393 2012 sepeliri.
1424 1951 1481 1999 et
1525 1943 1613 2000 die
1658 1945 1820 2001 tertio
1872 1947 2147 2014 suscitari,

561 2027 730 2084 solius
756 2028 920 2086 fuerit
944 2033 1182 2098 deitatis,
1213 2049 1332 2104 qua:
1350 2035 1565 2092 servilis
1605 2036 1794 2093 forma:
1820 2052 1927 2094 non
1953 2039 2152 2095 verita-

565 2124 672 2174 tem
700 2122 1018 2191 susceperit,
1042 2123 1407 2200 sedﬁguram.
1433 2125 1656 2182 Summa
1679 2128 1860 2198 itaque
1874 2129 2149 2200 vigilantia

561 2216 779 2263 cautum
819 2217 872 2266 te
901 2227 1022 2267 esse
1052 2198 1326 2276 convenit.
1361 2231 1427 2272 ne
1450 2217 1579 2286 quid
1605 2217 1709 2273 sibi
1746 2198 2001 2276 haeretica
2026 2235 2152 2291 pra-

563 2297 708 2354 vitas
727 2299 924 2356 audeat
949 2302 1250 2373 vindicare,
1281 2321 1404 2362 cum
1435 2315 1486 2362 te
1500 2307 1692 2364 deceat
1717 2309 1804 2366 his
1827 2311 2149 2369 sacerdotali

569 2390 896 2448 auctoritate
923 2395 1201 2463 resistere,
1233 2413 1440 2468 nosque
1464 2399 1660 2469 smpius
1689 2401 1756 2457 de
1784 2401 2029 2472 profectu
2052 2403 2152 2460 Ec-

564 2481 854 2538 ciesiarum
901 2485 1008 2541 tuis
1045 2486 1405 2546 relationibus
1442 2490 1573 2560 quid
1623 2500 1818 2562 agatur
1855 2493 2150 2551 instruere.

563 2571 794 2644 Dignum
817 2584 900 2632 est
929 2577 1073 2633 enim
1105 2587 1158 2634 te
1186 2580 1495 2650 apostolica:
1525 2582 1669 2638 sedis
1699 2583 1753 2638 in
1804 2584 1906 2640 hac
1950 2585 2151 2641 sollici-

566 2666 758 2722 tudine
787 2678 1120 2736 consortem,
1151 2681 1206 2727 et
1237 2672 1304 2727 ad
1350 2674 1654 2744 augendam
1694 2674 1946 2731 ﬁduciam
1981 2679 2154 2750 privi-

564 2756 704 2825 legia
730 2759 903 2813 tertiae
929 2761 1076 2816 sedis
1102 2777 1421 2833 agnoscere,
1448 2766 1500 2820 iu
1526 2765 1671 2821 nullo
1700 2767 2018 2838 cujusquam
2041 2785 2155 2825 am-

2255 559 2592 620 diﬁiuitionis
2615 581 2749 622 mea:
2782 577 2886 632 est,
2917 579 2976 623 ut
3019 572 3417 639 quantumlibet
3469 591 3712 634 numerus
3735 597 3798 634 sa-

2247 650 2530 707 cerdotum
2581 656 2813 725 amplior
2853 653 3056 728 aliquid
3105 675 3204 730 per
3249 664 3607 730 quorumdam
3652 670 3797 726 subre

2246 745 2483 815 ptionem
2513 748 2790 816 decernat,
2823 752 2968 820 quod
3005 752 3110 808 illis
3147 761 3521 812 trecentorum
3571 758 3736 814 decem
3760 773 3800 816 et

2247 843 2368 891 octo
2392 837 2868 896 constitutionibus
2887 841 3196 897 inveniatur
3218 844 3536 912 adversum,
3557 847 3607 902 id
3619 845 3799 916 iustitia

2247 928 2680 986 consideratione
2738 941 3022 1000 cassetur,
3079 935 3336 1004 quoniam
3383 938 3651 995 universa:
3683 945 3799 1011 pacis

2250 1019 2612 1088 tranquillitas
2656 1037 2764 1077 non
2805 1023 2964 1080 aliter
3018 1025 3221 1095 poterit
3269 1027 3560 1094 custodiri,
3591 1031 3684 1086 nisi
3727 1048 3799 1087 sua

2249 1112 2548 1169 canonibus
2583 1116 2886 1171 reverentia
2935 1116 3256 1173 intemerata
3295 1129 3567 1175 servetur.
3612 1121 3665 1177 Si
3702 1127 3799 1192 quid

2249 1216 2384 1258 sane
2408 1204 2477 1259 ab
2502 1203 2587 1259 his
2618 1204 3056 1277 fratribus,quod
3078 1209 3148 1263 ad
3172 1217 3416 1264 sanctam
3445 1213 3696 1280 synodum
3714 1214 3801 1270 vice

2247 1308 2390 1359 mea,
2418 1294 2522 1350 nisi
2545 1305 2741 1364 praeter
2771 1297 2823 1352 id
2853 1298 2997 1367 quod
3024 1298 3091 1354 ad
3120 1313 3342 1356 causam
3386 1300 3517 1356 ﬁdei
3547 1303 3800 1372 pertinebat

2249 1394 2460 1455 gestum
2517 1384 2684 1443 fuisse
2749 1388 3087 1458 perhibetur,
3116 1389 3315 1447 nullius
3355 1392 3466 1447 erit
3500 1393 3702 1462 penitus
3733 1393 3799 1446 ﬁr.

2249 1477 2472 1543 mitatis,
2503 1479 2629 1549 quia
2659 1479 2725 1534 ad
2753 1479 2855 1537 hoc
2886 1489 3091 1538 tantum
3121 1483 3189 1538 ab
3215 1483 3518 1552 apostolica
3556 1484 3674 1538 sede
3706 1497 3799 1541 sunt

2249 1567 2466 1632 directi,
2494 1575 2556 1624 ut
2581 1571 2826 1627 excussis
2856 1572 3155 1629 hazresibus
3182 1574 3469 1630 catholicae
3505 1584 3678 1630 essent
3703 1576 3798 1631 ﬁdei

2249 1657 2584 1717 defensores.
2618 1660 2888 1732 Quidquid
2918 1665 3061 1720 enim
3093 1675 3294 1735 praeter
3335 1665 3604 1736 speciales
3647 1680 3798 1722 causas

2250 1751 2589 1822 synodalium
2639 1754 2995 1810 conciliorum
3025 1755 3092 1810 ad
3141 1769 3370 1812 examen
3399 1756 3697 1828 episcopale
3727 1757 3796 1812 de-

2181 1819 2225 1881 Β
2254 1819 2446 1908 fertur,
2477 1852 2660 1914 potest
2688 1844 2923 1915 aliquam
2962 1844 3290 1915 dijudicandi
3318 1819 3527 1902 habere
3553 1819 3796 1910 rationem,

2250 1931 2296 1986 si
2347 1932 2480 1987 nihil
2511 1933 2578 1990 de
2617 1948 2683 1991 eo
2720 1944 2804 1992 est
2829 1951 2857 1990 a
2901 1936 3106 1993 sanctis
3137 1924 3397 1992 Pati-ibus
3435 1935 3579 2008 apud
3613 1935 3797 1992 Nicanm

2250 2022 2553 2079 deﬁnitum.
2569 2024 2703 2081 Nam
2730 2027 2874 2098 quod
2897 2029 2965 2084 ab
2980 2028 3192 2084 illorum
3216 2028 3419 2100 regulis
3439 2028 3797 2085 constitutione-

2250 2128 2358 2185 que
2385 2115 2678 2183 discordat,
2711 2119 3019 2188 apostolica:
3067 2120 3212 2176 sedis
3257 2135 3541 2192 nunquam
3582 2119 3798 2175 obtinebit

2252 2218 2598 2262 consensum.
2649 2207 2860 2274 Quanta
2899 2224 3028 2265 vero
3059 2211 3162 2266 hoc
3193 2209 3475 2282 diligentia
3517 2209 3798 2264 custodiatur

2252 2313 2283 2374 a
2311 2299 2470 2356 nobis
2500 2300 2902 2371 exemplaribus
2931 2302 3048 2374 ejus
3100 2302 3341 2372 cpistola:
3389 2316 3555 2370 quam
3593 2302 3655 2356 ad
3693 2300 3796 2355 Con-

2253 2371 2810 2462 stantinopolitanum'
2830 2371 3144 2464 episcopum
3180 2393 3525 2450 refrenantes
3555 2393 3704 2463 ipsius
3726 2407 3795 2446 cu-

2253 2479 2537 2551 piditatem
2593 2481 2892 2538 direximus
2943 2483 3252 2551 instrueris,
3287 2500 3459 2556 quam
3501 2485 3556 2540 in
3603 2484 3792 2540 omnium

2254 2567 2484 2626 fratrum
2541 2578 2596 2628 et
2645 2572 2986 2629 sacerdotum
3038 2584 3346 2631 nostrorum
3393 2575 3565 2632 facias
3603 2574 3796 2628 notitiam

2254 2661 2560 2730 pervenire,
2613 2671 2676 2718 ut
2724 2663 2976 2718 noverint
3024 2679 3216 2735 pacem
3263 2665 3680 2725 ecclesiasticam
3725 2679 3794 2734 per

2255 2755 2605 2810 concordiam
2631 2753 2743 2810 Deo
2767 2753 3023 2825 placitam
3049 2755 3245 2812 debere
3292 2757 3529 2813 servari.
3560 2757 3676 2811 illud
3699 2769 3797 2824 quo-

565 2845 770 2901 hitione
785 2846 1119 2913 minuantur,
1134 2852 1260 2920 quia
1274 2861 1421 2908 tanta
1440 2856 1583 2924 apud
1605 2870 1692 2911 me
1709 2864 1794 2912 est
1815 2856 2156 2915 Nicanorum

2258 2861 2362 2916 que
2382 2845 2725 2902 dilectionem
2759 2856 2905 2902 tuam
2927 2849 3183 2904 convenit
3210 2863 3544 2919 praecavere,
3569 2857 3624 2902 ut
3647 2857 3794 2919 preter

565 2951 835 2992 canonum
866 2941 1186 3005 reverentia,
1214 2951 1275 2998 ut
1301 2959 1362 2999 ea
1389 2960 1510 3014 quae
1547 2954 1676 3001 sunt
1696 2961 1726 3002 a
1752 2948 1958 3004 sanctis
1981 2948 2158 3004 Patri-

567 3024 670 3080 bus
693 3025 1004 3093 constituta,
1030 3045 1128 3086 nec
1152 3033 1513 3101 permiserim,
1541 3050 1641 3092 nec
1660 3036 1836 3105 patiar
1854 3037 2034 3109 aliqua
2061 3053 2157 3096 no-

567 3129 592 3165 \
606 3114 735 3169 itate
749 3116 960 3172 violari.
978 3118 1043 3173 Et
1055 3121 1098 3175 si
1113 3122 1256 3177 enim
1279 3124 1490 3180 diversa
1513 3141 1898 3198 nonnunquam
1913 3139 2159 3187 suntme-

569 3205 671 3260 rita
706 3209 1014 3278 praesulum,
1033 3219 1211 3269 tamen
1236 3214 1360 3285 jura
1383 3225 1706 3287 permanent
1735 3219 1941 3275 sedium
1965 3221 2162 3290 quibus

572 3310 808 3369 possunt
832 3303 1012 3358 aemuli
1043 3307 1512 3376 perturbationem
1542 3309 1776 3381 aliquam
1800 3312 2049 3369 fortassis
2075 3314 2161 3368 in-

571 3388 736 3458 ferre,
772 3407 878 3447 non
909 3403 1090 3450 tamen
1119 3407 1344 3468 possunt
1367 3399 1612 3457 minuere
1644 3401 1980 3473 dignitatem.
2009 3403 2164 3460 Unde

569 3494 693 3535 cum
749 3481 949 3553 aliquid
1004 3501 1104 3554 pro
1155 3487 1506 3545 Antiocheam
1545 3491 1808 3548 Ecclesiae
1865 3493 2164 3564 privilegiis

572 3570 790 3627 dilectio
821 3583 907 3628 tua
937 3577 1203 3647 agendum
1235 3594 1356 3636 esse
1384 3581 1678 3638 crediderit
1702 3584 1940 3654 propriis
1968 3584 2165 3641 litteris

571 3660 788 3715 stmleat
813 3663 1108 3733 explicare,
1133 3674 1188 3721 et
1215 3675 1274 3721 ut
1305 3683 1404 3724 nos
1432 3669 1818 3726 consultationi
1861 3680 1966 3728 tuae
2006 3673 2164 3728 abso-

571 3746 682 3802 lute
709 3758 762 3803 et
781 3765 1018 3820 congrue
1047 3755 1376 3824 respondere
1397 3758 1687 3827 possimus.
1713 3759 1870 3816 Nunc
1891 3769 2072 3816 autem
2095 3762 2162 3817 ad

571 3837 752 3890 omnia
777 3841 1105 3907 generaliter
1131 3845 1493 3921 pronuntiare.
1515 3847 1768 3917 sufficiat,
1787 3851 1928 3921 quod
1961 3851 2006 3907 si
2033 3850 2164 3922 quid

573 3943 602 3982 a
626 3943 898 4000 quoquam
940 3942 1131 3987 contra
1158 3933 1498 3992 Nicmnorum
1528 3953 1800 3994 canonum
1849 3949 2050 3996 statuta
2108 3943 2164 3997 in

574 4036 900 4093 quacunque
929 4027 1134 4096 synodo
1156 4027 1242 4082 vel
1273 4036 1536 4085 tentatum
1573 4039 1677 4094 est,
1708 4030 1794 4086 vel
1841 4033 1908 4086 ad
1952 4043 2164 4103 tempus

575 4111 790 4166 videtur
801 4125 1072 4181 exortum,
1089 4117 1222 4171 nihil
1238 4117 1532 4187 przejudicii
1557 4128 1736 4192 potest
1761 4121 2164 4180 inviolabilibus

577 4200 782 4258 inferre
810 4203 1062 4273 decretis,
1087 4217 1143 4262 et
1166 4206 1379 4266 facilius
1403 4210 1510 4268 erit
1533 4213 1898 4282 quarumlibet
1941 4227 2166 4271 consen-

576 4291 789 4346 sionum
812 4304 1027 4364 pactum
1055 4298 1276 4360 dissolvi
1301 4316 1462 4371 quam
1487 4304 1870 4374 praedictorum
1896 4321 2162 4363 canonum

580 4384 793 4454 regulas
841 4401 910 4443 ex
957 4389 1063 4444 ulla
1097 4401 1250 4460 parte
1301 4396 1599 4468 corrumpi.
1643 4397 1982 4469 Subrependi
2016 4399 2160 4456 enim

575 4478 896 4535 occasiones
929 4495 1036 4537 non
1070 4486 1434 4553 praetermittit
1459 4489 1706 4557 ambitio,
1733 4500 1787 4547 et
1826 4493 2038 4564 quoties
2091 4495 2161 4551 ob

578 4565 920 4628 incurrentes
947 4588 1140 4630 causas
1163 4578 1432 4648 generalis
1461 4582 1976 4653 congregatiojfacta
2006 4584 2166 4642 fuerit

2189 3172 2232 3236 C

2259 2950 2355 2994 eos
2383 2937 2476 3007 qui
2527 2946 2656 2993 sunt
2699 2938 2911 2995 Domini
2943 2940 3275 3007 sacerdotes,
3307 2941 3491 2998 nullus
3519 2941 3614 2996 sibi
3638 2939 3714 3008 jus
3730 2939 3798 2991 do-

2260 3025 2438 3094 cendi,
2469 3035 2524 3081 et
2551 3029 2877 3098 praedicandi
2931 3030 3128 3086 audeat
3167 3032 3470 3098 vindicare,
3502 3033 3610 3087 sive
3633 3031 3694 3086 sit
3732 3028 3795 3083 ille

2263 3119 2584 3184 monachus,
2613 3121 2727 3175 sive
2776 3121 2847 3175 sit
2876 3120 3070 3188 laicus,
3101 3122 3192 3191 qui
3227 3121 3456 3190 alicujus
3475 3121 3702 3203 scientia
3724 3135 3794 3172 nn-

2265 3211 2410 3267 mine
2439 3209 2722 3282 glorietur.
2750 3211 2887 3279 Quia
2927 3221 2982 3269 et
3027 3213 3072 3268 si
3105 3213 3404 3284 optandum
3445 3222 3547 3278 est,
3573 3221 3625 3267 ut
3651 3225 3794 3266 omnes

2265 3301 2526 3358 Ecclesiae
2558 3301 2654 3356 ﬁlii
2711 3319 2832 3373 qua:
2888 3313 3037 3358 recta
3063 3312 3118 3360 et
3150 3319 3283 3360 sana
3328 3313 3458 3359 sunt
3487 3304 3697 3372 sapiant,
3722 3315 3795 3354 non

2262 3402 2444 3448 tamen
2469 3393 2887 3464 permittendum
2915 3403 3020 3461 est,
3052 3403 3114 3450 ut
3161 3395 3456 3465 quisquam
3485 3403 3630 3450 extra
3653 3407 3796 3448 sacer-

2265 3487 2498 3543 dotalem
2550 3488 2794 3545 ordinem
2840 3488 3170 3545 constitutus
3201 3487 3432 3560 gradum
3487 3484 3796 3558 prmdicatnn's

2263 3585 2520 3643 assumat,
2555 3594 2678 3636 cum
2730 3579 2783 3633 in
2815 3579 3058 3635 Ecclesia
3113 3579 3206 3634 Dei
3233 3579 3416 3635 omnia
3458 3579 3686 3636 ordinata
3709 3588 3794 3628 esse

2253 3669 2570 3742 conveniat,
2596 3680 2720 3725 uttn
2751 3686 2859 3725 uno
2889 3670 3092 3726 Christi
3114 3655 3361 3741 corpore,
3384 3679 3442 3726 et
3469 3667 3794 3726 excellentiam

2266 3760 2507 3816 membra
2537 3775 2694 3815 suum
2739 3758 2981 3816 ofﬁcium
3014 3760 3296 3830 impleant,
3327 3768 3386 3816 et
3414 3761 3652 3816 inferiora
3675 3770 3793 3824 supe-

2264 3850 2500 3906 rioribus
2537 3865 2644 3906 non
2675 3851 2962 3907 resultent.
2989 3852 3123 3908 Data
3155 3866 3217 3909 tu
3262 3851 3388 3909 ldus
3414 3851 3580 3919 Junii,
3603 3847 3794 3920 Opilioue

2265 3945 2382 3998 viro
2407 3943 2712 4000 clarissimo
2735 3944 2977 4000 consule.

2267 4034 2428 4104 227
2469 4033 2624 4090 XC"-
2665 4033 2922 4106 —Cujtts
2967 4051 3127 4105 supra
3159 4037 3229 4091 ad
3260 4037 3486 4093 Leonem
3536 4035 3786 4104 Augustin.

2337 4125 2535 4182 Oﬂiciis
2560 4141 2679 4196 qum
2710 4126 2776 4180 ad
2801 4126 3215 4198 gratulationem
3252 4128 3464 4199 imperii
3492 4126 3638 4181 vestri
3669 4120 3787 4191 perti-

2265 4227 2395 4275 nent
2414 4219 2729 4290 persolutis,
2759 4219 2924 4274 etiam
2948 4221 3090 4275 hanc
3113 4220 3365 4291 paginam
3392 4217 3684 4276 necessaria:
3700 4225 3785 4276 sup

2265 4310 2572 4380 plicationis
2597 4310 2767 4378 adjeci
2789 4351 2805 4377 ,
2836 4325 2942 4382 qua
2970 4310 3255 4367 catholicae
3289 4309 3413 4365 ﬁdei
3443 4310 3676 4366 divinitus
3693 4315 3789 4373 pra!-

2267 4410 2512 4474 paratum
2539 4401 2740 4457 favoris
2773 4402 2936 4457 vestri
2983 4417 3148 4472 posco
3189 4401 3522 4472 prtesidium.
3558 4397 3674 4452 Nam
3699 4389 3788 4487 talia

2271 4493 2324 4546 in
2349 4490 2710 4546 Alexandrina
2755 4490 2994 4545 Ecclesia
3030 4499 3345 4561 perpetrata
3387 4488 3568 4544 fratris
3591 4494 3636 4540 et
3663 4493 3792 4576 coept-

2270 4580 2418 4650 scopi
2470 4579 2575 4636 mei
2641 4579 2879 4634 Anatolii
2937 4579 3198 4635 relatione
3246 4579 3510 4651 cognovi,
3558 4584 3612 4631 ut
3660 4580 3788 4626 umms

578 4661 944 4730 sacerdotum,
968 4664 1183 4724 difﬁcile
1235 4679 1319 4725 est
1360 4679 1423 4727 ut
1471 4673 1741 4743 cupiditas
1793 4675 2164 4745 improborum
2269 4669 2577 4726 Christiana
2630 4670 2816 4740 religio
2847 4671 3045 4726 sentiat
3079 4685 3138 4725 se
3169 4667 3391 4741 impeti,
3417 4679 3589 4737 atque
3626 4659 3790 4717 violari.

576 4767 686 4810 non
713 4754 915 4826 aliquid
937 4773 1098 4828 supra
1114 4776 1424 4818 mensuram
1441 4779 1593 4820 suam
1619 4766 1874 4822 moliatur
1895 4778 2167 4839 appetere.

2274 4763 2374 4818 nisi
2403 4760 2694 4818 universali
2725 4762 2848 4816 ﬁdei
2887 4774 3070 4818 vestra
3094 4763 3385 4818 devotione
3411 4755 3789 4833 prospiciatur,0|

581 4843 734 4901 Sicut
753 4847 916 4904 etiam
939 4849 1006 4905 de
1026 4850 1296 4920 Ephesina
1320 4856 1547 4926 synodo,
1582 4871 1702 4926 qua:
1728 4838 1950 4928 impium
1982 4860 2175 4915 Ncslo-
2276 4863 2588 4908 memoratae
2638 4850 2895 4907 Ecclesia:
2931 4867 3050 4920 qua:
3093 4861 3251 4907 antea
3280 4849 3556 4907 catholicis
3581 4843 3665 4900 fuit
3687 4838 3786 4928 clara

579 4933 720 4988 rium
748 4951 878 4993 cum.
897 4939 1149 5010 dogmate
1191 4957 1290 4997 suo
1320 4945 1560 5015 pertulit,
1592 4944 1866 5004 Iuvenalis
1891 4950 2177 5020 episcopus

581 5027 650 5080 ad
695 5028 1047 5086 obtinendum
1103 5033 1405 5092 Palmstinm
1461 5039 1754 5108 provincia:
1805 5043 2168 5112 principatum

584 5117 816 5183 credidit
851 5137 909 5176 sc
941 5139 1099 5192 posse
1143 5126 1418 5195 sufﬁcere,
1453 5138 1508 5184 et
1555 5129 1846 5188 insolentes
1885 5149 2050 5190 ausus
2076 5150 2172 5205 per

585 5215 956 5269 commentitia
987 5217 1185 5287 scripta
1216 5220 1457 5288 ﬁrmare,
1490 5225 1634 5293 quod
1667 5235 1867 5281 sauctm
1898 5227 2172 5282 memoria:

582 5301 820 5374 Cyrillus
874 5306 1274 5367 Alexandrinus
1313 5313 1602 5386 episcOpus
1641 5317 1837 5372 merito
1885 5317 2173 5388 perhorre-

586 5408 749 5452 scens
771 5397 989 5469 scriptis
1014 5400 1127 5457 suis
1155 5403 1285 5458 mihi
1309 5405 1438 5475 quid
1461 5405 1718 5478 praedicta
1745 5407 2015 5478 cupiditas
2039 5421 2170 5463 ausa

571 5485 682 5553 'sit,
717 5489 997 5555 indicavit,
1055 5500 1110 5548 et
1160 5494 1391 5552 sollicita
1448 5513 1582 5567 pace
1640 5499 1868 5553 multum
1899 5498 2162 5569 poposcit,

592 5588 651 5632 ut
670 5579 817 5635 nulla
844 5581 1049 5638 illicitis
1074 5585 1361 5643 conatibus
1388 5587 1723 5657 praeberetur
1743 5587 2005 5644 assensio.
2040 5586 2172 5641 Nam

592 5667 746 5737 cujus
795 5673 1037 5744 epistola:
1083 5675 1150 5731 ad
1181 5690 1281 5733 nos
1331 5679 1662 5750 exemplaria
1695 5679 1937 5736 direxisti
1975 5687 2176 5736 sancta:

594 5765 866 5822 institoriee
894 5765 1077 5838 Cyrilli
1106 5783 1222 5825 eam
1241 5769 1292 5825 in
1309 5777 1494 5828 nostro
1521 5769 1719 5828 scrinio
1748 5769 2064 5842 requisitam
2082 5785 2178 5827 nos

2280 4944 2591 5000 doctoribus
2615 4943 2878 4998 reddatur
2905 4943 3217 4998 Christiana
3243 4943 3494 5006 libertas,
3517 4947 3573 4994 ut
3595 4936 3788 4991 cessanti-

2275 5036 2378 5092 bus
2407 5035 2788 5091 haereticorum
2833 5035 3367 5107 impugnatiouibus,
3415 5028 3689 5101 evangelica
3719 5019 3784 5073 d0.

2276 5126 2451 5182 ctrina
2481 5140 2602 5195 quae
2643 5125 2753 5181 illic
2799 5134 2926 5179 ante
2975 5125 3290 5180 Dioscorum
3330 5123 3530 5196 viguit,
3557 5115 3678 5205 unita
3702 5118 3785 5205 ait"

2278 5217 2443 5273 totius
2473 5216 2746 5284 Ecclesizc
2771 5231 2903 5286 pace
2933 5224 3238 5287 reparetur.
3279 5213 3434 5282 Quod
3471 5224 3594 5282 opus
3625 5204 3782 5259 virtuti-

2281 5307 2380 5363 bus
2407 5307 2604 5362 vestris
2639 5307 2930 5378 glorimque
2978 5307 3338 5372 conveniens,
3370 5306 3585 5362 celerem
3626 5305 3670 5352 cl
3710 5291 3783 5343 Dm

2278 5397 2536 5466 placitum
2563 5395 2782 5452 habebit
2808 5394 3084 5463 effectum,
3107 5396 3151 5452 si
3188 5401 3327 5466 apud
3359 5404 3585 5452 sanctam
3610 5381 3775 5484 Chale

2278 5489 2572 5545 donensem
2600 5488 2861 5561 synodum
2897 5489 2965 5545 de
2990 5487 3200 5543 Domini
3251 5487 3448 5542 Christi
3491 5479 3780 5568 incarnatiulte

2282 5579 2494 5634 ﬁrmata
2518 5579 2662 5634 nulla
2689 5579 3046 5650 permiseritis
3068 5579 3452 5636 retractatione
3473 5569 3661 5648 pulsari.
3684 5563 3775 5629 Quia

2282 5672 2336 5726 in
2376 5670 2467 5726 illo
2496 5671 2726 5727 concilio
2774 5685 2870 5740 per
2911 5670 3173 5742 Spiritum
3221 5680 3465 5726 sanctum
3501 5664 3773 5733 congrt’i'w'

2284 5762 2458 5832 plenis
2505 5769 2668 5832 atque
2696 5760 2948 5829 perfectis
2997 5760 3401 5818 diiliuitionibus
3428 5764 3596 5814 cuncta
3628 5748 3770 5802 tium"
