3882 5316
78 277 168 333 917

1236 265 1665 329 DECRETALIU
1674 266 1720 321 Μ
1756 267 2160 332 COLLECTIO.

3215 279 3318 338 918

80 394 226 451 sunt,
251 392 308 442 ut
337 383 466 441 nihil
495 384 543 442 ei
573 384 773 458 regulae
819 400 939 457 quae
974 401 1040 444 ex
1067 386 1248 443 divina
1277 386 1631 458 inspiratione
1656 380 1707 442 Δ
1734 397 1891 453 gere,
1927 395 2089 459 atque
2119 393 2191 446 ita
2223 389 2429 448 nullum
2457 392 2770 466 colligendis
2807 390 3066 448 Ecclesiis
3100 393 3316 448 modum
3345 441 3350 445 .

78 477 270 548 prolata
294 484 408 542 est,
437 484 531 531 aut
553 476 676 532 addi
721 478 928 546 possit,
959 486 1054 534 aut
1096 479 1288 534 minui.
1317 478 1431 534 Hoc
1454 486 1638 533 autem

80 569 228 625 etiam
251 567 388 637 apud
415 567 719 623 clementiae
745 577 943 625 vestrae
969 570 1250 626 scientiam
1278 585 1383 624 non
1413 569 1642 640 ambigi-

80 677 188 718 mus
217 675 334 717 esse
372 661 714 731 perspicuum
736 699 751 726 ,
779 661 1046 732 siquidem
1089 671 1148 718 ut
1177 662 1466 720 multorum
1516 674 1641 720 ante

81 752 374 810 relationem
439 752 838 822 comperimus,
890 753 1196 811 molitiones
1258 755 1640 811 haereticorum

79 858 187 914 quae
203 850 386 898 contra
406 843 680 913 praedictae
699 843 888 916 synodi
905 847 1290 902 auctoritatem
1305 847 1640 903 conabantur

80 947 374 1004 assurgere,
425 933 558 989 nihil
591 949 658 990 ex
695 935 799 991 hoc
832 937 1190 1006 permiseritis
1239 938 1458 994 audere.
1485 936 1640 994 Unde

79 1025 205 1096 quod
231 1025 532 1096 negandum
562 1026 670 1082 illis
700 1035 890 1098 sponte
923 1029 1138 1086 vidistis
1163 1029 1458 1100 gloriosum
1485 1029 1642 1086 vobis

78 1127 151 1173 est
183 1117 466 1174 universali
498 1119 752 1176 Ecclesiae
779 1135 865 1177 me
889 1121 1199 1191 suspicante
1222 1123 1522 1178 concedere
1540 1162 1559 1194 ,_
1585 1129 1641 1178 et

79 1205 569 1262 incommutabiliter
640 1217 1004 1279 perpetueque
1055 1219 1353 1279 praestare,
1412 1218 1473 1267 ut
1519 1224 1641 1283 quae

77 1295 349 1352 secundum
375 1295 726 1368 Evangelium
755 1297 955 1354 Christi
983 1301 1448 1371 etpraedicationis
1467 1317 1638 1360 evan-

78 1388 240 1459 gelicae
262 1388 548 1444 veritatem
579 1389 831 1446 omnibus
875 1401 1026 1457 retro
1068 1394 1316 1461 saeculis,
1354 1411 1462 1450 una
1502 1395 1637 1464 ﬁde,

79 1493 268 1548 unaque
313 1477 667 1550 intelligentia
718 1481 971 1537 roborata
1004 1492 1168 1550 sunt,
1214 1485 1360 1542 nulla
1395 1486 1642 1543 .ulterius

76 1570 263 1640 possint
308 1569 526 1628 actione
572 1571 825 1628 convelli.
868 1572 1037 1630 Prout
1083 1589 1213 1648 ergo
1263 1576 1638 1634 misericordia

77 1659 160 1715 Dei
194 1659 419 1716 consilio
439 1658 676 1732 Spiritus
701 1662 784 1718 sui
814 1671 1054 1720 mentem
1084 1675 1279 1722 vestrae
1313 1668 1533 1738 pietatis
1556 1668 1638 1724 in-

74 1753 344 1820 struxerit,
391 1762 600 1810 sanctae
647 1754 902 1826 primitus
960 1756 1340 1816 Alexandrinae
1385 1760 1638 1818 Ecclesiae

74 1844 204 1913 pacis
227 1844 555 1914 reparationi
591 1845 860 1902 consulite
878 1886 895 1914 ,
927 1856 982 1904 et
1011 1864 1109 1920 per
1128 1850 1430 1907 catholicos
1455 1867 1639 1909 sacer-

75 1935 207 1991 dotes
245 1935 408 1993 talem
441 1937 716 2008 provideri
758 1938 946 2010 iubete
980 1941 1293 2011 pontiﬁcem
1314 1983 1329 2008 ,
1367 1943 1421 1998 in
1446 1958 1556 2014 quo
1582 1952 1638 2000 et

75 2028 120 2082 in
162 2039 369 2085 actuum
411 2030 725 2101 probitate,
773 2039 829 2088 et
877 2033 932 2088 in
978 2020 1102 2090 ﬁdei
1144 2034 1476 2104 perfectione
1504 2035 1638 2092 nihil

73 2121 222 2187 possit
247 2121 676 2190 reprehensibile
699 2123 965 2193 reperiri,
991 2132 1053 2179 ut
1077 2125 1330 2183 omnibus
1359 2126 1462 2182 rite
1490 2141 1612 2182 com

72 2211 238 2278 positis
255 2253 270 2276 ,
293 2213 488 2270 eadem
514 2214 703 2285 utique
730 2223 980 2272 servetur
1020 2217 1340 2286 praedicatio
1372 2217 1636 2274 veritatis.

73 2303 186 2359 Data
207 2305 390 2374 quinto
409 2306 538 2362 ldus
561 2306 729 2374 Junii,
748 2308 1044 2365 Constante
1063 2318 1117 2365 et
1137 2308 1280 2364 Rufo
1301 2309 1638 2366 consulibus.

210 2395 385 2453 XClll.
403 2427 478 2439 —
496 2397 752 2469 Ejusdem
783 2400 854 2454 ad
887 2399 1116 2456 Leonem
1142 2400 1466 2472 Augustum.

128 2485 267 2543 Licet
307 2489 562 2559 proxime
605 2491 674 2546 ad
722 2489 1067 2547 clementiam
1139 2500 1375 2548 vestram
1422 2492 1637 2564 gemina

68 2578 246 2648 scripta
277 2579 607 2647 direxerim,
657 2595 889 2650 quorum
938 2597 1106 2638 unum
1139 2582 1385 2639 debitum
1432 2583 1639 2640 saluta-

69 2671 210 2727 tionis
232 2671 515 2744 impleret,
540 2674 686 2729 aliud
713 2689 811 2745 pro
833 2682 978 2730 statu
1005 2675 1263 2732 Ecclesiae
1283 2675 1635 2747 supplicaret,

69 2772 224 2820 tamen
270 2766 562 2823 occasione
600 2781 723 2836 quae
779 2766 890 2824 Deo
935 2767 1256 2837 providente
1305 2783 1365 2825 se
1408 2767 1638 2840 praebuit

72 2856 236 2912 iterari
270 2867 565 2929 utrumque
586 2843 861 2916 convenit.
893 2857 1204 2916 Secundum
1228 2875 1359 2930 ergo
1382 2859 1636 2916 ﬁduciam

71 2947 198 3003 illam
227 2965 386 3019 quam
415 2966 485 3006 ex
519 2949 613 3004 Dei
645 2949 1001 3020 inspiratione
1038 2949 1335 3006 universali
1362 2948 1638 3017 ,Ecclesiae

69 3042 376 3110 praestitistis
403 3051 535 3099 ante
558 3041 872 3114 cujusquam
886 3056 1077 3113 preces
1097 3041 1476 3098 constituendo
1489 3041 1633 3112 quod

69 3136 281 3192 maxime
321 3137 390 3191 ab
417 3137 676 3192 omnibus
711 3121 889 3192 fuerat
928 3135 1325 3205 expetendum,
1356 3148 1462 3189 non
1490 3133 1634 3190 desi-

69 3224 226 3280 nimus
252 3227 462 3296 gratias
508 3240 700 3297 agere,
750 3233 808 3281 et
851 3224 1250 3296 providentiam
1297 3223 1390 3279 Dei
1427 3223 1480 3278 in
1513 3222 1633 3278 ﬁdei

68 3324 242 3370 vestrae
266 3314 482 3372 fervore
507 3315 861 3381 benedicere,
893 3315 985 3386 qui
1031 3324 1230 3371 sancto
1277 3323 1335 3370 et
1364 3313 1641 3370 catholico

69 3404 270 3474 spiritu,
320 3409 467 3464 sicut
521 3406 710 3462 fratris
775 3415 833 3464 et
887 3408 1194 3478 coepiscopi
1242 3407 1348 3463 mei
1399 3406 1634 3462 Anatolii

68 3509 296 3554 sermone
315 3498 572 3570 cognovi.
596 3498 672 3553 Ita
701 3499 1080 3556 haereticorum
1110 3498 1457 3570 impudentia:
1480 3498 1639 3554 resti-

71 3586 212 3655 tistis,
231 3590 698 3660 utprotiteremini
724 3590 891 3647 totius
921 3591 1106 3646 mundi
1129 3605 1316 3661 pacem
1346 3588 1640 3645 Chalcedo-

67 3681 232 3736 nensis
280 3683 477 3754 synodi
526 3697 626 3738 vos
675 3696 796 3739 esse
847 3682 1148 3738 custodem.
1197 3680 1351 3748 Quod
1398 3695 1522 3737 cum
1568 3694 1636 3735 ex

67 3780 242 3826 vestrae
293 3772 420 3829 ﬁdei
475 3774 750 3829 sententia
795 3773 1153 3830 saluberrime
1202 3773 1483 3829 deﬁnitum
1530 3773 1637 3838 sit,

66 3875 250 3935 quanto
285 3864 586 3924 studiosius
611 3867 906 3924 universali
941 3867 1196 3924 Ecclesiae
1225 3876 1309 3924 est
1354 3867 1640 3923 conferen-

67 3956 179 4010 dum
202 3999 216 4020 ,
243 3965 301 4014 ut
327 3958 698 4028 tranquillitas
724 3948 848 4014 ﬁdei
883 3957 1204 4015 Christianae
1237 3958 1401 4014 etiam
1447 3966 1634 4014 vestro

65 4051 224 4117 prosit
265 4052 531 4122 imperio,
563 4066 664 4108 nee
702 4050 1020 4122 improbitas
1051 4051 1306 4106 haeretica
1354 4051 1409 4107 in
1458 4050 1640 4120 aliquo

61 4155 156 4196 suo
193 4143 473 4200 molimine
534 4143 820 4215 glorietur.
871 4142 1040 4214 Cujus
1084 4143 1336 4213 pertinax
1383 4142 1639 4198 insidiosa

67 4237 322 4293 contentio
356 4237 507 4294 illico
555 4236 906 4308 conquiescet
957 4236 1004 4291 si
1054 4235 1320 4305 imperiali
1366 4242 1638 4305 potestate

68 4325 309 4383 frenetur.
364 4329 502 4384 Data
564 4326 837 4386 Kalendas
888 4325 1262 4399 Septembris,
1319 4327 1638 4384 Constantio

68 4425 115 4471 et
139 4418 273 4476 Rufo
298 4421 638 4478 consulibus.

301 4514 487 4572 XCIV.
509 4546 579 4556 —
599 4515 630 4570 1
634 4525 732 4570 tem
756 4556 771 4582 ,
801 4515 1036 4586 ejusdem
1060 4515 1133 4570 ad
1151 4515 1411 4572 eumdem.

128 4601 352 4662 Litteras
381 4608 686 4663 clementiae
717 4617 821 4662 tuae
845 4607 1036 4679 plenas
1078 4608 1282 4664 virtute
1314 4608 1437 4664 ﬁdei
1470 4616 1526 4664 et
1551 4607 1637 4663 lu-

71 4693 203 4748 mine
242 4696 494 4752 veritatis
540 4707 866 4752 vencranler
911 4699 1127 4769 accepi,
1161 4698 1358 4769 quibus
1387 4713 1636 4768 cuperem

69 4781 218 4836 etiam
261 4784 315 4838 in
353 4800 421 4841 eo
468 4785 609 4855 quod
639 4787 980 4856 praesentiam
1015 4803 1192 4844 meam
1235 4789 1414 4858 pietas
1457 4797 1636 4844 vestra

70 4875 416 4930 necessarium
465 4878 746 4932 existimat
791 4877 1048 4944 obedire,
1099 4887 1160 4934 ut
1205 4879 1398 4949 majori
1460 4880 1636 4936 fructu

67 4974 400 5035 conspectum
427 4969 597 5024 vestri
630 4968 931 5038 splendoris
968 4985 1314 5040 assequerer,
1345 4974 1438 5030 sed
1471 4971 1639 5042 magis

65 5051 112 5107 id
143 5057 288 5114 vobis
331 5059 580 5116 arbitmr
607 5059 929 5130 placiturum
972 5062 1116 5133 quod
1143 5062 1454 5133 eligendum
1500 5064 1640 5119 ratio

65 5143 454 5205 demonstravit.
487 5149 632 5206 Nam
663 5166 782 5206 cum
810 5162 999 5210 sancto
1030 5155 1412 5230 spirituallque
1461 5156 1640 5214 studio

71 5234 360 5294 universam
403 5254 598 5312 pacem
647 5241 903 5298 Ecclesiae
943 5244 1228 5309 muniatis,
1276 5249 1524 5316 nihilque
1571 5248 1641 5302 sit

1739 491 1940 546 ponere
1961 522 1976 546 ,
2001 483 2094 538 sed
2127 483 2250 539 data
2287 484 2501 541 licentia
2549 485 2851 541 debellandi
2894 485 3121 540 dilatare
3149 487 3321 555 magis

1740 587 1901 642 quam
1941 575 2122 645 sopire
2148 577 2468 631 certamina.
2511 575 2663 632 Unde
2687 577 2811 646 quia
2845 586 2966 646 post
3002 576 3119 632 illas
3145 577 3318 646 Ephe-

1741 665 1873 720 sinae
1895 666 2084 737 synodi
2107 667 2411 737 impietates
2428 708 2444 733 ,
2469 668 2665 738 quibus
2685 667 2926 723 Dioscori
2960 667 3165 723 scelere
3189 667 3320 724 ﬁdes

1741 756 2006 813 catholica
2077 757 2310 812 refutatu
2364 759 2693 828 perversitas
2716 757 3038 813 Eutichiana
3069 767 3347 826 suscepta

1740 858 1825 906 est
1848 890 1863 912 ,
1892 849 2025 904 nihil
2053 852 2120 906 ad
2147 851 2618 908 conﬁrmationem
2646 851 2767 906 ﬁdei
2790 852 3114 907 Christianae
3135 850 3320 905 utilius

1678 991 1692 1003 ,
1740 941 1914 1010 potuit
1943 941 2220 1007 ordinari,
2263 957 2426 1012 quam
2472 951 2528 997 ut
2575 942 2817 1012 praedicti
2870 941 3078 997 facinus
3131 951 3316 997 sancta

1742 1031 1979 1099 synodus
2003 1030 2462 1086 Chalcedonensis
2490 1030 2750 1097 aboleret,
2771 1038 2826 1086 et
2843 1040 2990 1086 tanta
3020 1029 3128 1086 illic
3155 1030 3324 1085 habe-

1741 1130 1890 1176 retur
1915 1121 2155 1178 caelestis
2187 1136 2316 1178 cura
2366 1121 2657 1187 doctrinae,
2713 1130 2773 1176 ut
2823 1120 2955 1175 nihil
3001 1120 3320 1190 cujusquam

1739 1214 1992 1283 Opinione
2018 1214 2281 1270 resideret
2324 1213 2467 1284 quod
2509 1228 2539 1268 a
2568 1212 3040 1282 praedicationibus
3074 1211 3157 1266 vel
3198 1226 3319 1281 pro-

1741 1305 1972 1374 pheticis
1997 1314 2054 1360 et
2076 1305 2388 1376 apostolicis
2428 1305 2732 1360 dissonaret
2753 1343 2769 1368 ,
2804 1319 2867 1359 ca
2893 1302 3099 1358 scilicet
3137 1302 3324 1357 mode-

1739 1398 1950 1454 ratione
1973 1406 2213 1464 servata,
2231 1407 2290 1454 ut
2313 1397 2607 1453 rebellibus
2631 1405 2838 1451 tantum
2863 1410 2927 1450 ac
2953 1393 3322 1465 pertinacibus

1740 1489 1809 1544 ab
1847 1487 2100 1544 Ecclesiae
2147 1489 2356 1543 unitate
2397 1486 2650 1556 rejectis,
2697 1485 2826 1541 nulli
2871 1493 3117 1540 correcto
3163 1483 3321 1538 venia

1737 1589 2051 1653 negaretur,
2077 1579 2207 1651 quid
2231 1578 2564 1658 probabilius
2581 1618 2597 1646 ,
2624 1577 2754 1648 quid
2781 1575 3087 1647 religiosius
3128 1573 3324 1644 poterit

1738 1675 1914 1746 pietas
1942 1682 2126 1730 vestra
2153 1673 2450 1728 decernere
2479 1685 2640 1742 quam
2671 1680 2732 1727 ut
2771 1685 2893 1740 quae
2920 1684 3024 1725 non
3058 1677 3168 1724 tam
3216 1667 3325 1723 hu-

1743 1767 1918 1822 manis
1963 1780 2126 1836 quam
2159 1764 2358 1820 divinis
2403 1772 2531 1826 sunt
2580 1771 2781 1819 statuta
2829 1760 3092 1826 decretis,
3142 1757 3322 1814 nullus

1738 1857 1877 1914 ultra
1909 1857 2121 1913 sinatur
2150 1854 2430 1926 impetere,
2455 1869 2526 1909 ne
2548 1867 2677 1911 vere
2698 1852 2844 1924 digni
2867 1852 2977 1906 sint
2997 1850 3090 1906 Dei
3118 1863 3318 1904 munus

1737 1949 1991 2006 amittere
2009 1949 2100 2018 qui
2123 1947 2190 2004 de
2209 1947 2440 2004 veritate
2465 1946 2636 2016 ipsius
2663 1945 2779 2000 ausi
2808 1944 3011 1999 fuerint
3039 1941 3311 1996 dubitare.

1737 2041 1871 2098 Cum
1900 2055 2032 2112 ergo
2057 2037 2380 2095 universalis
2422 2037 2664 2093 Ecclesia
2708 2050 2807 2106 per
2832 2035 2977 2090 illius
3001 2031 3316 2104 principalis

1737 2140 1903 2203 petrae
1927 2130 2342 2187 aediﬁcationem
2369 2127 2509 2183 facta
2545 2127 2616 2182 sit
2643 2135 2795 2197 petra
2817 2165 2833 2190 ,
2871 2131 2926 2180 et
2952 2124 3159 2194 primus
3190 2135 3317 2190 apo-

1737 2222 2000 2280 stolorum
2027 2222 2375 2278 beatissimus
2397 2219 2595 2276 Petrus
2623 2233 2758 2274 voce
2799 2217 3012 2274 Domini
3040 2214 3272 2270 audierit
3304 2229 3320 2268 :

1742 2337 1760 2370 ί
1801 2316 1880 2371 Tu
1925 2330 1986 2372 es
2028 2314 2220 2372 Petrus
2273 2322 2330 2371 et
2377 2328 2540 2383 super
2587 2312 2729 2367 hanc
2773 2309 2989 2366 Petram
3042 2305 3323 2364 aediﬁcabo

1738 2407 2038 2464 Ecclesiam
2067 2421 2241 2462 meam
2279 2405 2491 2476 (Matth.
2524 2419 2646 2469 XVI,
2692 2401 2803 2472 16).
2840 2419 2859 2455 ι
2911 2400 3043 2467 Quis
3082 2408 3166 2456 est
3208 2400 3316 2454 nisi

1737 2509 1831 2554 aut
1873 2498 2273 2566 Antichristus,
2321 2504 2416 2552 aut
2457 2494 2704 2552 diabolus
2730 2494 2820 2563 qui
2863 2493 3080 2564 pulsare
3126 2492 3324 2546 audeat

1738 2586 2213 2658 inexpugnabilem
2238 2585 2530 2642 veritatem
2547 2625 2562 2647 ,
2587 2584 2677 2653 qui
2703 2584 2754 2638 in
2778 2582 2983 2638 malitia
3011 2596 3107 2636 sua
3135 2581 3324 2635 incor-

1740 2679 2004 2737 vertibilis
2030 2690 2407 2750 perseverans,
2433 2689 2532 2747 per
2561 2690 2688 2730 vasa
2726 2676 2820 2729 irae
2847 2682 2902 2730 et
2930 2688 3040 2729 suae
3066 2679 3193 2743 apta
3225 2670 3326 2724 tal-

1737 2771 1888 2828 laciae
1912 2769 2047 2826 falso
2069 2769 2364 2839 diligentiae
2391 2767 2610 2823 nomine
2635 2766 2762 2822 dum
2783 2765 3071 2821 veritatem
3094 2779 3152 2819 se
3175 2778 3324 2818 men-

1739 2865 1869 2917 titur
1895 2860 2192 2931 inquirere,
2221 2857 2500 2914 mendacia
2525 2856 2800 2912 desiderat
2827 2855 3132 2920 seminare,
3163 2861 3326 2921 atque

1737 2950 2133 3008 contemnenda
2153 2957 2211 3004 et
2227 2947 2442 3002 vitanda
2469 2945 2662 3002 merito
2686 2945 2787 3000 sibi
2812 2943 3154 3000 incontinens
3179 2941 3328 2997 furor

1736 3053 1794 3103 et
1823 3045 2073 3115 impietas
2097 3058 2240 3100 caeca
2273 3041 2649 3114 praescripsit,
2679 3049 2736 3094 ut
2767 3039 3036 3095 diabolico
3059 3038 3325 3093 instructu

1736 3137 1880 3208 quod
1927 3137 1980 3191 in
2028 3145 2275 3191 sanctam
2321 3132 2742 3188 Alexandrinam
2791 3132 2946 3187 saevit
2988 3129 3322 3192 Ecclesium,

1738 3231 1923 3303 quales
1942 3238 2121 3286 essent
2139 3227 2231 3298 qui
2251 3213 2746 3284 Chalcedoneusem
2764 3225 3028 3296 synodum
3048 3222 3324 3278 retractati

1739 3321 1962 3391 cupiunt
1989 3319 2315 3384 disceretur,
2353 3318 2405 3370 in
2435 3331 2539 3385 qua
2570 3315 2717 3370 nullo
2747 3315 2906 3369 modo
2941 3314 3202 3368 accedere
3231 3328 3325 3380 p0-

1739 3415 1877 3478 tuit,
1911 3421 1972 3466 ut
2006 3427 2036 3466 a
2066 3409 2222 3466 vobis
2259 3417 2449 3465 contra
2483 3415 2726 3462 sanctam
2759 3405 3030 3460 Nicaenam
3062 3402 3326 3474 synodum

1737 3505 2049 3569 sentiretur,
2097 3502 2240 3573 quod
2273 3500 2511 3558 haeretici
2559 3498 2915 3562 mentiuntur,
2951 3495 3043 3566 qui
3078 3513 3136 3552 se
3165 3495 3325 3552 ﬁdem

1739 3595 1939 3652 Nicaent
1961 3594 2178 3651 concilii
2212 3601 2395 3649 tenere
2419 3592 2770 3662 conﬁngunt,
2814 3590 2868 3645 in
2917 3604 3024 3658 quo
3065 3588 3238 3644 sancti
3272 3598 3328 3642 et

1737 3685 2073 3743 venerabiles
2098 3684 2290 3740 Patres
2314 3682 2487 3738 nostri
2518 3689 2709 3738 contra
2772 3680 2960 3735 Arium
2989 3677 3329 3748 congregati,

1739 3791 1845 3832 non
1899 3790 2118 3832 carnem
2159 3773 2406 3839 Domini,
2457 3771 2554 3828 sed
2600 3771 2858 3826 deitatem
2904 3768 2999 3823 ﬁlii
3042 3766 3330 3822 omousion

1739 3865 1882 3922 Patri
1897 3882 2016 3922 esse
2039 3865 2360 3921 ﬁrmavere?
2376 3863 2434 3918 In
2449 3861 2873 3920 Chalcedonensi
2898 3868 3079 3916 autem
3095 3857 3332 3915 concilio

1742 3959 2027 4015 adversum
2047 3948 2426 4013 Eutichianam
2445 3955 2779 4024 impietatem
2809 3953 3090 4009 deﬁnitum
3120 3960 3225 4016 est,
3259 3951 3328 4006 de

1740 4057 2040 4112 substantia
2056 4054 2296 4125 Virginis
2320 4053 2513 4108 matris
2533 4051 2820 4108 Dominum
2843 4048 3026 4105 Jesum
3049 4047 3326 4102 Christum

1741 4145 2037 4215 sumpsisse
2059 4143 2229 4199 nostri
2261 4141 2508 4212 corporis
2538 4141 2844 4196 veritatem.
2881 4138 3034 4209 Apud
3060 4135 3316 4192 Christia-

1741 4237 2025 4292 nissimum
2051 4235 2354 4306 principem
2397 4233 2560 4304 igitur
2595 4241 2652 4288 et
2681 4234 2821 4288 inter
2844 4231 3044 4287 Christi
3073 4229 3331 4301 praedica-

1743 4341 1890 4384 tores
1912 4327 2075 4398 digno
2097 4326 2305 4381 honore
2331 4324 2723 4379 numerandum
2751 4330 2875 4376 utor
2899 4321 3180 4377 catholicae
3202 4318 3329 4373 ﬁdei

1672 4433 1722 4492 ι)
1750 4417 2023 4480 libertate,
2059 4423 2113 4470 et
2141 4415 2209 4470 ad
2255 4413 2585 4470 consortium
2634 4421 2687 4466 te
2714 4410 3079 4482 apostolorum
3107 4423 3171 4462 ac
3200 4421 3328 4475 pro-

1745 4509 2030 4578 phetarum
2060 4519 2286 4562 securus
2315 4504 2596 4568 exhortor,
2627 4510 2687 4556 ut
2714 4510 3031 4555 constanter
3059 4496 3333 4566 despicias

1742 4617 1808 4658 ac
1833 4599 2062 4670 repellas
2087 4613 2182 4655 eos
2204 4597 2296 4667 qui
2329 4611 2388 4653 se
2422 4593 2738 4650 Christiano
2765 4591 2985 4646 nomine
3011 4590 3326 4660 privavere,

1740 4709 1844 4750 nec
1873 4691 2103 4764 patiaris
2127 4689 2326 4759 impios
2361 4685 2666 4760 parricidas
2695 4682 2956 4753 sacrilega
2989 4677 3331 4735 simulatione

1741 4786 1810 4841 de
1855 4784 1960 4840 ﬁde
1997 4797 2188 4855 agere,
2225 4795 2367 4850 quos
2411 4782 2628 4832 constat
2676 4789 2706 4827 a
2755 4772 2862 4828 ﬁde
2911 4769 3146 4827 deviare.
3195 4766 3334 4821 Cum

1741 4877 1886 4934 enim
1913 4872 2255 4932 clementiam
2299 4882 2445 4928 tuam
2494 4866 2758 4920 Dominus
2811 4873 2960 4920 tanta
3010 4858 3337 4914 sacramenti

1743 4971 1827 5027 sui
1861 4965 2264 5025 illuminatione
2296 4957 2586 5023 ditaverit,
2622 4957 2786 5013 debes
2826 4958 3202 5013 incunctanter
3244 4948 3340 5002 ad-

1740 5071 1957 5117 vertere
1985 5056 2189 5128 regiam
2221 5059 2560 5122 potestatem
2602 5047 2700 5102 tibi
2728 5065 2837 5105 non
2865 5047 3034 5105 solutn
3067 5042 3132 5096 ad
3158 5038 3348 5094 mundi

1744 5153 1986 5223 regimen
2008 5190 2024 5216 ,
2056 5144 2151 5203 sed
2194 5151 2453 5205 maxime
2499 5139 2567 5191 ad
2598 5139 2860 5197 Ecclesiae
2882 5132 3186 5210 praesidium
3229 5143 3353 5184 esse

1744 5243 1996 5299 collatam
2022 5280 2039 5307 ,
2087 5243 2146 5290 ut
2188 5249 2374 5295 ausus
2399 5227 2641 5290 nefarios
2685 5225 3106 5304 conprimendo,
3135 5228 3190 5274 et
3234 5234 3354 5289 qua!
