3974 6446
571 387 676 446 919
1408 383 1699 440 APPEND.
1742 382 1836 441 AD
1875 378 2049 439 SEC.
2081 373 2170 431 IX.
2212 403 2280 414 -—
2314 371 2565 430 lSlDORI
2607 363 3048 431 MERCATORIS
3730 371 3810 428 ﬁt)

574 517 696 572 qua:
726 499 962 556 admissa
993 506 1120 554 sunt
1148 496 1244 554 sed
1278 496 1541 552 remittat.
1569 495 1850 554 Constitue
1880 501 2006 550 ante
2032 508 2162 551 ocu-
2190 487 2240 548 Α
2270 487 2599 552 tenderetur.
2651 487 2773 543 aliis
2823 486 3022 542 litteris
3053 498 3186 555 quae
3225 482 3516 540 assertioni
3566 483 3813 540 catholica

573 591 654 647 los
684 590 866 646 cordis
894 590 1002 655 tui,
1035 587 1364 667 venerabilis
1395 587 1712 658 imperator,
1737 601 1926 642 omnes
1951 587 2041 655 qui
2068 600 2165 656 per
2271 579 2395 634 ﬁdei
2427 589 2771 650 congruunt,
2818 577 3205 650 comprehendi
3227 617 3242 643 ,
3274 584 3332 632 ut
3365 576 3492 631 licet
3535 589 3603 630 ea
3647 591 3756 644 qua:
3790 591 3813 629 ι

574 691 746 737 totum
793 681 981 737 orbem
1028 689 1157 736 sunt
1201 679 1412 734 Domini
1466 680 1780 735 sacerdotes
1824 695 1924 751 pro
1958 695 2020 734 ea
2067 678 2164 733 tibi
2267 671 2397 727 sede
2427 671 2720 740 apostolica
2760 678 2889 726 sunt
2916 669 3205 742 praedicata
3239 667 3597 732 sufﬁcerent,
3624 667 3814 722 insidias

573 772 710 836 ﬁde,
745 769 799 825 in
828 785 935 840 qua
971 769 1135 824 totius
1169 768 1354 824 tnundi
1381 777 1464 824 est
1494 763 1794 838 redemptio
1830 767 2162 840 supplicare,
2267 773 2448 817 tamen
2498 761 2911 828 haereticorum,
2944 761 3108 816 etiam
3139 759 3254 815 haec
3298 775 3417 829 quae
3465 767 3602 814 sunt
3641 759 3815 828 adjecta

573 862 626 920 in
655 877 762 932 qua
794 877 852 916 re
896 860 1188 932 specialius
1232 859 1512 925 ambiunt,
1554 859 1644 929 qui
1689 858 1996 930 apostolicae
2041 856 2163 914 ﬁdei
2269 861 2602 909 reserarent.
2651 852 3060 910 Sacerdotalem
3115 866 3348 922 namque
3393 859 3450 906 et
3491 848 3815 920 apostolicum

569 964 871 1011 sectatores
899 953 1280 1009 Alexandriam
1301 951 1556 1008 Ecclesia:
1580 951 1872 1023 praesidere
1893 991 1910 1017 ,
1941 959 2164 1022 agentes
2265 953 2370 1000 tuae
2399 945 2619 1014 pietatis
2659 944 2924 1008 animum,
2948 942 3113 998 etiam
3142 943 3243 997 hoc
3267 940 3466 996 malum
3489 941 3561 993 ad
3582 939 3815 1010 justitiam

571 1045 714 1117 apud
739 1045 998 1116 pietatem
1022 1053 1170 1100 tuam
1198 1059 1268 1100 ne
1290 1044 1578 1100 hzereticos
1606 1043 1854 1099 homines
1882 1051 1938 1096 et
1968 1042 2164 1098 merito
2264 1038 2488 1093 ultionis
2523 1036 2684 1093 debet
2727 1037 3016 1101 accedere,
3047 1034 3190 1105 quod
3229 1030 3817 1101 Constantiuopolitau

570 1149 670 1205 pro
700 1149 797 1189 sua
827 1135 1187 1204 perversitate
1215 1133 1500 1189 damnatos
1519 1174 1534 1198 ,
1564 1132 1642 1187 uti
1684 1147 1780 1188 sua
1811 1132 2164 1203 persuasione
2263 1129 2522 1185 Ecclesize
2556 1130 2846 1199 puritatem
2872 1127 3192 1199 pestilenter
3220 1127 3509 1190 obscurat,
3552 1125 3609 1179 in
3637 1140 3731 1193 qua
3750 1125 3816 1179 in-

572 1227 885 1298 patiamini,
917 1242 1038 1282 cum
1067 1226 1184 1282 sive
1223 1225 1558 1296 impietatem
1598 1239 1848 1280 errorum
1894 1223 2160 1294 aspicias,
2263 1221 2561 1275 veniuntur
2598 1221 2820 1290 quidam
2861 1219 3248 1274 haereticorum
3276 1217 3459 1273 clerici
3500 1216 3688 1273 sensui
3713 1231 3817 1270 con-

570 1317 686 1373 sive
715 1331 852 1386 opus
875 1315 1173 1386 perpetrati
1207 1315 1410 1370 furoris
1438 1315 1690 1370 attendas
1709 1355 1725 1381 ,
1753 1329 1859 1370 non
1891 1313 2064 1369 solum
2094 1314 2162 1368 ad
2263 1322 2527 1369 sonantes
2546 1353 2561 1379 ,
2589 1320 2646 1368 et
2675 1313 2816 1366 intra
2845 1311 2960 1381 ipsa
2983 1309 3380 1366 catholicorum
3403 1309 3642 1372 viscera,
3669 1323 3817 1362 asser-

569 1408 860 1464 sacerdotii
895 1409 1155 1464 honorem
1183 1406 1400 1463 admitti
1445 1414 1752 1476 nequeant,
1798 1406 1893 1462 sed
1939 1407 2006 1460 ab
2047 1406 2164 1476 ipso
2264 1405 2502 1462 tionibus
2552 1405 2666 1462 suis
2715 1405 3100 1461 hzereticorum
3150 1404 3488 1474 adiuvantes.
3544 1403 3606 1458 In
3655 1404 3817 1472 quibus

569 1498 883 1555 Christiano
909 1500 1127 1554 nomine
1177 1507 1490 1554 mereantur
1536 1498 1801 1553 abscindi.
1852 1497 1988 1552 Nam
2019 1498 2162 1570 quod
2261 1497 2618 1554 deturbandis
2669 1496 2842 1552 frater
2889 1511 3044 1552 meus
3103 1495 3451 1561 Anatholius,
3512 1511 3638 1550 cum
3686 1496 3816 1550 nimis

571 1603 796 1647 exorata
829 1592 1044 1663 pietatis
1067 1601 1257 1647 vestra:
1292 1591 1450 1646 venia
1477 1590 1739 1653 dixerim,
1769 1593 2002 1660 quodam
2029 1605 2162 1646 con-
2259 1589 2496 1661 benigne
2538 1591 2746 1661 parcit,
2793 1588 3011 1660 segnior
3058 1587 3351 1642 invenitur.
3386 1585 3698 1655 Dignamini
3739 1601 3816 1655 pro

571 1678 716 1749 tagio
743 1677 1086 1748 Splendorem
1115 1687 1308 1732 vestrae
1343 1676 1659 1732 serenitatis
1705 1674 2004 1740 oﬁ‘uscant,
2035 1691 2160 1731 cum
2261 1680 2366 1734 ﬁde
2387 1688 2564 1734 vestra
2585 1680 2749 1734 etiam
2766 1679 3017 1734 Ecclesiae
3043 1679 3200 1733 istam
3216 1685 3478 1749 praestare
3495 1677 3813 1740 medicinam,

568 1767 814 1840 sacrilegi
845 1769 1126 1837 parricida:
1157 1769 1208 1823 id
1235 1768 1471 1824 audeant
1494 1777 1710 1838 petere,
1754 1768 1898 1839 quod
1948 1783 2048 1824 nec
2078 1768 2162 1822 in-
2263 1780 2322 1826 ut
2362 1771 2496 1827 tales
2521 1786 2630 1826 non
2659 1770 2832 1825 solum
2864 1769 2933 1824 ab
2962 1767 3155 1826 Ordine
3198 1769 3527 1834 clericatus,
3562 1767 3656 1823 sed
3684 1769 3815 1822 etiam

569 1871 828 1917 nocentes
853 1861 1014 1916 liceat
1047 1861 1316 1918 obtinere.
1350 1859 1554 1917 Oblatae
1594 1869 1719 1916 sunt
1743 1860 1930 1931 pietati
1966 1868 2162 1915 vestra:
2191 1857 2236 1916 B
2265 1863 2332 1916 ab
2363 1863 2513 1918 urbis
2560 1862 2899 1919 habitatione
2925 1861 3218 1933 pellantur,
3250 1875 3321 1916 ne
3362 1860 3601 1916 ulterius
3631 1869 3814 1914 sanctus

569 1967 793 2023 preces,
821 1968 1050 2022 quarum
1078 1953 1324 2022 exempla
1349 1953 1546 2008 vestris
1576 1951 1776 2007 litteris
1807 1950 2155 2018 subdidistis,
2262 1951 2355 2008 Dei
2387 1953 2614 2022 populus
2647 1966 3027 2023 perversorum
3061 1952 3340 2006 hominum
3365 1952 3630 2022 contagio
3650 1951 3816 2020 pollua-

571 2045 668 2099 sed
692 2043 745 2098 in
776 2043 860 2098 his
888 2059 1009 2113 qua:
1030 2042 1422 2099 catholicorum
1451 2051 1579 2099 sunt
1600 2043 2000 2114 deplorantium
2030 2043 2159 2098 sub-
2259 2044 2640 2099 tur.(1u|tores
2661 2053 2839 2098 autem
2863 2042 3085 2113 pietatis
3108 2051 3213 2096 tuae
3232 2034 3511 2096 lulianum
3536 2041 3814 2110 episcopum

573 2135 800 2206 scriptio
829 2135 1160 2200 continetur,
1196 2143 1251 2190 et
1278 2134 1404 2204 quia
1437 2149 1600 2190 causa
1631 2133 1927 2205 probabilis
1955 2141 2071 2198 est,
2100 2133 2160 2189 ﬁ-
2258 2144 2314 2192 et
2336 2134 2640 2190 Euticbium
2662 2135 3032 2206 presbyterum
3059 2149 3175 2189 mea
3198 2134 3460 2204 petitione
3491 2135 3812 2190 commendo.

571 2223 856 2280 ducialiter
878 2223 1097 2278 nomina
1130 2223 1501 2294 singulorum,
1532 2230 1588 2279 et
1625 2223 1858 2294 dignitas
1880 2223 1962 2278 sui
1990 2222 2160 2277 hono—
2259 2236 2321 2280 ut
2367 2227 2741 2298 suggestiones
2789 2241 2980 2281 eorum
3028 2241 3128 2296 pro
3184 2225 3464 2281 catholicae
3539 2223 3817 2280 defensione

568 2314 645 2369 ris
673 2314 934 2383 aperitur.
964 2314 1022 2369 ln
1053 2314 1156 2370 illis
1184 2322 1367 2368 autem
1409 2329 1545 2384 quas
1576 2315 1882 2370 orthodoxe
1923 2315 2156 2385 principi
2261 2316 2382 2372 ﬁdei
2412 2317 2621 2387 placide
2669 2317 2911 2385 digneris
2944 2317 3164 2380 audire,
3197 2316 3325 2386 quia
3371 2328 3509 2370 vere
3553 2322 3680 2368 sunt
3703 2313 3814 2381 ejus-

567 2405 822 2460 haarctica
877 2407 1156 2478 porrigere
1209 2421 1316 2461 non
1366 2405 1676 2462 formidavit
1728 2408 2006 2478 obreptio,
2057 2407 2159 2463 sub
2259 2410 2434 2476 modi,
2467 2417 2525 2463 ut
2558 2409 2680 2463 ﬁdei
2710 2416 2905 2464 vestrae
2931 2408 3145 2478 possint
3171 2421 3270 2478 per
3301 2407 3486 2460 omnia
3517 2406 3679 2460 utiles
3700 2405 3816 2458 inve

568 2498 776 2552 incerto
802 2495 1042 2552 confusa:
1079 2497 1306 2551 unitatis
1336 2496 1628 2564 vocabulo,
1658 2497 1781 2552 ideo
1805 2507 2014 2552 certum
2059 2513 2157 2552 no—
2261 2501 2386 2554 niri.
2412 2500 2546 2554 Data
2574 2497 2845 2554 Kalendas
2870 2497 3212 2563 Novembris,
3239 2496 3608 2554 Constantino
3630 2507 3682 2554 et
3705 2496 3815 2550 Rufo

567 2603 689 2642 men
717 2589 1032 2653 retrahitur,
1064 2603 1133 2642 nc
1156 2603 1261 2642 non
1292 2587 1462 2644 solum
1496 2589 1744 2658 paucitas
1765 2605 2118 2660 personarum
2139 2630 2154 2656 ,
2259 2591 2390 2646 viris
2421 2589 2740 2645 clarissimis
2768 2588 3099 2644 consulibus.

570 2680 667 2734 sed
694 2679 859 2733 etiam
886 2680 1140 2734 meritum
1166 2680 1472 2749 delegatur.
1499 2679 1693 2735 Latere
1719 2682 1865 2735 enim
1891 2681 1993 2736 sibi
2025 2680 2157 2738 utile
2529 2681 2687 2736 XCV.
2709 2710 2779 2721 —
2799 2681 2880 2733 Ad
2910 2679 3248 2735 Pulcherium
3273 2680 3598 2752 Augustam.

565 2771 799 2826 aestimat
836 2785 1026 2826 eorum
1061 2773 1340 2841 quantitas
1358 2813 1372 2838 ,
1404 2788 1634 2843 quorum
1679 2782 1764 2828 est
1814 2773 2048 2843 qualitas
2074 2774 2159 2845 ju—
2328 2771 2494 2842 228
2519 2770 2786 2837 Quantum
2813 2771 2914 2825 sibi
2942 2770 3147 2825 ﬁduciae
3167 2770 3233 2826 de
3255 2771 3358 2827 ﬁde
3381 2781 3587 2828 vestrae
3613 2769 3815 2826 demen-

567 2861 745 2915 dicata
764 2900 778 2925 ,
801 2875 902 2915 nec
932 2861 1230 2932 incongrue
1258 2860 1413 2929 cujus
1444 2862 1546 2918 loci
1575 2863 1821 2918 homines
1845 2871 2000 2928 sunt,
2030 2878 2159 2933 ιιι-ο·
2259 2863 2347 2918 tia:
2373 2862 2611 2917 Ecclesia
2641 2862 2734 2917 Dei
2759 2863 2951 2918 debeat
2975 2861 3239 2932 polliceri,
3264 2862 3448 2918 multis
3501 2862 3813 2933 probavimus

567 2950 709 3006 ﬁtcri
738 2960 1018 3018 metuunt,
1069 2951 1160 3020 qui
1214 2967 1466 3007 meruere
1499 2953 1766 3008 damnari.
1800 2953 1858 3008 ln
1890 2971 1994 3009 una
2025 2970 2155 3026 ergo
2257 2967 2400 3023 szepe
2425 2952 2786 3017 documentis,
2830 2953 2956 3006 dum
3003 2952 3144 3007 sicut
3172 2951 3372 3022 Spiritu
3403 2963 3602 3008 sancto
3623 2954 3814 3008 docente

567 3043 964 3100 catholicorum
991 3045 1384 3116 supplicatione
1410 3047 1738 3112 continetur,
1768 3048 1819 3103 in
1853 3048 1956 3102 alia
1985 3048 2154 3106 haere-
2257 3042 2538 3106 didiCiSliS.
2581 3042 2654 3097 illi
2687 3057 2784 3113 per
2817 3042 2999 3097 omnia
3040 3052 3362 3113 poteslalem
3406 3053 3650 3100 Vestram
3677 3045 3813 3113 subii-

568 3136 797 3189 ticorunt
826 3145 1132 3190 commenta
1169 3137 1499 3206 panduntur.
1530 3137 1629 3193 Hic
1672 3140 2013 3194 sacerdotum
2045 3141 2153 3196 Do-
2201 3204 2227 3208 _
2261 3133 2418 3200 filis,
2450 3134 2603 3204 cuius
2646 3148 2870 3189 munere
2915 3143 2970 3189 ει
3015 3135 3349 3204 Ρτοιεοῑῖοηθ
3395 3136 3658 3208 regnalis-
3691 3135 3814 3192 unde

569 3225 736 3290 mini,
767 3233 823 3280 et
849 3226 1016 3281 totius
1038 3204 1335 3282 Christiani
1365 3229 1545 3300 populi
1592 3245 1655 3284 ac
1696 3232 2154 3286 monasteriorum
2185 3204 2231 3268 Ο
2262 3227 2387 3297 quia
2415 3237 2600 3283 contra
2630 3229 2989 3300 integritatem
3035 3229 3157 3284 ﬁdei
3188 3204 3520 3286 Christiano:
3564 3231 3814 3287 dissensio-

567 3316 1160 3386 deﬁetureversio,ibi
1185 3320 1501 3374 immanium
1531 3321 1797 3376 scelerum
1819 3322 2156 3377 continuatio
2255 3331 2379 3370 nem
2449 3319 2743 3387 quamdam
2814 3318 2867 3372 in
2921 3315 3516 3386 Constantinopolitana
3609 3316 3813 3372 Ecclesia

565 3409 988 3477 demonstratur,
1017 3420 1072 3465 ut
1101 3413 1242 3480 quod
1271 3428 1374 3466 non
1408 3412 1561 3468 licuit
1583 3414 1758 3468 audiri
1781 3455 1795 3478 ,
1823 3414 1987 3468 liceat
2017 3413 2147 3469 dila-
2257 3408 2485 3466 Eutiche
2511 3421 2731 3464 auctore
2760 3419 3069 3478 generatam
3096 3409 3279 3465 fratris
3302 3419 3356 3466 et
3385 3411 3691 3482 coepiscOpi
3730 3408 3811 3464 mei

568 3501 690 3554 tari.
740 3501 928 3557 Nonne
969 3503 1317 3572 perspicuum
1379 3512 1464 3558 est
1511 3504 1708 3573 quibus
1756 3505 1929 3574 pietas
1974 3515 2154 3560 vestra
2256 3501 2519 3556 relatione
2547 3503 2796 3572 cegnovi,
2827 3510 2886 3557 ut
2925 3503 3089 3559 totius
3133 3518 3313 3559 causa:
3339 3504 3580 3574 speciem
3611 3505 3810 3575 synoda-

567 3604 923 3656 succurrere,
969 3600 1026 3646 et
1071 3591 1266 3661 quibus
1294 3591 1486 3647 debeat
1513 3593 1769 3661 obviare,
1814 3609 1880 3648 ne
1923 3594 2156 3648 Alcxan-
2259 3593 2386 3648 lium
2443 3602 2716 3664 gestorum
2778 3604 2953 3650 textus
3006 3597 3337 3662 ostenderet,
3395 3598 3620 3668 dignum
3663 3596 3811 3670 gloria:

565 3681 718 3734 drina
750 3682 1025 3750 Ecclesia,
1075 3699 1195 3754 qua:
1238 3699 1455 3755 semper
1498 3685 1596 3740 fuit
1636 3688 1826 3742 domus
1855 3689 2151 3754 orationis,
2255 3694 2449 3739 vestra:
2494 3694 2597 3749 est,
2638 3694 2695 3739 ut
2733 3700 2888 3741 error
2923 3687 3012 3756 qui
3051 3687 3117 3742 de
3168 3687 3434 3758 imperitia
3469 3690 3646 3760 magis
3679 3703 3809 3759 quam

566 3773 822 3842 spelunca
854 3791 994 3831 nunc
1019 3777 1090 3830 sit
1126 3777 1414 3832 latronum.
1455 3777 1802 3833 Manifestum
1844 3781 2042 3850 quippe
2072 3788 2156 3834 est
2257 3774 2323 3827 de
2375 3775 2612 3829 versutia
2660 3783 2822 3832 natus
2867 3786 2950 3831 est
2999 3775 3295 3841 auferatur,
3323 3801 3326 3804 λ
3356 3779 3675 3848 priusquam
3702 3777 3809 3832 ullas

567 3878 667 3934 per
687 3866 1116 3921 crudelissimam
1146 3868 1651 3937 insanissimamque
1693 3868 2154 3934 srevitiam,omne
2257 3865 2398 3920 vires
2429 3866 2495 3920 de
2537 3880 2802 3921 consensu
2842 3867 3259 3938 imprudentium
3309 3869 3612 3939 pertinacia
3661 3870 3809 3940 pravi-

564 3953 676 4009 illic
707 3955 1007 4010 cmlestium
1053 3967 1519 4033 sacramentorum
1568 3957 1751 4010 lumen
1797 3958 2147 4012 exstinctum.
2257 3958 2388 4012 tatis
2423 3957 2689 4029 acquirat.
2718 3956 2851 4012 Nam
2881 3967 3140 4028 quantum
3187 3958 3470 4016 Nestorius
3522 3976 3556 4016 ιι
3608 3961 3805 4016 veritate

493 4051 496 4054 '
563 4043 867 4114 Intercepta
913 4054 997 4100 est
1038 4047 1289 4101 sacriﬁcii
1321 4047 1556 4113 oblatio,
1598 4046 1798 4102 defecit
1841 4047 2153 4106 chrismatis
2255 4049 2472 4114 excidit,
2523 4049 2647 4104 dum
2696 4050 2978 4105 Dominum
3017 4048 3201 4106 Jesum
3246 4050 3526 4106 Christum
3568 4051 3635 4106 de
3667 4059 3808 4105 matre

564 4135 928 4191 sanctiﬁcatio
981 4146 1034 4192 et
1079 4138 1498 4205 parricidalibus
1561 4140 1810 4195 manibus
1863 4139 2150 4209 impiorum
2259 4141 2477 4214 Virgine
2497 4141 2770 4196 hominem
2800 4140 2973 4196 solum
3005 4142 3203 4196 asserit
3231 4150 3416 4197 natum
3444 4152 3653 4198 tantum
3675 4143 3806 4197 etiam

564 4225 747 4278 omnia
772 4241 829 4280 se
852 4227 1183 4283 subtraxere
1207 4230 1486 4299 mysteria.
1513 4229 1621 4286 Nec
1646 4231 1754 4287 ullo
1776 4233 1932 4288 modo
1953 4233 2152 4307 ambigi
2256 4231 2344 4287 hic
2378 4247 2408 4287 a
2462 4232 2730 4288 catholico
2773 4233 2990 4287 tramite
3050 4233 3324 4301 deviavit,
3377 4234 3470 4303 qni
3534 4235 3603 4288 de
3650 4233 3804 4289 eadem

563 4322 778 4384 potest,
809 4316 938 4385 quid
966 4317 1031 4372 de
1059 4319 1144 4372 his
1179 4319 1578 4376 decernendum
1623 4322 1724 4388 sit,
1757 4323 1847 4393 qui
1895 4332 2032 4392 post.
2059 4339 2153 4379 ne—
2257 4325 2466 4395 virgine
2486 4324 2705 4379 editum
2734 4339 2840 4379 non
2873 4332 3073 4380 nostra:
3101 4325 3332 4379 credidit
3359 4339 3483 4380 esse
3522 4335 3735 4384 natum,
3762 4330 3805 4374 ut

562 4405 726 4463 fanda
773 4410 1089 4481 sacrilegia,
1121 4421 1248 4482 post
1295 4415 1623 4484 sanguinem
1665 4416 2034 4486 probatissimi
2067 4432 2154 4472 sa-
2254 4415 2395 4484 quod
2438 4414 2667 4470 formam
2696 4415 2840 4470 servi
2887 4415 3075 4486 gessit,
3124 4415 3268 4486 quod
3301 4415 3473 4470 nostri
3524 4414 3709 4472 similis
3729 4413 3805 4466 fuit

562 4497 800 4553 cerdotis
844 4498 1106 4566 eﬁ‘usum,
1151 4510 1205 4556 et
1253 4504 1582 4557 concremati
1631 4506 1875 4574 corporis
1905 4507 2147 4564 cinerem
2253 4513 2416 4574 atque
2467 4503 2762 4561 conformis
2791 4543 2807 4569 ,
2879 4505 3124 4573 quaedam
3197 4513 3396 4561 nostrae
3445 4507 3629 4561 carnis
3675 4503 3806 4559 fuerit

561 4589 619 4643 in
646 4590 1026 4646 contumeliam
1053 4593 1196 4649 aeris
1215 4593 1447 4665 ctelique
1487 4596 1794 4667 dispersum
1819 4600 2019 4655 audent
2043 4601 2146 4657 sibi
2180 4585 2227 4647 D
2253 4593 2453 4664 ilnagO,
2493 4609 2598 4649 non
2629 4595 2850 4649 veritas.
2887 4593 3029 4649 Nihil
3069 4603 3249 4650 autem
3296 4596 3517 4665 prodest
3555 4595 3801 4651 Dominum

555 4683 646 4754 jus
691 4701 935 4756 pervasa:
964 4688 1241 4760 dignitatis
1291 4699 1573 4760 expetere,
1611 4700 1664 4746 et
1707 4693 2015 4763 apostolicae
2052 4693 2150 4749 do-
2255 4695 2500 4741 nostrum
2548 4689 2720 4744 beata:
2756 4687 2939 4743 Maria:
2967 4689 3195 4759 virginis
3239 4689 3403 4745 ﬁlium
3451 4692 3714 4746 hominem
3735 4689 3800 4742 di-

561 4780 757 4834 ctrina:
805 4781 1175 4838 inviolabilem
1229 4782 1391 4838 ﬁdem
1439 4785 1506 4838 ad
1551 4785 1780 4840 concilia
1833 4801 2146 4855 provocare.
2251 4792 2416 4841 cere.
2476 4778 2522 4833 Si
2572 4794 2678 4833 non
2730 4779 2870 4834 illius
2904 4781 3120 4848 generis
3167 4791 3331 4852 atque
3385 4783 3613 4837 seminis
3667 4782 3799 4836 homo

561 4871 814 4942 Magnum
850 4888 980 4942 ergo
1026 4872 1183 4928 vobis
1233 4880 1350 4936 est,
1402 4882 1460 4928 ut
1507 4873 1801 4930 diademati
1857 4886 2042 4932 vestro
2083 4877 2150 4931 de
2251 4868 2512 4934 creditur,
2540 4868 2694 4938 cujus
2721 4869 2773 4924 in
2799 4870 2916 4940 ipso
2945 4870 3219 4941 Evangelii
3243 4875 3462 4928 exordio
3486 4874 3796 4943 praedicatur.

562 4978 725 5016 manu
759 4964 972 5017 Domini
999 4963 1163 5016 etiam
1194 4963 1316 5018 ﬁdei
1344 4964 1573 5019 addatur
1607 4981 1809 5020 corona
1831 5007 1846 5031 ,
1875 4975 1929 5021 et
1957 4967 2022 5023 de
2050 4967 2150 5023 ho-
2255 4962 2408 5018 Unde
2442 4963 2666 5019 multum
2721 4965 2877 5020 doleo
2904 5005 2919 5031 ,
2967 4965 3305 5036 multumque
3343 4968 3656 5032 contristor,
3683 4962 3798 5036 quod

561 5052 737 5107 stibus
769 5055 1020 5110 Ecclesiae
1047 5055 1419 5124 triumphetis,
1450 5057 1579 5126 quia
1608 5058 1652 5112 si
1688 5056 1956 5113 laudabile
1993 5058 2147 5114 vobis
2252 5052 2341 5109 hic
2380 5055 2471 5124 qui
2511 5063 2638 5111 ante
2667 5056 2732 5112 de
2757 5055 3078 5110 humilitatis
3122 5058 3399 5127 proposito
3445 5057 3717 5114 laudabilis
3737 5057 3798 5108 vi-

563 5151 649 5198 est
721 5143 1071 5201 adversarum
1096 5147 1336 5218 gentium
1381 5163 1530 5204 arma
1579 5159 1901 5218 conterere,
1942 5162 2144 5222 quanta
2252 5141 2498 5210 deballll‘.
2530 5154 2718 5201 comm
2763 5147 2977 5202 unicam
3020 5161 3170 5218 δρθιη
3223 5156 3485 5212 ηοειτῢιη.
3514 5156 3797 5218 Pam"!qu

561 5235 667 5290 erit
711 5235 881 5305 gloria
926 5239 994 5293 ab
1038 5238 1392 5296 insanissimo
1438 5250 1669 5312 tyranno
1715 5242 2141 5298 Alexandrinam
2254 5245 2586 5301 nostrorum.
2624 5251 2761 5291 vana
2804 5247 2861 5292 et
2896 5237 3057 5292 nimis
3090 5252 3344 5308 perversa
3371 5240 3530 5293 audet
3559 5247 3792 5295 astmere.

558 5327 898 5397 Eeclesiam,
947 5331 1002 5385 in
1046 5333 1201 5402 cujus
1232 5337 1560 5392 contritione
1603 5337 1846 5394 omnium
1877 5338 2127 5395 Christia

2253 5328 2345 5399 qui
2390 5343 2512 5382 cum
2545 5327 2751 5382 videret
2777 5327 3101 5397 insipientia:
3145 5342 3256 5383 stne
3293 5343 3510 5384 sensum
3553 5325 3793 5385 catholicis

557 5441 754 5481 norum
783 5433 869 5482 est
899 5421 1098 5496 injuria
1141 5426 1410 5484 liberare?
1451 5429 1521 5485 Ut
1564 5440 1743 5485 autem
1788 5431 1981 5486 litterae
2011 5446 2126 5488 mea

2253 5417 2472 5474 auribus
2497 5418 2805 5489 diSplicere,
2852 5432 3108 5475 revocare
3157 5433 3217 5474 se
3246 5435 3277 5476 a
3303 5435 3399 5476 sua
3443 5420 3682 5491 opinione
3723 5417 3791 5471 de-

557 5516 745 5585 pietati
790 5525 895 5572 tum
938 5517 1264 5587 colloquium
1299 5519 1455 5589 quasi
1487 5521 1777 5590 praesentis
1819 5520 2126 5577 exhibeant,

2253 5509 2464 5577 buerat,
2516 5526 2584 5567 ne
2625 5512 2698 5567 ita
2744 5507 3000 5567 Ecclesiae
3055 5512 3310 5582 prtesules
3353 5520 3719 5576 commoveret,
3745 5515 3788 5562 ut

557 5609 818 5680 quidquid
870 5612 938 5666 de
991 5613 1266 5667 communi
1319 5611 1423 5670 ﬁde
1475 5612 1684 5670 fueram
1748 5627 2142 5686 suggesturus,
2251 5606 2577 5661 εθηῐθηῑῖῢηι
2623 5605 2987 5661 (Ῐοηιηθῑίοηῖε
3033 5605 3330 5676 ειυῖιιετει·
3361 5606 3528 5673 Quam
3558 5601 3786 5674 ιιιῖίιιιεεί

559 5700 778 5770 srriptis
809 5702 1266 5772 prosequentibus
1299 5705 1689 5762 insinuandum
1717 5721 1838 5762 esse
1867 5707 2138 5778 perspexi,
2211 5727 2220 5734 ~
2247 5698 2298 5754 in
2329 5716 2427 5757 suo
2471 5715 2633 5755 sensu
2665 5698 2894 5754 voluerit
2939 5713 3280 5769 permanere,
3322 5697 3494 5754 nullus
3520 5695 3702 5768 poterit
3723 5704 3786 5745 re-

559 5799 622 5842 ac
661 5801 726 5843 ne
754 5788 912 5860 hujus
935 5790 1177 5863 epistolae
1203 5794 1391 5866 pagina
1417 5797 1470 5852 in
1499 5793 1722 5853 nimiam
1745 5795 2137 5871 longitudinem
2245 5797 2448 5852 laxare.
2481 5793 2636 5853 Sedis
2663 5792 2806 5854 enim
2857 5793 3165 5865 apostolica
3197 5791 3494 5850 moderatio
3522 5790 3653 5846 haec
3678 5795 3781 5840 teta-
