3974 6478
113 393 232 450 9‘21
1375 390 1866 460 DECRETALIUM
1902 393 2305 456 COLLECTIO.
3366 402 3477 462 922

122 508 472 578 perantiam
510 517 731 576 servat,
764 517 822 565 ut
845 518 901 568 et
924 509 1166 567 severius
1191 520 1318 582 agat
1340 526 1466 566 cum
1488 509 1772 567 obduratis
1799 512 1846 570 Α
1879 507 2081 563 habent
2136 512 2296 581 hujus
2347 511 2747 583 supputationis
2821 513 3106 584 peritiam,
3166 515 3476 588 diligentius

123 609 183 654 et
211 601 464 655 veniam
504 603 704 673 cupiat
727 612 984 673 praestare
1009 603 1288 657 correctis.
1325 601 1460 670 Quia
1488 618 1616 672 ergo
1647 602 1778 658 mihi
1883 599 1957 654 illi
2011 600 2256 658 discussa
2303 604 2554 670 ratione,
2607 614 2943 676 quierel‘elur
2998 621 3108 676 quo
3153 607 3241 662 die
3291 617 3474 678 posset

124 687 313 744 multa
357 689 597 746 ﬁducia
641 702 740 748 est-
775 693 842 747 de
892 693 1113 762 pietatis
1161 704 1358 748 vestra:
1411 695 1779 748 sincerissima
1882 695 2192 748 veneranda
2233 694 2550 751 solenmitas
2577 696 2780 752 rectius
2809 695 3094 752 celebrari.
3125 698 3242 766 Quo
3273 699 3473 754 rescri-

126 781 240 835 ﬁde
264 821 282 845 ,
339 783 614 840 obsecro
651 784 992 838 clementiam
1023 793 1286 850 vestram,
1336 793 1396 838 ut
1424 785 1562 840 sicut
1592 794 1781 840 sancto
1881 779 2061 847 bente,
2091 793 2283 841 octavo
2325 785 2594 841 Kalendas
2621 786 2743 841 Maii
2776 787 3029 843 deﬁnitus
3057 797 3142 844 est
3167 790 3305 844 dies.
3335 789 3472 857 Quia

125 871 324 926 studio
361 882 472 928 tuo
517 873 794 928 catholica
836 874 1152 945 praedicatio
1194 889 1410 944 semper
1459 873 1646 943 adiuta
1673 884 1776 940 est,
1881 888 2012 945 ergo
2065 875 2245 932 studio
2297 879 2523 934 unitatis
2575 888 2630 933 et
2695 883 2846 950 pacis
2908 880 3072 934 malui
3115 879 3470 936 Orientalium

126 963 208 1017 ita
239 980 406 1019 nunc
439 980 682 1036 quoque
723 965 961 1034 ejusdem
993 965 1227 1020 libertati
1257 965 1460 1020 faveas.
1487 965 1603 1021 Non
1633 967 1778 1020 enim
1881 965 2180 1021 deﬁnitioni
2233 969 2613 1039 acquiescere,
2659 987 2821 1040 quam
2856 971 2909 1024 in
2965 979 3128 1025 tanta:
3161 970 3477 1027 festivitatis

126 1055 516 1125 portitlneula
578 1057 754 1126 aliqua
798 1055 920 1112 ﬁdei
965 1066 1166 1112 nostra:
1221 1073 1341 1126 qua:
1378 1057 1556 1112 minus
1605 1058 1780 1112 lucide
1879 1057 2224 1112 observantia
2256 1058 2540 1124 dissidere,
2589 1060 2802 1114 noverit
2842 1060 3154 1115 fraternitas
3181 1070 3356 1116 vestra
3385 1061 3474 1116 die

127 1147 204 1199 sit
245 1145 414 1200 clara
461 1147 751 1217 pulsatur.
791 1147 896 1202 Sed
921 1148 1022 1203 hoc
1051 1149 1282 1218 imperia
1312 1147 1590 1204 resultatio
1617 1150 1779 1202 audet
1879 1156 2070 1202 octavo
2117 1147 2480 1203 Kalendarum
2525 1149 2786 1204 Maiarum
2818 1150 2886 1204 ab
2927 1150 3178 1204 omnibus
3225 1162 3470 1204 resurre-

128 1236 436 1291 iucesscre
458 1277 478 1302 ,
536 1239 684 1307 quod
715 1239 976 1294 Dominus
1005 1240 1058 1294 in
1105 1240 1346 1295 Ecclesia
1376 1256 1472 1295 sua
1507 1241 1776 1296 nemiuem
1879 1239 2117 1296 etionem
2151 1240 2484 1295 Dominicam
2533 1241 2932 1306 celebrandam,
2961 1250 3017 1297 et
3045 1241 3147 1295 hoc
3177 1241 3348 1310 ipsum
3376 1253 3473 1309 per

131 1326 318 1382 voluit
362 1327 666 1398 ignorare.
717 1330 783 1383 Et
815 1330 935 1385 ideo
964 1346 1063 1400 pro
1092 1340 1287 1385 vestrm
1314 1331 1532 1400 pietatis
1557 1347 1781 1387 consue-
1880 1346 1977 1387 vos
2009 1332 2130 1386 aliis
2151 1346 2271 1386 esse
2315 1332 2574 1387 fratribus
2604 1333 2979 1398 intimandum,
3012 1343 3071 1386 ut
3100 1333 3294 1387 divina:
3321 1333 3472 1402 pacis

132 1417 335 1471 tudine
386 1418 1018 1491 eiaboraredignemini
1041 1460 1056 1484 ,
1087 1428 1146 1474 ut
1173 1431 1360 1476 contra
1391 1421 1664 1491 singulare
1693 1437 1782 1477 sa-
1878 1422 2174 1486 consortio,
2207 1421 2346 1477 sicut
2381 1439 2486 1477 una
2516 1422 2621 1478 ﬁde
2642 1423 2955 1494 jungimur,
2984 1423 3059 1478 ita
3090 1439 3193 1477 una
3219 1423 3472 1478 solemni-

134 1522 522 1566 eramentum
604 1513 796 1568 salutis
881 1513 1179 1580 humanm,
1246 1515 1388 1584 quod
1462 1515 1776 1586 blasphcma
1879 1520 1990 1566 tate
2019 1511 2298 1568 feriemur.

132 1600 482 1670 insipientia
537 1605 782 1674 protulit,
829 1605 897 1659 ab
937 1606 1180 1660 omnium
1213 1607 1410 1662 animis
1463 1607 1773 1676 repellatur,
1949 1601 2154 1657 XCVII.
2195 1633 2267 1643 —-
2299 1604 2384 1657 Ad
2423 1603 2834 1672 Summ-tionem,
2877 1604 3248 1672 Carathouem,
3289 1615 3398 1662 etc.

135 1708 204 1747 ac
241 1693 291 1748 si
336 1693 473 1764 ipse
507 1697 606 1765 qui
644 1696 698 1750 in
745 1697 846 1751 hac
877 1697 1179 1752 tentatioue
1210 1698 1419 1763 incidit,
1467 1699 1774 1768 resipiscat,
1949 1691 2192 1756 Dominis
2232 1693 2494 1748 fratribus
2539 1696 2733 1751 merito
2782 1697 3112 1752 beatissimis
3158 1697 3213 1751 in
3252 1695 3471 1752 Christo

140 1786 220 1839 ila
255 1796 319 1840 ιιι
360 1789 528 1856 quod
579 1789 720 1845 male
769 1799 1009 1845 sensu-3|
1059 1791 1277 1861 propria
1303 1807 1434 1846 voce
1459 1801 1512 1847 ει
1536 1793 1778 1847 subseri-
1877 1783 2278 1838 venerabilibus
2304 1824 2319 1849 ,
2371 1785 2732 1849 Samartioni,
2778 1784 3106 1850 Carathoni,
3159 1785 3468 1850 Desiderio,

137 1875 336 1944 ptione
379 1876 746 1942 condemnet,
789 1879 1156 1934 comnumioni
1204 1879 1280 1935 illi
1332 1881 1414 1935 sui
1453 1880 1661 1935 ordinis
1688 1895 1772 1935 re-
1807 1865 1848 1924 Β
1878 1873 2148 1943 episcopis
2187 1883 2243 1928 et
2282 1874 2613 1945 presbyteris
2657 1875 2902 1928 omnium
2950 1875 3300 1929 ecclesiarum
3349 1887 3470 1943 qua

137 1965 454 2021 formetur.
530 1967 686 2035 Quod
743 1971 906 2024 etiam
963 1969 1115 2024 fratri
1171 1979 1227 2025 et
1284 1972 1604 2041 coepiscopo
1653 1987 1773 2027 meo
1875 1975 2001 2020 sunt
2050 1967 2190 2020 intra
2239 1966 2574 2035 provinciam
2621 1964 2909 2020 Thraciam
2960 1967 3289 2036 constituta),
3333 1965 3468 2031 Leo,

142 2055 400 2113 Faviano
447 2075 548 2113 me
576 2061 866 2116 clementia
894 2071 1074 2116 vestra
1107 2071 1418 2132 cognoscat,
1447 2072 1503 2118 et
1527 2064 1612 2117 his
1637 2079 1774 2132 quos

141 2147 411 2203 misimus
471 2149 779 2219 delegasse,
825 2159 884 2205 ιιι
936 2152 1092 2206 venia
1144 2154 1494 2218 concedatur,
1541 2153 1588 2207 si
1619 2167 1775 2209 error

141 2238 431 2294 aboletur.
488 2240 572 2296 Ne
619 2253 800 2298 autem
847 2242 1074 2312 piissimi
1123 2245 1384 2315 principis
1431 2245 1769 2314 dispositioni

149 2345 276 2398 quae
321 2333 652 2403 episcopale
692 2334 978 2389 concilium
1005 2335 1176 2390 voluit
1203 2337 1550 2408 congregari,
1581 2348 1771 2393 nostra

145 2420 447 2476 videretur
475 2424 766 2493 prmsentia
792 2423 1049 2491 defuisse,
1079 2425 1279 2482 fratres
1322 2442 1473 2482 meos
1493 2427 1768 2484 Juliauum

152 2511 518 2582 episcopum,
553 2515 818 2569 Reuatum
860 2517 1261 2586 presbyterum,
1295 2527 1350 2572 et
1381 2518 1549 2572 ﬁlium
1589 2535 1768 2574 meum

148 2599 429 2658 llilariutn
466 2606 760 2661 diaconum
789 2607 936 2673 misi,
969 2609 1058 2678 qui
1089 2609 1263 2664 vicem
1300 2611 1602 2680 praisentiae
1638 2627 1770 2667 mea:

151 2688 384 2761 implere
422 2693 764 2750 suﬂicerent.
805 2694 911 2750 Sed
945 2696 994 2750 ei
1033 2697 1125 2766 qui
1164 2697 1216 2750 in
1250 2712 1437 2754 errore
1468 2708 1552 2754 est
1579 2699 1769 2754 melius

151 2783 518 2850 consuletur,
552 2786 596 2840 si
636 2787 707 2840 ibi
741 2787 828 2842 ubi
857 2787 1108 2858 desipuit,
1138 2789 1336 2845 ibidem
1370 2792 1676 2860 resipiscat,
1713 2803 1768 2849 et

153 2868 244 2924 ubi
279 2872 705 2941 damnationem
751 2877 968 2943 meruit,
1012 2877 1123 2933 illic
1154 2878 1537 2948 indulgentiam
1576 2894 1769 2934 conse-

156 2971 380 3028 quatur.
420 2963 564 3019 Data
593 2965 714 3021 ldus
741 2965 910 3033 Junii,
953 2968 1172 3023 Asturio
1200 2977 1255 3024 et
1293 2969 1603 3040 Protogene
1632 2969 1768 3028 viris

155 3052 346 3109 eiaris.
380 3071 548 3113 cons.

227 3165 421 3222 XCVI.
452 3198 527 3209 —
549 3169 930 3244 Ad_t_t_uiversos
967 3173 1234 3244 episcopos
1268 3189 1362 3244 per
1388 3172 1615 3230 Galliam
1645 3185 1694 3230 et

633 3239 949 3311 Hispaniam
977 3239 1306 3299 constitutos.

212 3324 328 3382 Leo
344 3329 729 3386 dilectissimis
743 3331 1002 3388 fratribus
1019 3334 1771 3406 universislepiscopislcatho-

159 3415 278 3474 iicis
301 3435 402 3489 per
423 3422 660 3480 Galliam
686 3434 742 3478 et
769 3423 1086 3494 Hispaniam
1119 3427 1430 3482 constitutis
1449 3427 1515 3482 de
1535 3427 1766 3483 Pascha.

232 3511 370 3565 Citii:
413 3513 470 3567 in
511 3514 768 3570 omnibus
807 3517 1114 3571 divinorum
1147 3527 1538 3587 praeceptorum
1570 3519 1770 3589 regulis

163 3607 536 3672 exsequendis
568 3645 584 3670 ,
639 3608 1031 3663 sacerdotalem
1079 3609 1478 3664 observantiam
1522 3620 1770 3680 Oporteat

167 3704 285 3747 esse
358 3698 744 3764 concordem,
801 3700 1036 3754 maxime
1086 3700 1242 3755 nobis
1290 3710 1347 3756 et
1396 3702 1771 3772 principaliter
1816 3763 1827 3774 O

168 3786 565 3856 providendum
592 3798 698 3855 est,
731 3804 800 3844 ne
849 3791 900 3844 in
931 3791 1201 3859 paschalis
1226 3791 1349 3846 festi
1393 3793 1481 3848 die
1508 3793 1591 3847 vel
1617 3797 1768 3865 igno-

169 3879 344 3934 rautia
390 3880 480 3937 vel
513 3883 862 3952 pratsumptio
892 3893 1175 3951 peccatum
1209 3884 1543 3941 diversitatis
1588 3885 1766 3941 incur-

169 3979 271 4024 rat.
331 3971 494 4028 Unde
541 3973 666 4042 quia
711 3983 922 4044 tempus
981 3976 1363 4031 sacratissian
1411 3977 1768 4033 solemnitatis

171 4058 243 4114 ita
291 4062 590 4131 dispositos
619 4063 784 4118 habet
813 4063 1015 4118 limites
1044 4079 1191 4129 suos,
1241 4075 1297 4119 ut
1324 4065 1558 4121 salutare
1587 4083 1766 4121 sacra-

172 4161 414 4207 tueutum
472 4169 616 4208 nunc
649 4153 830 4218 citius,
883 4170 1025 4209 nunc
1072 4157 1279 4210 tardius
1326 4166 1574 4226 oporteat
1625 4160 1766 4212 cele-

173 4241 341 4309 brari,
372 4260 482 4300 non
525 4245 724 4300 desinit
773 4246 1085 4316 apostolica:
1131 4248 1275 4302 sedis
1313 4249 1617 4305 sollicitudo
1647 4266 1768 4320 pro-

174 4334 420 4401 spicere,
478 4352 547 4391 ne
594 4338 806 4392 devotio
856 4333 1241 4395 ecclesiastica.
1286 4341 1466 4410 aliquo
1522 4345 1767 4397 turbetur

178 4421 401 4481 incerto.
453 4427 588 4484 Cum
648 4430 812 4497 igitur
856 4431 908 4484 in
963 4432 1286 4500 quibusdam
1347 4435 1766 4504 ascriptionibus

181 4515 396 4574 Patrum
448 4519 689 4576 futurum
720 4522 967 4591 proxime
993 4523 1196 4579 Pascha
1226 4524 1434 4580 Domini
1465 4527 1534 4582 ab
1561 4528 1684 4583 aliis
1709 4528 1760 4584 in

182 4605 315 4661 diem
345 4611 867 4679 quintumdecitnum
923 4611 1194 4668 Kalendas
1243 4613 1388 4681 Maii,
1445 4617 1514 4670 ab
1558 4617 1679 4672 aliis
1707 4619 1758 4673 in

183 4693 316 4752 diem
353 4711 604 4756 octavum
655 4701 1018 4757 Kalendarum
1066 4707 1376 4759 earumdem
1428 4707 1763 4762 inveniretur

185 4791 493 4858 ascriptum,
530 4800 739 4848 tantum
785 4808 872 4847 me
919 4793 1206 4850 diversitas
1247 4794 1349 4851 ista
1387 4800 1672 4867 permovit,
1703 4809 1761 4854 ut

189 4879 598 4940 clementissimo
633 4886 861 4956 principi
910 4886 1188 4944 Marciano
1233 4902 1418 4944 curam
1457 4891 1526 4945 de
1559 4891 1660 4947 hac
1704 4909 1761 4948 re

187 4971 339 5033 animi
373 4975 477 5030 mei
509 4977 826 5045 panderem,
854 4984 911 5030 ut
937 4977 1284 5046 praecipiente
1323 4979 1437 5049 ipso
1464 4981 1530 5033 ah
1558 4980 1641 5034 his
1667 4981 1759 5051 qui

1874 2055 2172 2122 Victorius,
2195 2056 2472 2112 Eustatius
2500 2057 2760 2127 episcopi.
2933 2123 2935 2126 q

1946 2145 2118 2200 Tanta
2162 2147 2342 2202 swcuii
2375 2156 2670 2217 potestates
2708 2148 2852 2202 circa
2896 2147 3288 2206 sacerdotalem
3321 2148 3470 2202 ordi-

1871 2253 1997 2293 nem
2057 2239 2364 2293 revereutia
2430 2239 2793 2308 pervaluere,
2850 2239 3016 2294 etiam
3066 2240 3122 2294 hi
3177 2254 3312 2308 quos
3367 2239 3469 2314 sub

1873 2327 2136 2399 imperiali
2210 2329 2432 2384 nomine
2491 2330 2651 2384 terris
2716 2330 2896 2384 divina
2945 2330 3187 2400 potentia
3238 2343 3470 2399 praeesse

1871 2421 2149 2490 preeccpit,
2197 2430 2256 2476 ut
2289 2419 2382 2488 jus
2427 2421 2920 2491 distringendorum
2974 2422 3312 2491 negotiorum
3357 2420 3471 2489 epi-

1871 2512 2050 2582 scopis
2071 2513 2299 2579 sanctis,
2331 2511 2487 2581 juxta
2534 2513 2736 2590 divalia
2765 2513 3063 2576 constituta
3092 2513 3466 2581 permiserint.

1871 2602 2025 2669 Quod
2051 2619 2172 2657 eum
2199 2613 2252 2657 et
2271 2604 2411 2674 juris
2437 2604 2645 2674 antiqui
2673 2602 2919 2659 formulis
2937 2613 2992 2658 et
3023 2603 3184 2666 illatis
3206 2602 3464 2672 frequen-

1873 2694 1978 2762 tius
2007 2693 2076 2748 sit
2105 2703 2160 2748 et
2189 2694 2398 2763 legibus
2426 2693 2830 2760 conﬁrmatum,
2878 2692 3180 2762 praesertim
3225 2702 3468 2760 tempore

1871 2799 1902 2838 a
1929 2776 2203 2854 plerisque
2233 2785 2535 2839 invenimus
2561 2783 2728 2839 fuisse
2761 2783 3046 2839 calcatum.
3079 2781 3213 2836 Nam
3237 2792 3466 2853 praetcr-

1870 2878 2037 2933 misso
2065 2878 2387 2934 sacerdotali
2409 2877 2613 2947 judicio
2637 2877 2841 2948 passim
2864 2875 2931 2930 ad
2953 2890 3180 2930 examen
3208 2874 3469 2929 szeculare

1872 2969 2124 3026 transire.
2181 2969 2447 3037 Quocirca
2507 2970 2662 3024 nobis
2719 2969 2893 3023 visum
2943 2977 3046 3033 est,
3106 2960 3178 3021 ut
3213 2966 3354 3020 hanc
3413 2974 3468 3019 et

1869 3075 2043 3115 sacra:
2094 3061 2230 3129 legis
2276 3069 2331 3114 et
2378 3060 2551 3114 nostri
2601 3059 2809 3113 ordinis
2858 3056 3241 3112 contumeliam
3292 3064 3347 3110 et
3395 3057 3466 3110 ad

1870 3163 2112 3219 praesens
2154 3149 2512 3202 ulcisceretur
2550 3147 2708 3217 plena
2754 3147 3040 3209 districtio,
3093 3135 3468 3201 etobservan¥

1873 3244 1998 3295 dam
2044 3240 2331 3295 formulam
2373 3241 2729 3295 constitueret
2765 3239 2817 3292 in
2851 3237 3114 3292 futurum.
3165 3229 3467 3310 censemus

1873 3332 2052 3400 itaque
2077 3340 2134 3384 ut
2157 3332 2466 3400 quicunque
2494 3329 2860 3399 praetermisso
2889 3315 3170 3382 sacerdote
3217 3327 3466 3382 ecclesiae

1869 3436 1982 3475 suze
2010 3423 2074 3474 ad
2114 3420 2561 3490 disceptationem
2608 3419 2817 3472 venerit
2862 3417 3200 3472 saecularium
3231 3457 3245 3484 ,
3293 3417 3465 3472 sacris

1870 3513 2146 3568 liminibus
2184 3514 2440 3582 expulsus
2490 3526 2520 3565 a
2559 3510 2765 3567 cmlesti
2816 3519 3068 3564 arceatur
3111 3508 3325 3563 altario.
3357 3508 3464 3562 Ne-

1866 3613 1974 3672 "que
2031 3602 2170 3658 ullus
2227 3611 2351 3673 post
2419 3602 2561 3656 hanc
2614 3599 2988 3656 deﬁnitionem
3052 3599 3144 3670 qui
3191 3597 3462 3654 communi

1871 3694 2010 3748 sedit
2076 3694 2299 3748 arbitrio
2349 3693 2645 3761 quidquam
2697 3690 2801 3746 sibi
2873 3689 3015 3743 ultra
3090 3687 3461 3759 praescriptum

1870 3785 2149 3838 vindicare
2180 3784 2405 3838 nitatur.
2439 3783 2516 3838 lta
2548 3781 2688 3846 ﬁeri,
2738 3790 2796 3834 ut
2825 3780 2880 3834 hi
2912 3780 3004 3850 qui
3054 3788 3181 3835 ante
3207 3793 3464 3833 erravere

1873 3889 2109 3944 congrua
2125 3873 2512 3936 emendatione
2541 3887 2600 3926 se
2621 3871 2919 3940 corrigaut,
2942 3879 3000 3923 et
3022 3870 3111 3940 qui
3144 3869 3245 3924 sub
3272 3869 3461 3922 obser-

1869 3965 2085 4019 vatione
2115 3964 2349 4019 clericali
2391 3963 2602 4018 etelesti
2637 3965 2897 4034 probatur
2933 3962 3139 4016 servire
3164 3958 3360 4020 ofﬁcio.
3389 3975 3458 4014 ex

1869 4057 2016 4112 clero
2047 4057 2430 4127 abjiciendum,
2475 4055 2520 4109 si
2546 4054 2913 4123 praetermisso
2955 4052 3464 4119 saeerdotumjudi-

1867 4150 1953 4205 cio
1983 4137 2306 4204 saecuiarcm
2344 4147 2542 4202 adierit
2566 4156 2909 4218 potestatem.
2937 4146 3090 4213 Quod
3122 4146 3244 4202 ideo
3277 4147 3461 4216 singu-

1867 4239 1949 4294 los
1998 4240 2385 4308 universosque
2451 4237 2698 4291 volumus
2769 4251 3128 4306 agnoscere,.
3179 4245 3240 4290 ut
3316 4235 3462 4306 quod

1868 4333 2026 4403 pleno
2088 4332 2313 4402 iustitia:
2367 4338 2420 4384 et
2459 4329 2611 4398 tjuris
2668 4329 2860 4384 ordine
2909 4329 3267 4383 constitutum
3330 4335 3459 4393 est,

1869 4423 2118 4478 ell‘ectum
2176 4421 2340 4474 totius
2387 4418 2663 4472 ﬁrmitatis
2726 4418 2779 4472 in
2837 4419 3090 4473 ouinibus
3133 4419 3458 4474 clericorum

1870 4513 2101 4583 negotiis
2125 4512 2406 4567 sortiatur.
2451 4510 2595 4564 Sane
2645 4509 2691 4564 si
2737 4509 2973 4565 clericus
3017 4509 3212 4564 laicum
3260 4508 3460 4577 pulset,

1870 4607 2020 4677 prius
2058 4621 2116 4659 se
2143 4603 2317 4657 audiri
2345 4603 2416 4656 ab
2452 4601 2720 4671 episcopis
2763 4611 2972 4671 poscat,
3000 4609 3108 4654 tum
3135 4601 3179 4654 si
3211 4599 3460 4670 petitioni

1868 4714 1978 4754 sum
2039 4696 2235 4749 laicum
2283 4693 2477 4748 viderit
2517 4692 2738 4747 obviare
2787 4707 2853 4746 ex
2903 4691 3171 4760 permissu
3221 4691 3459 4759 cpisc0pi

1867 4791 1951 4844 sui
1998 4790 2052 4842 in
2099 4786 2281 4842 saeculi
2330 4786 2700 4840 moderatores
2744 4783 3134 4852 disceptatione
3176 4781 3461 4848 confligat.

1869 4884 1977 4938 Leo
2017 4881 2301 4950 episcopus
2335 4876 2552 4942 scribit;
2594 4875 2861 4932 Victorius
2905 4877 3193 4946 episcopus
3225 4876 3454 4942 scribit;

1870 4976 2143 5033 Eustatius
2171 4974 2456 5044 episcopus
2479 4971 2688 5026 scribit.

189 5071 3449 5102 mm

677 5162 1316 5254 INCIPIUNT
1404 5165 1941 5256 DECRETA
2024 5161 2501 5250 HILARII
2576 5159 2953 5249 PAPIE.

1449 5314 1795 5371 lNClPlL'NT
1831 5313 2198 5372 CAPITULA.

179 5551 183 5555 η
265 5519 307 5537 ..
346 5484 416 5542 Ut
440 5502 675 5544 canones
702 5487 903 5546 Νιοωηί
931 5489 1015 5546 vel
1041 5493 1352 5563 apostolicae
1377 5497 1523 5553 sedis
1548 5499 1767 5557 decreta

197 5575 572 5630 custodiantur.
916 5587 922 5594 ’
999 5575 1002 5578 ’

249 5661 309 5752 2.
348 5664 415 5720 Ut
452 5668 668 5738 bigami,
697 5678 788 5724 aut
823 5670 1018 5739 vidum,
1051 5682 1144 5726 aut
1189 5664 1460 5747 corruptae
1490 5678 1667 5734 mariti
1699 5668 1768 5740 ad

200 5753 576 5816 ecclesiasticos
606 5759 814 5832 gradus
843 5756 950 5818 non
983 5766 1261 5822 accedant.
1595 5755 1600 5758 ’

265 5841 312 5902 3.
353 5846 417 5906 Ut
449 5852 776 5922 poenitentes
829 5862 919 5911 aut
957 5855 1114 5914 inscii
1166 5857 1471 5919 litterarum
1512 5861 1626 5919 sive
1673 5862 1766 5922 de—

1843 5485 2016 5556 ‘fectu
2067 5489 2478 5571 membrorum,
2537 5502 2629 5550 aut
2691 5491 2964 5550 decisione
3017 5492 3222 5564 aliquid
3277 5492 3464 5548 minus

1872 5592 2135 5647 habentes
2159 5589 2226 5643 ad
2258 5587 2596 5658 superiorem
2625 5587 2870 5643 ordinem
2901 5602 3006 5642 non
3031 5586 3274 5641 veniant.

1938 5681 1994 5735 4.
2037 5679 2108 5735 Ut
2163 5693 2227 5734 ea
2281 5692 2402 5748 qua:
2471 5676 2668 5752 illicite.
2715 5676 3001 5747 episcopus
3047 5674 3132 5730 vel
3204 5675 3456 5729 decessor

1869 5772 1986 5844 ejus
2023 5769 2334 5848 ordinavit,
2380 5767 2446 5824 ab
2475 5784 2540 5825 eo
2570 5769 2661 5840 qui
2698 5777 2945 5840 superest
2967 5767 3348 5832 emendentur.

1942 5863 1993 5919 5.
2040 5859 2109 5920 Ut
2135 5861 2312 5919 nulius
2350 5861 2655 5935 episcopus,
2705 5860 2807 5917 sibi
2845 5860 3010 5933 eligat
3054 5872 3449 5922 successorem.
