3882 5316
492 340 597 396 923

1294 326 1588 386 APPEND.
1631 326 1721 382 AD
1750 323 1924 380 ΒΕΘ.
1961 322 2052 378 lx.
2089 352 2156 363 —
2195 316 2448 374 18100111
2489 315 2937 375 MERCATORIS

3657 316 3745 373 991

558 455 689 510 CAP.
731 452 772 507 l.
813 449 1000 506 Flavio
1033 445 1296 510 'Basilico,
1327 421 1382 498 et
1407 439 1752 498 llcrmineico
1800 437 1932 492 viris
1959 435 2073 492 cla-
2109 445 2155 503 Α
2185 447 2285 488 nos
2314 431 2498 486 missis
2525 431 2592 486 de
2616 430 2896 500 Hispaniis
2924 428 3170 500 epistolis
3202 429 3305 484 sub
3331 438 3486 486 certa
3513 429 3748 489 relatim

489 543 724 598 rissimis
750 539 1082 602 consulibus,
1110 536 1212 591 sub
1252 535 1339 590 die
1368 533 1581 588 decimo
1624 539 1779 584 sexto
1812 527 2073 583 Kalenda-

490 649 609 688 rum
637 629 1033 686 Decembrium.
1060 627 1117 680 ln
1141 624 1362 679 basilica
1387 630 1588 678 sanctae
1609 621 1787 674 Mariam
1806 618 2075 673 residente

489 721 787 778 venerabili
820 735 959 790 papa
991 717 1194 772 llilario
1225 732 1328 770 una
1355 729 1479 770 cum
1510 712 1797 784 episcopis,
1850 726 2075 765 numero

487 813 900 884 quinquaginta,
954 806 1313 864 residentibus
1346 805 1511 860 etiam
1543 801 1808 857 universis
1853 801 2075 870 presby-

490 905 642 968 teris,
690 901 996 957 astantibus
1047 910 1262 968 quoque
1310 894 1648 954 diaconibus,
1691 891 1927 946 Hilarius
1963 888 2074 959 epi—

486 1009 685 1063 scopus
745 991 1004 1048 Ecclesia;
1067 987 1349 1043 catholica:
1386 983 1569 1065 .urbis
1639 983 1824 1038 Romae
1870 983 2075 1050 synodo

486 1083 806 1153 praesidens,
835 1081 973 1136 dixit
1004 1095 1016 1132 :
1050 1076 1316 1143 Quoniam
1344 1075 1627 1144 religiosus
1654 1080 1842 1127 sancto
1870 1070 2074 1141 Spiritu

487 1183 851 1245 congregante
898 1178 1198 1226 conventus
1247 1170 1512 1232 hortatur,
1559 1173 1619 1220 ut
1665 1163 1910 1235 quaedam
1956 1176 2076 1232 quae

487 1280 588 1335 pro
641 1262 926 1333 disciplina
971 1259 1342 1315 ecclesiastica
1394 1256 1702 1312 necessaria
1745 1263 1904 1318 sunt,
1946 1267 2074 1306 cura

489 1356 828 1428 diligentiore
877 1364 1193 1418 tractemus,
1238 1353 1284 1407 si
1327 1352 1520 1422 placet,
1566 1350 1799 1415 fratres,
1839 1363 1904 1404 ea
1955 1364 2078 1418 qua:

491 1449 560 1502 ad
608 1445 967 1502 ordinationis
1025 1453 1266 1498 tenorem
1314 1444 1630 1512 pertinent,
1677 1441 1832 1512 juxta
1881 1439 2077 1495 divinae

489 1538 623 1608 legis
664 1546 954 1608 praecepta,
985 1545 1038 1590 et
1076 1534 1416 1590 Niczenorum
1445 1550 1713 1590 canonum
1757 1533 2074 1601 constituta,

484 1627 709 1698 juvantc
738 1628 963 1683 Domino
995 1628 1045 1681 in
1077 1641 1238 1682 omne
1277 1642 1452 1680 :evum
1483 1641 1740 1680 mansura
1762 1627 2074 1691 solidemus,

489 1729 550 1773 ut
584 1718 714 1774 nulli
749 1720 830 1773 t'as
865 1720 937 1773 sit
976 1719 1092 1773 sine
1123 1728 1298 1773 status
1326 1719 1407 1772 sui
1438 1717 1702 1789 periculo,
1741 1720 1824 1774 vel
1867 1720 2077 1774 divinas

2177 523 2446 594 pervenit,
2489 521 2545 576 in
2579 522 2903 592 quibusdam
2957 521 3088 574 locis
3118 520 3536 590 pcrversitatum
3565 523 3749 577 semina

2175 613 2404 667 subinde
2431 621 2752 666 nascuntur.
2799 611 3044 680 Denique
3088 609 3338 665 nonnulli
3380 610 3750 680 episcopatum,

2174 701 2265 772 qui
2323 717 2428 758 non
2487 699 2592 755 nisi
2661 700 2870 755 meritis
2919 701 3358 770 praecedentibus
3406 699 3614 764 datur,
3667 719 3754 756 nua

2176 793 2422 846 divinum
2487 807 2730 857 munus,
2783 793 2878 847 sed
2949 791 3358 846 haereditarium
3410 800 3612 862 putant
3661 808 3756 848 sse

2176 883 2573 953 compendium.
2621 883 2688 936 Et
2737 883 2967 938 credunt
3015 883 3162 938 sicut
3201 897 3289 937 res
3331 880 3576 936 cadnCas
3619 891 3759 952 atque

2174 972 2460 1034 mortales,
2490 972 2561 1026 ita
2591 971 2932 1026 sacerdotum
2967 971 3112 1026 velut
3160 971 3429 1043 legatorio
3480 980 3578 1025 aut
3607 981 3754 1026 testa.

2177 1062 2442 1117 tuentario
2471 1061 2594 1132 jure
2625 1076 2784 1132 posse
2828 1061 3046 1116 dimitti.
3071 1060 3206 1115 Nam
3237 1061 3492 1131 plerique
3518 1065 3760 1118 sacerdo—

2179 1164 2279 1220 tes,
2327 1163 2383 1209 et
2421 1155 2476 1209 in
2503 1154 2695 1209 mortis
2723 1154 2959 1209 confinio
2990 1153 3293 1220 constituti,
3329 1154 3383 1208 in
3417 1155 3603 1208 locum
3633 1171 3763 1210 suum

2177 1247 2424 1301 lcrnntur
2448 1245 2582 1301 alios
2628 1245 2924 1316 designatis
2963 1246 3272 1301 nominibus
3316 1247 3664 1318 subrogare,
3703 1261 3764 1308 It,

2175 1339 2387 1394 scilicet
2409 1355 2520 1394 non
2544 1337 2780 1408 legitima
2803 1347 3153 1408 exspectatur
3173 1339 3401 1404 electio,
3427 1341 3530 1394 sed
3551 1339 3767 1395 defuncti

2178 1429 2545 1500 gratilicatio,
2599 1444 2698 1499 pro
2746 1429 2927 1500 populi
2979 1429 3244 1484 habeatur
3313 1446 3580 1486 assensu.
3642 1431 3772 1498 Quod

2179 1536 2341 1592 quam
2391 1535 2555 1588 grave
2603 1521 2675 1575 sit
2715 1521 3041 1576 existimate.
3091 1521 3272 1590 Atque
3309 1521 3463 1585 ideo,
3505 1523 3550 1577 si
3595 1523 3769 1592 placet,

2180 1612 2347 1668 etiam
2389 1613 2530 1668 hanc
2558 1612 2834 1667 licentiam
2867 1612 3195 1680 generaliter
3241 1613 3310 1668 de
3342 1613 3622 1669 Ecclesiis
3649 1615 3770 1669 ante

2181 1718 2389 1769 ramus,
2423 1719 2492 1757 nc
2533 1703 2700 1774 (quod
2736 1712 2889 1773 turpe
2920 1705 3067 1758 dictu
3107 1703 3212 1775 est)
3257 1704 3478 1759 homini
3508 1707 3771 1777 quisque:

486 1811 924 1875 constitutiones,
979 1809 1062 1864 vel
1093 1810 1404 1881 apostolica:
1452 1810 1597 1865 sedis
1640 1810 1861 1864 decreta
1908 1821 2076 1864 teme-

2188 1802 2334 1863 putet
2393 1794 2626 1859 deberi,
2678 1793 2823 1864 quod
2873 1793 2967 1847 Dei
3018 1803 3123 1848 est.
3172 1795 3242 1850 Ut
3292 1807 3492 1852 autem
3541 1799 3682 1868 quod
3720 1803 3771 1854 ad

491 1917 637 1968 rare,
669 1903 798 1972 quia
828 1918 928 1958 nos
973 1902 1067 1972 qui
1106 1903 1475 1972 potentissimi
1521 1903 1819 1979 sacerdotis
1845 1902 2081 1956 admini-

485 2003 724 2049 stramus
793 1994 972 2048 oflicia
1002 2033 1017 2059 ,
1105 1994 1290 2046 talium
1368 1994 1858 2062 transgressionum
1924 1993 2080 2063 culpa

486 2085 764 2153 respiciet,
797 2084 841 2138 si
877 2085 930 2137 in
967 2084 1146 2139 causis
1175 2083 1267 2138 Dei
1297 2085 1510 2139 desides
1541 2083 1805 2138 fuerimus
1851 2085 2079 2149 inventi,

487 2179 617 2244 quia
681 2175 1031 2230 metninimus
1101 2179 1244 2244 quod
1301 2175 1491 2229 timere
1542 2177 1801 2230 debemus
1851 2176 2084 2244 qualiter

488 2270 854 2324 comminetur
904 2269 1166 2322 Dominus
1215 2268 1558 2339 negligentia:
1603 2271 1964 2324 sacerdotum.
1999 2270 2084 2324 Si-

484 2360 711 2429 quidem
766 2369 920 2414 reatu
961 2357 1169 2428 majore
1219 2361 1486 2430 delinquit
1515 2362 1606 2430 qui
1645 2360 1845 2431 potiori
1875 2362 2084 2416 honore

486 2451 706 2517 fruitur,
734 2459 789 2506 et
811 2451 1060 2522 graviora
1091 2451 1222 2508 facit
1245 2453 1370 2507 vitia
1398 2463 1746 2522 peccatorum
1773 2454 2083 2510 sublimitas

486 2544 837 2614 dignitatum.

557 2651 618 2705 it.
656 2653 965 2707 Cavendum
1018 2669 1148 2726 ergo
1214 2654 1271 2708 in
1328 2655 1519 2726 primis
1584 2669 1654 2710 ne
1710 2656 1779 2710 ad
1835 2665 2082 2712 sacratos

485 2746 708 2817 gradus,
755 2747 896 2801 sicut
943 2750 1116 2818 gestis
1165 2748 1438 2818 prioribus
1479 2759 1609 2803 ante
1661 2750 1922 2819 sciiptum
1974 2759 2078 2814 est,

487 2838 777 2908 quisquam
806 2839 898 2909 qui
944 2855 1169 2894 uxorem
1199 2839 1465 2910 virginem
1505 2857 1615 2895 non
1646 2843 1821 2906 duxit,
1853 2843 2078 2911 aspiret.

486 2929 804 2999 chcllendi
881 2939 1010 2984 sunt
1089 2930 1253 2984 etiam
1312 2932 1622 3000 quicunque
1699 2933 1753 2985 in
1832 2933 2081 2986 secunda:

485 3020 675 3073 uxoris
701 3019 913 3089 nuptias
955 3027 1145 3074 contra
1172 3020 1473 3090 apostolica
1515 3030 1780 3091 praecepta
1810 3034 2080 3076 convene-

486 3115 634 3162 runt.

555 3219 639 3275 ll.
699 3220 767 3276 Ut
829 3228 1163 3290 ptemtentes
1215 3222 1301 3276 vel
1360 3221 1520 3276 inscii
1575 3221 1879 3276 litterarum
1913 3263 1928 3289 ,
1983 3234 2074 3277 aut

485 3311 664 3382 aliqua
700 3315 1067 3368 membrorum
1109 3312 1324 3368 defectu
1355 3315 1552 3368 damna
1582 3315 1850 3384 perpessi,
1894 3315 1978 3369 vel
2023 3317 2074 3370 hi

485 3407 577 3477 qui
602 3422 668 3461 ex
691 3407 1083 3476 paenitentibus
1110 3416 1255 3472 sunt,
1281 3409 1346 3463 ad
1365 3423 1552 3463 sacros
1579 3409 1801 3463 ordines
1831 3410 2077 3478 aspirare

485 3513 594 3552 non
635 3498 888 3552 audeant.
941 3496 1183 3566 Quisque
1211 3498 1397 3551 talium
1425 3509 1779 3554 consecrator
1807 3499 2080 3554 exstiterit

485 3588 690 3644 factum
716 3603 873 3643 suum
913 3591 1028 3659 ipse
1055 3588 1335 3643 dissolvet.

557 3701 648 3758 ιν.
690 3702 798 3756 Sed
833 3701 1191 3771 quodcunque
1218 3717 1341 3771 quis
1371 3703 1650 3758 commisit
1679 3703 1889 3771 illicite,
1930 3711 2022 3759 aut
2044 3718 2075 3758 a

486 3795 864 3852 decesserimus
918 3795 1032 3850 suis
1077 3796 1284 3849 invenit
1324 3796 1664 3863 admissum,
1708 3798 1753 3852 si
1799 3799 2074 3869 proprium

483 3887 785 3959 periculum
815 3886 930 3940 vult
961 3887 1133 3941 vitare
1153 3927 1169 3953 ,
1199 3888 1511 3952 damnabit;
1540 3905 1639 3944 nos
1665 3891 1811 3944 enim
1842 3890 1897 3944 in
1930 3890 2075 3946 nullo

483 3979 734 4035 volumus
774 3980 1120 4035 severitatem
1168 3981 1391 4036 ultionis
1437 3997 1714 4037 exercere.
1752 3983 1858 4039 Sed
1900 3985 1990 4055 qui
2021 3985 2073 4038 in

485 4069 667 4123 causis
714 4068 810 4123 Dei
855 4069 942 4124 vel
994 4071 1338 4125 contumacia
1391 4071 1475 4124 vel
1514 4071 1570 4125 in
1625 4068 1812 4141 aliquo'
1851 4073 2073 4131 decessu

486 4159 821 4229 deliquerit,
880 4170 974 4216 aut
1032 4161 1149 4233 ipse
1215 4165 1358 4232 quod
1409 4164 1661 4234 proprius
1707 4166 2076 4235 pranlecessor

487 4255 608 4327 ejus
645 4253 794 4321 fecit,
839 4255 1057 4311 abolere
1106 4257 1340 4314 noluerit
1383 4259 1438 4313 in
1490 4274 1549 4313 se
1589 4259 1848 4329 quidquid
1880 4260 1935 4314 in
1970 4262 2075 4316 alio

485 4360 597 4401 non
641 4347 991 4413 resccaverit,
1022 4347 1280 4403 inveniet.
1313 4350 1466 4417 Quod
1505 4359 1564 4404 ut
1604 4351 1863 4422 deinceps
1904 4353 2076 4420 possit

486 4437 730 4494 tenacius
775 4439 1036 4494 custodiri
1085 4440 1152 4510 (si
1201 4440 1376 4510 placet
1427 4443 1727 4498 sententias
1766 4459 1976 4509 omnes,
2021 4454 2076 4499 ct

2184 1899 2284 1939 nos
2321 1884 2587 1954 perlatum
2617 1895 2724 1952 est,
2754 1886 2822 1941 ad
2846 1895 3083 1942 vestram
3107 1887 3276 1942 etiam
3302 1890 3492 1960 possit
3517 1894 3771 1960 pervenire

2183 1978 2453 2046 notitiam,
2517 1977 2880 2049 Hispanorum
2941 1979 3167 2034 fratrum
3217 1991 3275 2035 et
3338 1984 3771 2054 coepiscopum

2183 2082 2496 2126 nostrorum
2526 2072 2728 2142 scripta
2770 2071 3036 2141 legantur.
3081 2072 3288 2128 Paulus
3317 2078 3584 2130 notarius
3609 2080 3772 2131 recita-

2184 2165 2279 2218 vit.
2331 2165 2398 2218 Et
2443 2175 2708 2219 statutum
2752 2175 2875 2229 est,
2917 2181 2984 2220 ne
3018 2167 3149 2234 quid
3200 2167 3348 2222 ultra
3405 2169 3718 2238 hvﬁtsmodi
3753 2187 3777 2222 ι

2185 2255 2563 2310 sacerdotibus
2593 2267 2978 2326 prxsnmatur.

2182 2414 2348 2486 229
2372 2413 2606 2486 Epistola
2631 2416 2860 2486 ejusdem
2889 2415 3085 2498 {lilarii
3100 2435 3258 2490 ρ-ιρω
3283 2419 3355 2472 ad
3382 2418 3780 2478 Tarraconem

2831 2505 3120 2558 eptscopos.
3443 2548 3447 2549 ν

2256 2622 2306 2676 1.
2352 2620 2422 2677 Ut
2447 2621 2623 2679 minus
2652 2623 2770 2680 sine
2795 2639 3062 2680 consensu
3103 2625 3356 2698 episcopi
3401 2629 3780 2700 metropolitani

2180 2713 2469 2783 episctipns
2496 2715 2797 2771 ordinetur.

2250 2806 2305 2859 2.
2349 2804 2420 2860 Ut
2447 2805 2624 2861 nullus
2649 2808 3026 2879 episcoporum
3052 2809 3243 2866 relicta
3275 2812 3510 2881 propria
3543 2812 3780 2876 Ecclesia,

2180 2897 2248 2951 ad
2274 2896 2435 2951 aliam
2471 2906 2735 2953 transeat.
3191 2950 3193 2952 _

2249 2991 2303 3046 '5.
2349 2990 2416 3046 Ut
2447 2990 2708 3046 llireneus
2744 3001 2982 3060 remotus
3019 2993 3086 3048 ab
3117 2992 3534 3052 Artimoniensi
3573 2998 3644 3051 ad
3677 3013 3782 3068 pra-

2177 3083 2298 3154 pria
2329 3092 2655 3138 revertatur.

2103 3165 2148 3226 C
2249 3174 2303 3229 4.
2345 3173 2424 3229 De
2467 3174 2808 3231 removendis
2849 3174 3120 3244 episcopis
3161 3178 3255 3246 qui
3301 3177 3523 3236 .illicite
3572 3183 3786 3236 ordinati

2178 3275 2304 3323 sunt
2339 3273 2394 3322 et
2432 3281 2501 3321 ne
2535 3267 2590 3320 in
2620 3283 2724 3320 una
2760 3265 2999 3322 Ecclesia
3031 3268 3139 3323 duo
3170 3269 3430 3340 epism=pi
3481 3274 3782 3330 habeantur.

2249 3358 2304 3413 5.
2345 3358 2423 3412 De
2452 3357 2798 3413 damnatione
2824 3357 3063 3424 llirenei,
3099 3359 3147 3414 si
3188 3361 3257 3415 ad
3297 3377 3468 3417 suam
3509 3344 3785 3420 Ecclesia-

2179 3464 2288 3504 non
2327 3449 2638 3504 revertitur.

2249 3539 2628 3596 Dilectissimis
2649 3539 2908 3597 fratribus
2927 3542 3170 3599 ASCANIO
3197 3553 3254 3599 et
3281 3545 3578 3604 universis
3601 3550 3787 3619 episco-

2177 3633 2262 3704 pis
2311 3632 2736 3689 Tarraconensis
2771 3634 3088 3703 provincias,
3145 3636 3429 3694 Bruttius
3491 3643 3783 3712 episcopus.

2251 3723 2543 3794 Postquam
2561 3724 2980 3780 litterasvcstra:
2992 3726 3302 3784 dilecuonis
3318 3733 3675 3801 accepimus,
3690 3735 3787 3803 qli-

2178 3813 2279 3870 bus
2324 3815 2769 3884 praesumptiones
2811 3814 3012 3871 Silvani
3053 3818 3302 3889 episcopi
3339 3820 3785 3893 Calagurcnsinn

2180 3903 2433 3962 Ecclesia:
2464 3906 2677 3962 retundi
2709 3908 2940 3977 petistis,
2967 3917 3023 3963 et
3053 3925 3272 3966 rursum
3298 3911 3785 3976 Barcinoneesian

2176 3997 2421 4067 quaeritis
2452 3997 2615 4052 nimis
2656 3998 2841 4053 illicita
2885 4007 3009 4055 vota
3054 4000 3264 4056 firmari
3311 4003 3788 4062 honoratos-umet

2177 4104 2575 4160 possessorum,
2610 4088 3114 4160 Tyriasonensimn,
3145 4091 3619 4160 Castanensium,
3656 4097 3785 4152 Cala-

2176 4189 2552 4248 gurtanorum,
2580 4178 2964 4251 Virigensinm,
2997 4181 3363 4239 Triciensinm
3401 4188 3664 4245 civitatis
3683 4207 3784 4245 cm

2177 4271 2564 4341 scriptionibus
2604 4271 2939 4328 diversorum
2982 4274 3198 4332 litteras
3244 4280 3404 4334 nobis
3443 4295 3680 4338 constat
3721 4287 3785 4337 ia-

2176 4369 2379 4430 gestas.
2416 4377 2512 4432 per
2539 4378 2676 4432 quas
2715 4363 2769 4418 id
2805 4363 2948 4433 quod
2985 4368 3052 4420 de
3090 4365 3316 4422 Silvano
3349 4374 3595 4440 querela
3629 4385 3784 4430 ratu

2179 4454 2610 4525 dcprompserat,
2635 4458 2989 4512 excusabant.
3022 4456 3130 4513 Sed
3155 4463 3606 4530 reprehensione
3619 4469 3785 4538 justis-

483 4528 916 4600 subscriptiones
967 4531 1218 4601 proprias
1272 4534 1670 4604 commodatte)
1725 4546 1785 4590 ut
1833 4537 2074 4606 synodali

2188 4547 2317 4603 sima
2347 4563 2535 4604 eorum
2560 4551 2764 4620 pariter
2793 4551 3042 4623 allegatio
3072 4569 3181 4608 non
3205 4558 3462 4623 carebat,
3497 4515 3641 4631 qui;
3669 4578 3785 4632 prx-

479 4619 687 4692 judicio
723 4622 902 4678 aditus
945 4624 1230 4680 claudatur
1267 4624 1494 4680 illicitis.
1538 4627 1621 4682 Ab
1667 4629 1936 4684 universis
1962 4631 2077 4700 epi-

487 4713 708 4784 BCOpis,
766 4722 822 4769 et
869 4715 1208 4786 presbyteris
1261 4716 1620 4772 acclamatum
1663 4730 1767 4774 est.
1826 4721 2077 4787 Exaudi,

485 4805 724 4870 Christe,
764 4803 1134 4870 llilarioqvita,
1165 4807 1368 4862 dictum
1409 4817 1492 4864 est
1517 4809 1713 4864 sexies.
1741 4809 1853 4866 l-loc
1875 4811 2076 4866 conﬁr-

486 4911 702 4954 mamus
731 4906 786 4950 et
816 4897 1094 4964 docemus,
1122 4898 1324 4954 dictum
1351 4908 1438 4954 est
1471 4902 1662 4957 octies.
1696 4901 1822 4958 llaec
1848 4905 2074 4960 tenenda

489 4998 652 5055 sunt,
710 4990 823 5045 haec
866 4991 1134 5046 servanda
1182 5000 1328 5057 sunt,
1376 4993 1580 5048 dictum
1627 5004 1713 5050 est
1756 4998 2064 5069 quinquies.

488 5077 764 5135 Doctrina:
788 5089 979 5136 vestra:
1006 5082 1212 5150 gratias
1244 5084 1471 5153 agimus,
1506 5085 1708 5142 dictum
1735 5097 1820 5142 est
1847 5091 2070 5159 quinde-

487 5168 625 5224 cies.
654 5167 757 5220 Ista
798 5169 853 5222 in
894 5179 1210 5240 perpetumn
1245 5185 1530 5230 serventur
1557 5193 1828 5248 rogamus,
1868 5181 2070 5237 dictum

2178 4652 2262 4696 ter
2285 4643 2675 4698 conscientiam
2713 4644 3114 4714 metropolitani
3157 4645 3345 4704 fratris
3378 4661 3440 4704 et
3479 4656 3781 4724 coepiscaré

2177 4734 2351 4790 nostri
2373 4734 2592 4789 Ascanii
2624 4735 2897 4790 nonnullis
2924 4738 3240 4794 civitatibus
3265 4742 3575 4800 ordinatos
3608 4747 3782 4800 claruit

2174 4825 2506 4881 sacerdotes.
2569 4824 2718 4881 Unde
2773 4829 3028 4897 quoniam
3076 4830 3338 4900 quidquid
3397 4834 3476 4888 ab
3532 4837 3778 4892 alterutra

2174 4925 2330 4986 parte
2353 4924 2437 4970 est
2461 4916 2756 4972 indicatum
2785 4917 2932 4972 omni
2965 4918 3209 4975 videmus
3248 4927 3636 4991 perversitate
3671 4945 3781 4984 cna-

2177 5008 2377 5071 fusum,
2405 5014 2706 5076 temporum
2743 5009 3069 5064 necessitate
3099 5021 3404 5082 perspecta,
3437 5015 3559 5073 hac
3590 5021 3777 5073 ratione

2179 5099 2524 5155 decernimus
2567 5100 2634 5154 ad
2665 5099 2876 5154 veniam
2925 5102 3198 5169 pertinere
3238 5105 3386 5173 quod
3432 5119 3667 5178 gestum
3691 5121 3776 5170 δι,

2180 5200 2240 5246 ut
2265 5189 2398 5245 nihil
2425 5191 2679 5262 deinceps
2700 5201 2886 5246 contra
2913 5203 3177 5262 pracepta
3199 5196 3340 5251 beati
3368 5203 3646 5262 apostoli.
3666 5201 3775 5257 uilia
