3882 5316
98 182 185 242 995
1226 190 1720 249 DZCRETALIUM
1756 190 2171 256 COLLECTIO.

3223 214 3331 274 926

80 327 260 374 ctorum
307 312 521 373 Patrum
573 317 815 377 definivit
866 322 1205 389 auctoritas,
1249 326 1335 381 cui
1390 325 1624 396 quisquis

1740 307 1843 375 pali
1879 310 2155 367 consortio
2193 326 2315 370 esse
2353 326 2662 386 cognoscat.
2712 317 2853 375 Deus
2894 320 3189 381 incolumes
3232 343 3331 386 vos

78 408 237 462 obvias
265 404 544 463 tetenderit
573 423 787 476 manus,
818 424 1008 467 eorum
1046 429 1105 469 se
1133 415 1410 470 consortio
1437 414 1637 471 fatetur

79 500 339 571 imlignum,
371 514 601 569 quorum
631 504 1082 574 praeceptionibus
1112 506 1358 563 resultat.

134 611 188 665 ll.
223 610 276 665 ln
297 625 523 681 quorum
547 618 928 675 contumeliam
951 620 1186 689 superbo
1225 621 1415 693 spiritu
1460 622 1624 680 etiam

72 716 179 773 pars
218 699 301 755 illa
340 704 706 759 contemnitur
749 720 871 775 qua:
912 718 1151 775 veretur,
1185 724 1253 766 ne
1289 711 1411 782 quis
1443 711 1633 768 relicta

71 791 281 847 Ecclesia
328 806 446 858 sua,
479 794 545 848 ad
590 794 817 851 alteram
870 799 1103 854 transire
1132 810 1443 870 praesumat.
1478 802 1632 871 Quod

71 882 208 936 nimis
240 880 475 951 improbe
504 884 940 953 conniventibus,
970 896 1028 944 et
1056 899 1115 945 ut
1141 890 1386 947 deleatur
1414 894 1632 965 gravius

69 973 201 1027 vobis
240 975 634 1042 asserentibus,‘
665 975 928 1035 llireneus
967 981 1252 1053 episcopus
1281 994 1511 1041 conatur
1536 988 1631 1043 ad-

68 1063 274 1120 mittere.
322 1062 474 1131 Quod
518 1077 704 1124 nostra
750 1072 1078 1130 auctoritate
1124 1076 1385 1136 roborare
1412 1080 1625 1149 cupitis,

66 1171 182 1226 quos
218 1155 449 1233 maxime
486 1157 553 1214 de
580 1160 742 1217 rebus
784 1161 986 1219 illicitis
1016 1180 1212 1238 magna
1256 1167 1626 1242 indignatione

64 1245 274 1317 probatis
316 1248 564 1316 accendi,
596 1250 751 1308 lectis
789 1269 919 1327 ergo
964 1256 1018 1312 in
1059 1273 1329 1316 conventu
1373 1260 1626 1333 fratrum,

62 1351 179 1407 quos
199 1337 387 1394 natalis
410 1341 517 1396 mei
544 1341 813 1401 festivitas
835 1359 1194 1421 congregarat
1220 1352 1416 1410 litteris
1435 1356 1630 1414 vestris

62 1442 162 1497 qua:
183 1427 246 1483 de
270 1428 585 1487 ordinandis
613 1434 879 1506 episcopis
906 1439 1202 1496 secundum
1230 1451 1433 1498 statuta
1463 1460 1632 1501 cano-

62 1532 170 1571 num
191 1516 269 1574 vel
294 1520 750 1590 praedecessorum
782 1542 1027 1583 meorum
1054 1530 1272 1587 decreta
1311 1531 1472 1590 fuerit
1504 1550 1625 1607 pro-

59 1609 165 1664 bata
192 1612 451 1669 sententia
490 1624 766 1686 gestorum
808 1634 931 1691 qua:
964 1622 1175 1693 pariter
1214 1625 1513 1684 direximus
1553 1638 1629 1685 te-

58 1715 171 1756 nore
195 1702 429 1761 discetis.

114 1810 191 1866 lll.
231 1812 380 1871 Unde
414 1826 624 1875 remoto
648 1819 717 1879 ab
746 1821 989 1881 Ecclesia
1018 1824 1434 1901 Barcinonensi,
1467 1843 1631 1907 atque

58 1906 114 1962 ad
127 1923 266 1964 suam
282 1910 515 1969 remisso
530 1913 766 1973 Hireneo
788 1918 1062 1991 episcopo,
1086 1924 1288 1981 sedatis
1318 1942 1415 1997 per
1446 1906 1628 1986 sacer-

60 2003 263 2060 dotatam
277 2006 597 2064 modestiam
614 2010 1001 2082 voluntatibus,
1017 2032 1137 2086 qum
1152 2033 1250 2090 per
1270 2020 1628 2092 ignorantiam

57 2095 521 2153 ecclesiasticarum
563 2098 741 2172 legum
783 2102 1119 2161 desiderant.
1157 2106 1311 2175 Quod
1352 2126 1459 2167 non
1486 2111 1632 2170 .licet

54 2183 273 2241 obtinere
311 2185 477 2243 talem
518 2191 767 2261 protinus
800 2191 868 2250 de
906 2194 1051 2251 clero
1098 2199 1318 2269 pmprio
1365 2199 1628 2260 Barcino-

55 2277 285 2334 nensibus
310 2279 604 2352 episcopus
641 2284 944 2352 ordinetur,
991 2288 1205 2357 qualem
1241 2300 1291 2345 te
1334 2294 1626 2364 praecipue,

52 2367 201 2425 frater
219 2369 442 2438 Ascaui,
466 2382 713 2445 oporteat
743 2376 967 2449 eligere,
988 2387 1045 2434 et
1067 2380 1259 2437 deceat
1281 2397 1623 2451 consecrare,

52 2472 109 2513 ne
129 2459 167 2514 si
185 2460 335 2516 aliter
353 2460 501 2518 forte
519 2462 724 2520 factum
750 2465 932 2532 fuerit,
959 2484 1068 2525 non
1091 2470 1208 2526 sine
1229 2471 1624 2546 objurgatione,

50 2550 261 2607 maxime
286 2553 361 2609 tui
390 2555 633 2611 nominis
661 2558 913 2614 retundat
937 2569 1123 2616 nostra
1146 2566 1457 2636 prmeeptio,
1481 2570 1625 2639 quod

49 2639 95 2694 in
124 2640 367 2711 injuriam
403 2644 528 2711 llei,
559 2662 590 2702 a
620 2662 728 2718 quo
764 2650 1073 2720 specialiter
1098 2657 1513 2713 sacerdotalium
1542 2658 1629 2717 est

47 2735 199 2800 gratia
241 2733 573 2806 dignitatum
614 2739 963 2795 didicerimus
994 2743 1311 2800 admissum.
1359 2746 1470 2804 Nec
1507 2750 1624 2821 epi-

47 2823 257 2894 scopalis
282 2826 459 2882 honor
476 2828 891 2907 Ahaereditarium
910 2829 1005 2900 jus
1028 2842 1268 2904 putetur,
1297 2839 1440 2907 quod
1470 2840 1626 2897 nobis

47 2913 143 2969 sola
169 2915 262 2971 Dei
290 2904 830 2992 nostri‘benignitate
857 2922 1152 2981 confertur.

1652 1678 1702 1736 Β

1739 398 2028 453 custodiat.

1736 476 1873 531 Item
1908 478 2128 549 epistola
2165 478 2367 537 Hilarii
2385 484 2468 564 _ad
2504 484 2812 564 Ascanium,
2842 490 2908 545 de
2946 496 3028 549 Im
3053 509 3172 564 qua:
3208 470 3332 555 sunt

2289 556 2486 624 scripta
2512 559 2772 627 superius.

1807 640 2168 699 Dilectissimo
2198 643 2358 702 fratri
2405 647 2662 717 A‘scamo,
2710 651 2973 712 nmmos
3020 658 3328 731 episcopus.

1807 733 2009 790 Divina:
2052 736 2199 793 circa
2248 753 2347 796 nos
2382 743 2571 812 gratia:
2599 757 2871 803 memores
2896 763 3020 807 esse
3046 741 3331 823 debemus,

1733 824 1827 895 qui
1860 841 1958 881 nos
1984 840 2081 896 per
2098 827 2427 899 dignationis
2447 848 2559 890 suae
2582 835 3008 896 misericordiam
3030 844 3101 899 ob
3129 844 3233 901 hoc
3259 850 3328 902 ad

1733 915 2011 988 fastigium
2060 923 2394 980 sacerdotale
2437 929 2705 996 provexit,
2749 939 2809 985 ut
2853 935 3122 992 mandatis
3161 938 3330 1008 ipsius

1733 1005 2089 1077 inhaerentes,
2139 1021 2199 1067 et
2237 1012 2292 1067 in
2339 1017 2572 1085 quadam
2616 1022 2905 1079 sacerdotii
2950 1024 3067 1095 ejus
3109 1005 3331 1100 specula

1732 1100 2013 1156 constituti
2059 1103 2445 1172 prohibeamus
2484 1106 2694 1177 illicita,
2736 1123 2793 1169 et
2821 1118 3095 1186 sequenda
3135 1120 3330 1178 docea-

1732 1196 1872 1245 mus.
1913 1189 2068 1246 Unde
2095 1191 2316 1249 directis
2344 1209 2444 1264 per
2475 1196 2768 1270 Trajanum
2806 1205 3195 1265 subdiaconum
3226 1211 3328 1268 no-

1732 1288 1905 1335 strum
1935 1279 2132 1337 litteris
2171 1284 2547 1353 admonemus,
2594 1298 2655 1345 ut
2698 1290 2789 1362 qui
2820 1294 2962 1352 male
2995 1295 3136 1353 facta
3179 1300 3328 1368 sunt,

1729 1369 2093 1441 corrigantur.
2116 1370 2182 1427 Et
2206 1373 2470 1431 miramur
2497 1379 2787 1436 admodum
2811 1382 3151 1442 dilectionem
3183 1397 3331 1446 tuam

1729 1458 2215 1519 Barcinoncnsium
2256 1466 2546 1536 petitiones
2587 1484 2694 1526 non
2721 1472 2896 1529 solum
2929 1476 3071 1531 nulla
3096 1481 3332 1535 auctori-

1733 1561 1842 1608 tate
1872 1553 2140 1622 retulisse,
2176 1571 2364 1613 verum
2409 1560 2575 1617 etiam
2605 1562 2828 1620 directis
2858 1567 2926 1621 ad
2968 1582 3067 1624 nos
3112 1568 3329 1635 litteris.

1730 1646 2253 1702 consummationem
2306 1650 2458 1719 pravi
2512 1652 2766 1710 desiderii
2820 1659 3127 1726 postulasse
3176 1662 3332 1717 adhi-

1730 1734 1908 1791 bendo
1943 1736 1997 1790 in
2024 1737 2375 1808 epistolarum
2418 1744 2683 1812 prooemio
2717 1746 2932 1801 concilii
2972 1750 3327 1817 mentionem,

1732 1833 1988 1897 tanquam
2032 1828 2205 1898 culpae
2233 1831 2609 1890 minuerentur
2635 1850 2913 1904 excessus,
2953 1854 3052 1910 per
3082 1842 3327 1898 multitu-

1730 1917 1912 1975 dinem
1963 1920 2364 1991 imperitorum,
2408 1939 2532 1981 cum
2577 1927 2742 1983 etiam
2789 1930 2892 1985 sub
2933 1932 3330 2003 significatione

1731 2010 2105 2081 unusquisque
2129 2013 2215 2067 sui
2250 2014 2486 2070 nominis
2512 2024 2691 2072 tecum
2724 2020 2929 2088 pariter
2954 2022 3250 2089 retulisset,
3276 2032 3332 2078 ct

1731 2099 2159 2170 subscriptiones
2188 2104 2434 2173 proprias
2460 2104 2632 2161 factas
2654 2108 2850 2179 singuli
2872 2113 3327 2176 commodasseut.

1731 2188 2077 2247 dilectionem
2111 2202 2288 2248 tamen
2322 2204 2470 2250 tuam
2514 2197 2591 2252 rei
2620 2198 2686 2253 de
2712 2213 2817 2268 qua
2846 2200 3094 2272 displicet
3117 2218 3331 2258 summa

1728 2284 2010 2355 tangebat,
2042 2285 2167 2355 quia
2195 2300 2295 2354 pro
2333 2285 2453 2343 loco
2477 2296 2532 2342 et
2576 2288 2781 2347 honore
2809 2290 2904 2346 tibi
2932 2292 3115 2349 debito
3143 2292 3328 2350 caa'ter‘t

1728 2374 2042 2430 sacerdotes
2062 2376 2287 2431 docendi
2314 2377 2548 2446 fuerant,
2576 2394 2684 2435 non
2705 2382 2984 2450 sequendi.
3011 2382 3165 2440 Unde
3185 2385 3331 2441 sicut

1727 2464 1782 2521 in
1809 2467 2155 2536 generalibus
2176 2466 2373 2524 litteris
2396 2469 2651 2537 iudicavi,
2675 2469 2940 2529 llireneus
2963 2474 3030 2529 ad
3054 2475 3328 2545 propriam

1724 2566 2035 2614 revertatur
2083 2560 2415 2629 Ecclesiam,
2467 2573 2525 2618 et
2570 2563 3063 2623 Barcinoncnsibus
3111 2569 3179 2623 de
3229 2583 3331 2625 suo

1725 2649 1874 2705 clero
1908 2651 2156 2720 protinus
2196 2662 2547 2709 consecretur
2576 2654 2820 2721 antistes,
2857 2656 2947 2711 cui
2987 2666 3171 2725 tamen
3212 2669 3329 2713 sta-

1728 2747 1842 2794 tuta
1878 2755 2181 2807 canonum,
2226 2752 2282 2798 et
2327 2744 2624 2813 apostolica
2665 2755 2936 2818 praecepta
2977 2748 3328 2816 concordent,

1723 2829 1794 2885 Et
1831 2829 1960 2886 licet
2002 2831 2054 2886 hi
2095 2833 2187 2903 qui
2232 2844 2453 2904 propter
2495 2837 2745 2893 notitiam
2791 2848 2955 2908 atque
2999 2854 3327 2896 consensum

1725 2931 1832 2977 tuas
1871 2920 2175 2979 dilectionis
2216 2925 2451 2981 ordinati
2493 2935 2620 2982 sunt
2649 2928 3002 2995 .sacerdotes,
3043 2945 3168 2986 cum
3215 2932 3331 2986 suis

103 3023 186 3080 lV.
221 3024 522 3086 Ordinatus
557 3046 702 3086 nunc
723 3047 855 3104 ergo
881 3035 1186 3104 episcopos,
1219 3036 1311 3107 qui
1342 3037 1468 3095 licet
1494 3039 1621 3095 dum
1651 3028 1695 3090 C
1727 3009 2014 3066 debuerim
2042 3013 2356 3107 θιξθίθτίβυθ
2384 3015 2715 3082 submovet“
2759 3034 2829 3074 ne
2866 3020 2996 3090 (ΨΜ
3040 3030 3222 3077 “me”
3271 3023 3328 3078 in

47 3122 90 3168 te
112 3114 391 3185 ignorante
435 3122 683 3190 provecti
726 3133 852 3179 sunt
878 3139 1000 3180 cum
1032 3126 1145 3182 suis
1169 3129 1483 3186 auctoribus
1514 3146 1628 3187 me.

47 3208 234 3265 ruerint
258 3210 576 3268 submoveri
619 3214 722 3271 hac
760 3216 972 3273 ratione
1006 3216 1310 3286 firmamus,
1339 3221 1385 3277 si
1417 3236 1519 3278 nec
1546 3222 1627 3279 vi-

47 3297 143 3354 duae
169 3303 402 3360 maritus
431 3303 597 3362 fuerit
623 3307 935 3379 quisquam,
991 3325 1094 3366 nec
1131 3312 1184 3366 in
1214 3315 1465 3372 secundae
1491 3331 1625 3374 con-

53 3393 164 3463 ngio
207 3397 435 3468 nuptias
479 3412 545 3455 ac
587 3410 714 3456 vota
759 3403 1106 3467 convenerit,
1150 3404 1292 3461 sicut
1337 3416 1393 3463 et
1435 3407 1625 3480 legalis

47 3486 314 3543 tonstituta
359 3489 708 3561 prmcipiunt,
753 3492 981 3548 dicendo
1023 3512 1037 3549 :
1085 3494 1352 3553 Sacerdos
1400 3514 1627 3558 uxorem

47 3576 281 3647 virginem
313 3582 574 3652 accipiat,
604 3598 714 3638 non
744 3585 985 3648 viduam.
1017 3602 1121 3646 non
1152 3588 1513 3659 repudiatam,
1542 3607 1628 3649 se-

47 3668 250 3725 :undum
277 3664 430 3741 quod
467 3672 634 3729 etiam
669 3673 862 3731 beatus
889 3675 1181 3746 Apostolus
1211 3680 1470 3751 magister
1494 3696 1629 3753 gen-

50 3757 150 3814 ium
190 3761 260 3818 de
288 3763 381 3821 his
414 3765 512 3835 qui
559 3765 675 3821 ﬁeri
704 3766 1016 3824 desiderant
1055 3771 1366 3828 sacerdotes
1403 3775 1625 3846 propria

54 3848 370 3909 institutione
422 3868 533 3909 non
568 3856 736 3911 tacuit
774 3855 986 3924 dicens,
1017 3860 1178 3916 unius
1215 3863 1406 3921 uxoris
1446 3865 1624 3922 virum

47 3936 167 4007 :ujus
194 3950 392 3999 tenore
433 3958 567 4001 sane
607 3945 681 4001 ita
718 3945 992 4005 informati
1021 3963 1141 4007 esse
1165 3951 1394 4023 debetis,
1426 3954 1624 4014 fratres

48 4027 342 4101 barissimi,
392 4041 461 4089 ut
509 4033 657 4092 inter
698 4048 895 4093 caetera
925 4055 1046 4109 qua:
1080 4043 1317 4098 cavenda
1346 4053 1471 4101 sunt
1507 4046 1622 4103 haec

49 4117 273 4178 tudeatis
297 4124 583 4194 praecipue
610 4127 893 4194 custodiri,
935 4144 1055 4200 qua:
1085 4131 1311 4187 noscitis
1345 4141 1471 4190 ante
1497 4135 1618 4190 uni-

48 4222 166 4265 ‘ersa
193 4213 477 4269 mandari.
524 4214 579 4270 ln
610 4217 808 4287 quibus
841 4218 1005 4274 etiam
1048 4222 1482 4293 perspiciendum
1513 4235 1617 4294 est,

48 4313 81 4355 e
101 4301 205 4359 duo
228 4304 402 4361 simul
428 4306 544 4362 sint
569 4308 730 4365 unius
754 4309 1009 4366 Ecclesiae
1038 4313 1371 4383 sacerdotes,
1399 4324 1494 4372 aut
1527 4317 1617 4374 lit-

1729 3108 1876 3154 tanta
1898 3103 2224 3168 necessitate
2245 3104 2603 3162 decernamus
2633 3117 2930 3175 austerum,
2963 3125 3059 3167 ens
3083 3112 3177 3182 qui
3209 3113 3326 3184 epi-

1727 3190 1875 3260 scopi
1916 3190 2044 3247 facti
2077 3201 2203 3249 sunt
2242 3194 2316 3250 ita
2346 3195 2596 3253 volumus
2624 3212 2965 3267 permanere,
2997 3202 3043 3256 si
3071 3202 3329 3272 apostoli-

1726 3281 1806 3337 cis
1827 3283 2280 3352 prmceptionibus
2307 3293 2362 3340 et
2384 3288 2603 3344 statutis
2631 3298 2944 3346 sanctorum
2967 3289 3192 3348 Patrum
3218 3302 3329 3350 non

1727 3372 2071 3443 reperiantur
2100 3374 2341 3443 obnoxii,
2381 3391 2448 3433 ac
2483 3377 2741 3449 deinceps
2782 3380 2918 3436 nihil
2959 3382 3104 3453 quod
3134 3392 3327 3439 contra

1724 3464 2067 3534 disciplinam
2117 3466 2543 3525 ecclesiasticam
2593 3470 2810 3536 veniat,
2864 3473 3004 3529 sicut
3056 3474 3322 3534 hactenus

1727 3555 1927 3614 factum
1951 3567 2035 3615 est
2062 3571 2425 3631 perpetretur,
2463 3573 2568 3620 tua;
2597 3565 2977 3623 sollicitudinis
3005 3578 3111 3635 est,
3153 3568 3327 3626 frater

1724 3648 2067 3717 cbarissime,
2094 3651 2334 3707 debitam
2376 3653 2470 3708 tibi
2501 3656 2881 3711 auctoritatem
2922 3658 3082 3725 tueri,
3117 3668 3175 3714 et
3216 3658 3326 3716 illi-

1724 3740 1852 3797 citis
1898 3756 2008 3797 non
2057 3741 2218 3799 modo
2247 3759 2357 3800 non
2389 3747 2634 3816 prtebere
2678 3764 2984 3817 assensum,
3024 3752 3118 3807 sed
3160 3753 3326 3809 etiam

1722 3842 1923 3890 cuncta
1945 3848 2069 3905 quae
2098 3844 2289 3892 contra
2314 3838 2561 3910 regulam
2588 3838 2730 3896 facta
2755 3843 3024 3913 repereris
3049 3858 3327 3915 coercere,

1721 3932 1888 3995 atque
1915 3934 2044 3982 ante
2072 3927 2252 3982 omnia
2280 3943 2405 4000 quae
2448 3929 2561 3986 sola
2592 3933 2802 3990 unitate
2829 3934 3192 4004 decernimus,
3228 3940 3326 3996 lli-

1724 4030 1952 4071 reneum
2004 4016 2072 4071 ad
2121 4016 2422 4075 Ecclesiam
2473 4036 2628 4077 suam
2678 4025 2860 4082 redire
2907 4029 3189 4099 compelle.
3245 4032 3331 4089 Ad

1722 4123 1885 4179 quam
1927 4118 2120 4180 sponte
2151 4111 2333 4181 potius
2362 4114 2540 4170 redire
2574 4114 2815 4184 debebit,
2858 4119 2903 4174 si
2935 4135 2964 4174 a
3007 4118 3333 4180 sacerdotali

1723 4206 2002 4261 consortio
2031 4208 2231 4262 meruit
2270 4210 2531 4280 separari,
2585 4226 2686 4268 nec
2734 4228 2875 4270 unus
2917 4214 3175 4272 Ecclesiae
3222 4218 3334 4273 duo

1721 4313 1844 4355 esse
1885 4298 2273 4368 permittantur
2312 4302 2606 4369 antistites,
2632 4302 2791 4374 'quod
2834 4307 3193 4376 opportunius
3235 4322 3331 4361 su-

47 4406 251 4452 mmm
292 4398 548 4470 ignarus,
575 4409 670 4455 aut
709 4416 903 4459 carens
942 4404 1123 4475 aliqua
1163 4416 1320 4476 parte
1349 4380 1617 4466 membro.
1650 4380 1699 4440 D
1724 4391 1958 4463 pradicti
2003 4390 2319 4448 subdiaconi
2360 4392 2478 4449 fieri
2508 4394 2842 4464 delegamus,
2874 4397 3130 4452 instantia
3166 4413 3330 4468 quam

47 4499 154 4554 um,
193 4498 292 4546 aut
335 4490 512 4545 etiam
557 4485 1042 4563 ex'pmnitentibus
1087 4496 1283 4568 aliquis
1306 4499 1375 4555 ad
1407 4515 1622 4557 sacrum

48 4578 375 4637 ministerium
429 4596 657 4652 prorsus
695 4584 909 4640 sinatur
946 4586 1227 4644 accedere.
1272 4588 1385 4645 Nec
1414 4599 1623 4647 tantum

47 4671 207 4726 tutetis
236 4671 547 4742 petitiones
576 4672 757 4729 valere
786 4675 1130 4745 populorum,
1162 4687 1221 4734 ut
1248 4695 1370 4736 cum
1401 4681 1487 4738 bis
1529 4696 1625 4752 pa-

48 4776 132 4819 ere
154 4765 360 4836 cupitis
395 4764 731 4821 voluntatem
762 4768 857 4823 Dei
888 4770 1081 4838 nostri,
1110 4786 1231 4841 quae
1273 4787 1373 4830 nos
1399 4789 1625 4845 peccare

47 4857 260 4913 trohibet
287 4858 587 4913 deseratis.
623 4857 787 4928 Cujus
826 4859 1124 4934 indignatio
1152 4879 1218 4919 ex
1260 4865 1365 4922 hoc
1407 4867 1624 4939 gravius

48 4959 410 5015 ommovetur,
438 4949 573 5019 quia
604 4949 905 5023 benignitas
933 4945 1072 5028 ejus,
1097 4956 1224 5012 dum
1252 4956 1409 5027 fiunt,
1436 4959 1620 5015 illicita

47 5052 110 5094 er
130 5055 222 5096 eos
243 5040 339 5111 qui
366 5048 505 5097 sunt
527 5039 857 5110 interpretes
878 5045 1199 5115 placationis
1226 5048 1537 5108 offenditur.

86 5153 146 5208 V.
190 5150 259 5210 Ut
300 5161 494 5208 autem
526 5152 711 5208 omnia
753 5161 1047 5218 secundum
1089 5140 1207 5216 haec
1244 5179 1363 5235 quae
1402 5162 1620 5233 scripsi-

1125 5249 1297 5276 m-.:-,
1336 5274 1341 5275 ,
1408 5274 1415 5275 κ
1434 5252 1586 5276 ,-|-J:..

47 5257 130 5276 uno
160 5246 518 5276 ΛΛ-ἷηηηΙΠΙ,
547 5253 842 5276 nmen-ulna
883 5250 1095 5276 l!o.-----

1724 4485 1891 4540 etiam
1951 4498 2051 4555 pro
2097 4487 2471 4541 conservanda
2531 4485 2786 4542 Ecclesiae
2845 4486 3128 4557 disciplina
3182 4504 3333 4543 com-

1725 4588 1911 4630 meare
1934 4572 1999 4628 ad
2027 4571 2317 4645 Hispanias
2368 4574 2742 4646 dispositionis
2767 4585 2968 4631 nostra
2995 4575 3122 4630 fecit
3144 4587 3333 4632 aucto-

1724 4663 1882 4721 ritas.
1927 4663 2072 4721 Dens
2117 4673 2299 4721 autem
2347 4658 2669 4723 incolumem
2708 4675 2762 4724 te
2807 4667 3109 4734 custodiat,
3160 4666 3335 4726 frater

1725 4753 2071 4810 charissime.

1801 4832 2044 4907 Epistula
2073 4831 2276 4907 Hilarii
2305 4850 2473 4906 parte,
2500 4833 2570 4888 ad
2624 4833 2931 4907 Leontium,
2971 4833 3266 4904 Veratrum,

2138 4934 2139 4937 η
2206 4900 2520 4969 l’icturium,
2552 4906 2839 4976 episcopos.

1803 4994 2182 5055 Dilectissimis
2201 4993 2465 5054 fratribus
2488 4994 2731 5064 Veneno,
2750 4998 3020 5069 Lucumo,
3050 4998 3351 5071 Vtc'rumn,

1720 5079 2018 5152 episcOpis,
2054 5077 2324 5136 HILABIUS
2346 5094 2503 5150 papa.

1801 5159 2087 5218 Moventur
2130 5156 2352 5217 ratione
2383 5157 2643 5228 justitite,
2694 5177 2820 5233 quae
2862 5168 2994 5224 licet
3048 5158 3119 5260 ab
3167 5170 3363 5252 orum-

1720 5248 1832 5276 I.....
1909 5254 1990 5276 ---ε
2060 5256 2204 5276 ..-πο-ι
2270 5253 2485 5276 ----:-.-..
2597 5255 2781 5276 .14.--.
2957 5248 3119 5276 .-.ιε-ξ

3231 5263 3366 5276 Δια...
