3974 6436
567 302 674 359 92³1
1418 298 1710 356 APPEND.
1736 299 1828 356 AD
1868 296 2040 354 SJEC.
2070 296 2160 354 1x.

2202 327 2268 336 —
2289 292 2538 352 lSlDOl'tl
2585 292 3029 352 MERCATORIS

561 417 755 474 vincia
799 415 1198 487 metropolitani
1255 429 1470 488 semper
1516 418 1723 472 honore
1769 415 2032 471 subnixus
2089 414 2144 468 in
2171 417 2224 478 Α
2247 409 2441 466 vincite
2466 424 2628 480 quam
2659 408 2906 480 exemplo
2933 405 3218 464 vetustatis
3241 406 3295 463 in
3324 405 3571 463 notitiam
3595 419 3784 465 nostram

561 504 937 576 praeiudicium
977 521 1153 570 suum,
1184 505 1324 560 sicut
1351 521 1559 560 annexa
1587 505 1881 560 declaravit
1902 503 2148 574 quaedam

561 613 665 653 nos
713 605 927 668 petente
975 596 1142 653 fratre
1188 606 1244 650 et
1289 599 1606 668 coepiscopo
1653 606 1839 651 nostro
1884 595 2151 650 Auxamio

565 689 821 744 statuisse
852 697 1259 754 commemorat,
1286 703 1406 758 quae
1449 689 1717 743 universis
1749 689 1801 743 in
1834 689 1936 743 hac
1963 688 2150 743 eadem

568 793 729 832 causa
756 777 1157 833 defensionibus
1184 779 1536 833 eontrairent.
1577 779 1632 834 Si
1665 780 1881 848 quidem
1931 780 2153 834 relatio-

565 867 724 922 nibus
747 867 805 921 ~in
839 876 1024 922 nostro
1056 867 1260 936 judicio
1290 868 1594 933 recensitis,
1623 885 1754 938 quas
1784 868 1949 923 frater
1976 878 2030 924 et
2059 869 2152 924 eo-

565 959 848 1029 episcopus
890 969 1076 1015 noster
1105 960 1353 1015 Veranus
1401 962 1468 1015 ad
1509 970 1711 1016 sanctae
1749 963 2023 1016 memoriae
2063 963 2155 1017 de-

566 1062 844 1103 ccssorem
871 1065 1050 1104 meum
1077 1065 1198 1104 cum
1227 1051 1440 1106 caeteris
1468 1053 1757 1122 provincia:
1785 1053 2154 1108 sacerdotibus

565 1140 741 1204 misit,
768 1149 822 1194 et
866 1141 1176 1210 apostolicae
1205 1144 1372 1207 sedis,
1404 1159 1524 1210 qua:
1573 1154 1700 1198 tunc
1742 1143 1944 1198 directa
1981 1144 2155 1197 fuerat

565 1229 859 1300 patefacta,
881 1230 1236 1300 responsione
1258 1232 1660 1286 manifestatum
1687 1241 1790 1296 est,
1811 1232 1946 1286 nihil
1970 1239 2156 1302 postea

566 1317 821 1372 debuisse
851 1319 1067 1384 tentari,
1105 1333 1207 1375 nec
1235 1321 1301 1375 ad
1335 1319 1584 1388 injuriam
1629 1321 1964 1391 synodalium
1996 1335 2154 1390 regu-

568 1409 743 1464 larum
768 1412 1060 1480 quidquam
1083 1426 1179 1482 per
1195 1413 1587 1482 obreptionem,
1615 1429 1732 1483 qua:
1752 1403 1994 1483 proxime
2016 1414 2156 1467 facta

567 1511 675 1567 est,
697 1511 949 1572 oportere
979 1503 1260 1558 constitui.
1292 1503 1424 1558 Nam
1454 1505 1582 1560 licet
1608 1520 1673 1559 ex
1702 1505 1803 1559 hoc
1828 1504 1990 1559 etiam
2015 1504 2156 1574 quod

570 1611 600 1649 a
645 1596 802 1649 nobis
846 1604 932 1650 est
971 1595 1232 1661 elicitum,
1271 1604 1560 1650 censeatur
1597 1596 1892 1660 infirmum,
1934 1595 2057 1664 quia
2094 1611 2158 1650 ex

569 1683 688 1753 ipso
731 1684 1063 1738 insinuatum
1102 1692 1205 1748 est,
1255 1685 1478 1753 exsequi
1525 1684 1760 1738 voluisse
1799 1684 1889 1753 qui
1939 1683 2156 1749 meruit,

569 1781 752 1827 tamen
785 1788 854 1828 ne
880 1773 1005 1828 odio
1034 1772 1117 1826 vel
1158 1773 1331 1843 gratia
1361 1788 1696 1838 moveamur,
1738 1783 1857 1842 quae
1887 1773 1941 1826 in
1971 1787 2158 1827 causa-

567 1877 690 1918 rum
737 1863 1219 1933 disceptationibus
1265 1877 1390 1918 esse
1436 1878 1546 1917 non
1596 1863 1785 1928 debet,
1841 1863 1912 1916 ita
1965 1857 2162 1918 vestra:

568 1955 820 2011 cbaritati
865 1957 1228 2026 cognitionem
1279 1971 1507 2010 annexa:
1549 1955 1902 2025 querimonhe
1945 1955 2160 2024 delega-

571 2059 716 2109 mus,
744 2055 803 2098 ut
835 2044 971 2099 nihil
1015 2045 1302 2098 adversum
1348 2045 1688 2098 venerandos
1730 2059 1987 2105 canones,
2029 2043 2163 2096 nihil

561 2144 758 2190 .contra
787 2145 992 2189 sanctae
1016 2135 1292 2188 memoria:
1319 2134 1627 2189 decessoris
1657 2133 1758 2186 mei
1780 2131 2039 2200 judicium
2072 2149 2163 2186 va-

571 2225 683 2280 leat
711 2226 972 2296 quidquid
995 2225 1275 2294 obreptum
1305 2226 1460 2280 nobis
1490 2241 1614 2281 esse
1637 2226 1959 2280 constiterit.
2005 2223 2165 2278 Nolu-

571 2333 697 2373 mus
727 2333 978 2388 namque,
1008 2317 1204 2372 fratres
1239 2318 1568 2381 cbarissimi,
1603 2317 1966 2370 Eeclesiarum
1999 2316 2166 2385 privi-

569 2408 709 2479 legia
747 2425 867 2479 qua;
913 2422 1128 2480 semper
1162 2416 1291 2463 sunt
1338 2408 1603 2476 servanda
1645 2406 1924 2470 confundi,
1970 2422 2070 2461 nec
2111 2407 2164 2460 in

567 2500 801 2554 alterius
859 2501 1135 2570 provincia
1187 2499 1486 2555 sacerdotis
1543 2499 1771 2554 alterum
1825 2501 1916 2568 jus
1969 2498 2166 2552 habere

571 2591 958 2662 permittimus,
990 2591 1116 2661 quia
1146 2606 1242 2662 per
1268 2591 1371 2646 hoc
1405 2605 1515 2645 non
1547 2591 1728 2645 minus
1771 2590 1822 2643 in
1854 2598 2166 2644 sanctarum

572 2683 928 2737 traditionum
967 2683 1304 2750 delinquitur
1343 2682 1678 2745 sanctiones,
1717 2695 1880 2749 quam
1928 2679 1982 2732 in
2027 2678 2169 2748 inju-

573 2772 712 2826 riam
743 2772 914 2842 ipsius
940 2771 1149 2825 Domini
1176 2770 1476 2840 prosilitur,
1515 2768 1668 2837 cujus
1697 2768 2034 2838 exspectatio
2059 2769 2169 2820 fru-

575 2873 696 2919 ctus
744 2862 914 2917 nostri
961 2859 1246 2915 ministerii
1297 2875 1403 2913 non
1451 2859 1506 2914 in
1553 2857 1836 2912 latitudine
1867 2856 2167 2926 regionum,

575 2955 673 3010 sed
697 2954 750 3008 in
778 2953 1135 3024 acquisitione
1163 2951 1381 3022 ponitur
1407 2951 1730 3005 animarum.
1756 2949 1960 3004 Habeat
1989 2950 2170 3018 itaque

575 3043 910 3114 pontiﬁcium
959 3042 1128 3096 frater
1168 3052 1226 3096 et
1267 3042 1622 3111 coepiscopus
1653 3049 1855 3095 noster
1901 3039 2168 3109 lngenuus

577 3137 870 3207 provincia:
915 3151 1045 3200 suae,
1086 3136 1152 3190 de
1182 3133 1334 3202 cujus
1371 3135 1572 3188 dudum
1603 3133 1672 3187 ab
1702 3131 1996 3202 apostolica
2045 3132 2171 3185 sede

578 3237 666 3283 est
697 3227 878 3282 illicita
917 3226 1161 3281 cessione
1192 3225 1461 3295 culpatus,
1492 3233 1547 3280 et
1588 3224 1868 3279 custoditis
1897 3222 2169 3287 omnibus,

578 3336 700 3391 quae
733 3335 896 3390 super
930 3317 1184 3373 Ecclesiis
1213 3316 1624 3372 Ceruelenensis
1662 3314 1918 3379 civitatis,
1959 3313 2041 3368 vel
2084 3328 2174 3368 ca-

578 3411 720 3468 stelli
769 3411 1037 3475 Nicensis,
1085 3409 1227 3464 sicut
1256 3408 1493 3463 diximus
1530 3416 1729 3463 sanctae
1765 3402 2040 3460 memoria:
2081 3402 2174 3457 de-

579 3500 814 3557 cessoris
855 3499 958 3554 mei
993 3497 1237 3553 definivit
1289 3498 1603 3562 auctoritas,
1643 3494 1773 3549 nihil
1812 3491 2173 3548 Ecclesiarum

575 3589 689 3660 juri
730 3599 942 3656 noceat,
984 3589 1128 3658 quod
1166 3588 1218 3642 in
1255 3587 1483 3641 alterum
1527 3593 1945 3640 memoratorum
1979 3597 2008 3634 a
2042 3595 2176 3651 pra:-

581 3681 727 3742 dicto
762 3681 930 3734 fratre
971 3679 1042 3734 ad
1079 3677 1464 3734 excludendam
1510 3675 1882 3746 cupiditatem,
1919 3671 2176 3741 quemad-

581 3772 800 3828 modum
831 3771 1105 3842 prohibuit
1131 3769 1440 3823 ambitionis
1463 3766 1652 3821 alienm
1682 3766 1927 3836 proxime
1953 3771 2036 3817 est
2065 3761 2178 3831 epi-

581 3879 779 3934 scopus
815 3875 1184 3926 consecratus,
1226 3861 1321 3916 sed
1361 3867 1576 3914 statutae
1610 3854 1966 3912 correctionis
2002 3851 2176 3907 forma

581 3962 918 4023 permaneat,
957 3961 1016 4006 ut
1048 3951 1114 4004 ad
1155 3951 1314 4004 unius
1343 3947 1602 4002 antistitis
1627 3945 1892 4016 praedicta
1933 3942 2051 3996 loca
2094 3955 2182 3994 re-

585 4044 763 4114 gimen
807 4050 1168 4104 revertantur,
1211 4053 1330 4108 quae
1375 4037 1428 4090 in
1480 4037 1612 4090 duos
1642 4034 1806 4090 dividi
1850 4048 1956 4086 non
2001 4032 2181 4086 decuit

585 4133 916 4188 sacerdotes.
951 4131 1209 4185 Dominus
1233 4143 1330 4184 vos
1376 4126 1675 4182 incolumes
1720 4123 2006 4189 custodiat,
2042 4122 2176 4178 dile-

587 4222 814 4278 ctissimi
845 4220 1057 4274 fratres.
1124 4249 1126 4253 -

623 4356 864 4430 Epistola
894 4353 1360 4410 Tarraconensium
1390 4352 1746 4422 cpiswporum
1777 4348 1845 4402 ad
1873 4346 2144 4402 Hilarium

1281 4438 1492 4494 papam.

657 4545 977 4600 Beatissimo
1027 4549 1082 4598 et
1133 4539 1427 4611 apostolica
1479 4537 1780 4592 reverentia
1831 4551 1862 4589 a
1917 4535 2073 4590 nobis
2125 4534 2177 4588 in

589 4635 809 4694 Christo
836 4635 1060 4689 colendo
1100 4648 1248 4703 papa:
1280 4629 1530 4691 "ILABIO,
1565 4628 1829 4682 ASCANIUS
1861 4635 1916 4680 et
1946 4624 2181 4680 universi

591 4727 828 4800 episcopi
865 4723 1288 4779 Tarraconensis
1338 4720 1648 4791 prcvincim.
1688 4718 1950 4785 Quoniam
1996 4733 2179 4771 curam

591 4819 922 4890 apostolatus
953 4825 1132 4870 vester
1175 4813 1578 4884 provinciarum
1622 4822 1842 4862 suarum
1889 4806 2181 4861 sacerdoti-

591 4914 693 4969 bus
721 4921 871 4982 gerat
904 4908 1012 4963 filio
1038 4915 1225 4961 nostro
1269 4903 1461 4958 illustri
1489 4899 1776 4956 Vincentio
1803 4899 1936 4952 duce
1965 4897 2180 4967 provin-

592 5003 692 5059 cia:
717 5010 918 5054 nostra
947 4995 1213 5051 referente
1238 4991 1607 5063 cognovimus.
1639 4987 1802 5056 Cujus
1835 4986 2062 5056 impulsu
2090 5001 2184 5039 vo-

593 5106 708 5152 tum
745 5103 990 5148 nostrum
1026 5090 1079 5144 in
1109 5103 1242 5143 ausu
1271 5083 1539 5141 scribendi
1566 5096 1732 5153 prona
1758 5079 2039 5133 devotione
2065 5093 2181 5132 sur-

595 5185 758 5244 rexit.
808 5183 950 5252 Ergo
1001 5177 1361 5251 provinciales
1402 5173 1668 5229 litterario
1710 5182 1958 5226 sermone
2004 5167 2184 5221 debita

597 5293 816 5337 coaonre
854 5283 1048 5329 vestra:
1091 5271 1348 5341 obsequia
1390 5267 1715 5329 deferentes,
1765 5263 1850 5317 his
1879 5273 2183 5330 quarsumus

596 5379 660 5428 ut
686 5367 994 5440 dignatione
1009 5378 1114 5432 qua
1137 5369 1361 5417 caeteros
1384 5357 1544 5414 etiam
1566 5353 1926 5411 humilitatem
1949 5361 2184 5404 vestram

534 5453 546 5466 ’
598 5463 653 5521 in
683 5457 1023 5518 orationibus
1062 5452 1276 5516 vestris,
1315 5453 1368 5505 in
1408 5458 1588 5506 mente
1628 5447 1830 5502 habere
1869 5440 2185 5514 dignemini,

598 5553 936 5616 beatissime,
966 5558 1022 5604 et
1047 5545 1342 5618 apostolica
1383 5540 1684 5598 reverentia
1715 5539 1766 5594 in
1795 5536 2011 5592 Christo
2032 5552 2060 5587 a
2090 5549 2189 5589 no-

599 5647 701 5709 bis,
731 5643 954 5700 colende
984 5639 1165 5694 Pater.
1213 5635 1345 5690 illud
1388 5631 1677 5704 specialius
1717 5630 2090 5699 deprecantes,
2130 5635 2188 5683 ut

597 5739 806 5794 factum
837 5742 1086 5792 nostrum
1115 5728 1260 5802 quod
1292 5736 1470 5784 tamen
1507 5733 1630 5783 voto
1665 5736 1799 5796 pene
1839 5736 2024 5779 omnes
2054 5735 2182 5793 pro-

2251 498 2494 554 defertu-r
2547 499 2830 570 propensis
2875 499 3271 554 assertionibus
3321 498 3528 554 nostris
3586 500 3786 559 roborare

2251 589 2569 660 dignemini.
2613 589 2682 644 Et
2717 604 2840 645 cum
2883 589 3127 660 legerent
3173 590 3241 644 ab
3280 588 3553 646 universis
3579 591 3789 661 episc0pis

2252 689 2305 736 et
2335 681 2667 752 presbyteris
2709 681 3068 736 exclamatum
3101 682 3262 752 23o
3288 691 3389 736 est.
3434 682 3652 748 Exaudi,
3675 682 3791 739 Chri-

2253 787 2356 843 ste,
2387 776 2589 832 Hilario
2613 776 2744 842 vita,
2769 777 2970 831 dictum
2999 787 3084 832 est
3111 777 3310 832 decies.
3344 776 3475 831 Hazc
3501 779 3792 846 praesumptio

2252 885 2526 940 nunquam
2558 869 2673 934 fiat,
2709 869 2912 924 dictum
2943 878 3026 922 est
3058 870 3257 924 sexies.
3301 869 3434 936 Quae
3477 868 3569 922 Dei
3607 881 3714 924 sunt
3745 872 3792 924 ab

2255 963 2474 1018 homine
2512 961 2628 1016 dari
2677 976 2785 1015 non
2834 971 3079 1031 possunt,
3126 961 3327 1015 dictum
3365 968 3455 1014 est
3499 961 3684 1014 sexies.
3720 960 3793 1015 Per

2256 1053 2530 1107 dominum
2576 1051 2796 1107 Petrum
2828 1067 3076 1122 rogamus
3104 1061 3162 1105 ut
3191 1051 3242 1104 in
3272 1059 3588 1122 perpetuum
3624 1065 3793 1106 serven-

2258 1155 2362 1209 tur,
2395 1145 2596 1199 dictum
2626 1152 2711 1200 est
2736 1143 2930 1200 sexies.
2958 1142 3080 1199 llaec
3107 1153 3166 1197 ut
3197 1152 3547 1198 reserventur
3571 1157 3792 1212 rogamus.

2329 1233 2566 1290 Hilarius
2595 1234 2880 1304 episc0pus
2905 1233 3080 1287 dixit:
3130 1231 3294 1303 Lege.
3341 1231 3548 1286 Paulus
3599 1231 3792 1286 notarius

2257 1326 2524 1381 recitavit.
2565 1325 2859 1396 Episcopus
2886 1324 3296 1379 Varohiensium
3324 1322 3588 1386 civitatis,
3624 1333 3795 1378 sanctus

2257 1415 2628 1472 Nundinarius
2667 1427 2866 1472 sortem
2920 1415 3156 1486 explevit
3205 1414 3539 1475 conditionis
3580 1413 3795 1468 humana.

2259 1505 2358 1561 Hic
2387 1507 2641 1577 episc0po
2667 1505 2960 1561 venerabili
3009 1503 3162 1560 fratri
3205 1507 3391 1560 nostro
3426 1502 3654 1558 Hireneo
3674 1517 3795 1571 quem

2262 1599 2375 1670 ipse
2395 1608 2552 1652 antea
2590 1598 2640 1652 in
2665 1597 2888 1653 dioecesi
2920 1611 3018 1652 sua
3046 1595 3201 1652 nobis
3223 1595 3536 1650 volentibus
3559 1594 3797 1648 constitue-

2264 1700 2366 1755 rat,
2421 1690 2727 1759 relinquens
2785 1689 2836 1743 ei
2889 1688 3031 1759 quod
3083 1687 3250 1758 potuit
3303 1687 3512 1741 habere
3566 1692 3797 1755 paupertas

2191 1775 2526 1848 Bsupremze
2576 1776 2869 1832 voluntatis
2933 1776 3160 1830 arbitrio
3214 1776 3266 1830 in
3323 1775 3506 1830 locum
3564 1791 3720 1837 suum,
3759 1783 3800 1826 ut

2260 1871 2682 1943 substitueretur
2783 1869 3008 1939 aptavit.
3094 1866 3200 1923 Sed
3277 1866 3522 1922 defuncti
3591 1866 3796 1936 judicium

2260 1957 2315 2017 in
2343 1961 2460 2030 ejus
2486 1961 2736 2015 meritum
2783 1975 2888 2014 non
2937 1958 3172 2014 vacillat.
3218 1958 3285 2012 Et
3315 1973 3439 2013 cum
3498 1957 3683 2028 legeret
3707 1956 3799 2008 Pro-

2262 2055 2362 2108 bus
2401 2054 2682 2124 episcopus
2725 2067 2756 2106 e
2809 2049 3058 2104 confessu
3104 2064 3334 2120 surgens
3365 2049 3507 2102 dixit
3553 2065 3567 2100 :
3611 2045 3719 2100 Illud
3756 2044 3799 2098 li-

2265 2147 2395 2202 cuit.
2426 2145 2537 2199 lloc
2571 2160 2674 2197 non
2712 2141 2899 2195 licuit:
2932 2141 3285 2195 Successores
3325 2139 3472 2192 Deus
3519 2139 3622 2190 dat.
3650 2136 3800 2188 Aucto-

2264 2233 2426 2291 ritate
2498 2243 2677 2288 vestra
2735 2232 2971 2287 reSistite
3019 2231 3143 2286 huic
3205 2230 3283 2285 rei
3340 2245 3444 2300 per
3500 2224 3797 2298 apostolatum

2263 2335 2526 2380 vestrum.
3439 2325 3442 2328 ’

2265 2448 2268 2456 ι
2336 2415 2570 2470 Hilarius
2604 2413 2887 2484 episcopus
2914 2411 3047 2468 dixit
3077 2425 3090 2465 :
3117 2410 3384 2466 Percurre
3408 2407 3554 2479 quod
3580 2419 3795 2477 occperas.

2265 2507 2462 2563 Paulus
2497 2505 2739 2559 notarius
2792 2503 3060 2557 recitavit.
3095 2501 3154 2555 Si
3207 2501 3427 2570 quidem
3477 2497 3644 2552 omnis
3667 2496 3800 2549 clerus

2266 2607 2322 2652 et
2347 2595 2499 2666 plebs
2524 2595 2762 2664 ejusdem
2807 2593 3044 2648 civitatis
3073 2600 3125 2644 ct
3153 2589 3340 2660 optimi
3385 2597 3445 2644 et
3489 2586 3689 2657 plurimi
3713 2599 3802 2653 pro-

2266 2687 2546 2751 vinciales,
2599 2695 2658 2738 ut
2699 2684 2840 2738 idem
2887 2680 3004 2751 ejus
3047 2682 3224 2736 locum
3274 2681 3586 2735 observaret
3619 2693 3643 2729 a
3688 2675 3801 2729 nobis

2268 2785 2622 2849 speraverunt
2658 2777 2784 2830 dato
2822 2790 3108 2830 consensu.
3151 2772 3259 2827 Nos
3285 2772 3587 2843 cogitantes
3609 2765 3797 2822 defuncti

2264 2867 2526 2938 judicium
2553 2877 2606 2922 et
2626 2867 2916 2938 probantes
2945 2863 3060 2932 ejus
3087 2864 3274 2926 vitam,
3306 2872 3360 2917 et
3391 2875 3579 2916 eorum
3609 2858 3801 2912 nobiliu-

2272 2967 2379 3015 tem
2411 2969 2573 3028 atque
2602 2955 3002 3011 multitudinem
3031 2954 3122 3024 qui
3164 2955 3422 3024 petebant
3451 2950 3604 3006 simul
3624 2956 3671 3003 et
3695 2947 3803 2999 utili-

2274 3060 2439 3106 tatem
2490 3049 2745 3105 Ecclesia:
2797 3057 3113 3104 memoratzn
3170 3045 3435 3115 Optimum
3483 3042 3722 3102 duximus,
3763 3045 3802 3088 ut

2200 3125 2243 3184 (ἶ
2278 3155 2428 3201 tanto
2456 3144 2722 3200 sacerdoti
2751 3143 2841 3212 qui
2873 3139 2940 3195 ad
2965 3141 3143 3194 divina
3167 3139 3517 3207 migraverat,
3549 3149 3646 3187 non
3671 3131 3800 3184 mino-

2275 3240 2352 3294 ris
2401 3236 2578 3292 meriti
2621 3236 3042 3290 substitueretur
3085 3229 3331 3294 antistes,
3385 3224 3672 3298 prazsertim
3713 3232 3801 3275 cum

2273 3332 2499 3389 ecclesia
2531 3331 2671 3385 illius
2708 3329 2986 3397 municipii
3018 3327 3070 3381 in
3097 3339 3202 3394 qua
3228 3333 3356 3377 ante
3379 3314 3802 3375 fueratordinatus

2274 3443 2486 3498 semper
2519 3424 2679 3494 hujus
2707 3423 2941 3479 civitatis
2972 3420 3224 3475 Ecclesiae
3257 3417 3429 3470 fuisse
3453 3408 3685 3468 dimcesis
3712 3416 3802 3458 con-

2275 3525 2395 3572 stet.
2456 3516 2596 3584 Ergo
2648 3512 2957 3582 suppliciter
2999 3521 3290 3579 precamur
3339 3501 3685 3573 apostolatum
3735 3506 3801 3544 ve-

2275 3623 2470 3675 strum,
2510 3617 2568 3661 ut
2591 3606 2909 3661 humilitatis
2939 3612 3138 3658 nostra:
3175 3600 3318 3671 quod
3343 3600 3492 3670 juste
3521 3611 3549 3649 a
3578 3590 3709 3647 nobis
3742 3585 3800 3638 τί·
3879 3643 3886 3650 ,

2283 3700 2443 3753 detur
2476 3696 2677 3752 factum
2700 3705 2878 3749 vestra
2907 3693 3228 3748 auctoritate
3265 3689 3512 3743 lirmetis.
3542 3678 3800 3738 Iamdudum

2284 3804 2415 3846 sane
2460 3788 2636 3858 questi
2689 3785 2964 3840 fueramus
3003 3783 3199 3837 litteris
3249 3779 3448 3834 vestris
3487 3777 3554 3828 de
3601 3779 3803 3858 praesuta-

2281 3856 2699 3957 ptione—Salvini
2727 3878 2987 3950 episcOpi,
3018 3886 3072 3932 et
3103 3875 3366 3930 miramur
3405 3871 3549 3942 quod
3574 3865 3693 3920 nulla

2279 3953 2505 4034 stolatus
2571 3975 2737 4029 vestri
2797 3986 3055 4041 responsa
3116 3967 3478 4038 suscepimus.
3543 3959 3677 4016 Nunc
3722 3953 3802 4007 hac

2279 4069 2468 4125 eadem
2498 4073 2845 4138 suggerentes
2868 4063 3118 4134 petimus,
3145 4068 3205 4114 ut
3229 4058 3358 4128 quid
3385 4071 3549 4127 super
3581 4051 3656 4106 his
3684 4045 3801 4138 rebus

2281 4137 2675 4216 observandmn
2707 4156 2780 4208 sit
2823 4151 3130 4223 apostolicis
3159 4149 3523 4211 sermonibus,
3550 4145 3638 4198 nes
3667 4137 3803 4205 digne-

2282 4253 2411 4307 mini
2464 4249 2774 4304 informare.
2824 4245 2889 4299 Et
2940 4261 3007 4299 ne
3050 4242 3278 4298 forsitan
3336 4255 3436 4310 per
3490 4228 3800 4306 negligenlii"n

2282 4343 2608 4416 portitoris,
2681 4348 2774 4394 aut
2860 4336 3138 4409 longinqui
3209 4334 3421 4389 itineris
3503 4323 3801 4385 difﬁcultatem

2208 4470 2258 4528 Β
2284 4435 2606 4491 humilitatis
2638 4440 2834 4487 nostrae
2878 4431 2944 4484 ad
2997 4446 3092 4484 vos
3135 4428 3337 4497 scripta
3381 4441 3489 4480 non
3529 4416 3728 4492 potuerit
3754 4422 3800 4461 ex

2283 4527 2390 4581 hoc
2444 4524 2660 4595 negotio
2731 4520 3040 4591 pervenire,
3099 4519 3274 4588 etiam
3313 4513 3686 4585 suggestionem
3731 4513 3802 4595 [ιο-

2283 4624 2450 4671 stram
2515 4587 2806 4667 iualuim'us
2875 4610 3095 4662 iterare.
3171 4607 3236 4659 Et
3268 4587 3664 4672 subscriptio:
3725 4587 3799 4641 0n

2287 4723 2387 4778 pro
2457 4705 2633 4759 nobis.
2704 4701 2963 4756 Sanctum
3024 4695 3380 4768 apostolatum
3456 4700 3670 4747 vestrum
3722 4676 3801 4749 iugi

2285 4775 2400 4855 aevo
2470 4798 2649 4851 divina
2721 4801 3011 4850 conservet
3069 4789 3346 4846 :eternitas
3403 4786 3554 4840 nobis
3613 4775 3800 4834 omnibus

2283 4900 2338 4945 et
2390 4887 2640 4944 Ecclesia:
2690 4899 2842 4950 θυῖε,
2891 4883 3108 4939 domine
3165 4895 3290 4936 vere
3339 4888 3525 4934 noster
3576 4863 3801 4943 apostolice

2282 4996 2438 5052 papa.

2287 5088 2526 5162 Epistola
2563 5089 2922 5160 episwpm‘um
2956 5084 3429 5140 Tarraconmsium
3482 5080 3546 5134 ad
3594 5067 3798 5130 Πὶιανῖιετπ

2989 5172 3200 5228 papam.

2361 5252 2594 5308 Domino
2642 5251 2960 5306 beatissimo
3016 5258 3064 5303 et
3126 5246 3424 5316 apostolica
3485 5229 3737 5298 reverentia
3777 5233 3796 5270 ³

2288 5347 2444 5400 nobis
2485 5346 2536 5398 iu
2569 5343 2786 5398 Christo
2813 5341 3035 5396 colendo
3064 5354 3217 5409 papa:
3249 5337 3502 5402 HILAIIO,
3525 5331 3742 5386 ASCLNIUS
3763 5319 3798 5365 ει

2219 5441 2225 5450 '
2289 5436 2525 5491 universi
2566 5434 2802 5504 episcopi
2850 5429 3273 5485 Tarraconensis
3300 5425 3592 5498 provincias
3751 5495 3772 5504 ﬂ

2360 5527 2583 5582 Etiamsi
2615 5525 2758 5580 nulla
2791 5525 3023 5578 dictaret
3059 5521 3357 5577 necessitas
3385 5499 3794 5597 ecclesiasticae-di-

2288 5618 2548 5689 sciplinae,
2564 5617 2916 5689 expetendum
2934 5630 3120 5670 revera
3143 5613 3295 5668 nobis
3320 5610 3490 5665 fuerat
3512 5602 3620 5660 illud
3638 5587 3793 5689 jeivilc:

2287 5712 2434 5784 ginm
2485 5710 2627 5767 sedis
2652 5718 2864 5775 vestrm,
2892 5723 2998 5779 qua
3024 5703 3286 5776 susceptis
3317 5700 3460 5774 regni
3496 5689 3695 5752 clavibus
3708 5681 3793 5750 pOSl

3705 297 3782 353 m
3875 278 3877 292 ι
