3974 6432
155 371 269 428 999

1343 367 1773 425 DECRETALIU
1787 366 1833 420 ll
1865 365 2274 426 COLLECTIO.

3325 365 3432 422 95D

159 485 619 548 resurrecuopem
634 486 931 545 Salvatoris
951 501 1045 558 per
1059 493 1229 544 letum
1244 489 1430 544 orbem
1447 487 1746 544 beatissimi
1776 488 1828 548 Α
1853 487 2246 552 custodiantur,
2282 499 2552 556 rogamus,
2601 485 2801 539 dictum
2845 483 3066 554 .epties.
3107 483 3175 540 Ut
3210 485 3263 539 in
3294 501 3434 556 prae-

159 581 315 638 Petri
351 579 638 652 singularis
684 579 996 650 praedicatio
1046 579 1422 635 universorum
1480 579 1746 634 illumina-

158 673 314 729 tione
342 670 640 742 prospexit.
679 665 846 740 Cujus
871 670 1060 726 vicarii
1089 671 1425 742 principatus
1459 670 1599 726 sicut
1617 668 1750 724 emi-

159 772 283 829 net,
321 764 396 818 ita
446 761 775 817 metuendus
819 771 903 816 est
949 762 1018 816 ab
1054 761 1306 817 omnibus
1359 771 1416 818 et
1463 759 1750 816 amandus.

160 853 402 910 Proinde
433 867 532 908 nos
561 853 731 907 Deum
761 851 816 906 in
856 851 1009 907 nobis
1039 851 1290 921 primitus
1317 851 1624 915 adorantes,
1665 848 1751 903 cui

159 946 290 1001 sine
314 943 539 1015 querela
560 943 795 1007 servitis,
828 942 895 996 ad
923 941 1081 997 fidem
1102 941 1431 997 recurrimus
1460 939 1752 1010 apostolico

161 1056 268 1095 ore
296 1037 590 1103 laudatam,
633 1036 758 1090 inde
799 1049 1057 1104 responsa
1091 1042 1395 1105 quaerentes
1440 1033 1582 1087 unde
1621 1027 1754 1085 nihil

159 1144 382 1193 errore,
430 1125 568 1181 nihil
605 1124 1042 1196 praesumptione,
1094 1123 1188 1178 sed
1235 1119 1529 1192 pontificali
1584 1127 1754 1173 totum

161 1219 562 1275 deliberatione
601 1214 930 1286 praccipitur.
961 1214 1095 1269 Cum
1142 1213 1258 1267 haec
1301 1212 1374 1266 ita
1413 1225 1470 1266 se
1500 1210 1753 1272 habeant,

160 1319 256 1365 est
282 1319 460 1363 tamen
491 1306 634 1360 inter
660 1320 760 1360 nos
786 1303 956 1359 falsus
979 1302 1168 1366 frater,
1198 1298 1352 1369 cujus
1381 1298 1758 1370 prmsumptio-

161 1403 296 1458 nem
327 1401 469 1455 sicut
505 1397 706 1454 diutius
735 1400 919 1452 tacere
948 1412 1053 1450 non
1086 1394 1256 1460 licuit,
1299 1394 1373 1448 ita
1404 1401 1458 1447 et
1505 1390 1649 1461 loqui
1676 1389 1760 1446 fu-

162 1494 277 1547 turi
307 1491 499 1562 judicii
547 1489 845 1545 necessitas
896 1486 1202 1558 imperavit.
1245 1483 1500 1540 Silvanus
1539 1483 1759 1554 quidam

161 1586 455 1656 episc0pus
502 1583 815 1653 Calagurre,
841 1582 892 1636 in
929 1580 1114 1635 ultima
1140 1588 1293 1650 parte
1320 1587 1510 1633 vestrae
1545 1577 1761 1647 provin-

162 1678 270 1731 ciae
333 1675 679 1738 constitutus,
730 1672 1089 1726 divinationes
1137 1671 1238 1726 sibi
1288 1669 1554 1724 iudebitas
1600 1683 1758 1723 usur-

163 1766 372 1838 pando,
404 1763 760 1820 humilitatem
789 1770 1027 1816 nostram
1058 1760 1127 1814 ad
1164 1760 1265 1814 hoc
1287 1773 1458 1828 usque
1485 1758 1756 1828 perduxit,

1850 577 2244 646 sumptionibus
2282 575 2606 639 vindicetur,
2639 589 2913 644 rogamus,
2954 574 3160 630 dictum
3206 576 3430 646 septies.

1851 668 2133 724 Ordinatio
2213 667 2509 737 apostolica
2581 665 2789 722 illibata
2853 674 3144 732 servetur,
3229 668 3432 723 dictum

1851 759 2068 828 septies.
2097 759 2326 825 Exaudi,
2364 757 2601 823 Christe,
2630 756 2836 812 Hilario
2868 757 3002 821 vita,
3040 758 3247 814 dictum
3273 759 3432 829 quin-

1852 850 2026 920 quies.
2054 851 2255 920 Dignus
2285 865 2441 921 papa,
2486 850 2680 919 dignus
2714 850 2925 916 doctor,
2951 851 3154 906 dictum
3177 862 3259 908 est
3287 861 3437 906 octa-

1852 941 1986 994 vies.
2049 937 2120 994 Ut
2181 940 2476 1010 antiquitas
2533 949 2822 1004 servetur,
2876 955 3172 1012 rogamus,
3229 941 3436 998 dictum

1854 1032 2071 1102 septies.
2130 1031 2199 1087 Ut
2235 1032 2517 1102 disciplina
2569 1042 2816 1088 servetur
2870 1049 3143 1105 rogamus.
3203 1035 3442 1091 llilarius

1855 1123 2141 1194 cpiscOpus
2187 1123 2324 1178 dixit
2374 1142 2387 1178 :
2428 1125 2679 1195 Acceptis
2727 1141 2847 1195 qua:
2909 1125 3135 1182 recitata
3189 1137 3316 1183 sunt
3373 1128 3440 1183 de

1856 1213 2130 1284 omnibus,
2175 1229 2336 1277 nunc,
2383 1212 2601 1280 fratres,
2650 1215 2909 1284 speciales
2967 1217 3284 1282 sententias,
3328 1217 3439 1273 Deo

1858 1303 2037 1380 vobis.
2070 1303 2396 1372 inspirante,
2428 1304 2750 1374 depromite.
2812 1304 3098 1362 Maximius
3154 1308 3441 1378 episcopus

1859 1393 2114 1450 Ecclesia:
2136 1395 2448 1451 Tauritanis
2478 1396 2616 1452 dixit
2647 1414 2660 1452 :
2693 1397 2750 1453 In
2791 1398 3160 1454 custodiendis
3187 1401 3442 1458 omnibus

1858 1499 1979 1556 quae
2017 1485 2086 1541 ad
2133 1501 2318 1542 sacras
2369 1488 2740 1544 ordinationes
2792 1491 3065 1559 pertinent
3115 1492 3439 1562 disciplinis,

1860 1577 2052 1633 melius
2094 1578 2379 1632 sententiae
2417 1594 2573 1644 meae,
2621 1578 2961 1650 professione
2990 1582 3270 1648 denuntio,
3310 1584 3447 1640 nihil

1860 1685 1892 1724 a
1931 1684 2016 1723 me
2043 1684 2280 1738 unquam
2319 1685 2508 1724 eorum
2556 1686 2677 1740 qttaa
2723 1672 2995 1742 prohibita
3028 1684 3155 1728 sunt
3202 1689 3322 1730 esse
3359 1674 3444 1730 fa-

1862 1759 2070 1816 cienda.
2098 1761 2172 1816 De
2203 1760 2421 1830 reliquis
2449 1777 2664 1827 censeo,
2709 1772 2769 1817 ut
2795 1764 3037 1834 quisquis
3069 1765 3196 1820 talia
3233 1765 3444 1831 fecerit,

163 1868 230 1912 ut
287 1867 478 1912 contra
534 1854 651 1923 ejus
704 1851 1052 1907 vanissimam
1112 1849 1550 1920 superstitionem
1609 1846 1752 1902 sedis
1784 1853 1826 1912 Β
1856 1857 1950 1904 aut
1979 1850 2192 1906 detecta
2222 1849 2277 1905 in
2301 1851 2548 1906 ecclesiis
2573 1867 2824 1909 resecare
2849 1854 3110 1920 noluerit,
3139 1858 3356 1913 noverit
3383 1874 3444 1914 se

161 1957 367 2004 vestrae
415 1946 632 2000 unicum
682 1935 980 1998 remedium
1030 1939 1352 2010 “agitemus.
1389 1935 1490 1991 llic
1519 1951 1753 2007 namque

155 2041 280 2113 jam
307 2048 432 2095 ante
455 2047 580 2094 octo
609 2043 702 2090 aut
725 2045 932 2105 septem
957 2032 1184 2104 amplius
1231 2045 1402 2085 annos
1426 2038 1756 2100 postponens

162 2135 393 2190 Patrum
422 2131 653 2202 regulas,
687 2138 741 2186 et
764 2136 942 2184 vestra
971 2127 1217 2182 instituta
1244 2123 1568 2194 despiciens,
1596 2122 1757 2177 nullis

162 2225 478 2297 petentibus
505 2221 716 2292 populis
754 2220 1068 2289 episcopum
1105 2216 1393 2272 ordinavit.
1424 2213 1590 2284 Cujus
1623 2230 1757 2284 prae-

165 2330 463 2388 properum
510 2314 712 2368 factum
745 2310 1120 2366 existimantes
1160 2306 1400 2362 fraterna
1436 2314 1490 2362 et
1531 2307 1756 2377 pacilica

95 2456 98 2458 ν
162 2423 334 2481 posse
354 2406 718 2462 admonitione
756 2402 936 2459 sanari
963 2400 1188 2472 perfecit
1219 2401 1272 2455 in
1309 2397 1478 2470 pejus.
1515 2399 1757 2468 Denique

165 2517 300 2557 cum
326 2510 517 2557 contra
541 2505 865 2553 vetustatem
891 2509 1184 2558 canonum,
1202 2506 1390 2549 contra
1413 2493 1600 2565 synodi
1629 2509 1757 2548 con-

163 2597 366 2651 stituta
430 2591 654 2647 alterius
709 2589 900 2646 fratris
952 2588 1125 2644 nostri
1194 2586 1497 2658 presbyteri
1559 2585 1756 2656 Spiritu

165 2697 388 2744 tantum
417 2683 855 2756 przesumptionis
883 2696 1162 2747 accensus,
1193 2680 1247 2735 in
1292 2679 1482 2735 eodem
1512 2678 1629 2733 loco
1664 2676 1755 2748 qui

165 2780 249 2834 illi
287 2779 460 2834 fuerat
480 2776 780 2832 destinatus
806 2773 895 2829 cui
924 2773 1092 2829 invito
1119 2780 1175 2828 et
1220 2769 1539 2842 repugnanti
1580 2770 1755 2840 impo-

164 2878 360 2927 suerat
389 2883 599 2934 manus,
624 2875 681 2922 et
705 2866 797 2938 qui
830 2875 1016 2922 nostro
1038 2865 1150 2936 jam
1176 2865 1339 2921 coetui
1368 2863 1545 2920 fuerat
1573 2873 1760 2934 aggre-

166 2970 360 3032 gatus,
393 2959 704 3030 episcopum
726 2956 874 3013 fecit.
899 2955 1036 3013 Hinc
1066 2956 1267 3012 factum
1305 2963 1410 3022 est,
1447 2966 1506 3010 ut
1533 2956 1599 3010 de
1641 2953 1758 3023 ejus

166 3051 485 3108 miserrima
557 3048 862 3104 temeritate
932 3048 1002 3104 ad
1077 3063 1175 3103 nos
1252 3047 1756 3117 Czcsaraugustana:

167 3139 519 3198 urbis-frater
550 3148 733 3196 noster
763 3140 1015 3194 universa
1061 3138 1310 3204 referret,
1351 3137 1505 3207 cujus
1534 3137 1757 3208 diligen-

1859 1957 2054 2014 graves
2087 1958 2280 1999 causas
2321 1945 2631 2013 apostolicae
2677 1945 2730 2000 in
2776 1947 2920 2002 sedis
2957 1947 3161 2018 judicio
3210 1951 3448 2005 redditu-

1859 2048 1999 2088 rum.
2029 2032 2086 2087 ln
2113 2048 2220 2103 quo
2250 2033 2324 2088 illi
2362 2049 2586 2089 necesse
2616 2035 2722 2090 erit
2744 2035 2928 2091 subire
2966 2038 3314 2092 sententiam.
3364 2039 3446 2094 ln-

1859 2139 2068 2194 genuus
2096 2124 2381 2195 episcOpus
2411 2124 2814 2182 Ebredunensis
2843 2126 2980 2181 dixit
3011 2145 3024 2180 :
3055 2127 3184 2183 Mihi
3232 2144 3449 2200 quoque

1859 2215 2046 2272 eadem
2083 2214 2151 2269 de
2197 2213 2450 2270 omnibus
2475 2215 2722 2284 partibus
2758 2215 3023 2271 sententia
3071 2225 3178 2283 est,
3217 2233 3323 2288 qua
3367 2235 3453 2273 me

1861 2306 1973 2378 ipse
1998 2308 2331 2378 constringe,
2363 2321 2430 2362 ne
2471 2307 2600 2376 quid
2626 2322 2656 2362 a
2686 2321 2773 2363 me
2817 2323 3055 2378 unquam
3099 2309 3164 2364 de
3213 2311 3296 2366 his
3331 2323 3452 2381 qua:

1857 2405 1987 2451 sunt
2018 2396 2304 2452 interdicta
2355 2404 2624 2463 tentetur,
2661 2397 2788 2466 quia
2831 2398 2954 2452 novi
2994 2406 3195 2453 statum
3240 2409 3293 2455 et
3321 2417 3449 2471 pro-

1858 2486 2148 2542 fessionem
2191 2502 2362 2542 meam
2388 2505 2402 2552 ;
2431 2488 2498 2544 de
2528 2488 2742 2544 caeteris
2772 2490 2935 2544 etiam
2964 2505 3181 2557 censeo,
3214 2503 3272 2548 ut
3302 2497 3451 2565 quis-

1858 2579 1981 2651 quis
2033 2589 2400 2652 transgressor
2444 2581 2734 2647 exstiterit,
2784 2582 2922 2638 sciat
2959 2599 3020 2639 se
3068 2585 3451 2642 ecclesiasticm

1860 2671 2057 2743 regula:
2080 2671 2289 2743 laqueis
2327 2673 2597 2739 innodari,
2623 2684 2678 2729 et
2711 2675 3262 2746 reatum-apostolica:
3305 2678 3452 2732 sedis

1861 2764 2156 2821 incurrere.
2196 2764 2393 2822 Paulus
2421 2766 2706 2837 episcopus
2733 2769 2902 2836 Aquae
2931 2766 3076 2822 Vivce
3102 2768 3236 2824 dixit
3269 2787 3284 2823 :
3335 2769 3450 2841 Ego

1860 2873 2074 2928 quoque
2105 2857 2266 2914 simili
2299 2875 2386 2915 me
2413 2858 2528 2930 lege
2551 2860 2882 2930 constringe.
2911 2859 2976 2914 Et
3000 2863 3066 2916 de
3093 2861 3308 2917 caneris
3330 2863 3453 2932 qua:

1861 2957 2292 3021 transgressores
2318 2949 2520 3006 fuerint
2547 2952 2750 3022 pariter
2797 2965 3018 3015 censeo,
3066 2967 3164 3008 nec
3205 2953 3284 3008 eis
3329 2953 3450 3008 sine

1859 3043 2098 3112 periculo
2126 3045 2207 3099 sui
2239 3043 2534 3114 quidquam
2564 3043 2668 3098 tale
2701 3052 2910 3098 tentare
2937 3043 3121 3109 liceat,
3152 3044 3297 3114 quod
3335 3060 3449 3100 me-

1863 3135 1968 3190 rito
2013 3135 2207 3190 debeat
2255 3134 2540 3190 vindicari.
2601 3134 2816 3190 Primus
2856 3135 3145 3205 cpiscopus
3202 3135 3456 3192 Ecclesiae

169 3235 249 3289 tia
274 3241 326 3288 et
365 3231 668 3287 sollicitudo
691 3230 980 3286 admodum
1009 3237 1384 3300 prospexerat.
1410 3229 1454 3284 si
1493 3228 1544 3282 in
1577 3228 1756 3298 aliquo
1784 3231 1829 3294 C
1857 3226 2119 3282 Atellana:
2156 3225 2294 3281 dixit
2332 3244 2345 3279 :
2398 3226 2512 3282 lloc
2554 3235 2610 3280 et
2647 3242 2748 3297 ego
2777 3241 2973 3282 censeo
3010 3242 3129 3283 esse
3158 3227 3456 3282 observan-

164 3323 484 3399 profuisset.
517 3323 793 3394 Siquidem
817 3323 1028 3378 cunctis
1049 3322 1103 3376 in
1124 3322 1318 3376 vicinia
1342 3321 1534 3391 positis
1554 3321 1760 3391 episco-

167 3417 260 3488 pis
306 3431 374 3471 ne
423 3430 480 3470 se
519 3413 866 3470 schismatico
911 3413 1270 3484 adjungercnt
1317 3412 1759 3484 frequentissime

169 3505 540 3570 contradixit;
570 3505 663 3560 scd
705 3504 1069 3560 obstinatione
1097 3503 1390 3559 damnabili
1416 3513 1586 3557 totum
1616 3504 1759 3574 quod

168 3605 296 3652 erat
329 3595 597 3660 illicittun,
638 3601 694 3648 et
735 3595 877 3664 quod
908 3593 1064 3648 nobis
1095 3595 1268 3663 pudor
1293 3601 1376 3648 est
1424 3593 1625 3658 dicere,
1649 3609 1758 3648 non

167 3686 398 3742 erubuit
421 3685 508 3740 ille
529 3685 677 3740 solus
701 3684 1060 3740 committere.
1089 3683 1323 3739 Proinde
1355 3684 1483 3755 quia
1514 3683 1597 3739 his
1623 3699 1759 3755 prce.

168 3777 577 3849 sutnptionibus
618 3794 738 3848 qua:
773 3777 1036 3831 unitatem
1068 3776 1336 3842 dividunt,
1367 3792 1487 3847 qua:
1524 3777 1758 3832 schisma

167 3871 404 3936 faciunt,
428 3869 886 3946 velociter-debet
929 3868 1162 3935 occurri,
1208 3883 1518 3938 quzesumus
1575 3869 1759 3924 sedem

170 3969 434 4026 vestram,
474 3967 533 4013 ut
569 3959 696 4028 quid
735 3973 899 4028 super
927 3959 1068 4013 hanc
1094 3966 1306 4028 partem
1349 3959 1640 4014 observare
1670 3974 1762 4014 ve-

169 4054 287 4110 litis
327 4052 636 4124 apostolicis
677 4049 930 4106 affatibus
974 4052 1330 4115 instruamur,
1358 4061 1627 4121 quatenus
1654 4051 1760 4105 fra-

173 4145 435 4200 ternitate
488 4142 734 4207 collecta,
782 4140 1006 4210 prolatis
1053 4141 1106 4195 in
1157 4141 1390 4196 medium
1441 4143 1760 4197 venerandis

168 4233 368 4307 synodi
393 4232 728 4298 constitutis,
751 4228 940 4286 c'ontra
967 4231 1276 4286 rebellionis
1302 4231 1550 4300 spiritum
1582 4241 1759 4287 vestra

171 4327 499 4380 auctoritate
523 4325 766 4389 subnixi,
795 4323 936 4392 quod
966 4331 1216 4394 oporteat
1243 4331 1300 4377 et
1329 4323 1394 4378 de
1419 4323 1761 4378 ordinatione

168 4423 231 4471 et
264 4415 334 4471 de
373 4416 620 4470 ordinato
660 4413 774 4468 lieri
805 4411 1108 4484 intelligere
1142 4413 1278 4482 (Dco
1309 4411 1555 4484 juvante)
1582 4413 1759 4484 possi-

171 4525 320 4566 mus.
371 4508 488 4564 Erit
539 4506 782 4578 profecto
835 4516 1015 4561 vester
1067 4508 1374 4578 triumphus
1426 4509 1759 4579 apostolatus

174 4599 345 4656 vestri
396 4599 725 4668 temporibus
777 4598 823 4653 si
875 4598 1020 4668 quod
1073 4599 1249 4654 sancti
1299 4598 1443 4652 Petri
1497 4601 1757 4655 cathedra
1789 4590 1836 4649 D

171 4691 388 4749 obtinet
419 4691 684 4747 catholica
713 4690 899 4746 audiat
949 4691 1213 4756 Ecclesia,
1260 4691 1304 4745 si
1361 4692 1568 4748 novella
1617 4694 1757 4748 ziza-

174 4785 392 4840 niorum
438 4782 643 4839 semina
687 4774 891 4838 fuerint
931 4783 1249 4853 exstirpata.
1301 4783 1367 4836 Et
1413 4783 1756 4855 sub..criptio.

173 4873 438 4931 Orantem
478 4887 575 4943 pro
619 4872 774 4928 nobis
817 4881 1065 4928 sanctum
1109 4872 1468 4942 apostolatum
1520 4883 1760 4930 vestrum

165 4969 287 5042 jugi
315 4983 427 5022 aevo
472 4967 652 5022 divina
681 4977 966 5024 conservet
992 4969 1291 5024 :eternitas.
1327 4967 1398 5024 Ut
1427 4971 1542 5027 haec
1577 4989 1762 5028 emen-

174 5064 378 5117 dentur
441 5074 721 5129 rogamus,
780 5059 984 5115 dictum
1052 5061 1249 5117 sexies.
1321 5061 1390 5119 Ut
1456 5066 1571 5121 lucc
1623 5067 1762 5121 reci.

171 5154 382 5208 dantur
446 5165 719 5222 rogamus,
785 5150 986 5206 dictum
1057 5155 1280 5223 septies.
1339 5153 1439 5210 Ut'
1481 5157 1763 5227 disciplina

174 5249 430 5302 servetur
474 5255 744 5311 rogamus,
795 5242 995 5296 dictum
1042 5245 1352 5316 quinquies.
1410 5246 1478 5302 Ut
1525 5263 1762 5304 canones

1861 3317 2008 3374 dum.
2057 3316 2314 3371 Pallidius
2362 3317 2647 3386 episcopus
2674 3317 2925 3372 Ecclesia:
2975 3317 3209 3387 Salpimn
3258 3319 3394 3373 dixit
3437 3337 3450 3373 :

1861 3411 2007 3466 Nihil
2043 3427 2130 3466 me
2170 3419 2362 3466 contra
2395 3411 2740 3482 disciplinam
2770 3411 3191 3467 ecclesiasticam
3227 3412 3310 3466 vt'l
3343 3423 3457 3467 sta-

1863 3515 1975 3562 tuta
2024 3515 2333 3563 sanctorum
2383 3519 2650 3560 canonum
2682 3504 2953 3560 facturum
3001 3520 3122 3561 esse
3175 3505 3450 3576 polliceor.

1862 3597 2124 3668 Tyberius
2143 3597 2432 3667 cpiscOpus
2464 3594 2722 3651 Ecclesia:
2753 3593 3068 3650 Sabinensis
3110 3595 3242 3649 dixit
3271 3613 3282 3648 :
3318 3594 3456 3648 Pro-

1861 3687 2018 3744 ﬁteor
2040 3703 2125 3744 me
2163 3695 2365 3743 statuta
2393 3687 2540 3742 sedis
2573 3685 2880 3756 apostolica:
2904 3685 2956 3740 in
2982 3686 3233 3741 omnibus
3273 3697 3456 3742 custo-

1861 3777 1997 3834 dire.
2057 3777 2124 3832 Et
2175 3778 2218 3833 si
2272 3777 2324 3832 in
2376 3777 2616 3832 Ecclesia
2665 3791 2787 3831 mea
2836 3775 3158 3831 clericorum
3216 3775 3452 3846 aliquem

1862 3881 2052 3927 contra
2083 3878 2349 3941 praecepta
2380 3880 2690 3925 sanctorum
2715 3883 2987 3924 canonum
3024 3869 3451 3938 deprehendero,

1861 3973 1956 4016 aut
1989 3962 2271 4017 mulierem
2309 3961 2549 4026 duxisse,
2579 3970 2673 4014 aut
2707 3960 2842 4015 duas
2872 3959 3071 4014 habere
3117 3975 3338 4026 uxores,
3385 3959 3454 4015 ab

1861 4053 2236 4110 ecclesiastico
2269 4051 2443 4110 cilicio
2472 4068 2750 4124 separare.
2798 4052 2880 4107 Ab
2929 4052 3199 4107 universis
3250 4054 3453 4109 dictum

1861 4158 1946 4207 est
1974 4148 2242 4222 episcopis
2269 4167 2281 4202 :
2317 4147 2626 4203 Sententias
2657 4146 2888 4201 fratrum
2928 4160 3118 4201 omnes
3148 4146 3449 4217 sequimur,

1860 4259 2052 4302 omnes
2093 4245 2500 4307 confirmamus,
2552 4250 2607 4296 et
2641 4241 3009 4296 observandas
3043 4254 3162 4295 esse
3210 4239 3457 4295 decerni-

1862 4353 2000 4392 mus.
2033 4336 2262 4401 Exaudi,
2312 4334 2548 4398 Cbriste,
2589 4332 2793 4387 llilario
2823 4332 2954 4396 vita,
3000 4333 3204 4387 dictum
3253 4334 3452 4388 sexies.

1861 4429 1992 4498 Quae
2040 4428 2180 4483 male
2250 4425 2486 4482 admissa
2537 4434 2706 4489 sunt,
2782 4436 2880 4492 per
2949 4433 3000 4477 te
3064 4421 3454 4492 corrigantur,

1862 4521 2063 4574 dictum
2103 4515 2365 4573 octavies.
2396 4513 2547 4580 Quod
2595 4528 2701 4568 non
2744 4511 2886 4576 licet,
2936 4526 3040 4564 non
3092 4511 3203 4576 fiat,
3248 4510 3456 4565 dictum

1868 4609 2124 4666 octavies.
2173 4607 2411 4663 llilarius
2451 4606 2736 4676 episcopus
2768 4603 3027 4658 Ecclesia:
3075 4603 3228 4657 urbis
3270 4601 3456 4665 Romae

1867 4701 2072 4772 synodo
2115 4698 2405 4769 praesidens
2433 4696 2567 4752 dixit
2597 4711 2610 4749 :
2640 4694 2904 4762 Quoniam
2948 4692 3230 4761 praesentis
3265 4693 3458 4748 defini-

1869 4792 2054 4856 tionis,
2107 4788 2338 4844 formam
2389 4804 2508 4858 quae
2537 4787 2833 4842 secundum
2882 4793 3197 4840 sanctorum
3252 4795 3454 4842 statuta

1867 4893 1952 4939 est
1999 4882 2350 4946 sententiam,
2403 4881 2456 4935 in
2499 4879 2737 4934 omnium
2796 4877 3159 4933 Ecclesiarum
3205 4879 3452 4933 notitiam

1868 4975 2152 5046 pervenire
2200 4971 2557 5038 decrevimus,
2609 4985 2676 5024 ne
2721 4969 2972 5040 cuiquam
3024 4985 3122 5042 pro
3157 4971 3238 5026 sui
3285 4971 3454 5041 possit

1867 5067 2206 5140 ignoratione
2237 5065 2400 5121 licere
2421 5063 2564 5134 quod
2589 5078 2696 5118 non
2721 5061 2846 5118 licet
2877 5063 3060 5129 edere,
3109 5073 3261 5134 gesta
3298 5072 3452 5120 uota-

1867 5161 2067 5214 riorum
2102 5157 2408 5214 sollicitudo
2437 5155 2667 5212 curabit.

2921 5371 3290 5384 “—

644 5441 1284 5531 INCIPIUNT
1355 5444 1888 5535 DECRETA
1959 5440 2538 5533 SIMPLICII
2619 5437 2950 5527 PAPE

179 5612 261 5672 Ad
289 5610 549 5670 Zenonem
578 5612 882 5685 bpalensem
911 5628 1206 5685 episcopum
1242 5614 1305 5666 de
1333 5614 1610 5669 commissa
1653 5613 1761 5670 vice

732 5683 1034 5752 apostolictr
1054 5683 1212 5736 sedis.

251 5779 613 5838 Dilectissimo
662 5775 817 5831 fratri
865 5775 1092 5840 Zenoni,
1126 5775 1457 5836 Simplicius.
1490 5776 1756 5835 Plurimo-

578 5891 853 5952 Parnm.
899 5886 1162 5952 CXXX.

1867 5627 1987 5667 rum
2037 5613 2211 5667 relatu
2259 5609 2620 5679 comperimus
2651 5609 2993 5666 dilectionem
3045 5621 3188 5667 tuam
3240 5613 3452 5669 fervore

1865 5715 1919 5760 et
1995 5705 2217 5775 spiritus
2311 5703 2602 5760 sanctitate.
2695 5704 2954 5760 Ecclesia:
3033 5707 3450 5776 gubernatorem

1865 5795 2120 5864 existere,
2163 5803 2221 5851 ut
2268 5793 2534 5866 naufragii
2582 5793 2904 5851 detrimenta
2953 5775 3064 5850 Deo
3094 5775 3314 5854 auctore
3344 5812 3452 5856 non

2981 5883 3061 5948 30
