  <div class='ocr_page' id='page_1' title='image "/cluster/home/n/w/nwhite01/storage/ocr_20150623/130/hvd.32044015471717/495.png"; bbox 0 0 3974 6442; ppageno 0'>
   <div class='ocr_carea' id='block_1_1' title="bbox 490 350 587 411">
    <p class='ocr_par' dir='ltr' id='par_1_1' title="bbox 490 350 587 411">
     <span class='ocr_line' id='line_1_1' title="bbox 490 350 587 411; baseline -0.021 0"><span class='ocrx_word' id='word_1_1' title='bbox 490 350 587 411; x_wconf 64' lang='grc'><strong>931</strong></span> 
     </span>
    </p>
   </div>
   <div class='ocr_carea' id='block_1_2' title="bbox 1320 356 2941 417">
    <p class='ocr_par' dir='ltr' id='par_1_2' title="bbox 1320 356 2941 417">
     <span class='ocr_line' id='line_1_2' title="bbox 1320 356 2941 417; baseline 0.002 -7"><span class='ocrx_word' id='word_1_2' title='bbox 1320 357 1610 413; x_wconf 73' lang='lat' dir='ltr'><strong>APPEND.</strong></span> <span class='ocrx_word' id='word_1_3' title='bbox 1639 359 1729 413; x_wconf 75' lang='lat' dir='ltr'><strong>AD</strong></span> <span class='ocrx_word' id='word_1_4' title='bbox 1765 356 1940 415; x_wconf 57' lang='lat' dir='ltr'><strong>SJEC.</strong></span> <span class='ocrx_word' id='word_1_5' title='bbox 1975 359 2067 415; x_wconf 78' lang='lat' dir='ltr'><strong>IX.</strong></span> <span class='ocrx_word' id='word_1_6' title='bbox 2108 390 2176 400; x_wconf 89' lang='lat'>—</span> <span class='ocrx_word' id='word_1_7' title='bbox 2213 358 2462 417; x_wconf 80' lang='lat' dir='ltr'><strong>lSlDORl</strong></span> <span class='ocrx_word' id='word_1_8' title='bbox 2502 357 2941 416; x_wconf 75' lang='lat' dir='ltr'><strong>MERCATORIS</strong></span> 
     </span>
    </p>
   </div>
   <div class='ocr_carea' id='block_1_3' title="bbox 3647 358 3754 414">
    <p class='ocr_par' dir='ltr' id='par_1_3' title="bbox 3647 358 3754 414">
     <span class='ocr_line' id='line_1_3' title="bbox 3647 358 3754 414; baseline 0 0"><span class='ocrx_word' id='word_1_9' title='bbox 3647 358 3754 414; x_wconf 59' lang='lat'><strong>93</strong></span> 
     </span>
    </p>
   </div>
   <div class='ocr_carea' id='block_1_4' title="bbox 491 470 3749 548">
    <p class='ocr_par' dir='ltr' id='par_1_4' title="bbox 491 470 3749 548">
     <span class='ocr_line' id='line_1_4' title="bbox 491 470 3749 548; baseline 0.002 -23"><span class='ocrx_word' id='word_1_10' title='bbox 491 471 705 528; x_wconf 82' lang='lat' dir='ltr'><strong>sentiat.</strong></span> <span class='ocrx_word' id='word_1_11' title='bbox 736 470 954 528; x_wconf 78' lang='lat' dir='ltr'><strong>Talibus</strong></span> <span class='ocrx_word' id='word_1_12' title='bbox 980 470 1179 528; x_wconf 80' lang='lat' dir='ltr'><strong>idcirco</strong></span> <span class='ocrx_word' id='word_1_13' title='bbox 1209 474 1737 545; x_wconf 76' lang='lat' dir='ltr'><strong>g1oriatttcsjudiciis</strong></span> <span class='ocrx_word' id='word_1_14' title='bbox 1762 482 2134 548; x_wconf 67' lang='lat' dir='ltr'><strong>congruum‘A</strong></span> <span class='ocrx_word' id='word_1_15' title='bbox 2163 492 2291 533; x_wconf 85' lang='lat' dir='ltr'><strong>vero</strong></span> <span class='ocrx_word' id='word_1_16' title='bbox 2318 476 2600 547; x_wconf 82' lang='lat' dir='ltr'><strong>episcopis.</strong></span> <span class='ocrx_word' id='word_1_17' title='bbox 2632 474 2843 531; x_wconf 75' lang='lat' dir='ltr'><strong>Relatio</strong></span> <span class='ocrx_word' id='word_1_18' title='bbox 2870 491 2969 530; x_wconf 90' lang='lat' dir='ltr'><strong>nos</strong></span> <span class='ocrx_word' id='word_1_19' title='bbox 2995 484 3188 530; x_wconf 66' lang='lat' dir='ltr'><strong>vestrae</strong></span> <span class='ocrx_word' id='word_1_20' title='bbox 3218 473 3529 531; x_wconf 76' lang='lat' dir='ltr'><strong>dilectionis</strong></span> <span class='ocrx_word' id='word_1_21' title='bbox 3551 473 3749 531; x_wconf 81' lang='lat' dir='ltr'><strong>instru-</strong></span> 
     </span>
    </p>
   </div>
   <div class='ocr_carea' id='block_1_5' title="bbox 448 564 2059 632">
    <p class='ocr_par' dir='ltr' id='par_1_5' title="bbox 448 564 2059 632">
     <span class='ocr_line' id='line_1_5' title="bbox 448 564 2059 632; baseline 0.002 -14"><span class='ocrx_word' id='word_1_22' title='bbox 448 570 455 575; x_wconf 83' lang='grc'><em>’</em></span> <span class='ocrx_word' id='word_1_23' title='bbox 490 564 745 621; x_wconf 74' lang='lat' dir='ltr'><strong>duximus</strong></span> <span class='ocrx_word' id='word_1_24' title='bbox 779 564 976 619; x_wconf 82' lang='lat' dir='ltr'><strong>vicaria</strong></span> <span class='ocrx_word' id='word_1_25' title='bbox 1003 564 1144 621; x_wconf 84' lang='lat' dir='ltr'><strong>sedis</strong></span> <span class='ocrx_word' id='word_1_26' title='bbox 1171 574 1373 622; x_wconf 79' lang='lat' dir='ltr'><strong>nostra:</strong></span> <span class='ocrx_word' id='word_1_27' title='bbox 1413 575 1464 622; x_wconf 91' lang='lat' dir='ltr'><strong>te</strong></span> <span class='ocrx_word' id='word_1_28' title='bbox 1500 569 1819 623; x_wconf 82' lang='lat' dir='ltr'><strong>auctoritate</strong></span> <span class='ocrx_word' id='word_1_29' title='bbox 1862 567 2059 632; x_wconf 80' lang='lat' dir='ltr'><strong>fulciri,</strong></span> 
     </span>
    </p>
   </div>
   <div class='ocr_carea' id='block_1_6' title="bbox 446 653 2064 727">
    <p class='ocr_par' dir='ltr' id='par_1_6' title="bbox 446 653 2064 727">
     <span class='ocr_line' id='line_1_6' title="bbox 446 653 2064 727; baseline 0.002 -16"><span class='ocrx_word' id='word_1_30' title='bbox 446 653 644 724; x_wconf 85' lang='lat' dir='ltr'><strong>&quot;cujus</strong></span> <span class='ocrx_word' id='word_1_31' title='bbox 688 654 873 725; x_wconf 87' lang='lat' dir='ltr'><strong>vigore</strong></span> <span class='ocrx_word' id='word_1_32' title='bbox 917 655 1180 725; x_wconf 86' lang='lat' dir='ltr'><strong>munitus,</strong></span> <span class='ocrx_word' id='word_1_33' title='bbox 1228 658 1539 727; x_wconf 71' lang='lat' dir='ltr'><strong>apostolicae</strong></span> <span class='ocrx_word' id='word_1_34' title='bbox 1567 659 1925 715; x_wconf 84' lang='lat' dir='ltr'><strong>institutionis</strong></span> <span class='ocrx_word' id='word_1_35' title='bbox 1971 660 2064 715; x_wconf 89' lang='lat' dir='ltr'><strong>de—</strong></span> 
     </span>
    </p>
   </div>
   <div class='ocr_carea' id='block_1_7' title="bbox 445 744 2063 821">
    <p class='ocr_par' dir='ltr' id='par_1_7' title="bbox 445 744 2063 821">
     <span class='ocr_line' id='line_1_7' title="bbox 445 744 2063 821; baseline 0.003 -20"><span class='ocrx_word' id='word_1_36' title='bbox 445 745 465 757; x_wconf 67' lang='lat'><strong><em>&quot;</em></strong></span> <span class='ocrx_word' id='word_1_37' title='bbox 488 753 637 802; x_wconf 86' lang='lat' dir='ltr'><strong>creta</strong></span> <span class='ocrx_word' id='word_1_38' title='bbox 665 744 749 801; x_wconf 80' lang='lat' dir='ltr'><strong>vel</strong></span> <span class='ocrx_word' id='word_1_39' title='bbox 780 753 1093 801; x_wconf 86' lang='lat' dir='ltr'><strong>sanctorum</strong></span> <span class='ocrx_word' id='word_1_40' title='bbox 1125 749 1389 804; x_wconf 81' lang='lat' dir='ltr'><strong>terminos</strong></span> <span class='ocrx_word' id='word_1_41' title='bbox 1429 748 1652 805; x_wconf 80' lang='lat' dir='ltr'><strong>Patrum</strong></span> <span class='ocrx_word' id='word_1_42' title='bbox 1706 751 1855 821; x_wconf 78' lang='lat' dir='ltr'><strong>nullo</strong></span> <span class='ocrx_word' id='word_1_43' title='bbox 1904 751 2063 806; x_wconf 89' lang='lat' dir='ltr'><strong>modo</strong></span> 
     </span>
    </p>
   </div>
   <div class='ocr_carea' id='block_1_8' title="bbox 488 835 2065 914">
    <p class='ocr_par' dir='ltr' id='par_1_8' title="bbox 488 835 2065 914">
     <span class='ocr_line' id='line_1_8' title="bbox 488 835 2065 914; baseline 0.003 -25"><span class='ocrx_word' id='word_1_44' title='bbox 488 835 796 892; x_wconf 83' lang='lat' dir='ltr'><strong>transcendi</strong></span> <span class='ocrx_word' id='word_1_45' title='bbox 839 838 1140 907; x_wconf 80' lang='lat' dir='ltr'><strong>permittas,</strong></span> <span class='ocrx_word' id='word_1_46' title='bbox 1164 839 1417 909; x_wconf 89' lang='lat' dir='ltr'><strong>quoniam</strong></span> <span class='ocrx_word' id='word_1_47' title='bbox 1440 841 1601 914; x_wconf 86' lang='lat' dir='ltr'><strong>digna</strong></span> <span class='ocrx_word' id='word_1_48' title='bbox 1634 842 1859 897; x_wconf 85' lang='lat' dir='ltr'><strong>honoris</strong></span> <span class='ocrx_word' id='word_1_49' title='bbox 1887 857 2065 897; x_wconf 88' lang='lat' dir='ltr'><strong>remu-</strong></span> 
     </span>
    </p>
   </div>
   <div class='ocr_carea' id='block_1_9' title="bbox 488 926 2065 1001">
    <p class='ocr_par' dir='ltr' id='par_1_9' title="bbox 488 926 2065 1001">
     <span class='ocr_line' id='line_1_9' title="bbox 488 926 2065 1001; baseline 0.004 -22"><span class='ocrx_word' id='word_1_50' title='bbox 488 926 767 981; x_wconf 85' lang='lat' dir='ltr'><strong>neratione</strong></span> <span class='ocrx_word' id='word_1_51' title='bbox 832 926 1188 982; x_wconf 80' lang='lat' dir='ltr'><strong>cumulandus</strong></span> <span class='ocrx_word' id='word_1_52' title='bbox 1247 942 1339 995; x_wconf 90' lang='lat' dir='ltr'><strong>es,</strong></span> <span class='ocrx_word' id='word_1_53' title='bbox 1412 946 1510 1001; x_wconf 88' lang='lat' dir='ltr'><strong>per</strong></span> <span class='ocrx_word' id='word_1_54' title='bbox 1556 944 1715 1000; x_wconf 85' lang='lat' dir='ltr'><strong>quem</strong></span> <span class='ocrx_word' id='word_1_55' title='bbox 1761 938 1815 986; x_wconf 92' lang='lat' dir='ltr'><strong>et</strong></span> <span class='ocrx_word' id='word_1_56' title='bbox 1871 931 1923 985; x_wconf 88' lang='lat' dir='ltr'><strong>in</strong></span> <span class='ocrx_word' id='word_1_57' title='bbox 1981 930 2065 986; x_wconf 85' lang='lat' dir='ltr'><strong>his</strong></span> 
     </span>
    </p>
   </div>
   <div class='ocr_carea' id='block_1_10' title="bbox 488 1008 2063 1088">
    <p class='ocr_par' dir='ltr' id='par_1_10' title="bbox 488 1008 2063 1088">
     <span class='ocr_line' id='line_1_10' title="bbox 488 1008 2063 1088; baseline 0.004 -18"><span class='ocrx_word' id='word_1_58' title='bbox 488 1017 797 1088; x_wconf 75' lang='lat' dir='ltr'><strong>regionibus</strong></span> <span class='ocrx_word' id='word_1_59' title='bbox 843 1008 1099 1075; x_wconf 83' lang='lat' dir='ltr'><strong>divinitus</strong></span> <span class='ocrx_word' id='word_1_60' title='bbox 1134 1035 1383 1075; x_wconf 77' lang='lat' dir='ltr'><strong>crescere</strong></span> <span class='ocrx_word' id='word_1_61' title='bbox 1420 1022 1653 1077; x_wconf 85' lang='lat' dir='ltr'><strong>innotuit</strong></span> <span class='ocrx_word' id='word_1_62' title='bbox 1690 1022 1887 1086; x_wconf 91' lang='lat' dir='ltr'><strong>cultus,</strong></span> <span class='ocrx_word' id='word_1_63' title='bbox 1920 1020 2063 1077; x_wconf 88' lang='lat' dir='ltr'><strong>Deus</strong></span> 
     </span>
    </p>
   </div>
   <div class='ocr_carea' id='block_1_11' title="bbox 486 1111 1780 1179">
    <p class='ocr_par' dir='ltr' id='par_1_11' title="bbox 486 1111 1780 1179">
     <span class='ocr_line' id='line_1_11' title="bbox 486 1111 1780 1179; baseline 0.004 -15"><span class='ocrx_word' id='word_1_64' title='bbox 486 1120 539 1164; x_wconf 92' lang='lat' dir='ltr'><strong>te</strong></span> <span class='ocrx_word' id='word_1_65' title='bbox 558 1111 881 1167; x_wconf 82' lang='lat' dir='ltr'><strong>Incolumem</strong></span> <span class='ocrx_word' id='word_1_66' title='bbox 905 1112 1201 1179; x_wconf 82' lang='lat' dir='ltr'><strong>custodiat,</strong></span> <span class='ocrx_word' id='word_1_67' title='bbox 1235 1111 1407 1169; x_wconf 78' lang='lat' dir='ltr'><strong>frater</strong></span> <span class='ocrx_word' id='word_1_68' title='bbox 1431 1114 1780 1169; x_wconf 87' lang='lat' dir='ltr'><strong>charissime.</strong></span> 
     </span>
    </p>
   </div>
   <div class='ocr_carea' id='block_1_12' title="bbox 538 1224 2009 1308">
    <p class='ocr_par' dir='ltr' id='par_1_12' title="bbox 538 1224 2009 1308">
     <span class='ocr_line' id='line_1_12' title="bbox 538 1224 2009 1308; baseline -0.001 -29"><span class='ocrx_word' id='word_1_69' title='bbox 538 1224 779 1295; x_wconf 78' lang='lat' dir='ltr'><strong>Epistola</strong></span> <span class='ocrx_word' id='word_1_70' title='bbox 806 1225 1059 1297; x_wconf 78' lang='lat' dir='ltr'><strong>Simplicii</strong></span> <span class='ocrx_word' id='word_1_71' title='bbox 1087 1242 1237 1308; x_wconf 63' lang='lat' dir='ltr'><strong>papa:</strong></span> <span class='ocrx_word' id='word_1_72' title='bbox 1269 1226 1336 1280; x_wconf 86' lang='lat' dir='ltr'><strong>ad</strong></span> <span class='ocrx_word' id='word_1_73' title='bbox 1365 1226 1624 1281; x_wconf 83' lang='lat' dir='ltr'><strong>Joannem</strong></span> <span class='ocrx_word' id='word_1_74' title='bbox 1652 1225 2009 1280; x_wconf 66' lang='lat' dir='ltr'><strong>Ravennatem</strong></span> 
     </span>
    </p>
   </div>
   <div class='ocr_carea' id='block_1_13' title="bbox 1116 1312 1442 1367">
    <p class='ocr_par' dir='ltr' id='par_1_13' title="bbox 1116 1312 1442 1367">
     <span class='ocr_line' id='line_1_13' title="bbox 1116 1312 1442 1367; baseline -0.003 -17"><span class='ocrx_word' id='word_1_75' title='bbox 1116 1312 1442 1367; x_wconf 68' lang='lat' dir='ltr'><strong>aptat-opum.</strong></span> 
     </span>
    </p>
   </div>
   <div class='ocr_carea' id='block_1_14' title="bbox 553 1386 2059 1459">
    <p class='ocr_par' dir='ltr' id='par_1_14' title="bbox 553 1386 2059 1459">
     <span class='ocr_line' id='line_1_14' title="bbox 553 1386 2059 1459; baseline -0.001 -16"><span class='ocrx_word' id='word_1_76' title='bbox 553 1386 613 1443; x_wconf 88' lang='lat' dir='ltr'><strong>Si</strong></span> <span class='ocrx_word' id='word_1_77' title='bbox 647 1389 772 1459; x_wconf 88' lang='lat' dir='ltr'><strong>quis</strong></span> <span class='ocrx_word' id='word_1_78' title='bbox 793 1397 938 1443; x_wconf 84' lang='lat' dir='ltr'><strong>esset</strong></span> <span class='ocrx_word' id='word_1_79' title='bbox 962 1386 1188 1443; x_wconf 82' lang='lat' dir='ltr'><strong>intuitus</strong></span> <span class='ocrx_word' id='word_1_80' title='bbox 1215 1388 1596 1443; x_wconf 69' lang='lat' dir='ltr'><strong>ecclesiastica:</strong></span> <span class='ocrx_word' id='word_1_81' title='bbox 1626 1387 1943 1457; x_wconf 77' lang='lat' dir='ltr'><strong>disciplime,</strong></span> <span class='ocrx_word' id='word_1_82' title='bbox 1973 1386 2059 1442; x_wconf 78' lang='lat' dir='ltr'><strong>vel</strong></span> 
     </span>
    </p>
   </div>
   <div class='ocr_carea' id='block_1_15' title="bbox 481 1479 2060 1549">
    <p class='ocr_par' dir='ltr' id='par_1_15' title="bbox 481 1479 2060 1549">
     <span class='ocr_line' id='line_1_15' title="bbox 481 1479 2060 1549; baseline -0.001 -15"><span class='ocrx_word' id='word_1_83' title='bbox 481 1480 527 1534; x_wconf 91' lang='lat' dir='ltr'><strong>si</strong></span> <span class='ocrx_word' id='word_1_84' title='bbox 572 1479 703 1548; x_wconf 88' lang='lat' dir='ltr'><strong>quid</strong></span> <span class='ocrx_word' id='word_1_85' title='bbox 757 1479 897 1549; x_wconf 88' lang='lat' dir='ltr'><strong>apud</strong></span> <span class='ocrx_word' id='word_1_86' title='bbox 945 1489 998 1533; x_wconf 91' lang='lat' dir='ltr'><strong>te</strong></span> <span class='ocrx_word' id='word_1_87' title='bbox 1051 1479 1404 1534; x_wconf 79' lang='lat' dir='ltr'><strong>sacerdotalis</strong></span> <span class='ocrx_word' id='word_1_88' title='bbox 1446 1479 1721 1534; x_wconf 78' lang='lat' dir='ltr'><strong>modestia:</strong></span> <span class='ocrx_word' id='word_1_89' title='bbox 1760 1488 2060 1546; x_wconf 85' lang='lat' dir='ltr'><strong>teneretur,</strong></span> 
     </span>
    </p>
   </div>
   <div class='ocr_carea' id='block_1_16' title="bbox 474 1568 2062 1642">
    <p class='ocr_par' dir='ltr' id='par_1_16' title="bbox 474 1568 2062 1642">
     <span class='ocr_line' id='line_1_16' title="bbox 474 1568 2062 1642; baseline -0.001 -16"><span class='ocrx_word' id='word_1_90' title='bbox 474 1585 759 1642; x_wconf 82' lang='lat' dir='ltr'><strong>nunquam</strong></span> <span class='ocrx_word' id='word_1_91' title='bbox 778 1568 1078 1641; x_wconf 87' lang='lat' dir='ltr'><strong>plectibiles</strong></span> <span class='ocrx_word' id='word_1_92' title='bbox 1103 1578 1543 1638; x_wconf 86' lang='lat' dir='ltr'><strong>perpetrarentur</strong></span> <span class='ocrx_word' id='word_1_93' title='bbox 1570 1583 1849 1635; x_wconf 83' lang='lat' dir='ltr'><strong>excessus,</strong></span> <span class='ocrx_word' id='word_1_94' title='bbox 1879 1584 1909 1623; x_wconf 91' lang='lat' dir='ltr'><strong>a</strong></span> <span class='ocrx_word' id='word_1_95' title='bbox 1939 1569 2062 1639; x_wconf 88' lang='lat' dir='ltr'><strong>qui-</strong></span> 
     </span>
    </p>
   </div>
   <div class='ocr_carea' id='block_1_17' title="bbox 481 1660 2063 1732">
    <p class='ocr_par' dir='ltr' id='par_1_17' title="bbox 481 1660 2063 1732">
     <span class='ocr_line' id='line_1_17' title="bbox 481 1660 2063 1732; baseline -0.002 -14"><span class='ocrx_word' id='word_1_96' title='bbox 481 1666 585 1719; x_wconf 81' lang='lat' dir='ltr'><strong>bus</strong></span> <span class='ocrx_word' id='word_1_97' title='bbox 616 1662 663 1719; x_wconf 92' lang='lat' dir='ltr'><strong>si</strong></span> <span class='ocrx_word' id='word_1_98' title='bbox 690 1662 837 1718; x_wconf 91' lang='lat' dir='ltr'><strong>nullo</strong></span> <span class='ocrx_word' id='word_1_99' title='bbox 858 1671 912 1717; x_wconf 88' lang='lat' dir='ltr'><strong>te</strong></span> <span class='ocrx_word' id='word_1_100' title='bbox 947 1670 1299 1732; x_wconf 81' lang='lat' dir='ltr'><strong>paternarum</strong></span> <span class='ocrx_word' id='word_1_101' title='bbox 1329 1660 1637 1732; x_wconf 84' lang='lat' dir='ltr'><strong>regularum</strong></span> <span class='ocrx_word' id='word_1_102' title='bbox 1670 1668 2063 1730; x_wconf 77' lang='lat' dir='ltr'><strong>poterascon-</strong></span> 
     </span>
    </p>
   </div>
   <div class='ocr_carea' id='block_1_18' title="bbox 482 1751 2062 1826">
    <p class='ocr_par' dir='ltr' id='par_1_18' title="bbox 482 1751 2062 1826">
     <span class='ocr_line' id='line_1_18' title="bbox 482 1751 2062 1826; baseline -0.003 -15"><span class='ocrx_word' id='word_1_103' title='bbox 482 1755 658 1811; x_wconf 90' lang='lat' dir='ltr'><strong>tinere</strong></span> <span class='ocrx_word' id='word_1_104' title='bbox 687 1762 975 1826; x_wconf 85' lang='lat' dir='ltr'><strong>praecepto,</strong></span> <span class='ocrx_word' id='word_1_105' title='bbox 1002 1752 1192 1808; x_wconf 86' lang='lat' dir='ltr'><strong>sdtem</strong></span> <span class='ocrx_word' id='word_1_106' title='bbox 1233 1761 1439 1807; x_wconf 78' lang='lat' dir='ltr'><strong>sancta:</strong></span> <span class='ocrx_word' id='word_1_107' title='bbox 1465 1751 1740 1806; x_wconf 66' lang='lat' dir='ltr'><strong>memoria:</strong></span> <span class='ocrx_word' id='word_1_108' title='bbox 1760 1751 2062 1821; x_wconf 62' lang='lat' dir='ltr'><strong>praedeces-</strong></span> 
     </span>
    </p>
   </div>
   <div class='ocr_carea' id='block_1_19' title="bbox 2166 567 3757 642">
    <p class='ocr_par' dir='ltr' id='par_1_19' title="bbox 2166 567 3757 642">
     <span class='ocr_line' id='line_1_19' title="bbox 2166 567 3757 642; baseline -0.001 -19"><span class='ocrx_word' id='word_1_109' title='bbox 2166 570 2265 636; x_wconf 75' lang='lat' dir='ltr'><strong>xit,</strong></span> <span class='ocrx_word' id='word_1_110' title='bbox 2311 579 2368 625; x_wconf 91' lang='lat' dir='ltr'><strong>et</strong></span> <span class='ocrx_word' id='word_1_111' title='bbox 2413 580 2685 642; x_wconf 82' lang='lat' dir='ltr'><strong>gestorum</strong></span> <span class='ocrx_word' id='word_1_112' title='bbox 2735 569 3203 633; x_wconf 83' lang='lat' dir='ltr'><strong>scrie‘intitnavit,</strong></span> <span class='ocrx_word' id='word_1_113' title='bbox 3238 567 3611 624; x_wconf 78' lang='lat' dir='ltr'><strong>Gaudentium</strong></span> <span class='ocrx_word' id='word_1_114' title='bbox 3649 568 3757 622; x_wconf 76' lang='lat' dir='ltr'><strong>Au-</strong></span> 
     </span>
    </p>
   </div>
   <div class='ocr_carea' id='block_1_20' title="bbox 2164 660 3753 717">
    <p class='ocr_par' dir='ltr' id='par_1_20' title="bbox 2164 660 3753 717">
     <span class='ocr_line' id='line_1_20' title="bbox 2164 660 3753 717; baseline 0.001 -2"><span class='ocrx_word' id='word_1_115' title='bbox 2164 662 2430 717; x_wconf 88' lang='lat' dir='ltr'><strong>funiensis</strong></span> <span class='ocrx_word' id='word_1_116' title='bbox 2457 660 2709 716; x_wconf 74' lang='lat' dir='ltr'><strong>Ecclesia:</strong></span> <span class='ocrx_word' id='word_1_117' title='bbox 2739 661 3084 716; x_wconf 81' lang='lat' dir='ltr'><strong>sacerdotem</strong></span> <span class='ocrx_word' id='word_1_118' title='bbox 3122 669 3309 716; x_wconf 90' lang='lat' dir='ltr'><strong>contra</strong></span> <span class='ocrx_word' id='word_1_119' title='bbox 3343 669 3551 716; x_wconf 75' lang='lat' dir='ltr'><strong>statuta</strong></span> <span class='ocrx_word' id='word_1_120' title='bbox 3582 675 3753 716; x_wconf 73' lang='lat' dir='ltr'><strong>cano—</strong></span> 
     </span>
    </p>
   </div>
   <div class='ocr_carea' id='block_1_21' title="bbox 2165 750 3761 821">
    <p class='ocr_par' dir='ltr' id='par_1_21' title="bbox 2165 750 3761 821">
     <span class='ocr_line' id='line_1_21' title="bbox 2165 750 3761 821; baseline 0.001 -16"><span class='ocrx_word' id='word_1_121' title='bbox 2165 766 2293 805; x_wconf 89' lang='lat' dir='ltr'><strong>num</strong></span> <span class='ocrx_word' id='word_1_122' title='bbox 2368 766 2432 807; x_wconf 88' lang='lat' dir='ltr'><strong>ae</strong></span> <span class='ocrx_word' id='word_1_123' title='bbox 2503 760 2686 807; x_wconf 82' lang='lat' dir='ltr'><strong>nostra</strong></span> <span class='ocrx_word' id='word_1_124' title='bbox 2755 759 3023 821; x_wconf 61' lang='lat' dir='ltr'><strong>percepta</strong></span> <span class='ocrx_word' id='word_1_125' title='bbox 3095 752 3471 807; x_wconf 83' lang='lat' dir='ltr'><strong>ordinationes</strong></span> <span class='ocrx_word' id='word_1_126' title='bbox 3540 750 3761 807; x_wconf 81' lang='lat' dir='ltr'><strong>illic&#39;tas</strong></span> 
     </span>
    </p>
   </div>
   <div class='ocr_carea' id='block_1_22' title="bbox 2164 840 3758 911">
    <p class='ocr_par' dir='ltr' id='par_1_22' title="bbox 2164 840 3758 911">
     <span class='ocr_line' id='line_1_22' title="bbox 2164 840 3758 911; baseline 0.001 -17"><span class='ocrx_word' id='word_1_127' title='bbox 2164 848 2526 910; x_wconf 83' lang='lat' dir='ltr'><strong>perpetrasse,</strong></span> <span class='ocrx_word' id='word_1_128' title='bbox 2553 856 2784 911; x_wconf 89' lang='lat' dir='ltr'><strong>quarum</strong></span> <span class='ocrx_word' id='word_1_129' title='bbox 2815 840 2887 895; x_wconf 88' lang='lat' dir='ltr'><strong>illi</strong></span> <span class='ocrx_word' id='word_1_130' title='bbox 2913 849 3081 895; x_wconf 87' lang='lat' dir='ltr'><strong>totam</strong></span> <span class='ocrx_word' id='word_1_131' title='bbox 3119 841 3332 911; x_wconf 83' lang='lat' dir='ltr'><strong>penitus</strong></span> <span class='ocrx_word' id='word_1_132' title='bbox 3362 840 3571 895; x_wconf 82' lang='lat' dir='ltr'><strong>auferri</strong></span> <span class='ocrx_word' id='word_1_133' title='bbox 3619 856 3758 909; x_wconf 68' lang='lat' dir='ltr'><strong>pra-</strong></span> 
     </span>
    </p>
   </div>
   <div class='ocr_carea' id='block_1_23' title="bbox 2165 928 3760 1001">
    <p class='ocr_par' dir='ltr' id='par_1_23' title="bbox 2165 928 3760 1001">
     <span class='ocr_line' id='line_1_23' title="bbox 2165 928 3760 1001; baseline 0.002 -20"><span class='ocrx_word' id='word_1_134' title='bbox 2165 928 2393 997; x_wconf 89' lang='lat' dir='ltr'><strong>cipimus</strong></span> <span class='ocrx_word' id='word_1_135' title='bbox 2441 938 2787 1000; x_wconf 87' lang='lat' dir='ltr'><strong>potestatem.</strong></span> <span class='ocrx_word' id='word_1_136' title='bbox 2839 929 3168 1001; x_wconf 89' lang='lat' dir='ltr'><strong>Scripsimus</strong></span> <span class='ocrx_word' id='word_1_137' title='bbox 3196 932 3338 985; x_wconf 88' lang='lat' dir='ltr'><strong>enim</strong></span> <span class='ocrx_word' id='word_1_138' title='bbox 3381 931 3449 984; x_wconf 85' lang='lat' dir='ltr'><strong>ad</strong></span> <span class='ocrx_word' id='word_1_139' title='bbox 3492 930 3760 986; x_wconf 84' lang='lat' dir='ltr'><strong>Severum</strong></span> 
     </span>
    </p>
   </div>
   <div class='ocr_carea' id='block_1_24' title="bbox 2118 1021 3761 1095">
    <p class='ocr_par' dir='ltr' id='par_1_24' title="bbox 2118 1021 3761 1095">
     <span class='ocr_line' id='line_1_24' title="bbox 2118 1021 3761 1095; baseline 0.001 -20"><span class='ocrx_word' id='word_1_140' title='bbox 2118 1060 2125 1067; x_wconf 87' lang='lat'><strong>.</strong></span> <span class='ocrx_word' id='word_1_141' title='bbox 2165 1021 2389 1077; x_wconf 81' lang='lat' dir='ltr'><strong>fratrem</strong></span> <span class='ocrx_word' id='word_1_142' title='bbox 2420 1033 2476 1078; x_wconf 89' lang='lat' dir='ltr'><strong>ct</strong></span> <span class='ocrx_word' id='word_1_143' title='bbox 2516 1025 2889 1095; x_wconf 82' lang='lat' dir='ltr'><strong>coepiscopum</strong></span> <span class='ocrx_word' id='word_1_144' title='bbox 2919 1033 3187 1088; x_wconf 89' lang='lat' dir='ltr'><strong>nostrum,</strong></span> <span class='ocrx_word' id='word_1_145' title='bbox 3215 1034 3272 1079; x_wconf 93' lang='lat' dir='ltr'><strong>ut</strong></span> <span class='ocrx_word' id='word_1_146' title='bbox 3308 1024 3355 1078; x_wconf 88' lang='lat' dir='ltr'><strong>si</strong></span> <span class='ocrx_word' id='word_1_147' title='bbox 3382 1037 3614 1078; x_wconf 81' lang='lat' dir='ltr'><strong>necesse</strong></span> <span class='ocrx_word' id='word_1_148' title='bbox 3644 1021 3761 1077; x_wconf 81' lang='lat' dir='ltr'><strong>fue-</strong></span> 
     </span>
    </p>
   </div>
   <div class='ocr_carea' id='block_1_25' title="bbox 2165 1112 3759 1183">
    <p class='ocr_par' dir='ltr' id='par_1_25' title="bbox 2165 1112 3759 1183">
     <span class='ocr_line' id='line_1_25' title="bbox 2165 1112 3759 1183; baseline -0.001 -16"><span class='ocrx_word' id='word_1_149' title='bbox 2165 1112 2256 1177; x_wconf 82' lang='lat' dir='ltr'><strong>rit,</strong></span> <span class='ocrx_word' id='word_1_150' title='bbox 2285 1113 2397 1182; x_wconf 90' lang='lat' dir='ltr'><strong>ipse</strong></span> <span class='ocrx_word' id='word_1_151' title='bbox 2428 1113 2480 1168; x_wconf 85' lang='lat' dir='ltr'><strong>in</strong></span> <span class='ocrx_word' id='word_1_152' title='bbox 2504 1114 2814 1183; x_wconf 79' lang='lat' dir='ltr'><strong>supradicta</strong></span> <span class='ocrx_word' id='word_1_153' title='bbox 2843 1114 3122 1179; x_wconf 82' lang='lat' dir='ltr'><strong>Ecclesia,</strong></span> <span class='ocrx_word' id='word_1_154' title='bbox 3140 1114 3506 1169; x_wconf 82' lang='lat' dir='ltr'><strong>consideratis</strong></span> <span class='ocrx_word' id='word_1_155' title='bbox 3532 1112 3759 1167; x_wconf 78' lang='lat' dir='ltr'><strong>Patrum</strong></span> 
     </span>
    </p>
   </div>
   <div class='ocr_carea' id='block_1_26' title="bbox 2163 1204 3761 1278">
    <p class='ocr_par' dir='ltr' id='par_1_26' title="bbox 2163 1204 3761 1278">
     <span class='ocr_line' id='line_1_26' title="bbox 2163 1204 3761 1278; baseline 0.003 -21"><span class='ocrx_word' id='word_1_156' title='bbox 2163 1204 2384 1274; x_wconf 69' lang='lat' dir='ltr'><strong>regulis,</strong></span> <span class='ocrx_word' id='word_1_157' title='bbox 2416 1206 2517 1260; x_wconf 91' lang='lat' dir='ltr'><strong>hoc</strong></span> <span class='ocrx_word' id='word_1_158' title='bbox 2564 1205 2822 1277; x_wconf 83' lang='lat' dir='ltr'><strong>fungatur</strong></span> <span class='ocrx_word' id='word_1_159' title='bbox 2856 1206 3054 1272; x_wconf 84' lang='lat' dir='ltr'><strong>ollicio,</strong></span> <span class='ocrx_word' id='word_1_160' title='bbox 3096 1223 3204 1278; x_wconf 83' lang='lat' dir='ltr'><strong>quo</strong></span> <span class='ocrx_word' id='word_1_161' title='bbox 3237 1206 3328 1261; x_wconf 88' lang='lat' dir='ltr'><strong>ille</strong></span> <span class='ocrx_word' id='word_1_162' title='bbox 3377 1205 3592 1261; x_wconf 83' lang='lat' dir='ltr'><strong>abusus</strong></span> <span class='ocrx_word' id='word_1_163' title='bbox 3643 1221 3761 1261; x_wconf 79' lang='lat' dir='ltr'><strong>esse</strong></span> 
     </span>
    </p>
   </div>
   <div class='ocr_carea' id='block_1_27' title="bbox 2166 1295 3760 1369">
    <p class='ocr_par' dir='ltr' id='par_1_27' title="bbox 2166 1295 3760 1369">
     <span class='ocr_line' id='line_1_27' title="bbox 2166 1295 3760 1369; baseline 0.003 -22"><span class='ocrx_word' id='word_1_164' title='bbox 2166 1295 2442 1351; x_wconf 81' lang='lat' dir='ltr'><strong>convictus</strong></span> <span class='ocrx_word' id='word_1_165' title='bbox 2469 1305 2576 1362; x_wconf 91' lang='lat' dir='ltr'><strong>est,</strong></span> <span class='ocrx_word' id='word_1_166' title='bbox 2607 1298 2677 1352; x_wconf 88' lang='lat' dir='ltr'><strong>ita</strong></span> <span class='ocrx_word' id='word_1_167' title='bbox 2724 1307 2783 1352; x_wconf 87' lang='lat' dir='ltr'><strong>ut</strong></span> <span class='ocrx_word' id='word_1_168' title='bbox 2810 1297 2865 1353; x_wconf 93' lang='lat' dir='ltr'><strong>hi</strong></span> <span class='ocrx_word' id='word_1_169' title='bbox 2909 1298 3000 1369; x_wconf 86' lang='lat' dir='ltr'><strong>qui</strong></span> <span class='ocrx_word' id='word_1_170' title='bbox 3046 1298 3232 1353; x_wconf 81' lang='lat' dir='ltr'><strong>illicite</strong></span> <span class='ocrx_word' id='word_1_171' title='bbox 3263 1299 3331 1353; x_wconf 86' lang='lat' dir='ltr'><strong>ab</strong></span> <span class='ocrx_word' id='word_1_172' title='bbox 3371 1314 3438 1354; x_wconf 87' lang='lat' dir='ltr'><strong>eo</strong></span> <span class='ocrx_word' id='word_1_173' title='bbox 3466 1306 3606 1353; x_wconf 84' lang='lat' dir='ltr'><strong>sunt</strong></span> <span class='ocrx_word' id='word_1_174' title='bbox 3634 1313 3760 1366; x_wconf 85' lang='lat' dir='ltr'><strong>pro-</strong></span> 
     </span>
    </p>
   </div>
   <div class='ocr_carea' id='block_1_28' title="bbox 2163 1385 3761 1451">
    <p class='ocr_par' dir='ltr' id='par_1_28' title="bbox 2163 1385 3761 1451">
     <span class='ocr_line' id='line_1_28' title="bbox 2163 1385 3761 1451; baseline 0.004 -15"><span class='ocrx_word' id='word_1_175' title='bbox 2163 1385 2330 1451; x_wconf 85' lang='lat' dir='ltr'><strong>vecti,</strong></span> <span class='ocrx_word' id='word_1_176' title='bbox 2355 1386 2423 1441; x_wconf 90' lang='lat' dir='ltr'><strong>ab</strong></span> <span class='ocrx_word' id='word_1_177' title='bbox 2438 1385 2826 1443; x_wconf 69' lang='lat' dir='ltr'><strong>ecclesiasticis</strong></span> <span class='ocrx_word' id='word_1_178' title='bbox 2853 1388 3169 1444; x_wconf 77' lang='lat' dir='ltr'><strong>ministeriis</strong></span> <span class='ocrx_word' id='word_1_179' title='bbox 3192 1387 3301 1443; x_wconf 85' lang='lat' dir='ltr'><strong>sint</strong></span> <span class='ocrx_word' id='word_1_180' title='bbox 3331 1388 3554 1443; x_wconf 80' lang='lat' dir='ltr'><strong>remoti.</strong></span> <span class='ocrx_word' id='word_1_181' title='bbox 3585 1385 3761 1442; x_wconf 79' lang='lat' dir='ltr'><strong>Sinud</strong></span> 
     </span>
    </p>
   </div>
   <div class='ocr_carea' id='block_1_29' title="bbox 2165 1474 3759 1534">
    <p class='ocr_par' dir='ltr' id='par_1_29' title="bbox 2165 1474 3759 1534">
     <span class='ocr_line' id='line_1_29' title="bbox 2165 1474 3759 1534; baseline 0.001 -6"><span class='ocrx_word' id='word_1_182' title='bbox 2165 1474 2327 1529; x_wconf 91' lang='lat' dir='ltr'><strong>etiam</strong></span> <span class='ocrx_word' id='word_1_183' title='bbox 2355 1477 2423 1532; x_wconf 91' lang='lat' dir='ltr'><strong>de</strong></span> <span class='ocrx_word' id='word_1_184' title='bbox 2464 1476 2760 1534; x_wconf 86' lang='lat' dir='ltr'><strong>redditibus</strong></span> <span class='ocrx_word' id='word_1_185' title='bbox 2792 1476 3048 1534; x_wconf 71' lang='lat' dir='ltr'><strong>Ecclesiae</strong></span> <span class='ocrx_word' id='word_1_186' title='bbox 3081 1478 3166 1534; x_wconf 87' lang='lat' dir='ltr'><strong>vel</strong></span> <span class='ocrx_word' id='word_1_187' title='bbox 3207 1476 3487 1534; x_wconf 83' lang='lat' dir='ltr'><strong>oblatione</strong></span> <span class='ocrx_word' id='word_1_188' title='bbox 3513 1475 3759 1532; x_wconf 82' lang='lat' dir='ltr'><strong>ﬁdelium</strong></span> 
     </span>
    </p>
   </div>
   <div class='ocr_carea' id='block_1_30' title="bbox 2166 1564 3760 1640">
    <p class='ocr_par' dir='ltr' id='par_1_30' title="bbox 2166 1564 3760 1640">
     <span class='ocr_line' id='line_1_30' title="bbox 2166 1564 3760 1640; baseline 0.005 -22"><span class='ocrx_word' id='word_1_189' title='bbox 2166 1566 2294 1636; x_wconf 84' lang='lat' dir='ltr'><strong>quid</strong></span> <span class='ocrx_word' id='word_1_190' title='bbox 2319 1567 2508 1622; x_wconf 86' lang='lat' dir='ltr'><strong>deceat</strong></span> <span class='ocrx_word' id='word_1_191' title='bbox 2535 1567 2797 1640; x_wconf 76' lang='lat' dir='ltr'><strong>nescienti</strong></span> <span class='ocrx_word' id='word_1_192' title='bbox 2826 1566 2961 1623; x_wconf 85' lang='lat' dir='ltr'><strong>nihil</strong></span> <span class='ocrx_word' id='word_1_193' title='bbox 2984 1567 3152 1624; x_wconf 83' lang='lat' dir='ltr'><strong>licere</strong></span> <span class='ocrx_word' id='word_1_194' title='bbox 3178 1567 3484 1639; x_wconf 86' lang='lat' dir='ltr'><strong>permittat,</strong></span> <span class='ocrx_word' id='word_1_195' title='bbox 3515 1566 3620 1620; x_wconf 80' lang='lat' dir='ltr'><strong>sed</strong></span> <span class='ocrx_word' id='word_1_196' title='bbox 3648 1564 3760 1619; x_wconf 72' lang='lat' dir='ltr'><strong>sola</strong></span> 
     </span>
    </p>
   </div>
   <div class='ocr_carea' id='block_1_31' title="bbox 2164 1655 3763 1726">
    <p class='ocr_par' dir='ltr' id='par_1_31' title="bbox 2164 1655 3763 1726">
     <span class='ocr_line' id='line_1_31' title="bbox 2164 1655 3763 1726; baseline -0.001 -16"><span class='ocrx_word' id='word_1_197' title='bbox 2164 1656 2212 1710; x_wconf 91' lang='lat' dir='ltr'><strong>ei</strong></span> <span class='ocrx_word' id='word_1_198' title='bbox 2236 1665 2311 1710; x_wconf 78' lang='lat' dir='ltr'><strong>ex</strong></span> <span class='ocrx_word' id='word_1_199' title='bbox 2340 1655 2424 1710; x_wconf 85' lang='lat' dir='ltr'><strong>his</strong></span> <span class='ocrx_word' id='word_1_200' title='bbox 2443 1664 2635 1726; x_wconf 87' lang='lat' dir='ltr'><strong>quarta</strong></span> <span class='ocrx_word' id='word_1_201' title='bbox 2666 1657 2842 1726; x_wconf 81' lang='lat' dir='ltr'><strong>portio</strong></span> <span class='ocrx_word' id='word_1_202' title='bbox 2869 1659 3178 1713; x_wconf 76' lang='lat' dir='ltr'><strong>remittatur</strong></span> <span class='ocrx_word' id='word_1_203' title='bbox 3203 1674 3219 1723; x_wconf 91' lang='lat'><strong>;</strong></span> <span class='ocrx_word' id='word_1_204' title='bbox 3253 1657 3373 1711; x_wconf 74' lang='lat' dir='ltr'><strong>dum</strong></span> <span class='ocrx_word' id='word_1_205' title='bbox 3410 1655 3763 1712; x_wconf 79' lang='lat' dir='ltr'><strong>eeciesiasti-</strong></span> 
     </span>
    </p>
   </div>
   <div class='ocr_carea' id='block_1_32' title="bbox 2165 1746 3763 1820">
    <p class='ocr_par' dir='ltr' id='par_1_32' title="bbox 2165 1746 3763 1820">
     <span class='ocr_line' id='line_1_32' title="bbox 2165 1746 3763 1820; baseline 0 -20"><span class='ocrx_word' id='word_1_206' title='bbox 2165 1746 2247 1801; x_wconf 88' lang='lat' dir='ltr'><strong>cis</strong></span> <span class='ocrx_word' id='word_1_207' title='bbox 2290 1746 2537 1814; x_wconf 80' lang='lat' dir='ltr'><strong>fabricis,</strong></span> <span class='ocrx_word' id='word_1_208' title='bbox 2578 1757 2634 1803; x_wconf 87' lang='lat' dir='ltr'><strong>et</strong></span> <span class='ocrx_word' id='word_1_209' title='bbox 2671 1749 2972 1819; x_wconf 74' lang='lat' dir='ltr'><strong>erogatioui</strong></span> <span class='ocrx_word' id='word_1_210' title='bbox 3004 1749 3414 1820; x_wconf 86' lang='lat' dir='ltr'><strong>peregrinorum</strong></span> <span class='ocrx_word' id='word_1_211' title='bbox 3464 1756 3521 1803; x_wconf 90' lang='lat' dir='ltr'><strong>et</strong></span> <span class='ocrx_word' id='word_1_212' title='bbox 3557 1762 3763 1817; x_wconf 83' lang='lat' dir='ltr'><strong>paupe-</strong></span> 
     </span>
    </p>
   </div>
   <div class='ocr_carea' id='block_1_33' title="bbox 482 1837 3764 1911">
    <p class='ocr_par' dir='ltr' id='par_1_33' title="bbox 482 1837 3764 1911">
     <span class='ocr_line' id='line_1_33' title="bbox 482 1837 3764 1911; baseline -0.003 -11"><span class='ocrx_word' id='word_1_213' title='bbox 482 1846 623 1901; x_wconf 89' lang='lat' dir='ltr'><strong>soris</strong></span> <span class='ocrx_word' id='word_1_214' title='bbox 675 1846 752 1899; x_wconf 91' lang='lat' dir='ltr'><strong>tui</strong></span> <span class='ocrx_word' id='word_1_215' title='bbox 812 1843 993 1899; x_wconf 85' lang='lat' dir='ltr'><strong>fueras</strong></span> <span class='ocrx_word' id='word_1_216' title='bbox 1042 1842 1384 1899; x_wconf 83' lang='lat' dir='ltr'><strong>revocandus</strong></span> <span class='ocrx_word' id='word_1_217' title='bbox 1432 1841 1705 1911; x_wconf 74' lang='lat' dir='ltr'><strong>exemplo.</strong></span> <span class='ocrx_word' id='word_1_218' title='bbox 1768 1840 1869 1907; x_wconf 84' lang='lat' dir='ltr'><strong>Qui</strong></span> <span class='ocrx_word' id='word_1_219' title='bbox 1937 1857 2060 1897; x_wconf 91' lang='lat' dir='ltr'><strong>eum</strong></span> <span class='ocrx_word' id='word_1_220' title='bbox 2092 1848 2284 1908; x_wconf 75' lang='lat' dir='ltr'><strong>Brant</strong></span> <span class='ocrx_word' id='word_1_221' title='bbox 2315 1837 2610 1907; x_wconf 72' lang='lat' dir='ltr'><strong>profutura:</strong></span> <span class='ocrx_word' id='word_1_222' title='bbox 2650 1839 2718 1894; x_wconf 88' lang='lat' dir='ltr'><strong>ab</strong></span> <span class='ocrx_word' id='word_1_223' title='bbox 2762 1838 2965 1910; x_wconf 80' lang='lat' dir='ltr'><strong>Ovagio</strong></span> <span class='ocrx_word' id='word_1_224' title='bbox 3008 1841 3328 1910; x_wconf 78' lang='lat' dir='ltr'><strong>presbytero</strong></span> <span class='ocrx_word' id='word_1_225' title='bbox 3360 1838 3467 1894; x_wconf 89' lang='lat' dir='ltr'><strong>sub</strong></span> <span class='ocrx_word' id='word_1_226' title='bbox 3512 1837 3764 1908; x_wconf 83' lang='lat' dir='ltr'><strong>periculo</strong></span> 
     </span>
    </p>
   </div>
   <div class='ocr_carea' id='block_1_34' title="bbox 468 1933 2064 2004">
    <p class='ocr_par' dir='ltr' id='par_1_34' title="bbox 468 1933 2064 2004">
     <span class='ocr_line' id='line_1_34' title="bbox 468 1933 2064 2004; baseline 0.001 -15"><span class='ocrx_word' id='word_1_227' title='bbox 468 1935 728 1992; x_wconf 68' lang='lat' dir='ltr'><strong>faciendo</strong></span> <span class='ocrx_word' id='word_1_228' title='bbox 748 1936 1120 2004; x_wconf 80' lang='lat' dir='ltr'><strong>presbyterum</strong></span> <span class='ocrx_word' id='word_1_229' title='bbox 1144 1934 1319 1989; x_wconf 89' lang='lat' dir='ltr'><strong>minus</strong></span> <span class='ocrx_word' id='word_1_230' title='bbox 1332 1933 1645 2004; x_wconf 88' lang='lat' dir='ltr'><strong>deliquisset</strong></span> <span class='ocrx_word' id='word_1_231' title='bbox 1665 1934 1910 1996; x_wconf 84' lang='lat' dir='ltr'><strong>invitum.</strong></span> <span class='ocrx_word' id='word_1_232' title='bbox 1937 1949 2064 1990; x_wconf 89' lang='lat' dir='ltr'><strong>sen-</strong></span> 
     </span>
    </p>
   </div>
   <div class='ocr_carea' id='block_1_35' title="bbox 482 2024 2059 2097">
    <p class='ocr_par' dir='ltr' id='par_1_35' title="bbox 482 2024 2059 2097">
     <span class='ocr_line' id='line_1_35' title="bbox 482 2024 2059 2097; baseline -0.003 -14"><span class='ocrx_word' id='word_1_233' title='bbox 482 2037 631 2083; x_wconf 90' lang='lat' dir='ltr'><strong>serat</strong></span> <span class='ocrx_word' id='word_1_234' title='bbox 674 2036 855 2083; x_wconf 86' lang='lat' dir='ltr'><strong>tamen</strong></span> <span class='ocrx_word' id='word_1_235' title='bbox 883 2026 1099 2096; x_wconf 87' lang='lat' dir='ltr'><strong>dignum</strong></span> <span class='ocrx_word' id='word_1_236' title='bbox 1140 2039 1239 2096; x_wconf 91' lang='lat' dir='ltr'><strong>pro</strong></span> <span class='ocrx_word' id='word_1_237' title='bbox 1268 2025 1357 2080; x_wconf 89' lang='lat' dir='ltr'><strong>tali</strong></span> <span class='ocrx_word' id='word_1_238' title='bbox 1387 2025 1736 2097; x_wconf 86' lang='lat' dir='ltr'><strong>usurpatione</strong></span> <span class='ocrx_word' id='word_1_239' title='bbox 1773 2024 2059 2095; x_wconf 80' lang='lat' dir='ltr'><strong>judicium.</strong></span> 
     </span>
    </p>
   </div>
   <div class='ocr_carea' id='block_1_36' title="bbox 487 2107 2061 2186">
    <p class='ocr_par' dir='ltr' id='par_1_36' title="bbox 487 2107 2061 2186">
     <span class='ocr_line' id='line_1_36' title="bbox 487 2107 2061 2186; baseline -0.003 -14"><span class='ocrx_word' id='word_1_240' title='bbox 487 2117 587 2174; x_wconf 80' lang='lat' dir='ltr'><strong>Ubi</strong></span> <span class='ocrx_word' id='word_1_241' title='bbox 634 2117 738 2170; x_wconf 87' lang='lat' dir='ltr'><strong>ista</strong></span> <span class='ocrx_word' id='word_1_242' title='bbox 768 2115 1030 2181; x_wconf 86' lang='lat' dir='ltr'><strong>didicisti,</strong></span> <span class='ocrx_word' id='word_1_243' title='bbox 1074 2114 1276 2185; x_wconf 69' lang='lat' dir='ltr'><strong>qumin</strong></span> <span class='ocrx_word' id='word_1_244' title='bbox 1326 2114 1545 2170; x_wconf 78' lang='lat' dir='ltr'><strong>fratrem</strong></span> <span class='ocrx_word' id='word_1_245' title='bbox 1575 2124 1632 2171; x_wconf 87' lang='lat' dir='ltr'><strong>et</strong></span> <span class='ocrx_word' id='word_1_246' title='bbox 1678 2107 2061 2186; x_wconf 79' lang='lat' dir='ltr'><strong>coepiscopum</strong></span> 
     </span>
    </p>
   </div>
   <div class='ocr_carea' id='block_1_37' title="bbox 485 2202 2061 2272">
    <p class='ocr_par' dir='ltr' id='par_1_37' title="bbox 485 2202 2061 2272">
     <span class='ocr_line' id='line_1_37' title="bbox 485 2202 2061 2272; baseline -0.002 -13"><span class='ocrx_word' id='word_1_247' title='bbox 485 2215 732 2261; x_wconf 91' lang='lat' dir='ltr'><strong>nostrum</strong></span> <span class='ocrx_word' id='word_1_248' title='bbox 789 2202 1155 2272; x_wconf 86' lang='lat' dir='ltr'><strong>&#39;Gregorium,</strong></span> <span class='ocrx_word' id='word_1_249' title='bbox 1200 2217 1309 2257; x_wconf 92' lang='lat' dir='ltr'><strong>non</strong></span> <span class='ocrx_word' id='word_1_250' title='bbox 1369 2202 1635 2259; x_wconf 87' lang='lat' dir='ltr'><strong>electione</strong></span> <span class='ocrx_word' id='word_1_251' title='bbox 1705 2205 1800 2259; x_wconf 90' lang='lat' dir='ltr'><strong>sed</strong></span> <span class='ocrx_word' id='word_1_252' title='bbox 1862 2203 2061 2257; x_wconf 86' lang='lat' dir='ltr'><strong>invidia</strong></span> 
     </span>
    </p>
   </div>
   <div class='ocr_carea' id='block_1_38' title="bbox 471 2290 2062 2365">
    <p class='ocr_par' dir='ltr' id='par_1_38' title="bbox 471 2290 2062 2365">
     <span class='ocr_line' id='line_1_38' title="bbox 471 2290 2062 2365; baseline -0.002 -16"><span class='ocrx_word' id='word_1_253' title='bbox 471 2292 832 2365; x_wconf 80' lang='lat' dir='ltr'><strong>=perpetrasti,</strong></span> <span class='ocrx_word' id='word_1_254' title='bbox 859 2305 1017 2360; x_wconf 89' lang='lat' dir='ltr'><strong>quem</strong></span> <span class='ocrx_word' id='word_1_255' title='bbox 1045 2291 1394 2348; x_wconf 81' lang='lat' dir='ltr'><strong>inexcusabili</strong></span> <span class='ocrx_word' id='word_1_256' title='bbox 1425 2292 1680 2348; x_wconf 88' lang='lat' dir='ltr'><strong>violentia</strong></span> <span class='ocrx_word' id='word_1_257' title='bbox 1721 2291 1962 2362; x_wconf 88' lang='lat' dir='ltr'><strong>pertrahi</strong></span> <span class='ocrx_word' id='word_1_258' title='bbox 1995 2290 2062 2346; x_wconf 89' lang='lat' dir='ltr'><strong>ad</strong></span> 
     </span>
    </p>
   </div>
   <div class='ocr_carea' id='block_1_39' title="bbox 482 2384 2064 2456">
    <p class='ocr_par' dir='ltr' id='par_1_39' title="bbox 482 2384 2064 2456">
     <span class='ocr_line' id='line_1_39' title="bbox 482 2384 2064 2456; baseline -0.002 -14"><span class='ocrx_word' id='word_1_259' title='bbox 482 2396 535 2442; x_wconf 88' lang='lat' dir='ltr'><strong>te</strong></span> <span class='ocrx_word' id='word_1_260' title='bbox 563 2400 758 2456; x_wconf 86' lang='lat' dir='ltr'><strong>passus</strong></span> <span class='ocrx_word' id='word_1_261' title='bbox 780 2399 844 2439; x_wconf 92' lang='lat' dir='ltr'><strong>es</strong></span> <span class='ocrx_word' id='word_1_262' title='bbox 868 2393 1030 2453; x_wconf 88' lang='lat' dir='ltr'><strong>atque</strong></span> <span class='ocrx_word' id='word_1_263' title='bbox 1052 2384 1258 2450; x_wconf 78' lang='lat' dir='ltr'><strong>vexari,</strong></span> <span class='ocrx_word' id='word_1_264' title='bbox 1287 2392 1347 2439; x_wconf 91' lang='lat' dir='ltr'><strong>ut</strong></span> <span class='ocrx_word' id='word_1_265' title='bbox 1367 2384 1416 2439; x_wconf 88' lang='lat' dir='ltr'><strong>ei</strong></span> <span class='ocrx_word' id='word_1_266' title='bbox 1436 2384 1697 2441; x_wconf 85' lang='lat' dir='ltr'><strong>honorem</strong></span> <span class='ocrx_word' id='word_1_267' title='bbox 1722 2392 1931 2439; x_wconf 87' lang='lat' dir='ltr'><strong>tantum</strong></span> <span class='ocrx_word' id='word_1_268' title='bbox 1953 2397 2064 2439; x_wconf 81' lang='lat' dir='ltr'><strong>non</strong></span> 
     </span>
    </p>
   </div>
   <div class='ocr_carea' id='block_1_40' title="bbox 479 2473 2065 2546">
    <p class='ocr_par' dir='ltr' id='par_1_40' title="bbox 479 2473 2065 2546">
     <span class='ocr_line' id='line_1_40' title="bbox 479 2473 2065 2546; baseline 0 -17"><span class='ocrx_word' id='word_1_269' title='bbox 479 2491 581 2545; x_wconf 89' lang='lat' dir='ltr'><strong>per</strong></span> <span class='ocrx_word' id='word_1_270' title='bbox 606 2473 772 2529; x_wconf 84' lang='lat' dir='ltr'><strong>animi</strong></span> <span class='ocrx_word' id='word_1_271' title='bbox 820 2473 1288 2544; x_wconf 88' lang='lat' dir='ltr'><strong>tranquillitatem,</strong></span> <span class='ocrx_word' id='word_1_272' title='bbox 1317 2475 1413 2530; x_wconf 86' lang='lat' dir='ltr'><strong>sed</strong></span> <span class='ocrx_word' id='word_1_273' title='bbox 1460 2490 1558 2546; x_wconf 88' lang='lat' dir='ltr'><strong>per</strong></span> <span class='ocrx_word' id='word_1_274' title='bbox 1598 2476 1893 2530; x_wconf 88' lang='lat' dir='ltr'><strong>amentiam</strong></span> <span class='ocrx_word' id='word_1_275' title='bbox 1923 2474 2065 2531; x_wconf 89' lang='lat' dir='ltr'><strong>sicut</strong></span> 
     </span>
    </p>
   </div>
   <div class='ocr_carea' id='block_1_41' title="bbox 479 2564 2064 2637">
    <p class='ocr_par' dir='ltr' id='par_1_41' title="bbox 479 2564 2064 2637">
     <span class='ocr_line' id='line_1_41' title="bbox 479 2564 2064 2637; baseline -0.001 -15"><span class='ocrx_word' id='word_1_276' title='bbox 479 2565 764 2623; x_wconf 89' lang='lat' dir='ltr'><strong>dicendum</strong></span> <span class='ocrx_word' id='word_1_277' title='bbox 810 2572 897 2621; x_wconf 88' lang='lat' dir='ltr'><strong>est</strong></span> <span class='ocrx_word' id='word_1_278' title='bbox 926 2565 1237 2637; x_wconf 86' lang='lat' dir='ltr'><strong>irrogares?</strong></span> <span class='ocrx_word' id='word_1_279' title='bbox 1279 2564 1465 2636; x_wconf 86' lang='lat' dir='ltr'><strong>Neque</strong></span> <span class='ocrx_word' id='word_1_280' title='bbox 1502 2566 1647 2622; x_wconf 91' lang='lat' dir='ltr'><strong>enim</strong></span> <span class='ocrx_word' id='word_1_281' title='bbox 1688 2566 1813 2621; x_wconf 88' lang='lat' dir='ltr'><strong>talia</strong></span> <span class='ocrx_word' id='word_1_282' title='bbox 1858 2566 2064 2637; x_wconf 89' lang='lat' dir='ltr'><strong>potuis-</strong></span> 
     </span>
    </p>
   </div>
   <div class='ocr_carea' id='block_1_42' title="bbox 474 2655 2062 2728">
    <p class='ocr_par' dir='ltr' id='par_1_42' title="bbox 474 2655 2062 2728">
     <span class='ocr_line' id='line_1_42' title="bbox 474 2655 2062 2728; baseline -0.001 -14"><span class='ocrx_word' id='word_1_283' title='bbox 474 2667 600 2714; x_wconf 75' lang='lat' dir='ltr'><strong>sent</strong></span> <span class='ocrx_word' id='word_1_284' title='bbox 630 2656 746 2711; x_wconf 83' lang='lat' dir='ltr'><strong>fieri</strong></span> <span class='ocrx_word' id='word_1_285' title='bbox 776 2657 1012 2712; x_wconf 81' lang='lat' dir='ltr'><strong>sanitate</strong></span> <span class='ocrx_word' id='word_1_286' title='bbox 1036 2655 1267 2713; x_wconf 87' lang='lat' dir='ltr'><strong>consilii.</strong></span> <span class='ocrx_word' id='word_1_287' title='bbox 1287 2656 1545 2713; x_wconf 87' lang='lat' dir='ltr'><strong>Nolumus</strong></span> <span class='ocrx_word' id='word_1_288' title='bbox 1572 2668 1897 2728; x_wconf 73' lang='lat' dir='ltr'><strong>exaggerare</strong></span> <span class='ocrx_word' id='word_1_289' title='bbox 1917 2657 2062 2728; x_wconf 87' lang='lat' dir='ltr'><strong>quod</strong></span> 
     </span>
    </p>
   </div>
   <div class='ocr_carea' id='block_1_43' title="bbox 480 2744 2057 2818">
    <p class='ocr_par' dir='ltr' id='par_1_43' title="bbox 480 2744 2057 2818">
     <span class='ocr_line' id='line_1_43' title="bbox 480 2744 2057 2818; baseline -0.001 -14"><span class='ocrx_word' id='word_1_290' title='bbox 480 2749 697 2818; x_wconf 83' lang='lat' dir='ltr'><strong>gestum</strong></span> <span class='ocrx_word' id='word_1_291' title='bbox 723 2754 826 2811; x_wconf 90' lang='lat' dir='ltr'><strong>est,</strong></span> <span class='ocrx_word' id='word_1_292' title='bbox 861 2761 930 2801; x_wconf 88' lang='lat' dir='ltr'><strong>ne</strong></span> <span class='ocrx_word' id='word_1_293' title='bbox 959 2761 1219 2817; x_wconf 81' lang='lat' dir='ltr'><strong>cogamur</strong></span> <span class='ocrx_word' id='word_1_294' title='bbox 1250 2744 1494 2815; x_wconf 85' lang='lat' dir='ltr'><strong>judicare</strong></span> <span class='ocrx_word' id='word_1_295' title='bbox 1526 2748 1670 2818; x_wconf 89' lang='lat' dir='ltr'><strong>quod</strong></span> <span class='ocrx_word' id='word_1_296' title='bbox 1705 2748 1924 2818; x_wconf 79' lang='lat' dir='ltr'><strong>dignum</strong></span> <span class='ocrx_word' id='word_1_297' title='bbox 1955 2756 2057 2803; x_wconf 88' lang='lat' dir='ltr'><strong>est.</strong></span> 
     </span>
    </p>
   </div>
   <div class='ocr_carea' id='block_1_44' title="bbox 481 2835 2062 2907">
    <p class='ocr_par' dir='ltr' id='par_1_44' title="bbox 481 2835 2062 2907">
     <span class='ocr_line' id='line_1_44' title="bbox 481 2835 2062 2907; baseline 0.001 -15"><span class='ocrx_word' id='word_1_298' title='bbox 481 2836 617 2892; x_wconf 83' lang='lat' dir='ltr'><strong>Nam</strong></span> <span class='ocrx_word' id='word_1_299' title='bbox 662 2835 1001 2907; x_wconf 76' lang='lat' dir='ltr'><strong>privilegium</strong></span> <span class='ocrx_word' id='word_1_300' title='bbox 1047 2845 1288 2891; x_wconf 83' lang='lat' dir='ltr'><strong>meretur</strong></span> <span class='ocrx_word' id='word_1_301' title='bbox 1333 2836 1607 2903; x_wconf 83' lang='lat' dir='ltr'><strong>amittere,</strong></span> <span class='ocrx_word' id='word_1_302' title='bbox 1655 2837 1747 2906; x_wconf 87' lang='lat' dir='ltr'><strong>qui</strong></span> <span class='ocrx_word' id='word_1_303' title='bbox 1800 2838 2062 2907; x_wconf 84' lang='lat' dir='ltr'><strong>permissa</strong></span> 
     </span>
    </p>
   </div>
   <div class='ocr_carea' id='block_1_45' title="bbox 480 2924 2062 2996">
    <p class='ocr_par' dir='ltr' id='par_1_45' title="bbox 480 2924 2062 2996">
     <span class='ocr_line' id='line_1_45' title="bbox 480 2924 2062 2996; baseline 0.001 -15"><span class='ocrx_word' id='word_1_304' title='bbox 480 2926 582 2981; x_wconf 86' lang='lat' dir='ltr'><strong>sibi</strong></span> <span class='ocrx_word' id='word_1_305' title='bbox 615 2926 858 2982; x_wconf 87' lang='lat' dir='ltr'><strong>abutitur</strong></span> <span class='ocrx_word' id='word_1_306' title='bbox 882 2934 1168 2996; x_wconf 89' lang='lat' dir='ltr'><strong>potestate.</strong></span> <span class='ocrx_word' id='word_1_307' title='bbox 1202 2924 1310 2981; x_wconf 88' lang='lat' dir='ltr'><strong>Sed</strong></span> <span class='ocrx_word' id='word_1_308' title='bbox 1343 2941 1448 2980; x_wconf 89' lang='lat' dir='ltr'><strong>una</strong></span> <span class='ocrx_word' id='word_1_309' title='bbox 1489 2941 1589 2981; x_wconf 90' lang='lat' dir='ltr'><strong>nos</strong></span> <span class='ocrx_word' id='word_1_310' title='bbox 1614 2927 1753 2981; x_wconf 86' lang='lat' dir='ltr'><strong>ratio</strong></span> <span class='ocrx_word' id='word_1_311' title='bbox 1774 2925 1907 2982; x_wconf 85' lang='lat' dir='ltr'><strong>facit</strong></span> <span class='ocrx_word' id='word_1_312' title='bbox 1940 2940 2062 2982; x_wconf 89' lang='lat' dir='ltr'><strong>esse</strong></span> 
     </span>
    </p>
   </div>
   <div class='ocr_carea' id='block_1_46' title="bbox 482 3016 2064 3087">
    <p class='ocr_par' dir='ltr' id='par_1_46' title="bbox 482 3016 2064 3087">
     <span class='ocr_line' id='line_1_46' title="bbox 482 3016 2064 3087; baseline -0.002 -13"><span class='ocrx_word' id='word_1_313' title='bbox 482 3018 762 3075; x_wconf 65' lang='lat' dir='ltr'><strong>sententiae</strong></span> <span class='ocrx_word' id='word_1_314' title='bbox 806 3017 1091 3084; x_wconf 85' lang='lat' dir='ltr'><strong>mollioris,</strong></span> <span class='ocrx_word' id='word_1_315' title='bbox 1136 3031 1299 3087; x_wconf 89' lang='lat' dir='ltr'><strong>quam</strong></span> <span class='ocrx_word' id='word_1_316' title='bbox 1352 3016 1640 3074; x_wconf 85' lang='lat' dir='ltr'><strong>maluimus</strong></span> <span class='ocrx_word' id='word_1_317' title='bbox 1681 3025 1738 3074; x_wconf 84' lang='lat' dir='ltr'><strong>te</strong></span> <span class='ocrx_word' id='word_1_318' title='bbox 1793 3017 1963 3072; x_wconf 79' lang='lat' dir='ltr'><strong>fratre</strong></span> <span class='ocrx_word' id='word_1_319' title='bbox 2008 3026 2064 3073; x_wconf 89' lang='lat' dir='ltr'><strong>et</strong></span> 
     </span>
    </p>
   </div>
   <div class='ocr_carea' id='block_1_47' title="bbox 487 3105 2058 3180">
    <p class='ocr_par' dir='ltr' id='par_1_47' title="bbox 487 3105 2058 3180">
     <span class='ocr_line' id='line_1_47' title="bbox 487 3105 2058 3180; baseline 0 -17"><span class='ocrx_word' id='word_1_320' title='bbox 487 3108 806 3180; x_wconf 84' lang='lat' dir='ltr'><strong>coepiscopo</strong></span> <span class='ocrx_word' id='word_1_321' title='bbox 851 3116 1039 3164; x_wconf 91' lang='lat' dir='ltr'><strong>nostro</strong></span> <span class='ocrx_word' id='word_1_322' title='bbox 1099 3105 1345 3177; x_wconf 80' lang='lat' dir='ltr'><strong>Proiecto</strong></span> <span class='ocrx_word' id='word_1_323' title='bbox 1402 3107 1670 3165; x_wconf 89' lang='lat' dir='ltr'><strong>referente</strong></span> <span class='ocrx_word' id='word_1_324' title='bbox 1714 3121 2058 3180; x_wconf 81' lang='lat' dir='ltr'><strong>cognoscere,</strong></span> 
     </span>
    </p>
   </div>
   <div class='ocr_carea' id='block_1_48' title="bbox 2165 1931 3753 2001">
    <p class='ocr_par' dir='ltr' id='par_1_48' title="bbox 2165 1931 3753 2001">
     <span class='ocr_line' id='line_1_48' title="bbox 2165 1931 3753 2001; baseline -0.004 -12"><span class='ocrx_word' id='word_1_325' title='bbox 2165 1934 2246 1989; x_wconf 88' lang='lat' dir='ltr'><strong>sui</strong></span> <span class='ocrx_word' id='word_1_326' title='bbox 2276 1933 2483 1990; x_wconf 88' lang='lat' dir='ltr'><strong>ordinis</strong></span> <span class='ocrx_word' id='word_1_327' title='bbox 2529 1934 2943 2001; x_wconf 87' lang='lat' dir='ltr'><strong>ministrentur;</strong></span> <span class='ocrx_word' id='word_1_328' title='bbox 2984 1933 3177 1989; x_wconf 88' lang='lat' dir='ltr'><strong>ultima</strong></span> <span class='ocrx_word' id='word_1_329' title='bbox 3223 1935 3364 1989; x_wconf 80' lang='lat' dir='ltr'><strong>inter</strong></span> <span class='ocrx_word' id='word_1_330' title='bbox 3412 1947 3476 1987; x_wconf 87' lang='lat' dir='ltr'><strong>se</strong></span> <span class='ocrx_word' id='word_1_331' title='bbox 3525 1931 3753 1987; x_wconf 79' lang='lat' dir='ltr'><strong>clericis</strong></span> 
     </span>
    </p>
   </div>
   <div class='ocr_carea' id='block_1_49' title="bbox 2163 2022 3764 2098">
    <p class='ocr_par' dir='ltr' id='par_1_49' title="bbox 2163 2022 3764 2098">
     <span class='ocr_line' id='line_1_49' title="bbox 2163 2022 3764 2098; baseline -0.004 -16"><span class='ocrx_word' id='word_1_332' title='bbox 2163 2042 2264 2098; x_wconf 90' lang='lat' dir='ltr'><strong>pro</strong></span> <span class='ocrx_word' id='word_1_333' title='bbox 2289 2026 2624 2098; x_wconf 87' lang='lat' dir='ltr'><strong>singulorum</strong></span> <span class='ocrx_word' id='word_1_334' title='bbox 2645 2026 2853 2083; x_wconf 88' lang='lat' dir='ltr'><strong>meritis</strong></span> <span class='ocrx_word' id='word_1_335' title='bbox 2877 2025 3167 2081; x_wconf 76' lang='lat' dir='ltr'><strong>dividatur.</strong></span> <span class='ocrx_word' id='word_1_336' title='bbox 3195 2025 3267 2079; x_wconf 77' lang='lat' dir='ltr'><strong>At</strong></span> <span class='ocrx_word' id='word_1_337' title='bbox 3289 2039 3419 2079; x_wconf 83' lang='lat' dir='ltr'><strong>vero</strong></span> <span class='ocrx_word' id='word_1_338' title='bbox 3449 2022 3764 2077; x_wconf 79' lang='lat' dir='ltr'><strong>ministeria</strong></span> 
     </span>
    </p>
   </div>
   <div class='ocr_carea' id='block_1_50' title="bbox 2163 2117 3764 2188">
    <p class='ocr_par' dir='ltr' id='par_1_50' title="bbox 2163 2117 3764 2188">
     <span class='ocr_line' id='line_1_50' title="bbox 2163 2117 3764 2188; baseline -0.005 -14"><span class='ocrx_word' id='word_1_339' title='bbox 2163 2119 2417 2175; x_wconf 64' lang='lat' dir='ltr'><strong>Ecclesia:</strong></span> <span class='ocrx_word' id='word_1_340' title='bbox 2462 2123 2583 2188; x_wconf 63' lang='lat' dir='ltr'><strong>qua:</strong></span> <span class='ocrx_word' id='word_1_341' title='bbox 2628 2117 2860 2173; x_wconf 88' lang='lat' dir='ltr'><strong>alienata</strong></span> <span class='ocrx_word' id='word_1_342' title='bbox 2894 2117 3261 2187; x_wconf 75' lang='lat' dir='ltr'><strong>comperinius</strong></span> <span class='ocrx_word' id='word_1_343' title='bbox 3301 2128 3563 2184; x_wconf 85' lang='lat' dir='ltr'><strong>reparare</strong></span> <span class='ocrx_word' id='word_1_344' title='bbox 3614 2127 3764 2183; x_wconf 64' lang='lat' dir='ltr'><strong>pra:-</strong></span> 
     </span>
    </p>
   </div>
   <div class='ocr_carea' id='block_1_51' title="bbox 2164 2203 3764 2279">
    <p class='ocr_par' dir='ltr' id='par_1_51' title="bbox 2164 2203 3764 2279">
     <span class='ocr_line' id='line_1_51' title="bbox 2164 2203 3764 2279; baseline -0.004 -15"><span class='ocrx_word' id='word_1_345' title='bbox 2164 2217 2411 2279; x_wconf 72' lang='lat' dir='ltr'><strong>sumptor</strong></span> <span class='ocrx_word' id='word_1_346' title='bbox 2475 2206 2719 2277; x_wconf 60' lang='lat' dir='ltr'><strong>praedicti</strong></span> <span class='ocrx_word' id='word_1_347' title='bbox 2792 2205 2975 2261; x_wconf 76' lang='lat' dir='ltr'><strong>fratris</strong></span> <span class='ocrx_word' id='word_1_348' title='bbox 3032 2205 3387 2277; x_wconf 88' lang='lat' dir='ltr'><strong>compellatur</strong></span> <span class='ocrx_word' id='word_1_349' title='bbox 3445 2203 3712 2258; x_wconf 82' lang='lat' dir='ltr'><strong>instantia</strong></span> <span class='ocrx_word' id='word_1_350' title='bbox 3744 2243 3764 2267; x_wconf 88' lang='lat'><strong>,</strong></span> 
     </span>
    </p>
   </div>
   <div class='ocr_carea' id='block_1_52' title="bbox 2163 2291 3763 2367">
    <p class='ocr_par' dir='ltr' id='par_1_52' title="bbox 2163 2291 3763 2367">
     <span class='ocr_line' id='line_1_52' title="bbox 2163 2291 3763 2367; baseline -0.005 -14"><span class='ocrx_word' id='word_1_351' title='bbox 2163 2299 2249 2353; x_wconf 92' lang='lat' dir='ltr'><strong>cui</strong></span> <span class='ocrx_word' id='word_1_352' title='bbox 2312 2298 2475 2354; x_wconf 87' lang='lat' dir='ltr'><strong>etiam</strong></span> <span class='ocrx_word' id='word_1_353' title='bbox 2523 2297 2580 2351; x_wconf 89' lang='lat' dir='ltr'><strong>in</strong></span> <span class='ocrx_word' id='word_1_354' title='bbox 2630 2296 2734 2353; x_wconf 88' lang='lat' dir='ltr'><strong>hoc</strong></span> <span class='ocrx_word' id='word_1_355' title='bbox 2800 2294 3112 2367; x_wconf 86' lang='lat' dir='ltr'><strong>specialiter</strong></span> <span class='ocrx_word' id='word_1_356' title='bbox 3163 2294 3507 2365; x_wconf 70' lang='lat' dir='ltr'><strong>praecipimus</strong></span> <span class='ocrx_word' id='word_1_357' title='bbox 3570 2291 3763 2346; x_wconf 85' lang='lat' dir='ltr'><strong>immi-</strong></span> 
     </span>
    </p>
   </div>
   <div class='ocr_carea' id='block_1_53' title="bbox 2156 2383 3869 2457">
    <p class='ocr_par' dir='ltr' id='par_1_53' title="bbox 2156 2383 3869 2457">
     <span class='ocr_line' id='line_1_53' title="bbox 2156 2383 3869 2457; baseline -0.005 -14"><span class='ocrx_word' id='word_1_358' title='bbox 2156 2388 2313 2454; x_wconf 64' lang='lat' dir='ltr'><strong>‘nere,</strong></span> <span class='ocrx_word' id='word_1_359' title='bbox 2361 2397 2420 2443; x_wconf 88' lang='lat' dir='ltr'><strong>ut</strong></span> <span class='ocrx_word' id='word_1_360' title='bbox 2473 2396 2586 2443; x_wconf 88' lang='lat' dir='ltr'><strong>tres</strong></span> <span class='ocrx_word' id='word_1_361' title='bbox 2631 2386 2752 2443; x_wconf 86' lang='lat' dir='ltr'><strong>illas</strong></span> <span class='ocrx_word' id='word_1_362' title='bbox 2802 2385 3080 2457; x_wconf 83' lang='lat' dir='ltr'><strong>pertiones</strong></span> <span class='ocrx_word' id='word_1_363' title='bbox 3126 2390 3265 2455; x_wconf 82' lang='lat' dir='ltr'><strong>quas</strong></span> <span class='ocrx_word' id='word_1_364' title='bbox 3313 2399 3410 2455; x_wconf 88' lang='lat' dir='ltr'><strong>per</strong></span> <span class='ocrx_word' id='word_1_365' title='bbox 3461 2383 3764 2438; x_wconf 87' lang='lat' dir='ltr'><strong>triennium</strong></span> <span class='ocrx_word' id='word_1_366' title='bbox 3860 2444 3869 2451; x_wconf 38' lang='lat'><em>.</em></span> 
     </span>
    </p>
   </div>
   <div class='ocr_carea' id='block_1_54' title="bbox 2162 2473 3767 2546">
    <p class='ocr_par' dir='ltr' id='par_1_54' title="bbox 2162 2473 3767 2546">
     <span class='ocr_line' id='line_1_54' title="bbox 2162 2473 3767 2546; baseline -0.004 -12"><span class='ocrx_word' id='word_1_367' title='bbox 2162 2480 2360 2536; x_wconf 91' lang='lat' dir='ltr'><strong>dicitur</strong></span> <span class='ocrx_word' id='word_1_368' title='bbox 2391 2480 2493 2535; x_wconf 89' lang='lat' dir='ltr'><strong>sibi</strong></span> <span class='ocrx_word' id='word_1_369' title='bbox 2539 2478 2912 2534; x_wconf 87' lang='lat' dir='ltr'><strong>tantummodo</strong></span> <span class='ocrx_word' id='word_1_370' title='bbox 2937 2477 3276 2546; x_wconf 76' lang='lat' dir='ltr'><strong>vindicasse,.-</strong></span> <span class='ocrx_word' id='word_1_371' title='bbox 3307 2476 3585 2531; x_wconf 85' lang='lat' dir='ltr'><strong>restituat.</strong></span> <span class='ocrx_word' id='word_1_372' title='bbox 3620 2473 3767 2528; x_wconf 75' lang='lat' dir='ltr'><strong>Data</strong></span> 
     </span>
    </p>
   </div>
   <div class='ocr_carea' id='block_1_55' title="bbox 2163 2566 3771 2640">
    <p class='ocr_par' dir='ltr' id='par_1_55' title="bbox 2163 2566 3771 2640">
     <span class='ocr_line' id='line_1_55' title="bbox 2163 2566 3771 2640; baseline -0.004 -14"><span class='ocrx_word' id='word_1_373' title='bbox 2163 2588 2262 2626; x_wconf 77' lang='lat' dir='ltr'><strong>xui</strong></span> <span class='ocrx_word' id='word_1_374' title='bbox 2309 2570 2578 2627; x_wconf 74' lang='lat' dir='ltr'><strong>Kalendas</strong></span> <span class='ocrx_word' id='word_1_375' title='bbox 2622 2569 2955 2636; x_wconf 85' lang='lat' dir='ltr'><strong>Decembris,</strong></span> <span class='ocrx_word' id='word_1_376' title='bbox 2995 2579 3119 2640; x_wconf 84' lang='lat' dir='ltr'><strong>post</strong></span> <span class='ocrx_word' id='word_1_377' title='bbox 3160 2566 3502 2625; x_wconf 82' lang='lat' dir='ltr'><strong>consulatum</strong></span> <span class='ocrx_word' id='word_1_378' title='bbox 3554 2566 3771 2622; x_wconf 72' lang='lat' dir='ltr'><strong>Leonis</strong></span> 
     </span>
    </p>
   </div>
   <div class='ocr_carea' id='block_1_56' title="bbox 2162 2664 2412 2736">
    <p class='ocr_par' dir='ltr' id='par_1_56' title="bbox 2162 2664 2412 2736">
     <span class='ocr_line' id='line_1_56' title="bbox 2162 2664 2412 2736; baseline 0 -19"><span class='ocrx_word' id='word_1_379' title='bbox 2162 2664 2412 2736; x_wconf 80' lang='lat' dir='ltr'><strong>Augusti.</strong></span> 
     </span>
    </p>
   </div>
   <div class='ocr_carea' id='block_1_57' title="bbox 2571 2736 3310 2823">
    <p class='ocr_par' dir='ltr' id='par_1_57' title="bbox 2571 2736 3310 2823">
     <span class='ocr_line' id='line_1_57' title="bbox 2571 2736 3310 2823; baseline -0.011 -9"><span class='ocrx_word' id='word_1_380' title='bbox 2571 2736 2727 2823; x_wconf 62' lang='grc'><strong>231</strong></span> <span class='ocrx_word' id='word_1_381' title='bbox 2762 2751 3060 2823; x_wconf 72' lang='lat' dir='ltr'><strong>Simplicius</strong></span> <span class='ocrx_word' id='word_1_382' title='bbox 3097 2751 3310 2807; x_wconf 78' lang='lat' dir='ltr'><strong>Acacio.</strong></span> 
     </span>
    </p>
   </div>
   <div class='ocr_carea' id='block_1_58' title="bbox 2224 2837 3765 2911">
    <p class='ocr_par' dir='ltr' id='par_1_58' title="bbox 2224 2837 3765 2911">
     <span class='ocr_line' id='line_1_58' title="bbox 2224 2837 3765 2911; baseline -0.002 -17"><span class='ocrx_word' id='word_1_383' title='bbox 2224 2840 2580 2899; x_wconf 71' lang='lat' dir='ltr'><strong>Dilectissimo</strong></span> <span class='ocrx_word' id='word_1_384' title='bbox 2596 2842 2750 2897; x_wconf 89' lang='lat' dir='ltr'><strong>lratri</strong></span> <span class='ocrx_word' id='word_1_385' title='bbox 2766 2842 2962 2899; x_wconf 83' lang='lat' dir='ltr'><strong>Acacio</strong></span> <span class='ocrx_word' id='word_1_386' title='bbox 2990 2840 3324 2911; x_wconf 84' lang='lat' dir='ltr'><strong>Simplicius.</strong></span> <span class='ocrx_word' id='word_1_387' title='bbox 3348 2837 3765 2910; x_wconf 73' lang='lat' dir='ltr'><strong>Cogitatio-tm</strong></span> 
     </span>
    </p>
   </div>
   <div class='ocr_carea' id='block_1_59' title="bbox 2162 2932 3769 3003">
    <p class='ocr_par' dir='ltr' id='par_1_59' title="bbox 2162 2932 3769 3003">
     <span class='ocr_line' id='line_1_59' title="bbox 2162 2932 3769 3003; baseline -0.002 -17"><span class='ocrx_word' id='word_1_388' title='bbox 2162 2933 2326 2989; x_wconf 86' lang='lat' dir='ltr'><strong>ferias</strong></span> <span class='ocrx_word' id='word_1_389' title='bbox 2375 2948 2483 2989; x_wconf 92' lang='lat' dir='ltr'><strong>non</strong></span> <span class='ocrx_word' id='word_1_390' title='bbox 2513 2934 2800 2999; x_wconf 88' lang='lat' dir='ltr'><strong>habemus,</strong></span> <span class='ocrx_word' id='word_1_391' title='bbox 2844 2949 2946 2989; x_wconf 90' lang='lat' dir='ltr'><strong>nec</strong></span> <span class='ocrx_word' id='word_1_392' title='bbox 2970 2933 3116 2989; x_wconf 90' lang='lat' dir='ltr'><strong>enim</strong></span> <span class='ocrx_word' id='word_1_393' title='bbox 3151 2932 3431 3003; x_wconf 86' lang='lat' dir='ltr'><strong>quiescere</strong></span> <span class='ocrx_word' id='word_1_394' title='bbox 3459 2945 3559 2984; x_wconf 92' lang='lat' dir='ltr'><strong>nos</strong></span> <span class='ocrx_word' id='word_1_395' title='bbox 3588 2944 3769 2984; x_wconf 71' lang='lat' dir='ltr'><strong>causa</strong></span> 
     </span>
    </p>
   </div>
   <div class='ocr_carea' id='block_1_60' title="bbox 2162 3021 3773 3094">
    <p class='ocr_par' dir='ltr' id='par_1_60' title="bbox 2162 3021 3773 3094">
     <span class='ocr_line' id='line_1_60' title="bbox 2162 3021 3773 3094; baseline -0.002 -17"><span class='ocrx_word' id='word_1_396' title='bbox 2162 3024 2445 3094; x_wconf 89' lang='lat' dir='ltr'><strong>permittit,</strong></span> <span class='ocrx_word' id='word_1_397' title='bbox 2467 3040 2627 3094; x_wconf 90' lang='lat' dir='ltr'><strong>quam</strong></span> <span class='ocrx_word' id='word_1_398' title='bbox 2664 3024 2711 3081; x_wconf 85' lang='lat' dir='ltr'><strong>si</strong></span> <span class='ocrx_word' id='word_1_399' title='bbox 2740 3023 3127 3094; x_wconf 86' lang='lat' dir='ltr'><strong>relinquamus,</strong></span> <span class='ocrx_word' id='word_1_400' title='bbox 3166 3023 3383 3078; x_wconf 86' lang='lat' dir='ltr'><strong>Christo</strong></span> <span class='ocrx_word' id='word_1_401' title='bbox 3406 3021 3629 3075; x_wconf 87' lang='lat' dir='ltr'><strong>Domino</strong></span> <span class='ocrx_word' id='word_1_402' title='bbox 3662 3036 3773 3074; x_wconf 88' lang='lat' dir='ltr'><strong>no-</strong></span> 
     </span>
    </p>
   </div>
   <div class='ocr_carea' id='block_1_61' title="bbox 2163 3108 3772 3182">
    <p class='ocr_par' dir='ltr' id='par_1_61' title="bbox 2163 3108 3772 3182">
     <span class='ocr_line' id='line_1_61' title="bbox 2163 3108 3772 3182; baseline -0.004 -16"><span class='ocrx_word' id='word_1_403' title='bbox 2163 3121 2274 3167; x_wconf 87' lang='lat' dir='ltr'><strong>stro</strong></span> <span class='ocrx_word' id='word_1_404' title='bbox 2308 3111 2464 3182; x_wconf 88' lang='lat' dir='ltr'><strong>cujus</strong></span> <span class='ocrx_word' id='word_1_405' title='bbox 2509 3113 2756 3178; x_wconf 89' lang='lat' dir='ltr'><strong>interest,</strong></span> <span class='ocrx_word' id='word_1_406' title='bbox 2787 3110 3414 3167; x_wconf 73' lang='lat' dir='ltr'><strong>inexcusabilcs&#39;sumus.</strong></span> <span class='ocrx_word' id='word_1_407' title='bbox 3460 3108 3527 3162; x_wconf 81' lang='lat' dir='ltr'><strong>Et</strong></span> <span class='ocrx_word' id='word_1_408' title='bbox 3554 3108 3772 3161; x_wconf 77' lang='lat' dir='ltr'><strong>mirum</strong></span> 
     </span>
    </p>
   </div>
   <div class='ocr_carea' id='block_1_62' title="bbox 483 3198 3773 3276">
    <p class='ocr_par' dir='ltr' id='par_1_62' title="bbox 483 3198 3773 3276">
     <span class='ocr_line' id='line_1_62' title="bbox 483 3198 3773 3276; baseline -0.001 -23"><span class='ocrx_word' id='word_1_409' title='bbox 483 3214 591 3256; x_wconf 89' lang='lat' dir='ltr'><strong>non</strong></span> <span class='ocrx_word' id='word_1_410' title='bbox 642 3200 840 3255; x_wconf 87' lang='lat' dir='ltr'><strong>nostris</strong></span> <span class='ocrx_word' id='word_1_411' title='bbox 877 3199 1071 3255; x_wconf 89' lang='lat' dir='ltr'><strong>litteris</strong></span> <span class='ocrx_word' id='word_1_412' title='bbox 1115 3210 1337 3270; x_wconf 82' lang='lat' dir='ltr'><strong>propter</strong></span> <span class='ocrx_word' id='word_1_413' title='bbox 1368 3199 1716 3270; x_wconf 88' lang='lat' dir='ltr'><strong>opprobrium</strong></span> <span class='ocrx_word' id='word_1_414' title='bbox 1763 3200 2062 3271; x_wconf 85' lang='lat' dir='ltr'><strong>publicare.</strong></span> <span class='ocrx_word' id='word_1_415' title='bbox 2094 3215 2138 3276; x_wconf 73' lang='grc' dir='ltr'>ρ</span> <span class='ocrx_word' id='word_1_416' title='bbox 2170 3211 2251 3257; x_wconf 89' lang='lat' dir='ltr'><strong>est</strong></span> <span class='ocrx_word' id='word_1_417' title='bbox 2279 3202 2622 3258; x_wconf 81' lang='lat' dir='ltr'><strong>dilectionem</strong></span> <span class='ocrx_word' id='word_1_418' title='bbox 2657 3211 2800 3256; x_wconf 88' lang='lat' dir='ltr'><strong>tuam</strong></span> <span class='ocrx_word' id='word_1_419' title='bbox 2845 3209 2921 3256; x_wconf 92' lang='lat' dir='ltr'><strong>tot</strong></span> <span class='ocrx_word' id='word_1_420' title='bbox 2948 3200 3183 3255; x_wconf 84' lang='lat' dir='ltr'><strong>emensis</strong></span> <span class='ocrx_word' id='word_1_421' title='bbox 3208 3198 3561 3268; x_wconf 88' lang='lat' dir='ltr'><strong>temporibus,</strong></span> <span class='ocrx_word' id='word_1_422' title='bbox 3589 3205 3651 3250; x_wconf 85' lang='lat' dir='ltr'><strong>et</strong></span> <span class='ocrx_word' id='word_1_423' title='bbox 3686 3204 3773 3250; x_wconf 91' lang='lat' dir='ltr'><strong>tot</strong></span> 
     </span>
    </p>
   </div>
   <div class='ocr_carea' id='block_1_63' title="bbox 484 3287 2067 3361">
    <p class='ocr_par' dir='ltr' id='par_1_63' title="bbox 484 3287 2067 3361">
     <span class='ocr_line' id='line_1_63' title="bbox 484 3287 2067 3361; baseline 0.001 -19"><span class='ocrx_word' id='word_1_424' title='bbox 484 3287 618 3344; x_wconf 83' lang='lat' dir='ltr'><strong>Nam</strong></span> <span class='ocrx_word' id='word_1_425' title='bbox 646 3289 921 3354; x_wconf 86' lang='lat' dir='ltr'><strong>scandala,</strong></span> <span class='ocrx_word' id='word_1_426' title='bbox 952 3289 1106 3359; x_wconf 85' lang='lat' dir='ltr'><strong>cujus</strong></span> <span class='ocrx_word' id='word_1_427' title='bbox 1140 3298 1329 3345; x_wconf 88' lang='lat' dir='ltr'><strong>auctor</strong></span> <span class='ocrx_word' id='word_1_428' title='bbox 1352 3290 1683 3361; x_wconf 89' lang='lat' dir='ltr'><strong>agnosceris,</strong></span> <span class='ocrx_word' id='word_1_429' title='bbox 1714 3288 1787 3344; x_wconf 90' lang='lat' dir='ltr'><strong>ita</strong></span> <span class='ocrx_word' id='word_1_430' title='bbox 1817 3290 2067 3344; x_wconf 85' lang='lat' dir='ltr'><strong>modera-</strong></span> 
     </span>
    </p>
   </div>
   <div class='ocr_carea' id='block_1_64' title="bbox 483 3378 2068 3450">
    <p class='ocr_par' dir='ltr' id='par_1_64' title="bbox 483 3378 2068 3450">
     <span class='ocr_line' id='line_1_64' title="bbox 483 3378 2068 3450; baseline 0.001 -19"><span class='ocrx_word' id='word_1_431' title='bbox 483 3379 557 3434; x_wconf 87' lang='lat' dir='ltr'><strong>tio</strong></span> <span class='ocrx_word' id='word_1_432' title='bbox 585 3388 766 3434; x_wconf 84' lang='lat' dir='ltr'><strong>nostra</strong></span> <span class='ocrx_word' id='word_1_433' title='bbox 797 3378 1149 3448; x_wconf 88' lang='lat' dir='ltr'><strong>compescuit,</strong></span> <span class='ocrx_word' id='word_1_434' title='bbox 1179 3389 1239 3432; x_wconf 90' lang='lat' dir='ltr'><strong>ut</strong></span> <span class='ocrx_word' id='word_1_435' title='bbox 1263 3378 1430 3434; x_wconf 88' lang='lat' dir='ltr'><strong>frater</strong></span> <span class='ocrx_word' id='word_1_436' title='bbox 1456 3386 1510 3433; x_wconf 91' lang='lat' dir='ltr'><strong>et</strong></span> <span class='ocrx_word' id='word_1_437' title='bbox 1539 3378 1891 3450; x_wconf 88' lang='lat' dir='ltr'><strong>coepiscopus</strong></span> <span class='ocrx_word' id='word_1_438' title='bbox 1913 3393 2068 3433; x_wconf 89' lang='lat' dir='ltr'><strong>meus</strong></span> 
     </span>
    </p>
   </div>
   <div class='ocr_carea' id='block_1_65' title="bbox 481 3471 2069 3544">
    <p class='ocr_par' dir='ltr' id='par_1_65' title="bbox 481 3471 2069 3544">
     <span class='ocr_line' id='line_1_65' title="bbox 481 3471 2069 3544; baseline -0.001 -17"><span class='ocrx_word' id='word_1_439' title='bbox 481 3471 644 3544; x_wconf 82' lang='lat' dir='ltr'><strong>Greg.</strong></span> <span class='ocrx_word' id='word_1_440' title='bbox 676 3488 837 3543; x_wconf 90' lang='lat' dir='ltr'><strong>quem</strong></span> <span class='ocrx_word' id='word_1_441' title='bbox 879 3487 983 3526; x_wconf 90' lang='lat' dir='ltr'><strong>non</strong></span> <span class='ocrx_word' id='word_1_442' title='bbox 1015 3480 1328 3543; x_wconf 86' lang='lat' dir='ltr'><strong>provectum</strong></span> <span class='ocrx_word' id='word_1_443' title='bbox 1374 3481 1587 3527; x_wconf 84' lang='lat' dir='ltr'><strong>constat</strong></span> <span class='ocrx_word' id='word_1_444' title='bbox 1631 3486 1770 3535; x_wconf 89' lang='lat' dir='ltr'><strong>esse,</strong></span> <span class='ocrx_word' id='word_1_445' title='bbox 1817 3471 1911 3528; x_wconf 89' lang='lat' dir='ltr'><strong>sed</strong></span> <span class='ocrx_word' id='word_1_446' title='bbox 1953 3471 2069 3541; x_wconf 88' lang='lat' dir='ltr'><strong>pul-</strong></span> 
     </span>
    </p>
   </div>
   <div class='ocr_carea' id='block_1_66' title="bbox 482 3563 2064 3632">
    <p class='ocr_par' dir='ltr' id='par_1_66' title="bbox 482 3563 2064 3632">
     <span class='ocr_line' id='line_1_66' title="bbox 482 3563 2064 3632; baseline 0.001 -16"><span class='ocrx_word' id='word_1_447' title='bbox 482 3578 626 3630; x_wconf 90' lang='lat' dir='ltr'><strong>sum,</strong></span> <span class='ocrx_word' id='word_1_448' title='bbox 657 3563 855 3618; x_wconf 88' lang='lat' dir='ltr'><strong>nullam</strong></span> <span class='ocrx_word' id='word_1_449' title='bbox 882 3578 1125 3628; x_wconf 81' lang='lat' dir='ltr'><strong>causam,</strong></span> <span class='ocrx_word' id='word_1_450' title='bbox 1156 3563 1298 3618; x_wconf 89' lang='lat' dir='ltr'><strong>sicut</strong></span> <span class='ocrx_word' id='word_1_451' title='bbox 1340 3563 1517 3632; x_wconf 90' lang='lat' dir='ltr'><strong>petiit,</strong></span> <span class='ocrx_word' id='word_1_452' title='bbox 1562 3571 1738 3618; x_wconf 88' lang='lat' dir='ltr'><strong>tecum</strong></span> <span class='ocrx_word' id='word_1_453' title='bbox 1762 3564 2064 3629; x_wconf 87' lang='lat' dir='ltr'><strong>habiturus,</strong></span> 
     </span>
    </p>
   </div>
   <div class='ocr_carea' id='block_1_67' title="bbox 483 3654 2066 3727">
    <p class='ocr_par' dir='ltr' id='par_1_67' title="bbox 483 3654 2066 3727">
     <span class='ocr_line' id='line_1_67' title="bbox 483 3654 2066 3727; baseline -0.001 -17"><span class='ocrx_word' id='word_1_454' title='bbox 483 3654 839 3715; x_wconf 77' lang='lat' dir='ltr'><strong>Mucirensem</strong></span> <span class='ocrx_word' id='word_1_455' title='bbox 888 3656 1152 3727; x_wconf 75' lang='lat' dir='ltr'><strong>gubernet</strong></span> <span class='ocrx_word' id='word_1_456' title='bbox 1189 3654 1508 3722; x_wconf 86' lang='lat' dir='ltr'><strong>Eeclesiam,</strong></span> <span class='ocrx_word' id='word_1_457' title='bbox 1554 3664 1610 3711; x_wconf 90' lang='lat' dir='ltr'><strong>et</strong></span> <span class='ocrx_word' id='word_1_458' title='bbox 1652 3656 2066 3712; x_wconf 90' lang='lat' dir='ltr'><strong>contubernium</strong></span> 
     </span>
    </p>
   </div>
   <div class='ocr_carea' id='block_1_68' title="bbox 482 3747 2069 3818">
    <p class='ocr_par' dir='ltr' id='par_1_68' title="bbox 482 3747 2069 3818">
     <span class='ocr_line' id='line_1_68' title="bbox 482 3747 2069 3818; baseline -0.001 -16"><span class='ocrx_word' id='word_1_459' title='bbox 482 3747 724 3818; x_wconf 84' lang='lat' dir='ltr'><strong>spiritale</strong></span> <span class='ocrx_word' id='word_1_460' title='bbox 769 3748 912 3817; x_wconf 88' lang='lat' dir='ltr'><strong>quod</strong></span> <span class='ocrx_word' id='word_1_461' title='bbox 953 3747 1135 3803; x_wconf 86' lang='lat' dir='ltr'><strong>sortiri</strong></span> <span class='ocrx_word' id='word_1_462' title='bbox 1180 3762 1289 3803; x_wconf 91' lang='lat' dir='ltr'><strong>non</strong></span> <span class='ocrx_word' id='word_1_463' title='bbox 1336 3748 1618 3818; x_wconf 84' lang='lat' dir='ltr'><strong>oportebat</strong></span> <span class='ocrx_word' id='word_1_464' title='bbox 1663 3747 1912 3815; x_wconf 92' lang='lat' dir='ltr'><strong>invitum,</strong></span> <span class='ocrx_word' id='word_1_465' title='bbox 1961 3760 2069 3802; x_wconf 92' lang='lat' dir='ltr'><strong>non</strong></span> 
     </span>
    </p>
   </div>
   <div class='ocr_carea' id='block_1_69' title="bbox 484 3836 2063 3909">
    <p class='ocr_par' dir='ltr' id='par_1_69' title="bbox 484 3836 2063 3909">
     <span class='ocr_line' id='line_1_69' title="bbox 484 3836 2063 3909; baseline -0.001 -17"><span class='ocrx_word' id='word_1_466' title='bbox 484 3848 695 3895; x_wconf 87' lang='lat' dir='ltr'><strong>recuset</strong></span> <span class='ocrx_word' id='word_1_467' title='bbox 731 3837 1004 3908; x_wconf 88' lang='lat' dir='ltr'><strong>amplecti.</strong></span> <span class='ocrx_word' id='word_1_468' title='bbox 1025 3837 1123 3894; x_wconf 87' lang='lat' dir='ltr'><strong>Cui</strong></span> <span class='ocrx_word' id='word_1_469' title='bbox 1156 3838 1200 3893; x_wconf 88' lang='lat' dir='ltr'><strong>si</strong></span> <span class='ocrx_word' id='word_1_470' title='bbox 1228 3838 1359 3907; x_wconf 89' lang='lat' dir='ltr'><strong>quid</strong></span> <span class='ocrx_word' id='word_1_471' title='bbox 1393 3837 1595 3909; x_wconf 83' lang='lat' dir='ltr'><strong>negotii</strong></span> <span class='ocrx_word' id='word_1_472' title='bbox 1630 3836 1856 3892; x_wconf 88' lang='lat' dir='ltr'><strong>forsitan</strong></span> <span class='ocrx_word' id='word_1_473' title='bbox 1882 3851 2063 3893; x_wconf 88' lang='lat' dir='ltr'><strong>emer-</strong></span> 
     </span>
    </p>
   </div>
   <div class='ocr_carea' id='block_1_70' title="bbox 484 3927 2066 3997">
    <p class='ocr_par' dir='ltr' id='par_1_70' title="bbox 484 3927 2066 3997">
     <span class='ocr_line' id='line_1_70' title="bbox 484 3927 2066 3997; baseline -0.003 -12"><span class='ocrx_word' id='word_1_474' title='bbox 484 3931 637 3997; x_wconf 89' lang='lat' dir='ltr'><strong>serit,</strong></span> <span class='ocrx_word' id='word_1_475' title='bbox 656 3936 900 3984; x_wconf 85' lang='lat' dir='ltr'><strong>nostrum</strong></span> <span class='ocrx_word' id='word_1_476' title='bbox 915 3944 982 3983; x_wconf 83' lang='lat' dir='ltr'><strong>ex</strong></span> <span class='ocrx_word' id='word_1_477' title='bbox 1013 3942 1077 3983; x_wconf 90' lang='lat' dir='ltr'><strong>eo</strong></span> <span class='ocrx_word' id='word_1_478' title='bbox 1100 3927 1186 3982; x_wconf 87' lang='lat' dir='ltr'><strong>vel</strong></span> <span class='ocrx_word' id='word_1_479' title='bbox 1215 3936 1405 3983; x_wconf 87' lang='lat' dir='ltr'><strong>contra</strong></span> <span class='ocrx_word' id='word_1_480' title='bbox 1430 3942 1553 3983; x_wconf 91' lang='lat' dir='ltr'><strong>eum</strong></span> <span class='ocrx_word' id='word_1_481' title='bbox 1579 3936 1793 3996; x_wconf 88' lang='lat' dir='ltr'><strong>petatur</strong></span> <span class='ocrx_word' id='word_1_482' title='bbox 1816 3941 2066 3982; x_wconf 81' lang='lat' dir='ltr'><strong>examen.</strong></span> 
     </span>
    </p>
   </div>
   <div class='ocr_carea' id='block_1_71' title="bbox 483 4006 2070 4087">
    <p class='ocr_par' dir='ltr' id='par_1_71' title="bbox 483 4006 2070 4087">
     <span class='ocr_line' id='line_1_71' title="bbox 483 4006 2070 4087; baseline -0.004 -9"><span class='ocrx_word' id='word_1_483' title='bbox 483 4020 907 4077; x_wconf 85' lang='lat' dir='ltr'><strong>Necessitatibus</strong></span> <span class='ocrx_word' id='word_1_484' title='bbox 937 4006 1309 4087; x_wconf 75' lang='lat' dir='ltr'><strong>etiam,quas</strong></span> <span class='ocrx_word' id='word_1_485' title='bbox 1350 4016 1584 4071; x_wconf 88' lang='lat' dir='ltr'><strong>faciente</strong></span> <span class='ocrx_word' id='word_1_486' title='bbox 1629 4024 1682 4070; x_wconf 91' lang='lat' dir='ltr'><strong>te</strong></span> <span class='ocrx_word' id='word_1_487' title='bbox 1728 4015 2070 4086; x_wconf 87' lang='lat' dir='ltr'><strong>compellitur</strong></span> 
     </span>
    </p>
   </div>
   <div class='ocr_carea' id='block_1_72' title="bbox 486 4108 2072 4184">
    <p class='ocr_par' dir='ltr' id='par_1_72' title="bbox 486 4108 2072 4184">
     <span class='ocr_line' id='line_1_72' title="bbox 486 4108 2072 4184; baseline -0.003 -15"><span class='ocrx_word' id='word_1_488' title='bbox 486 4114 778 4177; x_wconf 81' lang='lat' dir='ltr'><strong>sustinere,</strong></span> <span class='ocrx_word' id='word_1_489' title='bbox 839 4112 943 4167; x_wconf 86' lang='lat' dir='ltr'><strong>hac</strong></span> <span class='ocrx_word' id='word_1_490' title='bbox 996 4109 1311 4184; x_wconf 83' lang='lat' dir='ltr'><strong>definitione</strong></span> <span class='ocrx_word' id='word_1_491' title='bbox 1373 4108 1727 4176; x_wconf 90' lang='lat' dir='ltr'><strong>consulimus,</strong></span> <span class='ocrx_word' id='word_1_492' title='bbox 1779 4116 1840 4164; x_wconf 86' lang='lat' dir='ltr'><strong>ut</strong></span> <span class='ocrx_word' id='word_1_493' title='bbox 1890 4109 2072 4165; x_wconf 83' lang='lat' dir='ltr'><strong>refuso</strong></span> 
     </span>
    </p>
   </div>
   <div class='ocr_carea' id='block_1_73' title="bbox 485 4200 2073 4278">
    <p class='ocr_par' dir='ltr' id='par_1_73' title="bbox 485 4200 2073 4278">
     <span class='ocr_line' id='line_1_73' title="bbox 485 4200 2073 4278; baseline -0.004 -16"><span class='ocrx_word' id='word_1_494' title='bbox 485 4206 691 4278; x_wconf 71' lang='lat' dir='ltr'><strong>pmdio</strong></span> <span class='ocrx_word' id='word_1_495' title='bbox 717 4204 862 4276; x_wconf 89' lang='lat' dir='ltr'><strong>quod</strong></span> <span class='ocrx_word' id='word_1_496' title='bbox 911 4210 1036 4258; x_wconf 90' lang='lat' dir='ltr'><strong>ante</strong></span> <span class='ocrx_word' id='word_1_497' title='bbox 1063 4218 1264 4257; x_wconf 88' lang='lat' dir='ltr'><strong>annum</strong></span> <span class='ocrx_word' id='word_1_498' title='bbox 1316 4200 1420 4256; x_wconf 87' lang='lat' dir='ltr'><strong>sibi</strong></span> <span class='ocrx_word' id='word_1_499' title='bbox 1466 4201 1651 4256; x_wconf 89' lang='lat' dir='ltr'><strong>datum</strong></span> <span class='ocrx_word' id='word_1_500' title='bbox 1682 4215 1803 4257; x_wconf 88' lang='lat' dir='ltr'><strong>esse</strong></span> <span class='ocrx_word' id='word_1_501' title='bbox 1835 4215 2073 4256; x_wconf 85' lang='lat' dir='ltr'><strong>comme-</strong></span> 
     </span>
    </p>
   </div>
   <div class='ocr_carea' id='block_1_74' title="bbox 487 4290 2072 4366">
    <p class='ocr_par' dir='ltr' id='par_1_74' title="bbox 487 4290 2072 4366">
     <span class='ocr_line' id='line_1_74' title="bbox 487 4290 2072 4366; baseline -0.005 -11"><span class='ocrx_word' id='word_1_502' title='bbox 487 4306 686 4364; x_wconf 83' lang='lat' dir='ltr'><strong>morat,</strong></span> <span class='ocrx_word' id='word_1_503' title='bbox 710 4306 873 4366; x_wconf 88' lang='lat' dir='ltr'><strong>atque</strong></span> <span class='ocrx_word' id='word_1_504' title='bbox 895 4295 963 4351; x_wconf 91' lang='lat' dir='ltr'><strong>ad</strong></span> <span class='ocrx_word' id='word_1_505' title='bbox 984 4293 1280 4350; x_wconf 78' lang='lat' dir='ltr'><strong>Ecclesium</strong></span> <span class='ocrx_word' id='word_1_506' title='bbox 1310 4291 1677 4347; x_wconf 81' lang='lat' dir='ltr'><strong>Ravennatem</strong></span> <span class='ocrx_word' id='word_1_507' title='bbox 1706 4306 1923 4347; x_wconf 88' lang='lat' dir='ltr'><strong>reverso</strong></span> <span class='ocrx_word' id='word_1_508' title='bbox 1942 4290 2072 4347; x_wconf 87' lang='lat' dir='ltr'><strong>Pos-</strong></span> 
     </span>
    </p>
   </div>
   <div class='ocr_carea' id='block_1_75' title="bbox 488 4384 2071 4457">
    <p class='ocr_par' dir='ltr' id='par_1_75' title="bbox 488 4384 2071 4457">
     <span class='ocr_line' id='line_1_75' title="bbox 488 4384 2071 4457; baseline -0.006 -10"><span class='ocrx_word' id='word_1_509' title='bbox 488 4392 660 4447; x_wconf 80' lang='lat' dir='ltr'><strong>sessin</strong></span> <span class='ocrx_word' id='word_1_510' title='bbox 691 4389 746 4445; x_wconf 89' lang='lat' dir='ltr'><strong>itt</strong></span> <span class='ocrx_word' id='word_1_511' title='bbox 775 4386 1103 4444; x_wconf 86' lang='lat' dir='ltr'><strong>Bononiensi</strong></span> <span class='ocrx_word' id='word_1_512' title='bbox 1146 4385 1365 4457; x_wconf 84' lang='lat' dir='ltr'><strong>triginta</strong></span> <span class='ocrx_word' id='word_1_513' title='bbox 1393 4384 1687 4440; x_wconf 88' lang='lat' dir='ltr'><strong>solidorum</strong></span> <span class='ocrx_word' id='word_1_514' title='bbox 1735 4384 1974 4440; x_wconf 91' lang='lat' dir='ltr'><strong>redditus</strong></span> <span class='ocrx_word' id='word_1_515' title='bbox 2005 4384 2071 4438; x_wconf 89' lang='lat' dir='ltr'><strong>li-</strong></span> 
     </span>
    </p>
   </div>
   <div class='ocr_carea' id='block_1_76' title="bbox 488 4477 2074 4539">
    <p class='ocr_par' dir='ltr' id='par_1_76' title="bbox 488 4477 2074 4539">
     <span class='ocr_line' id='line_1_76' title="bbox 488 4477 2074 4539; baseline -0.004 -1"><span class='ocrx_word' id='word_1_516' title='bbox 488 4486 740 4539; x_wconf 89' lang='lat' dir='ltr'><strong>berorum</strong></span> <span class='ocrx_word' id='word_1_517' title='bbox 770 4481 887 4538; x_wconf 90' lang='lat' dir='ltr'><strong>sine</strong></span> <span class='ocrx_word' id='word_1_518' title='bbox 917 4479 1250 4537; x_wconf 89' lang='lat' dir='ltr'><strong>dubitatione</strong></span> <span class='ocrx_word' id='word_1_519' title='bbox 1297 4478 1544 4534; x_wconf 90' lang='lat' dir='ltr'><strong>tradatur</strong></span> <span class='ocrx_word' id='word_1_520' title='bbox 1595 4478 1649 4532; x_wconf 91' lang='lat' dir='ltr'><strong>in</strong></span> <span class='ocrx_word' id='word_1_521' title='bbox 1693 4477 1834 4532; x_wconf 90' lang='lat' dir='ltr'><strong>diem</strong></span> <span class='ocrx_word' id='word_1_522' title='bbox 1867 4477 2074 4532; x_wconf 89' lang='lat' dir='ltr'><strong>scilicet</strong></span> 
     </span>
    </p>
   </div>
   <div class='ocr_carea' id='block_1_77' title="bbox 2167 3287 3774 3363">
    <p class='ocr_par' dir='ltr' id='par_1_77' title="bbox 2167 3287 3774 3363">
     <span class='ocr_line' id='line_1_77' title="bbox 2167 3287 3774 3363; baseline -0.005 -16"><span class='ocrx_word' id='word_1_523' title='bbox 2167 3292 2794 3363; x_wconf 83' lang='lat' dir='ltr'><strong>opportunitatibusinde</strong></span> <span class='ocrx_word' id='word_1_524' title='bbox 2807 3292 3160 3355; x_wconf 79' lang='lat' dir='ltr'><strong>venientibus,</strong></span> <span class='ocrx_word' id='word_1_525' title='bbox 3177 3291 3309 3344; x_wconf 91' lang='lat' dir='ltr'><strong>nihil</strong></span> <span class='ocrx_word' id='word_1_526' title='bbox 3326 3305 3424 3344; x_wconf 89' lang='lat' dir='ltr'><strong>nos</strong></span> <span class='ocrx_word' id='word_1_527' title='bbox 3436 3288 3498 3343; x_wconf 90' lang='lat' dir='ltr'><strong>de</strong></span> <span class='ocrx_word' id='word_1_528' title='bbox 3518 3287 3774 3342; x_wconf 78' lang='lat' dir='ltr'><strong>Alexan-</strong></span> 
     </span>
    </p>
   </div>
   <div class='ocr_carea' id='block_1_78' title="bbox 2167 3378 3779 3452">
    <p class='ocr_par' dir='ltr' id='par_1_78' title="bbox 2167 3378 3779 3452">
     <span class='ocr_line' id='line_1_78' title="bbox 2167 3378 3779 3452; baseline -0.003 -14"><span class='ocrx_word' id='word_1_529' title='bbox 2167 3383 2320 3438; x_wconf 88' lang='lat' dir='ltr'><strong>drina</strong></span> <span class='ocrx_word' id='word_1_530' title='bbox 2345 3383 2610 3448; x_wconf 79' lang='lat' dir='ltr'><strong>Ecclesia,</strong></span> <span class='ocrx_word' id='word_1_531' title='bbox 2634 3398 2753 3452; x_wconf 70' lang='lat' dir='ltr'><strong>qua:</strong></span> <span class='ocrx_word' id='word_1_532' title='bbox 2778 3391 2888 3436; x_wconf 88' lang='lat' dir='ltr'><strong>tam</strong></span> <span class='ocrx_word' id='word_1_533' title='bbox 2909 3382 3145 3451; x_wconf 80' lang='lat' dir='ltr'><strong>graviter</strong></span> <span class='ocrx_word' id='word_1_534' title='bbox 3166 3381 3410 3451; x_wconf 87' lang='lat' dir='ltr'><strong>quatitur</strong></span> <span class='ocrx_word' id='word_1_535' title='bbox 3427 3420 3443 3443; x_wconf 89' lang='lat'><strong>,</strong></span> <span class='ocrx_word' id='word_1_536' title='bbox 3476 3378 3779 3433; x_wconf 84' lang='lat' dir='ltr'><strong>instruere</strong></span> 
     </span>
    </p>
   </div>
   <div class='ocr_carea' id='block_1_79' title="bbox 2166 3470 3775 3542">
    <p class='ocr_par' dir='ltr' id='par_1_79' title="bbox 2166 3470 3775 3542">
     <span class='ocr_line' id='line_1_79' title="bbox 2166 3470 3775 3542; baseline -0.004 -13"><span class='ocrx_word' id='word_1_537' title='bbox 2166 3474 2421 3541; x_wconf 86' lang='lat' dir='ltr'><strong>voluisse,</strong></span> <span class='ocrx_word' id='word_1_538' title='bbox 2433 3489 2558 3529; x_wconf 90' lang='lat' dir='ltr'><strong>cum</strong></span> <span class='ocrx_word' id='word_1_539' title='bbox 2591 3489 2814 3529; x_wconf 89' lang='lat' dir='ltr'><strong>monere</strong></span> <span class='ocrx_word' id='word_1_540' title='bbox 2836 3483 2906 3537; x_wconf 87' lang='lat' dir='ltr'><strong>te,</strong></span> <span class='ocrx_word' id='word_1_541' title='bbox 2928 3488 3027 3528; x_wconf 85' lang='lat' dir='ltr'><strong>nec</strong></span> <span class='ocrx_word' id='word_1_542' title='bbox 3051 3473 3347 3542; x_wconf 88' lang='lat' dir='ltr'><strong>increpatio</strong></span> <span class='ocrx_word' id='word_1_543' title='bbox 3378 3479 3556 3525; x_wconf 88' lang='lat' dir='ltr'><strong>nostra</strong></span> <span class='ocrx_word' id='word_1_544' title='bbox 3581 3470 3775 3523; x_wconf 86' lang='lat' dir='ltr'><strong>desti-</strong></span> 
     </span>
    </p>
   </div>
   <div class='ocr_carea' id='block_1_80' title="bbox 2172 3562 3774 3635">
    <p class='ocr_par' dir='ltr' id='par_1_80' title="bbox 2172 3562 3774 3635">
     <span class='ocr_line' id='line_1_80' title="bbox 2172 3562 3774 3635; baseline -0.002 -17"><span class='ocrx_word' id='word_1_545' title='bbox 2172 3563 2315 3630; x_wconf 87' lang='lat' dir='ltr'><strong>terit,</strong></span> <span class='ocrx_word' id='word_1_546' title='bbox 2352 3572 2414 3619; x_wconf 91' lang='lat' dir='ltr'><strong>ut</strong></span> <span class='ocrx_word' id='word_1_547' title='bbox 2437 3565 2761 3635; x_wconf 87' lang='lat' dir='ltr'><strong>participata</strong></span> <span class='ocrx_word' id='word_1_548' title='bbox 2787 3563 3150 3619; x_wconf 77' lang='lat' dir='ltr'><strong>sollicitudine</strong></span> <span class='ocrx_word' id='word_1_549' title='bbox 3176 3563 3390 3617; x_wconf 86' lang='lat' dir='ltr'><strong>litteras</strong></span> <span class='ocrx_word' id='word_1_550' title='bbox 3430 3576 3579 3617; x_wconf 88' lang='lat' dir='ltr'><strong>meas</strong></span> <span class='ocrx_word' id='word_1_551' title='bbox 3603 3562 3774 3630; x_wconf 82' lang='lat' dir='ltr'><strong>apud</strong></span> 
     </span>
    </p>
   </div>
   <div class='ocr_carea' id='block_1_81' title="bbox 2167 3651 3773 3725">
    <p class='ocr_par' dir='ltr' id='par_1_81' title="bbox 2167 3651 3773 3725">
     <span class='ocr_line' id='line_1_81' title="bbox 2167 3651 3773 3725; baseline -0.003 -16"><span class='ocrx_word' id='word_1_552' title='bbox 2167 3654 2691 3711; x_wconf 87' lang='lat' dir='ltr'><strong>Christianissimttm</strong></span> <span class='ocrx_word' id='word_1_553' title='bbox 2748 3654 3069 3725; x_wconf 87' lang='lat' dir='ltr'><strong>principem,</strong></span> <span class='ocrx_word' id='word_1_554' title='bbox 3109 3652 3461 3724; x_wconf 72' lang='lat' dir='ltr'><strong>prteseutibus</strong></span> <span class='ocrx_word' id='word_1_555' title='bbox 3517 3659 3625 3705; x_wconf 69' lang='lat' dir='ltr'><strong>tua:</strong></span> <span class='ocrx_word' id='word_1_556' title='bbox 3672 3651 3773 3705; x_wconf 88' lang='lat' dir='ltr'><strong>di-</strong></span> 
     </span>
    </p>
   </div>
   <div class='ocr_carea' id='block_1_82' title="bbox 2171 3736 3778 3815">
    <p class='ocr_par' dir='ltr' id='par_1_82' title="bbox 2171 3736 3778 3815">
     <span class='ocr_line' id='line_1_82' title="bbox 2171 3736 3778 3815; baseline 0.001 -19"><span class='ocrx_word' id='word_1_557' title='bbox 2171 3743 2418 3800; x_wconf 83' lang='lat' dir='ltr'><strong>lectionis</strong></span> <span class='ocrx_word' id='word_1_558' title='bbox 2462 3736 2830 3815; x_wconf 66' lang='lat' dir='ltr'><strong>prosequeris,</strong></span> <span class='ocrx_word' id='word_1_559' title='bbox 2856 3744 3125 3813; x_wconf 87' lang='lat' dir='ltr'><strong>alloquiis,</strong></span> <span class='ocrx_word' id='word_1_560' title='bbox 3171 3753 3230 3799; x_wconf 92' lang='lat' dir='ltr'><strong>et</strong></span> <span class='ocrx_word' id='word_1_561' title='bbox 3270 3742 3498 3797; x_wconf 65' lang='lat' dir='ltr'><strong>instituti</strong></span> <span class='ocrx_word' id='word_1_562' title='bbox 3550 3744 3778 3797; x_wconf 86' lang='lat' dir='ltr'><strong>veteris</strong></span> 
     </span>
    </p>
   </div>
   <div class='ocr_carea' id='block_1_83' title="bbox 2172 3832 3773 3895">
    <p class='ocr_par' dir='ltr' id='par_1_83' title="bbox 2172 3832 3773 3895">
     <span class='ocr_line' id='line_1_83' title="bbox 2172 3832 3773 3895; baseline 0 -7"><span class='ocrx_word' id='word_1_563' title='bbox 2172 3849 2379 3890; x_wconf 78' lang='lat' dir='ltr'><strong>memor</strong></span> <span class='ocrx_word' id='word_1_564' title='bbox 2401 3834 2455 3888; x_wconf 91' lang='lat' dir='ltr'><strong>in</strong></span> <span class='ocrx_word' id='word_1_565' title='bbox 2476 3834 2899 3890; x_wconf 76' lang='lat' dir='ltr'><strong>ortltodoxorum</strong></span> <span class='ocrx_word' id='word_1_566' title='bbox 2920 3832 3287 3889; x_wconf 75' lang='lat' dir='ltr'><strong>defensionem</strong></span> <span class='ocrx_word' id='word_1_567' title='bbox 3319 3834 3615 3895; x_wconf 84' lang='lat' dir='ltr'><strong>nobiscum,</strong></span> <span class='ocrx_word' id='word_1_568' title='bbox 3642 3834 3773 3888; x_wconf 82' lang='lat' dir='ltr'><strong>sic-</strong></span> 
     </span>
    </p>
   </div>
   <div class='ocr_carea' id='block_1_84' title="bbox 2173 3922 3774 3994">
    <p class='ocr_par' dir='ltr' id='par_1_84' title="bbox 2173 3922 3774 3994">
     <span class='ocr_line' id='line_1_84' title="bbox 2173 3922 3774 3994; baseline 0.001 -18"><span class='ocrx_word' id='word_1_569' title='bbox 2173 3932 2229 3977; x_wconf 76' lang='lat' dir='ltr'><strong>ut</strong></span> <span class='ocrx_word' id='word_1_570' title='bbox 2254 3938 2468 3993; x_wconf 89' lang='lat' dir='ltr'><strong>semper</strong></span> <span class='ocrx_word' id='word_1_571' title='bbox 2495 3923 2855 3985; x_wconf 88' lang='lat' dir='ltr'><strong>incumberes,</strong></span> <span class='ocrx_word' id='word_1_572' title='bbox 2888 3940 2952 3978; x_wconf 89' lang='lat' dir='ltr'><strong>ne</strong></span> <span class='ocrx_word' id='word_1_573' title='bbox 2977 3923 3263 3994; x_wconf 81' lang='lat' dir='ltr'><strong>quisquam</strong></span> <span class='ocrx_word' id='word_1_574' title='bbox 3295 3931 3536 3977; x_wconf 87' lang='lat' dir='ltr'><strong>nostrum</strong></span> <span class='ocrx_word' id='word_1_575' title='bbox 3582 3922 3774 3979; x_wconf 81' lang='lat' dir='ltr'><strong>Chri-</strong></span> 
     </span>
    </p>
   </div>
   <div class='ocr_carea' id='block_1_85' title="bbox 2173 4015 3776 4088">
    <p class='ocr_par' dir='ltr' id='par_1_85' title="bbox 2173 4015 3776 4088">
     <span class='ocr_line' id='line_1_85' title="bbox 2173 4015 3776 4088; baseline 0.001 -17"><span class='ocrx_word' id='word_1_576' title='bbox 2173 4019 2345 4072; x_wconf 86' lang='lat' dir='ltr'><strong>stiana</strong></span> <span class='ocrx_word' id='word_1_577' title='bbox 2397 4017 2552 4088; x_wconf 89' lang='lat' dir='ltr'><strong>plebe</strong></span> <span class='ocrx_word' id='word_1_578' title='bbox 2599 4027 2860 4088; x_wconf 89' lang='lat' dir='ltr'><strong>pereunte</strong></span> <span class='ocrx_word' id='word_1_579' title='bbox 2896 4026 3106 4071; x_wconf 89' lang='lat' dir='ltr'><strong>reatum</strong></span> <span class='ocrx_word' id='word_1_580' title='bbox 3158 4016 3449 4071; x_wconf 87' lang='lat' dir='ltr'><strong>deditionis</strong></span> <span class='ocrx_word' id='word_1_581' title='bbox 3475 4015 3776 4072; x_wconf 79' lang='lat' dir='ltr'><strong>incurrat.</strong></span> 
     </span>
    </p>
   </div>
   <div class='ocr_carea' id='block_1_86' title="bbox 2178 4107 3778 4175">
    <p class='ocr_par' dir='ltr' id='par_1_86' title="bbox 2178 4107 3778 4175">
     <span class='ocr_line' id='line_1_86' title="bbox 2178 4107 3778 4175; baseline 0 -12"><span class='ocrx_word' id='word_1_582' title='bbox 2178 4108 2329 4164; x_wconf 88' lang='lat' dir='ltr'><strong>Unde</strong></span> <span class='ocrx_word' id='word_1_583' title='bbox 2383 4108 2667 4163; x_wconf 89' lang='lat' dir='ltr'><strong>hortamur</strong></span> <span class='ocrx_word' id='word_1_584' title='bbox 2711 4107 3055 4162; x_wconf 88' lang='lat' dir='ltr'><strong>dilectionem</strong></span> <span class='ocrx_word' id='word_1_585' title='bbox 3096 4115 3242 4160; x_wconf 88' lang='lat' dir='ltr'><strong>tuam</strong></span> <span class='ocrx_word' id='word_1_586' title='bbox 3269 4146 3285 4170; x_wconf 97' lang='lat'><strong>,</strong></span> <span class='ocrx_word' id='word_1_587' title='bbox 3342 4114 3401 4159; x_wconf 89' lang='lat' dir='ltr'><strong>ut</strong></span> <span class='ocrx_word' id='word_1_588' title='bbox 3448 4114 3778 4175; x_wconf 84' lang='lat' dir='ltr'><strong>opportune</strong></span> 
     </span>
    </p>
   </div>
   <div class='ocr_carea' id='block_1_87' title="bbox 2174 4195 3777 4269">
    <p class='ocr_par' dir='ltr' id='par_1_87' title="bbox 2174 4195 3777 4269">
     <span class='ocr_line' id='line_1_87' title="bbox 2174 4195 3777 4269; baseline -0.001 -18"><span class='ocrx_word' id='word_1_589' title='bbox 2174 4208 2336 4269; x_wconf 89' lang='lat' dir='ltr'><strong>atque</strong></span> <span class='ocrx_word' id='word_1_590' title='bbox 2364 4198 2668 4268; x_wconf 88' lang='lat' dir='ltr'><strong>importune</strong></span> <span class='ocrx_word' id='word_1_591' title='bbox 2698 4198 2802 4267; x_wconf 92' lang='lat' dir='ltr'><strong>piis</strong></span> <span class='ocrx_word' id='word_1_592' title='bbox 2833 4197 3058 4251; x_wconf 90' lang='lat' dir='ltr'><strong>auribus</strong></span> <span class='ocrx_word' id='word_1_593' title='bbox 3084 4195 3360 4251; x_wconf 88' lang='lat' dir='ltr'><strong>insinuare</strong></span> <span class='ocrx_word' id='word_1_594' title='bbox 3385 4210 3487 4249; x_wconf 90' lang='lat' dir='ltr'><strong>non</strong></span> <span class='ocrx_word' id='word_1_595' title='bbox 3512 4195 3777 4264; x_wconf 74' lang='lat' dir='ltr'><strong>desinat,</strong></span> 
     </span>
    </p>
   </div>
   <div class='ocr_carea' id='block_1_88' title="bbox 2174 4285 3775 4358">
    <p class='ocr_par' dir='ltr' id='par_1_88' title="bbox 2174 4285 3775 4358">
     <span class='ocr_line' id='line_1_88' title="bbox 2174 4285 3775 4358; baseline 0.001 -16"><span class='ocrx_word' id='word_1_596' title='bbox 2174 4298 2441 4358; x_wconf 86' lang='lat' dir='ltr'><strong>quatenus</strong></span> <span class='ocrx_word' id='word_1_597' title='bbox 2491 4287 2870 4343; x_wconf 71' lang='lat' dir='ltr'><strong>Alexandrina:</strong></span> <span class='ocrx_word' id='word_1_598' title='bbox 2921 4285 3177 4340; x_wconf 72' lang='lat' dir='ltr'><strong>Ecclesia:</strong></span> <span class='ocrx_word' id='word_1_599' title='bbox 3237 4301 3341 4356; x_wconf 80' lang='lat' dir='ltr'><strong>pax</strong></span> <span class='ocrx_word' id='word_1_600' title='bbox 3397 4293 3578 4355; x_wconf 85' lang='lat' dir='ltr'><strong>optata</strong></span> <span class='ocrx_word' id='word_1_601' title='bbox 3632 4287 3775 4342; x_wconf 79' lang='lat' dir='ltr'><strong>red—</strong></span> 
     </span>
    </p>
   </div>
   <div class='ocr_carea' id='block_1_89' title="bbox 2176 4377 3774 4450">
    <p class='ocr_par' dir='ltr' id='par_1_89' title="bbox 2176 4377 3774 4450">
     <span class='ocr_line' id='line_1_89' title="bbox 2176 4377 3774 4450; baseline -0.002 -15"><span class='ocrx_word' id='word_1_602' title='bbox 2176 4382 2356 4447; x_wconf 82' lang='lat' dir='ltr'><strong>datur,</strong></span> <span class='ocrx_word' id='word_1_603' title='bbox 2386 4387 2442 4434; x_wconf 91' lang='lat' dir='ltr'><strong>ct</strong></span> <span class='ocrx_word' id='word_1_604' title='bbox 2488 4378 2739 4434; x_wconf 85' lang='lat' dir='ltr'><strong>celeriter</strong></span> <span class='ocrx_word' id='word_1_605' title='bbox 2787 4379 3079 4450; x_wconf 67' lang='grc' dir='ltr'>νίεἰιίιιιῑίειι</span> <span class='ocrx_word' id='word_1_606' title='bbox 3109 4389 3214 4432; x_wconf 71' lang='lat' dir='ltr'><strong>tum</strong></span> <span class='ocrx_word' id='word_1_607' title='bbox 3260 4387 3549 4448; x_wconf 86' lang='lat' dir='ltr'><strong>proventus</strong></span> <span class='ocrx_word' id='word_1_608' title='bbox 3586 4377 3774 4432; x_wconf 76' lang='lat' dir='ltr'><strong>indu-</strong></span> 
     </span>
    </p>
   </div>
   <div class='ocr_carea' id='block_1_90' title="bbox 2177 4469 3776 4536">
    <p class='ocr_par' dir='ltr' id='par_1_90' title="bbox 2177 4469 3776 4536">
     <span class='ocr_line' id='line_1_90' title="bbox 2177 4469 3776 4536; baseline -0.002 -8"><span class='ocrx_word' id='word_1_609' title='bbox 2177 4481 2350 4528; x_wconf 81' lang='lat' dir='ltr'><strong>catur.</strong></span> <span class='ocrx_word' id='word_1_610' title='bbox 2389 4472 2524 4527; x_wconf 90' lang='lat' dir='ltr'><strong>Data</strong></span> <span class='ocrx_word' id='word_1_611' title='bbox 2553 4486 2647 4527; x_wconf 87' lang='lat' dir='ltr'><strong>vnt</strong></span> <span class='ocrx_word' id='word_1_612' title='bbox 2693 4471 2816 4527; x_wconf 89' lang='lat' dir='ltr'><strong>ldus</strong></span> <span class='ocrx_word' id='word_1_613' title='bbox 2851 4469 3139 4536; x_wconf 83' lang='lat' dir='ltr'><strong>Novemb.,</strong></span> <span class='ocrx_word' id='word_1_614' title='bbox 3170 4469 3427 4526; x_wconf 85' lang='lat' dir='ltr'><strong>Severino</strong></span> <span class='ocrx_word' id='word_1_615' title='bbox 3460 4484 3643 4535; x_wconf 88' lang='lat' dir='ltr'><strong>cons.,</strong></span> <span class='ocrx_word' id='word_1_616' title='bbox 3683 4472 3776 4525; x_wconf 82' lang='lat' dir='ltr'><strong>di-</strong></span> 
     </span>
    </p>
   </div>
   <div class='ocr_carea' id='block_1_91' title="bbox 487 4562 2832 4650">
    <p class='ocr_par' dir='ltr' id='par_1_91' title="bbox 487 4562 2832 4650">
     <span class='ocr_line' id='line_1_91' title="bbox 487 4562 2832 4650; baseline -0.008 -15"><span class='ocrx_word' id='word_1_617' title='bbox 487 4580 611 4635; x_wconf 68' lang='lat' dir='ltr'><strong>vita:</strong></span> <span class='ocrx_word' id='word_1_618' title='bbox 653 4577 789 4650; x_wconf 87' lang='lat' dir='ltr'><strong>ejus,</strong></span> <span class='ocrx_word' id='word_1_619' title='bbox 837 4577 986 4633; x_wconf 87' lang='lat' dir='ltr'><strong>salvo</strong></span> <span class='ocrx_word' id='word_1_620' title='bbox 1013 4575 1357 4648; x_wconf 88' lang='lat' dir='ltr'><strong>proprietatis</strong></span> <span class='ocrx_word' id='word_1_621' title='bbox 1377 4573 1501 4644; x_wconf 90' lang='lat' dir='ltr'><strong>jure</strong></span> <span class='ocrx_word' id='word_1_622' title='bbox 1530 4574 1855 4629; x_wconf 80' lang='lat' dir='ltr'><strong>Ravennatis</strong></span> <span class='ocrx_word' id='word_1_623' title='bbox 1883 4571 2070 4627; x_wconf 67' lang='lat' dir='ltr'><strong>liccle-</strong></span> <span class='ocrx_word' id='word_1_624' title='bbox 2103 4567 2148 4626; x_wconf 92' lang='lat' dir='ltr'>D</span> <span class='ocrx_word' id='word_1_625' title='bbox 2176 4576 2319 4622; x_wconf 88' lang='lat' dir='ltr'><strong>recta</strong></span> <span class='ocrx_word' id='word_1_626' title='bbox 2353 4580 2449 4636; x_wconf 87' lang='lat' dir='ltr'><strong>per</strong></span> <span class='ocrx_word' id='word_1_627' title='bbox 2486 4562 2832 4619; x_wconf 74' lang='lat' dir='ltr'><strong>Itesdtutum.</strong></span> 
     </span>
    </p>
   </div>
   <div class='ocr_carea' id='block_1_92' title="bbox 488 4653 2072 4742">
    <p class='ocr_par' dir='ltr' id='par_1_92' title="bbox 488 4653 2072 4742">
     <span class='ocr_line' id='line_1_92' title="bbox 488 4653 2072 4742; baseline -0.006 -16"><span class='ocrx_word' id='word_1_628' title='bbox 488 4672 601 4738; x_wconf 72' lang='lat' dir='ltr'><strong>site,</strong></span> <span class='ocrx_word' id='word_1_629' title='bbox 632 4672 699 4728; x_wconf 88' lang='lat' dir='ltr'><strong>ad</strong></span> <span class='ocrx_word' id='word_1_630' title='bbox 724 4685 885 4742; x_wconf 88' lang='lat' dir='ltr'><strong>quam</strong></span> <span class='ocrx_word' id='word_1_631' title='bbox 912 4679 1034 4739; x_wconf 89' lang='lat' dir='ltr'><strong>post</strong></span> <span class='ocrx_word' id='word_1_632' title='bbox 1060 4668 1303 4739; x_wconf 74' lang='lat' dir='ltr'><strong>praedicti</strong></span> <span class='ocrx_word' id='word_1_633' title='bbox 1327 4653 1535 4722; x_wconf 87' lang='lat' dir='ltr'><strong>obitum</strong></span> <span class='ocrx_word' id='word_1_634' title='bbox 1565 4675 1885 4721; x_wconf 85' lang='lat' dir='ltr'><strong>revertetur.</strong></span> <span class='ocrx_word' id='word_1_635' title='bbox 1918 4663 2072 4732; x_wconf 83' lang='lat' dir='ltr'><strong>Quod</strong></span> 
     </span>
    </p>
   </div>
   <div class='ocr_carea' id='block_1_93' title="bbox 489 4757 2074 4828">
    <p class='ocr_par' dir='ltr' id='par_1_93' title="bbox 489 4757 2074 4828">
     <span class='ocr_line' id='line_1_93' title="bbox 489 4757 2074 4828; baseline -0.004 -11"><span class='ocrx_word' id='word_1_636' title='bbox 489 4763 534 4817; x_wconf 91' lang='lat' dir='ltr'><strong>si</strong></span> <span class='ocrx_word' id='word_1_637' title='bbox 568 4776 671 4818; x_wconf 91' lang='lat' dir='ltr'><strong>non</strong></span> <span class='ocrx_word' id='word_1_638' title='bbox 717 4759 881 4816; x_wconf 87' lang='lat' dir='ltr'><strong>fuerit</strong></span> <span class='ocrx_word' id='word_1_639' title='bbox 929 4759 1126 4815; x_wconf 90' lang='lat' dir='ltr'><strong>nostris</strong></span> <span class='ocrx_word' id='word_1_640' title='bbox 1156 4759 1391 4828; x_wconf 89' lang='lat' dir='ltr'><strong>partium</strong></span> <span class='ocrx_word' id='word_1_641' title='bbox 1430 4757 1736 4814; x_wconf 86' lang='lat' dir='ltr'><strong>constitutis</strong></span> <span class='ocrx_word' id='word_1_642' title='bbox 1778 4757 1906 4826; x_wconf 88' lang='lat' dir='ltr'><strong>quid</strong></span> <span class='ocrx_word' id='word_1_643' title='bbox 1954 4765 2074 4826; x_wconf 84' lang='lat' dir='ltr'><strong>post</strong></span> 
     </span>
    </p>
   </div>
   <div class='ocr_carea' id='block_1_94' title="bbox 492 4847 2071 4921">
    <p class='ocr_par' dir='ltr' id='par_1_94' title="bbox 492 4847 2071 4921">
     <span class='ocr_line' id='line_1_94' title="bbox 492 4847 2071 4921; baseline -0.003 -17"><span class='ocrx_word' id='word_1_644' title='bbox 492 4852 980 4921; x_wconf 86' lang='lat' dir='ltr'><strong>transgressionem</strong></span> <span class='ocrx_word' id='word_1_645' title='bbox 1018 4858 1255 4915; x_wconf 86' lang='lat' dir='ltr'><strong>maneat,</strong></span> <span class='ocrx_word' id='word_1_646' title='bbox 1295 4858 1670 4904; x_wconf 89' lang='lat' dir='ltr'><strong>contumacem</strong></span> <span class='ocrx_word' id='word_1_647' title='bbox 1700 4847 1817 4918; x_wconf 85' lang='lat' dir='ltr'><strong>ipse</strong></span> <span class='ocrx_word' id='word_1_648' title='bbox 1842 4861 2071 4918; x_wconf 41' lang='lat' dir='ltr'><strong>pet-pen;</strong></span> 
     </span>
    </p>
   </div>
   <div class='ocr_carea' id='block_1_95' title="bbox 490 4936 2070 5007">
    <p class='ocr_par' dir='ltr' id='par_1_95' title="bbox 490 4936 2070 5007">
     <span class='ocr_line' id='line_1_95' title="bbox 490 4936 2070 5007; baseline -0.004 -11"><span class='ocrx_word' id='word_1_649' title='bbox 490 4940 593 4996; x_wconf 86' lang='lat' dir='ltr'><strong>dis.</strong></span> <span class='ocrx_word' id='word_1_650' title='bbox 625 4940 1016 4994; x_wconf 88' lang='lat' dir='ltr'><strong>Denuutiautus</strong></span> <span class='ocrx_word' id='word_1_651' title='bbox 1040 4947 1242 5004; x_wconf 90' lang='lat' dir='ltr'><strong>autem,</strong></span> <span class='ocrx_word' id='word_1_652' title='bbox 1271 4937 1411 5007; x_wconf 90' lang='lat' dir='ltr'><strong>quod</strong></span> <span class='ocrx_word' id='word_1_653' title='bbox 1439 4937 1484 4991; x_wconf 90' lang='lat' dir='ltr'><strong>si</strong></span> <span class='ocrx_word' id='word_1_654' title='bbox 1532 4937 1759 5006; x_wconf 88' lang='lat' dir='ltr'><strong>posthac</strong></span> <span class='ocrx_word' id='word_1_655' title='bbox 1780 4936 2070 5005; x_wconf 87' lang='lat' dir='ltr'><strong>quidquam</strong></span> 
     </span>
    </p>
   </div>
   <div class='ocr_carea' id='block_1_96' title="bbox 494 5024 2069 5100">
    <p class='ocr_par' dir='ltr' id='par_1_96' title="bbox 494 5024 2069 5100">
     <span class='ocr_line' id='line_1_96' title="bbox 494 5024 2069 5100; baseline -0.003 -17"><span class='ocrx_word' id='word_1_656' title='bbox 494 5029 600 5085; x_wconf 84' lang='lat' dir='ltr'><strong>tale</strong></span> <span class='ocrx_word' id='word_1_657' title='bbox 655 5027 1094 5100; x_wconf 59' lang='lat' dir='ltr'><strong>pratsutnpseris,</strong></span> <span class='ocrx_word' id='word_1_658' title='bbox 1150 5034 1205 5082; x_wconf 87' lang='lat' dir='ltr'><strong>et</strong></span> <span class='ocrx_word' id='word_1_659' title='bbox 1259 5025 1525 5095; x_wconf 86' lang='lat' dir='ltr'><strong>aliquem,</strong></span> <span class='ocrx_word' id='word_1_660' title='bbox 1579 5040 1673 5081; x_wconf 89' lang='lat' dir='ltr'><strong>seu</strong></span> <span class='ocrx_word' id='word_1_661' title='bbox 1725 5024 2069 5095; x_wconf 88' lang='lat' dir='ltr'><strong>episcopum,</strong></span> 
     </span>
    </p>
   </div>
   <div class='ocr_carea' id='block_1_97' title="bbox 493 5117 2074 5191">
    <p class='ocr_par' dir='ltr' id='par_1_97' title="bbox 493 5117 2074 5191">
     <span class='ocr_line' id='line_1_97' title="bbox 493 5117 2074 5191; baseline 0 -17"><span class='ocrx_word' id='word_1_662' title='bbox 493 5134 590 5174; x_wconf 85' lang='lat' dir='ltr'><strong>seu</strong></span> <span class='ocrx_word' id='word_1_663' title='bbox 647 5120 1041 5191; x_wconf 80' lang='lat' dir='ltr'><strong>presbyterum,</strong></span> <span class='ocrx_word' id='word_1_664' title='bbox 1095 5135 1190 5175; x_wconf 90' lang='lat' dir='ltr'><strong>seu</strong></span> <span class='ocrx_word' id='word_1_665' title='bbox 1257 5120 1545 5175; x_wconf 87' lang='lat' dir='ltr'><strong>diaconum</strong></span> <span class='ocrx_word' id='word_1_666' title='bbox 1603 5118 1833 5174; x_wconf 87' lang='lat' dir='ltr'><strong>invitum</strong></span> <span class='ocrx_word' id='word_1_667' title='bbox 1894 5117 2074 5174; x_wconf 87' lang='lat' dir='ltr'><strong>facere</strong></span> 
     </span>
    </p>
   </div>
   <div class='ocr_carea' id='block_1_98' title="bbox 494 5196 2076 5277">
    <p class='ocr_par' dir='ltr' id='par_1_98' title="bbox 494 5196 2076 5277">
     <span class='ocr_line' id='line_1_98' title="bbox 494 5196 2076 5277; baseline -0.001 -13"><span class='ocrx_word' id='word_1_668' title='bbox 494 5210 635 5265; x_wconf 86' lang='lat' dir='ltr'><strong>forte</strong></span> <span class='ocrx_word' id='word_1_669' title='bbox 704 5211 1002 5266; x_wconf 87' lang='lat' dir='ltr'><strong>credideris</strong></span> <span class='ocrx_word' id='word_1_670' title='bbox 1037 5250 1053 5277; x_wconf 94' lang='lat'><strong>,</strong></span> <span class='ocrx_word' id='word_1_671' title='bbox 1126 5211 1499 5265; x_wconf 89' lang='lat' dir='ltr'><strong>ordinationes</strong></span> <span class='ocrx_word' id='word_1_672' title='bbox 1574 5196 1670 5265; x_wconf 86' lang='lat' dir='ltr'><strong>tibi</strong></span> <span class='ocrx_word' id='word_1_673' title='bbox 1743 5208 2076 5263; x_wconf 84' lang='lat' dir='ltr'><strong>Ravennatis</strong></span> 
     </span>
    </p>
   </div>
   <div class='ocr_carea' id='block_1_99' title="bbox 495 5300 2075 5381">
    <p class='ocr_par' dir='ltr' id='par_1_99' title="bbox 495 5300 2075 5381">
     <span class='ocr_line' id='line_1_99' title="bbox 495 5300 2075 5381; baseline -0.003 -23"><span class='ocrx_word' id='word_1_674' title='bbox 495 5303 752 5359; x_wconf 69' lang='lat' dir='ltr'><strong>Ecclesiae</strong></span> <span class='ocrx_word' id='word_1_675' title='bbox 803 5302 886 5357; x_wconf 91' lang='lat' dir='ltr'><strong>vel</strong></span> <span class='ocrx_word' id='word_1_676' title='bbox 927 5302 1234 5381; x_wconf 74' lang='lat' dir='ltr'><strong>Emiliepsis</strong></span> <span class='ocrx_word' id='word_1_677' title='bbox 1287 5303 1505 5357; x_wconf 89' lang='lat' dir='ltr'><strong>noveris</strong></span> <span class='ocrx_word' id='word_1_678' title='bbox 1550 5300 1894 5356; x_wconf 74' lang='lat' dir='ltr'><strong>auferendus.</strong></span> <span class='ocrx_word' id='word_1_679' title='bbox 1945 5301 2075 5354; x_wconf 92' lang='lat' dir='ltr'><strong>Data</strong></span> 
     </span>
    </p>
   </div>
   <div class='ocr_carea' id='block_1_100' title="bbox 494 5395 2074 5463">
    <p class='ocr_par' dir='ltr' id='par_1_100' title="bbox 494 5395 2074 5463">
     <span class='ocr_line' id='line_1_100' title="bbox 494 5395 2074 5463; baseline -0.003 -10"><span class='ocrx_word' id='word_1_680' title='bbox 494 5411 558 5453; x_wconf 85' lang='grc' dir='ltr'><strong>ιιι</strong></span> <span class='ocrx_word' id='word_1_681' title='bbox 579 5396 849 5454; x_wconf 79' lang='lat' dir='ltr'><strong>Kalendas</strong></span> <span class='ocrx_word' id='word_1_682' title='bbox 892 5395 1059 5463; x_wconf 80' lang='lat' dir='ltr'><strong>Junii,</strong></span> <span class='ocrx_word' id='word_1_683' title='bbox 1105 5397 1399 5453; x_wconf 87' lang='lat' dir='ltr'><strong>Severiano</strong></span> <span class='ocrx_word' id='word_1_684' title='bbox 1442 5398 1560 5453; x_wconf 87' lang='lat' dir='ltr'><strong>viro</strong></span> <span class='ocrx_word' id='word_1_685' title='bbox 1603 5395 1906 5452; x_wconf 87' lang='lat' dir='ltr'><strong>clarissimo</strong></span> <span class='ocrx_word' id='word_1_686' title='bbox 1942 5410 2074 5451; x_wconf 88' lang='lat' dir='ltr'><strong>con-</strong></span> 
     </span>
    </p>
   </div>
   <div class='ocr_carea' id='block_1_101' title="bbox 496 5488 1185 5544">
    <p class='ocr_par' dir='ltr' id='par_1_101' title="bbox 496 5488 1185 5544">
     <span class='ocr_line' id='line_1_101' title="bbox 496 5488 1185 5544; baseline -0.003 0"><span class='ocrx_word' id='word_1_687' title='bbox 496 5488 631 5544; x_wconf 85' lang='lat' dir='ltr'><strong>sule.</strong></span> <span class='ocrx_word' id='word_1_688' title='bbox 1180 5506 1185 5511; x_wconf 48' lang='grc' dir='ltr'>π</span> 
     </span>
    </p>
   </div>
   <div class='ocr_carea' id='block_1_102' title="bbox 501 5597 2077 5677">
    <p class='ocr_par' dir='ltr' id='par_1_102' title="bbox 501 5597 2077 5677">
     <span class='ocr_line' id='line_1_102' title="bbox 501 5597 2077 5677; baseline -0.005 -18"><span class='ocrx_word' id='word_1_689' title='bbox 501 5601 735 5677; x_wconf 74' lang='lat' dir='ltr'><strong>Epistula</strong></span> <span class='ocrx_word' id='word_1_690' title='bbox 764 5599 1194 5677; x_wconf 51' lang='lat' dir='ltr'><strong>Simpliciipapa:</strong></span> <span class='ocrx_word' id='word_1_691' title='bbox 1232 5602 1302 5655; x_wconf 86' lang='lat' dir='ltr'><strong>ad</strong></span> <span class='ocrx_word' id='word_1_692' title='bbox 1335 5600 1686 5677; x_wconf 75' lang='lat' dir='ltr'><strong>Iorentium,</strong></span> <span class='ocrx_word' id='word_1_693' title='bbox 1712 5597 2007 5669; x_wconf 82' lang='lat' dir='ltr'><strong>Eqnilittm,</strong></span> <span class='ocrx_word' id='word_1_694' title='bbox 2030 5607 2077 5652; x_wconf 82' lang='lat' dir='ltr'><strong>et</strong></span> 
     </span>
    </p>
   </div>
   <div class='ocr_carea' id='block_1_103' title="bbox 996 5670 1583 5743">
    <p class='ocr_par' dir='ltr' id='par_1_103' title="bbox 996 5670 1583 5743">
     <span class='ocr_line' id='line_1_103' title="bbox 996 5670 1583 5743; baseline -0.003 -16"><span class='ocrx_word' id='word_1_695' title='bbox 996 5670 1263 5738; x_wconf 70' lang='lat' dir='ltr'><strong>Severum,</strong></span> <span class='ocrx_word' id='word_1_696' title='bbox 1300 5673 1583 5743; x_wconf 75' lang='lat' dir='ltr'><strong>episcopos.</strong></span> 
     </span>
    </p>
   </div>
   <div class='ocr_carea' id='block_1_104' title="bbox 575 5757 2081 5839">
    <p class='ocr_par' dir='ltr' id='par_1_104' title="bbox 575 5757 2081 5839">
     <span class='ocr_line' id='line_1_104' title="bbox 575 5757 2081 5839; baseline -0.007 -14"><span class='ocrx_word' id='word_1_697' title='bbox 575 5766 882 5839; x_wconf 83' lang='lat' dir='ltr'><strong>Simplicius</strong></span> <span class='ocrx_word' id='word_1_698' title='bbox 936 5765 1220 5836; x_wconf 79' lang='lat' dir='ltr'><strong>episcopus</strong></span> <span class='ocrx_word' id='word_1_699' title='bbox 1266 5763 1561 5833; x_wconf 82' lang='lat' dir='ltr'><strong>Florentio,</strong></span> <span class='ocrx_word' id='word_1_700' title='bbox 1613 5762 1847 5835; x_wconf 85' lang='lat' dir='ltr'><strong>Equitio,</strong></span> <span class='ocrx_word' id='word_1_701' title='bbox 1898 5772 1953 5816; x_wconf 83' lang='lat' dir='ltr'><strong>et</strong></span> <span class='ocrx_word' id='word_1_702' title='bbox 1983 5757 2081 5816; x_wconf 86' lang='lat' dir='ltr'><strong>Sc-</strong></span> 
     </span>
    </p>
   </div>
   <div class='ocr_carea' id='block_1_105' title="bbox 2182 4674 3771 4759">
    <p class='ocr_par' dir='ltr' id='par_1_105' title="bbox 2182 4674 3771 4759">
     <span class='ocr_line' id='line_1_105' title="bbox 2182 4674 3771 4759; baseline -0.002 -25"><span class='ocrx_word' id='word_1_703' title='bbox 2182 4679 2505 4750; x_wconf 77' lang='lat' dir='ltr'><strong>Reacriptttm</strong></span> <span class='ocrx_word' id='word_1_704' title='bbox 2530 4677 2709 4731; x_wconf 80' lang='lat' dir='ltr'><strong>Acacii</strong></span> <span class='ocrx_word' id='word_1_705' title='bbox 2734 4677 2802 4731; x_wconf 81' lang='lat' dir='ltr'><strong>ad</strong></span> <span class='ocrx_word' id='word_1_706' title='bbox 2829 4674 3155 4759; x_wconf 74' lang='lat' dir='ltr'><strong>Simplicium</strong></span> <span class='ocrx_word' id='word_1_707' title='bbox 3195 4675 3338 4729; x_wconf 76' lang='lat' dir='ltr'><strong>urbis</strong></span> <span class='ocrx_word' id='word_1_708' title='bbox 3365 4674 3543 4731; x_wconf 76' lang='lat' dir='ltr'><strong>Roma:</strong></span> <span class='ocrx_word' id='word_1_709' title='bbox 3567 4677 3771 4731; x_wconf 71' lang='lat' dir='ltr'><strong>archi-</strong></span> 
     </span>
    </p>
   </div>
   <div class='ocr_carea' id='block_1_106' title="bbox 2800 4762 3117 4817">
    <p class='ocr_par' dir='ltr' id='par_1_106' title="bbox 2800 4762 3117 4817">
     <span class='ocr_line' id='line_1_106' title="bbox 2800 4762 3117 4817; baseline -0.006 -16"><span class='ocrx_word' id='word_1_710' title='bbox 2800 4762 3117 4817; x_wconf 71' lang='lat' dir='ltr'><strong>episcopum.</strong></span> 
     </span>
    </p>
   </div>
   <div class='ocr_carea' id='block_1_107' title="bbox 2260 4832 3777 4909">
    <p class='ocr_par' dir='ltr' id='par_1_107' title="bbox 2260 4832 3777 4909">
     <span class='ocr_line' id='line_1_107' title="bbox 2260 4832 3777 4909; baseline -0.003 -14"><span class='ocrx_word' id='word_1_711' title='bbox 2260 4835 2487 4895; x_wconf 83' lang='lat' dir='ltr'><strong>Domino</strong></span> <span class='ocrx_word' id='word_1_712' title='bbox 2543 4847 2733 4894; x_wconf 87' lang='lat' dir='ltr'><strong>sancto</strong></span> <span class='ocrx_word' id='word_1_713' title='bbox 2794 4838 2935 4909; x_wconf 87' lang='lat' dir='ltr'><strong>patri</strong></span> <span class='ocrx_word' id='word_1_714' title='bbox 2996 4837 3405 4909; x_wconf 85' lang='lat' dir='ltr'><strong>archiepisc0po</strong></span> <span class='ocrx_word' id='word_1_715' title='bbox 3468 4832 3777 4905; x_wconf 82' lang='lat' dir='ltr'><strong>Simplicio</strong></span> 
     </span>
    </p>
   </div>
   <div class='ocr_carea' id='block_1_108' title="bbox 2177 4924 3774 4987">
    <p class='ocr_par' dir='ltr' id='par_1_108' title="bbox 2177 4924 3774 4987">
     <span class='ocr_line' id='line_1_108' title="bbox 2177 4924 3774 4987; baseline -0.002 -2"><span class='ocrx_word' id='word_1_716' title='bbox 2177 4932 2427 4987; x_wconf 82' lang='lat' dir='ltr'><strong>Aeacius.</strong></span> <span class='ocrx_word' id='word_1_717' title='bbox 2482 4929 2910 4986; x_wconf 88' lang='lat' dir='ltr'><strong>Sollicitudinem</strong></span> <span class='ocrx_word' id='word_1_718' title='bbox 2967 4927 3211 4983; x_wconf 90' lang='lat' dir='ltr'><strong>omnium</strong></span> <span class='ocrx_word' id='word_1_719' title='bbox 3260 4924 3631 4981; x_wconf 85' lang='lat' dir='ltr'><strong>Ecclesiarum</strong></span> <span class='ocrx_word' id='word_1_720' title='bbox 3689 4942 3774 4982; x_wconf 83' lang='lat' dir='ltr'><strong>se-</strong></span> 
     </span>
    </p>
   </div>
   <div class='ocr_carea' id='block_1_109' title="bbox 2177 5014 3774 5091">
    <p class='ocr_par' dir='ltr' id='par_1_109' title="bbox 2177 5014 3774 5091">
     <span class='ocr_line' id='line_1_109' title="bbox 2177 5014 3774 5091; baseline -0.004 -14"><span class='ocrx_word' id='word_1_721' title='bbox 2177 5024 2410 5078; x_wconf 88' lang='lat' dir='ltr'><strong>cundum</strong></span> <span class='ocrx_word' id='word_1_722' title='bbox 2450 5019 2764 5091; x_wconf 89' lang='lat' dir='ltr'><strong>Apostolum</strong></span> <span class='ocrx_word' id='word_1_723' title='bbox 2795 5017 3238 5075; x_wconf 84' lang='lat' dir='ltr'><strong>circumferentes</strong></span> <span class='ocrx_word' id='word_1_724' title='bbox 3266 5031 3364 5072; x_wconf 88' lang='lat' dir='ltr'><strong>nos</strong></span> <span class='ocrx_word' id='word_1_725' title='bbox 3391 5014 3774 5081; x_wconf 83' lang='lat' dir='ltr'><strong>indesinenter</strong></span> 
     </span>
    </p>
   </div>
   <div class='ocr_carea' id='block_1_110' title="bbox 2181 5108 3773 5183">
    <p class='ocr_par' dir='ltr' id='par_1_110' title="bbox 2181 5108 3773 5183">
     <span class='ocr_line' id='line_1_110' title="bbox 2181 5108 3773 5183; baseline -0.003 -16"><span class='ocrx_word' id='word_1_726' title='bbox 2181 5113 2493 5178; x_wconf 86' lang='lat' dir='ltr'><strong>hortamini,</strong></span> <span class='ocrx_word' id='word_1_727' title='bbox 2517 5111 2765 5183; x_wconf 86' lang='lat' dir='ltr'><strong>quamvis</strong></span> <span class='ocrx_word' id='word_1_728' title='bbox 2798 5119 2991 5180; x_wconf 89' lang='lat' dir='ltr'><strong>sponte</strong></span> <span class='ocrx_word' id='word_1_729' title='bbox 3013 5108 3298 5181; x_wconf 80' lang='lat' dir='ltr'><strong>vigilantes</strong></span> <span class='ocrx_word' id='word_1_730' title='bbox 3327 5122 3392 5162; x_wconf 89' lang='lat' dir='ltr'><strong>ac</strong></span> <span class='ocrx_word' id='word_1_731' title='bbox 3416 5120 3773 5176; x_wconf 58' lang='lat' dir='ltr'><strong>praecurren-</strong></span> 
     </span>
    </p>
   </div>
   <div class='ocr_carea' id='block_1_111' title="bbox 2178 5195 3767 5266">
    <p class='ocr_par' dir='ltr' id='par_1_111' title="bbox 2178 5195 3767 5266">
     <span class='ocr_line' id='line_1_111' title="bbox 2178 5195 3767 5266; baseline -0.003 -12"><span class='ocrx_word' id='word_1_732' title='bbox 2178 5212 2276 5266; x_wconf 89' lang='lat' dir='ltr'><strong>tes,</strong></span> <span class='ocrx_word' id='word_1_733' title='bbox 2314 5201 2405 5256; x_wconf 89' lang='lat' dir='ltr'><strong>sed</strong></span> <span class='ocrx_word' id='word_1_734' title='bbox 2439 5217 2532 5255; x_wconf 89' lang='lat' dir='ltr'><strong>vos</strong></span> <span class='ocrx_word' id='word_1_735' title='bbox 2559 5201 2740 5255; x_wconf 88' lang='lat' dir='ltr'><strong>divino</strong></span> <span class='ocrx_word' id='word_1_736' title='bbox 2778 5199 2894 5254; x_wconf 90' lang='lat' dir='ltr'><strong>zelo</strong></span> <span class='ocrx_word' id='word_1_737' title='bbox 2916 5197 3175 5253; x_wconf 89' lang='lat' dir='ltr'><strong>sollicitos</strong></span> <span class='ocrx_word' id='word_1_738' title='bbox 3199 5195 3610 5262; x_wconf 72' lang='lat' dir='ltr'><strong>demonsuatis,</strong></span> <span class='ocrx_word' id='word_1_739' title='bbox 3645 5206 3767 5250; x_wconf 86' lang='lat' dir='ltr'><strong>sta-</strong></span> 
     </span>
    </p>
   </div>
   <div class='ocr_carea' id='block_1_112' title="bbox 2181 5287 3767 5356">
    <p class='ocr_par' dir='ltr' id='par_1_112' title="bbox 2181 5287 3767 5356">
     <span class='ocr_line' id='line_1_112' title="bbox 2181 5287 3767 5356; baseline -0.004 -9"><span class='ocrx_word' id='word_1_740' title='bbox 2181 5303 2293 5350; x_wconf 88' lang='lat' dir='ltr'><strong>tum</strong></span> <span class='ocrx_word' id='word_1_741' title='bbox 2323 5292 2701 5347; x_wconf 67' lang='lat' dir='ltr'><strong>Alexandriam</strong></span> <span class='ocrx_word' id='word_1_742' title='bbox 2746 5289 3002 5344; x_wconf 76' lang='lat' dir='ltr'><strong>Ecclesia:</strong></span> <span class='ocrx_word' id='word_1_743' title='bbox 3044 5287 3245 5342; x_wconf 88' lang='lat' dir='ltr'><strong>certius</strong></span> <span class='ocrx_word' id='word_1_744' title='bbox 3295 5287 3663 5356; x_wconf 86' lang='lat' dir='ltr'><strong>requirentes,</strong></span> <span class='ocrx_word' id='word_1_745' title='bbox 3710 5298 3767 5341; x_wconf 91' lang='lat' dir='ltr'><strong>ut</strong></span> 
     </span>
    </p>
   </div>
   <div class='ocr_carea' id='block_1_113' title="bbox 2182 5378 3768 5457">
    <p class='ocr_par' dir='ltr' id='par_1_113' title="bbox 2182 5378 3768 5457">
     <span class='ocr_line' id='line_1_113' title="bbox 2182 5378 3768 5457; baseline -0.004 -20"><span class='ocrx_word' id='word_1_746' title='bbox 2182 5402 2277 5457; x_wconf 82' lang='lat' dir='ltr'><strong>pro</strong></span> <span class='ocrx_word' id='word_1_747' title='bbox 2322 5384 2562 5455; x_wconf 88' lang='lat' dir='ltr'><strong>paternis</strong></span> <span class='ocrx_word' id='word_1_748' title='bbox 2616 5381 2914 5437; x_wconf 86' lang='lat' dir='ltr'><strong>canonibtts</strong></span> <span class='ocrx_word' id='word_1_749' title='bbox 2971 5378 3279 5449; x_wconf 85' lang='lat' dir='ltr'><strong>suscipiatis</strong></span> <span class='ocrx_word' id='word_1_750' title='bbox 3337 5378 3575 5433; x_wconf 85' lang='lat' dir='ltr'><strong>laborem</strong></span> <span class='ocrx_word' id='word_1_751' title='bbox 3632 5379 3768 5448; x_wconf 78' lang='lat' dir='ltr'><strong>piis-</strong></span> 
     </span>
    </p>
   </div>
   <div class='ocr_carea' id='block_1_114' title="bbox 2182 5468 3764 5541">
    <p class='ocr_par' dir='ltr' id='par_1_114' title="bbox 2182 5468 3764 5541">
     <span class='ocr_line' id='line_1_114' title="bbox 2182 5468 3764 5541; baseline -0.009 -7"><span class='ocrx_word' id='word_1_752' title='bbox 2182 5481 2322 5534; x_wconf 81' lang='lat' dir='ltr'><strong>simo</strong></span> <span class='ocrx_word' id='word_1_753' title='bbox 2370 5474 2635 5531; x_wconf 83' lang='lat' dir='ltr'><strong>stillantes</strong></span> <span class='ocrx_word' id='word_1_754' title='bbox 2680 5470 2876 5528; x_wconf 86' lang='lat' dir='ltr'><strong>sudore</strong></span> <span class='ocrx_word' id='word_1_755' title='bbox 2914 5485 3009 5541; x_wconf 90' lang='lat' dir='ltr'><strong>pro</strong></span> <span class='ocrx_word' id='word_1_756' title='bbox 3061 5470 3175 5535; x_wconf 85' lang='lat' dir='ltr'><strong>his,</strong></span> <span class='ocrx_word' id='word_1_757' title='bbox 3228 5468 3369 5525; x_wconf 90' lang='lat' dir='ltr'><strong>sicut</strong></span> <span class='ocrx_word' id='word_1_758' title='bbox 3407 5481 3623 5536; x_wconf 88' lang='lat' dir='ltr'><strong>semper</strong></span> <span class='ocrx_word' id='word_1_759' title='bbox 3680 5474 3764 5522; x_wconf 85' lang='lat' dir='ltr'><strong>est</strong></span> 
     </span>
    </p>
   </div>
   <div class='ocr_carea' id='block_1_115' title="bbox 2184 5556 3762 5643">
    <p class='ocr_par' dir='ltr' id='par_1_115' title="bbox 2184 5556 3762 5643">
     <span class='ocr_line' id='line_1_115' title="bbox 2184 5556 3762 5643; baseline -0.012 -15"><span class='ocrx_word' id='word_1_760' title='bbox 2184 5570 2537 5643; x_wconf 87' lang='lat' dir='ltr'><strong>approbatum</strong></span> <span class='ocrx_word' id='word_1_761' title='bbox 2561 5584 2576 5635; x_wconf 85' lang='lat'><strong>;</strong></span> <span class='ocrx_word' id='word_1_762' title='bbox 2619 5564 2713 5622; x_wconf 72' lang='lat' dir='ltr'><strong>sed</strong></span> <span class='ocrx_word' id='word_1_763' title='bbox 2749 5561 3001 5620; x_wconf 86' lang='lat' dir='ltr'><strong>Christus</strong></span> <span class='ocrx_word' id='word_1_764' title='bbox 3026 5561 3165 5616; x_wconf 88' lang='lat' dir='ltr'><strong>Deus</strong></span> <span class='ocrx_word' id='word_1_765' title='bbox 3189 5569 3377 5616; x_wconf 85' lang='lat' dir='ltr'><strong>noster</strong></span> <span class='ocrx_word' id='word_1_766' title='bbox 3403 5558 3496 5632; x_wconf 84' lang='lat' dir='ltr'><strong>qui</strong></span> <span class='ocrx_word' id='word_1_767' title='bbox 3530 5556 3762 5630; x_wconf 57' lang='lat' dir='ltr'><strong>diligen.</strong></span> 
     </span>
    </p>
   </div>
   <div class='ocr_carea' id='block_1_116' title="bbox 2185 5648 3765 5726">
    <p class='ocr_par' dir='ltr' id='par_1_116' title="bbox 2185 5648 3765 5726">
     <span class='ocr_line' id='line_1_116' title="bbox 2185 5648 3765 5726; baseline -0.011 -8"><span class='ocrx_word' id='word_1_768' title='bbox 2185 5664 2327 5718; x_wconf 85' lang='lat' dir='ltr'><strong>tibus</strong></span> <span class='ocrx_word' id='word_1_769' title='bbox 2352 5674 2411 5717; x_wconf 88' lang='lat' dir='ltr'><strong>se</strong></span> <span class='ocrx_word' id='word_1_770' title='bbox 2438 5661 2492 5716; x_wconf 92' lang='lat' dir='ltr'><strong>in</strong></span> <span class='ocrx_word' id='word_1_771' title='bbox 2522 5658 2719 5715; x_wconf 90' lang='lat' dir='ltr'><strong>bonum</strong></span> <span class='ocrx_word' id='word_1_772' title='bbox 2749 5664 3089 5726; x_wconf 88' lang='lat' dir='ltr'><strong>cooperatur,</strong></span> <span class='ocrx_word' id='word_1_773' title='bbox 3123 5651 3325 5709; x_wconf 89' lang='lat' dir='ltr'><strong>nostris</strong></span> <span class='ocrx_word' id='word_1_774' title='bbox 3344 5648 3765 5723; x_wconf 84' lang='lat' dir='ltr'><strong>cogitationibus</strong></span> 
     </span>
    </p>
   </div>
   <div class='ocr_carea' id='block_1_117' title="bbox 2189 5745 3764 5820">
    <p class='ocr_par' dir='ltr' id='par_1_117' title="bbox 2189 5745 3764 5820">
     <span class='ocr_line' id='line_1_117' title="bbox 2189 5745 3764 5820; baseline -0.01 -9"><span class='ocrx_word' id='word_1_775' title='bbox 2189 5754 2451 5820; x_wconf 67' lang='lat' dir='ltr'><strong>insidens,</strong></span> <span class='ocrx_word' id='word_1_776' title='bbox 2480 5760 2536 5807; x_wconf 88' lang='lat' dir='ltr'><strong>et</strong></span> <span class='ocrx_word' id='word_1_777' title='bbox 2566 5766 2725 5806; x_wconf 86' lang='lat' dir='ltr'><strong>unam</strong></span> <span class='ocrx_word' id='word_1_778' title='bbox 2755 5748 2909 5806; x_wconf 85' lang='lat' dir='ltr'><strong>nobis</strong></span> <span class='ocrx_word' id='word_1_779' title='bbox 2940 5746 2994 5803; x_wconf 89' lang='lat' dir='ltr'><strong>in</strong></span> <span class='ocrx_word' id='word_1_780' title='bbox 3028 5745 3114 5801; x_wconf 90' lang='lat' dir='ltr'><strong>bis</strong></span> <span class='ocrx_word' id='word_1_781' title='bbox 3144 5752 3381 5800; x_wconf 86' lang='lat' dir='ltr'><strong>mentem</strong></span> <span class='ocrx_word' id='word_1_782' title='bbox 3423 5751 3587 5814; x_wconf 80' lang='lat' dir='ltr'><strong>atque</strong></span> <span class='ocrx_word' id='word_1_783' title='bbox 3612 5756 3764 5797; x_wconf 77' lang='lat' dir='ltr'><strong>eam-</strong></span> 
     </span>
    </p>
   </div>
  </div>
