3974 6436
212 356 339 412 955

1325 350 1811 408 DECRETALIUM
1851 349 2250 406 COLLECTIO.

3373 355 3479 410 9⁸54

208 468 354 521 dem
389 463 614 537 gloriam
667 470 785 530 eSse
830 478 1196 534 cognoscens,
1250 480 1466 520 onmem
1519 466 1800 520 victoriam
1831 467 1880 527 Α
1910 470 2066 516 nocte
2112 462 2285 516 adhuc
2328 461 2543 531 jacente
2601 459 2858 515 cadavere
2898 451 3044 516 illius
3085 478 3174 533 qui
3224 473 3477 533 paternos

208 556 346 626 ipse
399 552 657 625 perfecit,
713 563 992 608 consortes
1043 569 1139 610 nos
1185 571 1309 610 cum
1361 555 1804 626 tranquillissime

206 647 472 718 principe
521 644 744 701 faciens.
783 647 848 700 Et
894 646 1237 701 Timotheum
1289 647 1505 716 quidem
1558 648 1808 702 decesso-

213 753 344 793 rem
385 738 679 807 spirantem
702 737 966 806 procellas
995 746 1049 790 et
1087 737 1512 792 ecclesiasticam
1548 736 1808 806 tranquil~

210 827 460 890 litatem,
487 827 624 881 sicut
646 828 892 896 apparuit
923 827 1361 892 conturbantem,
1389 827 1510 880 vitae
1539 826 1807 880 subtraxit

209 916 500 980 humanae,
546 917 729 970 dicens
768 916 815 969 ei
848 933 861 968 :
895 915 1037 970 Tace
1079 924 1134 970 et
1180 915 1492 970 obmutesce
1526 933 1539 968 :
1576 910 1806 970 'Petrum

208 1021 443 1076 quoque
473 1006 562 1076 qui
616 1007 684 1060 ab
731 1006 1056 1060 Alexandria
1108 1021 1260 1061 more
1313 1006 1506 1076 similis
1561 1005 1806 1076 procella:

211 1107 578 1163 surrexerat,
634 1097 917 1168 dissipavit
973 1107 1138 1168 atque
1192 1098 1248 1152 in
1305 1107 1563 1152 aiternam
1625 1097 1805 1169 fugam

210 1199 416 1242 sancto
468 1188 880 1259 Spiritutlante
927 1190 1232 1255 convertit,
1285 1205 1448 1244 unum
1495 1206 1562 1244 ex
1603 1190 1687 1244 bis
1715 1190 1806 1259 qui

211 1279 358 1332 olim
389 1277 602 1334 fuerant
626 1279 883 1334 damnati.
912 1281 1064 1334 Sicut
1091 1280 1234 1334 enim
1262 1280 1315 1334 in
1345 1279 1546 1334 nostris
1569 1280 1806 1335 archivis

211 1367 309 1420 vel
341 1368 581 1423 conciliis
611 1369 886 1424 inventum
913 1379 1012 1432 est,
1056 1378 1110 1425 et
1144 1370 1209 1424 de
1247 1370 1446 1426 nostris
1492 1369 1727 1435 scriniis,
1759 1371 1804 1425 si

214 1459 524 1528 dignamini
578 1460 876 1531 requirere,
925 1461 1170 1530 poteritis
1225 1476 1519 1532 agnoscere
1572 1477 1692 1531 qua:
1740 1462 1806 1517 de

141 1548 156 1562 ‘
212 1548 419 1601 eodem
450 1549 733 1604 subsecuta
778 1550 844 1602 ab
874 1549 1236 1605 Alexandrino
1283 1550 1537 1620 episcopo
1578 1552 1648 1606 ad
1695 1552 1804 1608 Ro-

214 1656 373 1695 mam
429 1640 750 1695 alterutrum
808 1642 920 1696 sint
976 1642 1165 1696 relata.
1225 1641 1324 1708 Qui
1375 1641 1568 1697 Petrus
1631 1643 1806 1698 noctis

212 1732 464 1787 existens
513 1731 676 1797 filius,
721 1741 775 1786 et
825 1747 1046 1803 Operum
1096 1732 1198 1787 diei
1251 1733 1545 1787 lucentium
1599 1732 1806 1787 alienus

1907 567 2142 608 canones
2175 553 2536 607 subvertet-tat
2580 552 2862 622 insepulto,
2893 552 3158 622 subripuit
3189 555 3243 610 in
3270 557 3475 624 sedem,

1907 642 2045 696 sicut
2101 642 2213 710 ipse
2276 641 2568 696 arbitratus
2623 652 2707 696 est
2764 657 2869 696 uno
2925 650 2979 697 et
3036 642 3151 698 solo
3211 637 3479 714 praesente

1905 725 1961 785 et
2011 746 2074 785 eo
2120 732 2211 800 qui
2259 747 2484 786 consors
2538 731 2680 788 illius
2729 733 3013 787 insistebat
3062 733 3326 800 insania},
3385 735 3476 805 qui

1907 835 2169 889 nusquam
2212 821 2426 889 penitus
2456 821 2675 875 omnino
2723 831 2906 891 postea
2942 823 3260 891 comparuit.
3293 823 3478 879 Timo-

1908 909 2062 963 theus
2090 919 2270 964 autem
2301 911 2393 980 qui
2445 911 2711 966 Davidiere
2761 913 3188 970 mansuetudinis
3230 915 3476 986 exemplo

1906 998 2154 1053 subditur
2182 1008 2237 1055 et
2279 1016 2451 1070 usque
2479 1001 2529 1056 in
2573 1001 2732 1058 linem
2761 1004 2993 1073 patiens,
3026 1015 3188 1074 atque
3216 1007 3471 1076 potestati

1906 1095 2137 1164 propriae
2171 1095 2452 1150 restitutus
2497 1113 2526 1150 a
2565 1097 2778 1151 Christo
2811 1099 3041 1167 propriae
3087 1098 3231 1153 sedis
3269 1099 3475 1154 honore

1906 1183 2142 1253 laetatur,
2179 1195 2235 1241 et
2282 1186 2638 1256 spiritualium
2693 1186 2920 1241 filiorum
2970 1203 3128 1244 voces
3181 1189 3474 1258 accipiens,

1906 1278 2133 1347 gratiam
2193 1277 2490 1333 curationis
2538 1287 2856 1348 exspectat,
2907 1279 3260 1349 multiplicato
3310 1282 3361 1334 in
3414 1297 3476 1337 se

1906 1367 2110 1423 honore
2161 1383 2192 1422 a
2250 1367 2469 1423 Christo
2525 1369 2768 1440 principe
2821 1371 3199 1436 sacerdotum,
3253 1379 3476 1442 propter

1906 1472 2064 1527 quem
2109 1466 2163 1512 et
2207 1457 2505 1513 tolerantiae
2537 1449 2792 1514 Coronam
2824 1459 3039 1515 sibimet
3065 1461 3328 1532 religavit.
3383 1461 3480 1515 At-

1905 1549 2105 1604 tentius
2149 1549 2312 1618 igitur
2359 1558 2479 1605 oret
2532 1560 2708 1607 vestra
2753 1552 3029 1608 beatitudo
3084 1569 3181 1624 pro
3215 1553 3478 1610 Christia-

1906 1640 2129 1696 nissimo
2165 1642 2488 1712 imperatore
2529 1651 2583 1698 et
2635 1658 2733 1712 pro
2776 1644 2932 1699 nobis
2963 1644 3110 1715 ipsis.
3153 1642 3475 1700 Universam

1908 1731 2299 1787 fraternitatem
2338 1748 2457 1803 quae
2489 1733 2766 1790 Vobiscum
2797 1743 2879 1789 est
2909 1735 2961 1789 in
2991 1735 3238 1801 Christo,
3291 1751 3389 1806 ego
3427 1745 3481 1790 et

214 1836 512 1891 apparens,
541 1823 762 1876 omnino
791 1823 1041 1876 tenebras
1069 1821 1134 1874 ad
1168 1820 1512 1876 latrocinium
1537 1835 1804 1888 congruas
1840 1818 1881 1877 Β
1909 1822 1998 1892 qui
2051 1836 2261 1877 mecum
2293 1830 2434 1888 sunt,
2467 1821 2782 1877 salutamus.
2821 1823 2886 1876 Et
2917 1823 3023 1877 alia
3048 1841 3203 1878 manu
3235 1843 3252 1881 .·
3278 1824 3333 1878 1η
3370 1824 3470 1876 Do~

214 1913 586 1983 peragendum
637 1928 823 1968 earum
878 1921 1196 1983 cooperator
1257 1912 1572 1979 inveniens,
1626 1913 1800 1967 media

1911 1913 2055 1966 mino
2093 1927 2185 1965 ora
2228 1928 2325 1982 pro
2362 1913 2535 1979 nobis,
2565 1912 2866 1982 justissime
2902 1922 3072 1983 pater.

224 2076 3470 2103 mm

726 2207 1356 2295 INCIPIUNT
1428 2201 1963 2295 DECRETA
2035 2203 2493 2294 FELICIS
2578 2203 2950 2293 PAPfE.

734 2394 770 2446 ιι
807 2392 1016 2448 Siculos
1057 2393 1341 2463 episcopos.

298 2487 348 2540 Ι.
380 2485 455 2540 De
483 2485 566 2540 his
602 2486 692 2555 qui
725 2485 979 2541 bantizati
1033 2485 1340 2553 doluerunt,
1367 2493 1422 2540 et
1469 2494 1654 2555 postea
1685 2499 1801 2557 pce-

213 2577 400 2632 nitere
427 2576 732 2632 noluerunt.

290 2670 350 2723 ἐξ.
404 2668 480 2725 De
529 2669 862 2741 presbyteris
910 2671 996 2725 vel
1051 2670 1365 2727 diaconibus
1411 2671 1505 2742 qui
1549 2670 1602 2725 in
1643 2670 1799 2742 lapsu

210 2759 606 2814 haereticorum
657 2776 715 2815 se
747 2759 1057 2830 baptismati
1101 2759 1384 2814 dederunt.

290 2849 346 2903 3.
376 2849 452 2904 De
483 2850 570 2904 his
615 2849 704 2920 qui
735 2864 795 2904 se
836 2849 1246 2919 rebaptizandos
1283 2848 1446 2920 impie
1490 2849 1771 2905 dederunt.

289 2941 345 2995 4.
375 2941 451 2996 De
485 2941 569 2996 his
603 2942 694 2996 oui
725 2956 819 2996 ncr
847 2941 1204 3012 ignorantiam
1253 2941 1430 2997 aetatis
1478 2941 1800 2998 rebantizati

212 3042 372 3089 sunt.

1903 2387 2129 2446 curandi
2168 2387 2398 2444 facilitas
2429 2389 2705 2445 mortifera
2746 2391 2938 2460 capitis
2978 2401 3129 2461 peste
3176 2391 3310 2447 nihil
3357 2408 3479 2462 pro-

1904 2481 1974 2535 sit
2010 2498 2024 2534 :
2058 2479 2152 2535 sed
2210 2481 2428 2550 segnius
2475 2489 2644 2535 tracta
2677 2482 2958 2552 pernicies
3001 2492 3150 2538 reatu
3194 2498 3304 2538 non
3349 2484 3479 2555 legi-

1905 2572 2049 2628 tima:
2095 2571 2392 2626 curationis
2445 2571 2684 2628 involvat
2727 2573 2933 2628 oariter
2983 2575 3197 2629 saucios
3247 2584 3303 2630 et
3357 2591 3472 2630 mc-

1905 2659 2114 2714 dentes.

1973 2750 2102 2805 Cae.
2130 2750 2169 2805 l.
2213 2749 2272 2804 In
2314 2751 2503 2820 primis
2532 2751 2713 2820 itaque
2737 2751 3004 2807 venientis
3033 2752 3098 2806 ad
3124 2769 3220 2808 vos
3249 2762 3304 2809 et
3337 2767 3480 2808 reme

1903 2841 2047 2895 dium
2076 2840 2397 2912 postulantis
2440 2842 2668 2900 sollicite
2697 2844 3030 2899 discutienda
3059 2852 3143 2898 est
3171 2843 3436 2914 professio
3461 2886 3476 2907 ,

1900 2941 1956 2987 et
1982 2947 2210 3002 persona
2234 2933 2465 3003 decepti,
2485 2943 2542 2989 ut
2573 2935 2778 2990 medela
2799 2935 2970 3004 possit
2995 2949 3303 3004 congruens
3327 2936 3481 2990 exhi-

1899 3025 2035 3079 beri.
2069 3025 2133 3078 Et
2159 3024 2248 3096 qui
2295 3025 2668 3081 satisfacturus
2711 3025 2820 3080 Deo
2863 3039 2962 3094 per
2990 3025 3370 3095 paenitentiam
3421 3041 3481 3080 se

292 3122 346 3178 5.
395 3124 470 3180 De
513 3123 600 3178 his
646 3123 737 3193 qui
763 3125 830 3179 ab
871 3123 1142 3180 hteretieis
1174 3125 1458 3195 baptizati,
1500 3135 1596 3180 aut
1648 3127 1798 3181 reba-
1825 3127 1870 3190 (ζ
1901 3114 2292 3184 t‘ebaptizatum
2349 3115 2581 3185 legitime
2625 3115 2870 3180 doluerit,
2908 3123 3088 3169 utrum
3135 3115 3202 3169 ad
3249 3117 3350 3171 hoc
3396 3116 3479 3168 fa-

211 3214 410 3287 ptizati
437 3223 596 3281 sunt,
625 3223 686 3270 ut
713 3214 781 3270 ad
800 3215 1226 3270 ecclesiasticam
1259 3215 1506 3270 militiam
1541 3231 1645 3270 non
1675 3231 1798 3270 oe"-

215 3305 464 3360 veniant.

292 3392 345 3448 6.
371 3393 442 3447 De
455 3393 843 3466 ptenitentibus
870 3402 929 3449 ut
957 3394 1024 3448 ab
1051 3391 1172 3448 aliis
1197 3393 1467 3464 episcopis
1494 3409 1599 3449 non
1628 3393 1799 3449 susci-

213 3486 463 3554 piantur.

295 3575 499 3642 Flavio,
517 3577 720 3642 Boetio,
739 3577 870 3632 viris
895 3577 1215 3633 clarissimis
1238 3577 1571 3642 consulibus,
1597 3578 1694 3632 sub
1716 3577 1801 3632 die

217 3681 285 3720 Ill
341 3665 528 3721 Iduum
585 3666 897 3722 Martiarum
923 3709 936 3733 ,
981 3668 1034 3723 in
1078 3667 1301 3732 basilica
1341 3667 1796 3731 Constantiniani,

227 3759 506 3814 residente
529 3759 822 3815 venerabili
846 3760 965 3814 viro
992 3776 1129 3830 papa
1153 3759 1352 3826 Felice,
1381 3775 1485 3813 una
1515 3774 1635 3814 curn
1667 3774 1802 3828 qua-

215 3850 468 3920 draginta
508 3849 776 3920 episcopis
815 3850 1220 3905 considentibus
1263 3849 1532 3903 universis
1577 3849 1802 3920 presby-

217 3941 374 4006 teris,
409 3941 711 3996 astantibus
756 3941 919 3996 etiam
954 3941 1286 4003 diaconibus,
1331 3941 1481 3996 Felix
1517 3941 1799 4011 episcopus

216 4029 475 4084 Ecclesiae
522 4029 800 4086 catholica:
845 4030 992 4085 urbis
1018 4030 1202 4086 Belua:
1239 4031 1444 4100 synodo
1480 4031 1796 4099 praesidens,

217 4119 406 4175 dixit:
440 4119 757 4180 Communis
805 4121 960 4178 dolor
996 4129 1051 4176 et
1108 4121 1378 4191 generalis
1426 4131 1508 4176 est
1564 4121 1798 4189 gemitus

216 4211 365 4280 quod
405 4211 544 4266 intra
581 4210 820 4266 Africam
861 4211 1248 4282 rebaptizatos,
1289 4212 1452 4266 etiam
1496 4211 1796 4280 episcopos,

216 4302 588 4373 presbyteros,
618 4302 980 4370 diaconosque
1003 4302 1373 4372 cognovimus.
1403 4302 1534 4368 Quae
1567 4315 1652 4356 res
1682 4301 1798 4354 sine

218 4392 388 4448 dubio
419 4393 486 4446 ad
515 4401 716 4447 nostra:
743 4407 958 4463 quoque
983 4393 1228 4461 pervenit
1258 4407 1506 4447 normam
1541 4392 1800 4448 sanctita-

1903 3205 2060 3258 cinus
2121 3205 2421 3258 occurrerit
2465 3220 2532 3258 an
2585 3203 2845 3274 impulsus
2907 3204 3199 3258 accesserit
3243 3204 3484 3272 requira-

1903 3303 1990 3349 tur
2041 3294 2219 3348 sciens
2253 3293 2396 3364 quod
2432 3309 2489 3348 se
2524 3293 2758 3364 decipiat
2803 3294 2915 3364 ipse
2963 3293 3054 3364 qui
3107 3292 3283 3359 fallit,
3326 3293 3484 3348 nihil-

1899 3404 2003 3460 que
2053 3403 2150 3460 per
2179 3398 2420 3444 nostram
2475 3388 2786 3444 facilitatem
2839 3385 3121 3443 tribunalis
3157 3385 3354 3442 excelsi
3397 3373 3490 3455 ju-i

1907 3479 2039 3534 dicio
2081 3479 2361 3549 derogari,
2411 3479 2498 3534 cui
2549 3478 2638 3534 illa
2686 3485 2812 3534 sunt
2841 3485 2978 3543 rata,
3026 3492 3146 3547 quae
3193 3476 3318 3546 pia,
3361 3492 3482 3547 quae

1899 3584 2066 3634 vera,
2119 3584 2238 3640 qua:
2284 3569 2430 3640 justa
2481 3577 2628 3634 sunt,
2681 3577 2735 3623 et
2772 3568 2926 3622 aliter
2985 3567 3346 3632 necessitatis,
3383 3567 3482 3620 ali-

1903 3669 1982 3714 ter
2023 3661 2300 3716 tractanda
2350 3668 2431 3715 est
2461 3659 2601 3714 ratio
2631 3658 2940 3714 voluntatis.
2987 3657 3230 3712 Deterior
3257 3667 3339 3712 est
3387 3673 3480 3711 au-

1902 3759 2008 3805 tem
2059 3765 2219 3806 causa
2277 3751 2434 3812 illius,
2470 3750 2562 3820 qui
2608 3749 2741 3805 forte
2789 3748 2964 3822 pretio
3014 3749 3333 3805 sollicitatus
3372 3759 3478 3814 est,

1902 3850 1960 3896 ut
1993 3841 2215 3913 periret.
2247 3841 2390 3896 Nihil
2419 3841 2565 3897 enim
2585 3841 2912 3897 intentatum
2955 3841 3172 3912 reliquit
3199 3840 3478 3906 inimicus,

1902 3937 2008 4002 cui,
2040 3951 2111 3991 ne
2137 3937 2203 3991 de
2230 3951 2324 3991 sua
2351 3934 2514 3990 liceat
2532 3936 2765 4006 gaudere
2791 3941 3036 4005 captura,
3057 3932 3476 3987 succurrendum

1899 4037 1982 4084 est
2004 4028 2252 4092 irretitis,
2278 4035 2332 4083 et
2359 4026 2722 4082 conterendus
2747 4037 2830 4081 est
2859 4026 3106 4080 venantis
3134 4023 3382 4093 laqueus,
3416 4031 3477 4076 ut

1899 4118 2199 4175 infucatnm
2229 4117 2652 4174 lamentantibus
2690 4117 2900 4188 lapsum
2933 4125 3039 4170 tam
3078 4115 3303 4185 justitim
3354 4130 3476 4170 mo-

1899 4210 2196 4274 deratione,
2243 4225 2405 4278 quam
2456 4209 2870 4281 compunctione
2919 4208 3133 4280 pietatis
3186 4208 3253 4262 ad
3296 4207 3477 4262 aulam

1899 4315 2058 4370 quam
2094 4299 2427 4369 reliquerant
2454 4301 2525 4354 sit
2554 4313 2850 4368 regressus,
2877 4313 2972 4353 nec
2999 4299 3199 4366 pudeat
3225 4298 3476 4364 forsitan,

1901 4396 1995 4443 aut
2043 4389 2220 4460 pigeat
2271 4389 2485 4444 indictis
2507 4388 2834 4458 jejuniorum
2883 4390 3287 4460 gemituumque
3339 4398 3476 4445 tem-

221 4484 314 4550 tis,
363 4485 430 4539 de
478 4498 586 4554 quo
633 4484 761 4555 quid
796 4485 1073 4540 observari
1127 4485 1360 4550 debeat,
1399 4486 1653 4541 ordinare
1698 4499 1795 4538 nos
1824 4471 1873 4531 D
1898 4483 2117 4552 poribus
2138 4483 2632 4549 obedire,autaliis
2655 4483 3012 4539 observantiae
3036 4483 3356 4540 salubrioris
3380 4485 3479 4540 ob-

219 4575 491 4629 convenit.
523 4573 756 4630 Proinde
778 4583 836 4629 ut
867 4574 1150 4630 manifesta
1180 4575 1252 4630 sit
1278 4591 1440 4646 super
1471 4575 1572 4630 hoc
1609 4581 1796 4628 nostra

218 4667 514 4732 sententia,
541 4681 659 4736 qua:
677 4668 840 4732 nobis
869 4675 995 4722 sunt
1034 4666 1167 4729 visa,
1207 4667 1520 4722 recitentur.
1554 4665 1799 4719 Astasius

221 4757 487 4812 diaconus
525 4758 793 4813 recitavit.

295 4849 666 4906 Dilectissimis
706 4851 759 4905 in
799 4849 1015 4906 Christo
1058 4849 1184 4906 Iesu
1224 4848 1486 4905 fratribus
1527 4849 1799 4905 universis

218 4943 487 5013 episcopis
519 4958 616 5012 per
640 4943 880 5001 diversas
927 4942 1235 5013 provincias
1263 4941 1592 4997 constitutis.
1623 4941 1800 5009 Quali-

223 5042 308 5086 ter
332 5032 386 5086 in
422 5030 692 5088 Africanis
738 5032 1050 5102 regionibus
1081 5032 1280 5087 astutia
1313 5031 1513 5087 diaboli
1564 5031 1800 5087 saevierit

221 5123 279 5177 in
329 5123 580 5192 populum
634 5123 1002 5179 Christianum
1054 5133 1216 5193 atque
1275 5123 1326 5178 id
1377 5124 1656 5195 multiplici
1702 5125 1798 5178 do-

221 5215 472 5283 ceptione
493 5216 822 5285 proruperit,
847 5225 906 5271 ut
929 5233 1038 5271 non
1070 5216 1229 5272 modo
1259 5217 1450 5286 vulgus
1494 5215 1795 5280 incautum,

220 5305 318 5360 sed
345 5305 489 5373 ipsos
515 5305 569 5359 in
592 5295 783 5360 mortis
822 5305 1083 5375 profunda
1115 5307 1435 5362 demerserit
1462 5307 1796 5371 sacerdotes,

221 5393 403 5451 nullus
431 5395 577 5450 orbis
604 5410 712 5450 non
754 5397 978 5466 gemuit,
1005 5397 1150 5452 nulla
1176 5407 1320 5452 terra
1362 5397 1612 5452 nescivit.
1646 5396 1799 5452 Unde

224 5485 282 5541 in
334 5486 525 5558 grandi
574 5503 805 5543 mmrore
854 5489 1013 5558 positi
1056 5490 1399 5546 dissimulare
1446 5505 1554 5547 non
1603 5505 1797 5560 possu-

224 5593 346 5634 mus
395 5580 734 5650 pereuntium
783 5589 947 5650 atque
987 5595 1015 5634 a
1063 5582 1224 5637 nobis
1254 5582 1642 5652 exigendarum
1683 5583 1795 5638 dis-

221 5674 430 5728 crimen
496 5675 822 5732 animarum.
886 5675 1224 5748 Quapropter
1279 5688 1596 5750 competens
1648 5680 1800 5734 adhi-

213 5765 400 5823 benda
450 5766 645 5822 talibus
687 5767 947 5822 medicina
993 5768 1347 5837 vulneribus,
1399 5786 1464 5825 ne
1511 5772 1796 5828 immatura

1905 4585 2206 4644 temperare
2261 4575 2540 4645 przeceptis
2561 4614 2575 4639 ,
2609 4574 2733 4644 quia
2767 4574 3055 4629 humilibus
3087 4573 3248 4629 datur
3274 4575 3475 4648 gratia,

1903 4683 2008 4722 non
2050 4668 2315 4738 superbis.
2355 4665 2437 4722 Sit
2458 4682 2586 4739 ergo
2617 4668 2784 4722 ruina:
2809 4681 2919 4721 sua:
2951 4666 3135 4722 dolore
3170 4675 3482 4738 prostratus

1901 4761 2143 4830 quisquis
2191 4761 2244 4815 in
2281 4759 2494 4816 Christo
2540 4760 2654 4816 fieri
2687 4760 2877 4829 qurerit
2903 4759 3128 4825 electus,
3161 4771 3215 4815 et
3244 4775 3342 4830 per
3369 4761 3482 4817 dis-

1899 4851 2184 4922 positionis
2232 4859 2429 4906 nostraz
2472 4851 2807 4921 mysterium,
2848 4850 2990 4923 quod
3042 4860 3280 4906 vestram
3327 4865 3484 4922 sequi

1901 4949 2155 5006 convenit
2207 4949 2550 5014 charitatem,
2603 4963 2703 5004 nec
2739 4949 2899 5004 alicui
2959 4949 3041 5004 fas
3084 4960 3168 5008 est
3219 4950 3303 5005 vtl
3345 4950 3480 5006 velle

1901 5041 1986 5097 vel
2045 5056 2202 5111 posse
2248 5040 2630 5096 transcendere
2682 5055 2875 5096 causas
2925 5038 3081 5110 ejus,
3135 5042 3227 5111 qui
3289 5049 3480 5098 contra

1900 5132 2246 5202 apostolicam
2294 5133 2592 5188 doctrinam
2637 5131 2703 5185 ad
2735 5132 3070 5186 iterationem
3093 5147 3154 5186 se
3182 5133 3480 5202 baptisma-

1902 5223 1969 5278 tis
2015 5223 2174 5277 nimis
2223 5222 2511 5280 infaustam
2552 5223 2719 5290 dedit,
2767 5223 2845 5277 vel
2903 5221 3020 5290 ejus
3071 5223 3162 5293 qui
3207 5224 3478 5294 aliquibus

1901 5313 2235 5382 argumentis
2265 5312 2632 5366 excusandum
2663 5312 2852 5367 callide
2898 5313 3174 5383 preprium
3204 5312 3479 5384 putaverit

1899 5417 2020 5457 esse
2047 5418 2389 5458 consensum.
2415 5403 2747 5459 Sacerdotali
2780 5403 2962 5474 vigore
2982 5413 3037 5459 et
3060 5404 3394 5458 humanitate
3418 5402 3475 5458 in

1901 5495 1981 5549 cis
2014 5494 2166 5559 ﬁdes,
2195 5509 2315 5565 qua:
2343 5495 2442 5551 nisi
2474 5504 2558 5550 est
2609 5512 2713 5551 una
2743 5496 2851 5564 jam
2899 5496 3042 5552 nulla
3067 5505 3172 5561 est,
3210 5495 3474 5562 adjutorio

1903 5586 2336 5656 Dominijudicis
2361 5587 2424 5641 ad
2453 5587 2700 5650 salutem,
2742 5589 2858 5642 sine
2897 5595 3098 5642 nostra:
3143 5584 3475 5655 operationis

1901 5678 2192 5734 offensione
2223 5689 2536 5749 reparetur,
2578 5680 2702 5750 quia
2751 5696 2872 5734 cum
2913 5677 3214 5748 peccatoris
3247 5691 3276 5730 a
3321 5675 3476 5729 nobis

1904 5774 2202 5832 satisfactio
2233 5775 2600 5845 protrahatur,
2627 5790 2729 5829 non
2762 5785 2957 5846 praeter
2985 5771 3194 5838 laudem
3237 5779 3460 5828 nostrau
