3974 6432
498 358 601 419 935

1328 361 1616 420 sereno.
1658 360 1750 419 AD
1790 338 2083 421 sicilia
2115 343 2185 403 έ-
2213 360 2461 421 tsmont
2503 317 2943 421 uenenatas

3666 370 3765 426 936

497 487 661 549 atque
709 473 947 532 laetitiam
989 490 1140 531 mens
1166 488 1281 544 ejus
1326 476 1397 531 ad
1431 475 1644 532 veniam
1683 475 1962 547 purgatior
1989 474 2072 529 in-
2106 483 2151 538 Α
2182 482 2253 528 tet
2302 474 2397 529 eos
2444 474 2535 545 qui
2570 474 2813 530 oratione
2852 476 2970 530 sola
3011 476 3426 544 communicant,
3462 480 3641 537 donec
3670 482 3767 536 im-

495 569 732 623 venitur.
779 566 847 622 Et
881 566 1003 623 ideo
1053 565 1411 623 memineritis
1455 567 1599 622 hanc
1641 580 1805 635 super
1845 565 1930 621 his
1977 578 2076 619 nos

494 658 697 715 habere
724 656 1067 722 sententiam,
1103 665 1186 724 ut,
1218 664 1428 713 servata
1471 656 1797 712 discretione
1842 667 2075 725 peccan-

496 751 659 818 tium,
690 754 798 806 hon
840 750 1027 806 eadem
1078 749 1371 818 cunctigqui
1411 747 1546 819 lapsi
1588 756 1714 803 sunt
1743 747 1895 802 lance
1939 761 2075 816 peu-

492 830 698 909 sentur,
735 842 990 912 quoniam
1019 838 1240 911 majoris
1263 838 1639 910 castigationis
1664 838 1965 909 exigendus
1990 844 2077 892 est

492 950 678 1000 usura,
701 934 786 990 cui
810 934 999 989 domus
1025 930 1540 988 Domini’commissa
1566 929 1729 985 fuerit
1751 930 2063 1001 disciplina.

548 1025 619 1080 ll.
646 1018 737 1082 'Ut
760 1040 888 1096 ergo
919 1023 985 1078 ab
1008 1022 1259 1078 Ecclesiae
1298 1020 1704 1077 summitatibus
1738 1020 2074 1083 iu‘ehoemus,

492 1132 587 1173 eos
612 1132 749 1188 quos
776 1115 1079 1187 episcopos,
1118 1111 1463 1184 presbyteros
1491 1110 1578 1165 vel
1603 1110 1861 1166 diacdnos
1886 1110 1887 1113 “
1911 1109 2077 1164 fuisse

493 1205 834 1271 constiterit,
884 1206 939 1259 et
970 1218 1056 1286 .se
1098 1208 1349 1274 ’optantes
1378 1199 1655 1267 'l'orsitan,
1708 1202 1805 1256 Seu
1857 1208 2077 1255 coactos

492 1300 699 1355 lavacri
764 1297 909 1353 illius
963 1296 1108 1352 unici
1161 1293 1525 1365 salutarisque
1572 1292 1833 1349 claruerit
1882 1292 2076 1348 fecisse

484 1392 776 1463 jacturam,
808 1399 862 1446 et
890 1389 1163 1446 Christum
1188 1402 1350 1458 quem
1381 1401 1488 1442 non
1519 1385 1692 1441 solum
1739 1386 1882 1440 dono
1923 1398 2075 1449 rege-

495 1466 794 1537 nerationis
819 1521 835 1547 ,
882 1494 1068 1534 verum
1113 1478 1275 1534 etiam
1307 1478 1535 1547 gratiam
1564 1477 1819 1549 praecepti
1856 1469 2077 1532 honoris

495 1572 787 1629 induerant
814 1572 1030 1627 exuisse
1052 1582 1176 1626 cum
1204 1574 1435 1634 constet,
1460 1567 1732 1624 neminem
1771 1568 1839 1623 ad
1869 1574 2067 1623 secun-

494 1667 618 1719 dam
667 1659 979 1719 tinctionem
1036 1662 1222 1717 venire
1282 1662 1569 1732 potuisse,
1623 1659 1730 1717 nisi
1788 1672 1848 1716 se
1890 1658 2070 1732 palam

492 1752 859 1811 ChriStianum
912 1753 1211 1826 negaverit,
1237 1760 1291 1807 et
1336 1750 1612 1824 professus
1646 1749 1811 1806 fuerit
1856 1765 1915 1806 se
1944 1765 2070 1808 esse

2182 565 2394 637 pleatur
2430 568 2665 637 spatium
2705 567 2965 637 temporis
3017 567 3193 623 eidem
3231 570 3625 641 praestitutum.
3652 570 3760 627 Nec

2179 657 2598 713 catechumenos
2655 667 2903 723 nostros,
2966 659 3058 728 qui
3104 660 3217 714 sub
3277 660 3369 716 tali
3421 661 3770 733 professione

2179 745 2435 815 baptizati
2477 756 2605 802 sunt
2627 747 3115 817 praetermittimus,
3162 749 3290 819 quia
3334 766 3443 806 non
3483 762 3571 807 est
3599 769 3768 808 causa

2181 837 2463 892 dissimilis
2492 854 2509 892 :
2536 838 2678 893 sicut
2720 838 2881 893 iidem
2913 840 3087 895 sancti
3119 855 3355 897 canones
3374 836 3775 899 orﬂnavernnt

2178 929 2297 1000 ejus
2328 930 2419 999 qui
2447 929 2689 999 quolibet
2728 930 2888 985 modo
2929 931 3207 987 Christum
3236 948 3396 1004 quem
3438 936 3617 991 semel
3643 952 3774 992 con-

2182 1018 2357 1075 fessus
2384 1019 2666 1091 abjurarit.
2696 1020 2891 1076 Tribus
2919 1022 3077 1077 annis
3120 1023 3261 1078 inter
3316 1026 3608 1081 audientes
3638 1026 3769 1091 sint,

2178 1118 2233 1164 et
2253 1119 2437 1180 postea
2463 1125 2584 1166 cum
2611 1112 3428 1183 catechumenlsperinittantur
3448 1132 3645 1182 orare,
3681 1133 3774 1188 per

2178 1214 2369 1255 manus
2415 1201 2814 1271 impositionem
2858 1206 3254 1261 communionis
3286 1207 3597 1264 catholica:
3644 1224 3770 1280 gra-

2179 1288 2307 1343 tiam
2323 1291 2647 1361 percepturi,
2664 1291 2905 1361 exceptis
2925 1307 3058 1348 sane
3070 1294 3445 1352 tantummodo
3464 1297 3770 1369 episcopis,

2176 1380 2508 1452 presbyteris
2571 1389 2627 1436 et
2686 1381 3005 1438 diaconibus
3052 1398 3188 1454 quos
3243 1384 3359 1440 solo
3394 1388 3595 1443 mortis
3659 1402 3772 1445 Sua:

2177 1476 2417 1539 tempere
2454 1470 2882 1527 reconciliandos
2927 1486 3050 1528 esse
3094 1473 3206 1545 jam
3261 1475 3540 1532 duximus.
3595 1476 3773 1533 Caete—

2176 1570 2290 1626 ros,
2321 1559 2374 1614 id
2401 1568 2484 1615 est
2522 1574 2616 1615 seu
2643 1559 2876 1618 clericos
2900 1602 2915 1628 ,
2945 1562 3061 1619 sive
3102 1566 3431 1632 monachos,
3463 1581 3563 1623 seu
3598 1567 3769 1625 laicos

2177 1648 2464 1717 utriusque
2512 1659 2675 1704 sexus
2722 1663 3004 1720 personas,
3033 1667 3172 1722 quos
3214 1653 3473 1709 violentia
3505 1657 3769 1725 periculis

2176 1745 2398 1794 coactos
2436 1740 2780 1795 iterationem
2810 1740 3155 1811 baptismatis
3183 1743 3393 1801 subisse
3426 1748 3768 1812 constiterit,

494 1859 780 1915 paganum.
838 1842 991 1911 Quod
1042 1858 1165 1898 cum
1210 1842 1536 1914 generaliter
1583 1842 1656 1897 sit
1704 1841 1758 1897 in
1810 1841 2069 1897 omnibus
2108 1837 2149 1896 Β
2179 1831 2263 1886 νει
2309 1830 2402 1900 qui
2442 1831 2623 1902 aliquo
2650 1842 2957 1889 εοῐηιηεηιο
2986 1834 3149 1907 huius
3174 1851 3232 1891 se
3264 1836 3525 1893 facinoris
3550 1841 3771 1909 piaculo

495 1937 907 2002 exsecrandum,
938 1935 1106 1992 multo
1133 1936 1304 2008 magis
1325 1936 1378 1991 in
1406 1934 1693 2006 episcopis,
1719 1934 2072 2007 presbyteris,

493 2027 808 2084 diaconibus
824 2026 1065 2083 auditum
1082 2026 1271 2083 saltem
1299 2027 1549 2099 dictoque
1570 2026 1824 2097 probatur
1851 2025 2076 2081 horren-

496 2120 645 2175 dum.
678 2119 785 2176 Sed
828 2121 954 2191 quia
999 2120 1139 2175 idem
1172 2119 1434 2175 Dominus
1480 2125 1641 2188 atque
1680 2116 1929 2172 Salvator
1967 2115 2075 2171 clev

495 2211 863 2266 mentissimus
895 2219 980 2265 est
1019 2218 1074 2264 et
1101 2211 1369 2264 neminem
1417 2210 1530 2264 vult
1556 2209 1757 2278 perire,
1791 2222 1963 2277 usque
1998 2206 2067 2262 ad

494 2304 672 2355 exitus
697 2299 780 2355 sui
809 2299 954 2355 diem
997 2298 1050 2353 in
1100 2298 1415 2369 poenitentia
1460 2298 1504 2352 si
1538 2297 1860 2367 resipiscunt
1893 2293 2076 2364 jacere

493 2378 801 2455 conveniet,
822 2394 929 2443 nec
959 2386 1192 2443 orationi
1220 2402 1326 2442 non
1358 2386 1517 2441 modo
1543 2385 1778 2440 ﬁdelium
1797 2424 1813 2448 ,
1856 2384 2076 2440 sed‘nec

495 2477 1003 2533 eatechumenorum
1032 2475 1356 2531 omnimodis
1383 2475 1668 2531 interesse.
1692 2472 1898 2541 Quibus
1923 2488 2076 2528 com-

495 2567 677 2622 munio
699 2564 836 2623 laica
864 2568 917 2622 in
949 2576 1124 2622 morte
1151 2566 1481 2621 redhibcnda
1509 2575 1612 2621 est.
1630 2566 1801 2632 Quam
1825 2578 1939 2619 rem
1957 2564 2076 2620 dili-

493 2662 712 2731 gentius
735 2661 1020 2732 explorare
1043 2660 1126 2715 vel
1149 2660 1327 2716 facere
1368 2660 1735 2731 probatissimi
1778 2658 2077 2715 sacerdotis

494 2754 558 2806 c'u
568 2760 625 2805 ra
674 2751 910 2807 debebit.

565 2841 650 2897 lll.
704 2845 777 2898 Dc
832 2842 1046 2899 clericis
1088 2850 1268 2897 autem
1314 2847 1368 2898 et
1410 2845 1720 2907 ntbnacms,
1760 2849 1873 2896 ‘aut
1902 2838 2079 2911 ~puel-

496 2933 564 2989 lis
618 2933 740 3000 Dei,
796 2944 889 2989 aut
939 2934 1312 3001 saecularibus,
1344 2934 1884 3006 prtecipimus,hunc
1929 2941 2082 2988 teno-

502 3028 826 3093 rem-quem
886 3023 1101 3079 Nic-cena
1165 3024 1403 3096 synodus
1453 3025 1598 3080 circa
1656 3039 1751 3080 eos
1795 3022 1889 3093 qui
1940 3022 2077 3093 lapsi

497 3120 623 3173 sunt
659 3118 743 3173 vel
782 3116 980 3174 fuerint
1011 3118 1331 3174 servandum
1371 3132 1491 3174 esse
1531 3116 1827 3184 constituit,
1865 3124 1925 3171 ut
1970 3115 2080 3172 sci-

2178 1919 2415 1976 dixerint
2463 1935 2569 1976 non
2624 1923 2817 1989 teneri,
2873 1923 2959 1979 his
3006 1926 3384 1994 paenitentiam
3433 1942 3540 1997 per
3593 1929 3768 1984 trien-

2178 2010 2326 2067 nium
2353 2012 2549 2067 durare
2568 2011 2925 2080 decrevimus,
2942 2024 2997 2071 et
3020 2030 3119 2086 per
3137 2032 3329 2073 manus
3360 2020 3770 2090 impositionem

2177 2101 2243 2155 ad
2273 2102 2594 2157 societatem
2622 2104 2789 2174 recipi
2823 2120 2918 2160 eos
2955 2109 3286 2163 sacramenti

2251 2191 2313 2247 V.
2339 2192 2434 2248 Illo
2454 2208 2554 2263 per
2593 2196 2774 2249 omnia
2822 2199 3094 2253 custodito
3119 2239 3135 2264 ,
3188 2215 3257 2254 ne
3301 2215 3370 2254 ex
3404 2201 3487 2256 cis
3525 2216 3769 2273 unquam

2177 2284 2267 2354 qui
2289 2284 2341 2338 in
2362 2284 2604 2354 qualibet
2620 2296 2779 2343 :etate
2799 2288 2924 2345 alibi
2945 2304 3106 2359 quam
3130 2293 3181 2346 in
3205 2292 3442 2349 Ecclesia
3470 2294 3769 2361 catholica,

2176 2384 2270 2428 aut
2297 2373 2457 2446 233
2500 2376 2758 2446 baptizati
2784 2418 2799 2445 ,
2840 2388 2936 2434 aut
2975 2382 3292 2453 rebaptizati
3319 2394 3468 2451 sunt,
3497 2386 3567 2440 ad
3594 2388 3769 2442 cccle—

2177 2466 2457 2522 siasticam
2490 2467 2740 2522 militiam
2787 2474 3431 2542 prorsuspermittantur
3478 2479 3764 2532 accedere.

2177 2552 2383 2622 Quibus
2411 2556 2543 2611 satis
2590 2571 2711 2613 esse
2741 2556 2931 2626 debet,
2956 2562 3099 2631 quod
3139 2563 3193 2617 in
3242 2554 3641 2621 catholicorum
3668 2584 3771 2622 nu-

2178 2663 2330 2705 mero
2354 2658 2487 2705 sunt
2508 2651 2739 2725 recepti,
2771 2654 3029 2723 quoniam
3059 2656 3126 2711 de
3160 2671 3261 2712 suo
3301 2658 3493 2714 ordine
3521 2667 3582 2714 et
3614 2674 3768 2715 com-

2175 2741 2434 2797 munione
2482 2742 2754 2799 videbitur
2805 2745 2951 2800 l'errc
3001 2747 3306 2818 judicium,
3354 2751 3611 2822 quisquis
3656 2754 3766 2809 hoc

2179 2834 2469 2891 violaverit
2517 2837 2845 2906 antistitum,
2890 2840 2977 2896 vel
3024 2842 3118 2911 qui
3155 2858 3261 2898 non
3308 2849 3608 2903 rentoverit
3640 2864 3766 2904 eum

2178 2938 2338 2994 quem
2381 2940 2452 2981 ex
2479 2927 2573 2995 _eis
2613 2929 2684 2985 ad
2721 2930 3099 2988 ministerium
3148 2933 3400 2991 clericale
3451 2938 3768 2995 obrecsisse

2181 3016 2511 3085 cognoverit.

2256 3107 2338 3161 Vl.
2370 3106 2683 3167 Curandum
2714 3125 2847 3168 vero
2872 3115 3110 3171 maxime
3158 3117 3392 3172 et‘omni
3440 3118 3653 3175 cautela
3680 3129 3771 3175 est

495 3210 620 3265 licet
649 3209 739 3280 qui
780 3209 926 3265 nulla
959 3209 1310 3275 necessitate,
1355 3208 1553 3264 nullius
1599 3208 1677 3263 rei
1729 3208 1925 3263 timore
1980 3214 2076 3261 aut
2102 3195 2146 3259 C
2177 3200 2605 3270 providendum,
2663 3219 2732 3261 ne
2777 3206 2900 3276 quis
2942 3207 3173 3263 fratrum
3210 3212 3771 3284 cocpiscoporumque

495 3299 752 3369 periculo,
804 3314 864 3354 se
916 3308 973 3353 ut
1004 3298 1402 3368 rebaptizentur
1458 3298 1729 3354 haereticis
1776 3297 1941 3367 impie
1978 3299 2074 3352 de-

495 3394 781 3461 derunt,’si
833 3403 1018 3451 tamen
1073 3410 1167 3450 eos
1215 3401 1281 3451 ex
1334 3393 1495 3451 corde
1542 3391 1834 3465 poeniteat,
1902 3389 2075 3445 tribus

495 3476 649 3541 anuis
706 3487 848 3541 inter
896 3486 1178 3543 audientes
1218 3487 1354 3543 sitit.
1412 3485 1631 3556 Septem
1688 3491 1868 3540 autem
1919 3485 2075 3540 annis

495 3579 810 3650 subjaceant
848 3580 990 3635 inter
1037 3581 1362 3648 pmnitentes
1414 3579 1664 3634 manibus
1708 3578 2075 3645 sacerdotum,

496 3669 702 3725 duobus
758 3679 939 3725 autem
985 3670 1283 3726 oblationes
1339 3670 1513 3726 modis
1551 3669 1802 3725 erunibus
1847 3684 1953 3725 non
2004 3670 2078 3725 si-

496 3770 694 3817 nantur
751 3762 986 3830 ollcrre,
1040 3763 1132 3820 sed
1192 3761 1563 3818 tantummodo
1619 3762 1969 3819 saecularibus
2021 3762 2076 3818 in

496 3853 740 3907 oratione
764 3852 1058 3907 sociemur.
1106 3851 1216 3907 Nec
1240 3851 1604 3907 confundatur
1642 3852 1753 3908 Deo
1784 3852 1917 3907 colla
1948 3853 2078 3909 sub-

498 3941 728 4004 mittere,
763 3943 854 4010 qui
884 3952 989 3996 nou
1020 3956 1141 3996 eum
1170 3941 1348 3996 timuit
1383 3942 1687 4013 'abnegare.
1716 3940 1872 4009 Quod
1902 3942 1948 3998 si
1993 3952 2079 3997 ut-

497 4020 905 4105 p‘oté’mortales
951 4033 1090 4086 intra
1122 4038 1304 4087 'metas
1339 4031 1641 4103 praescripti
1682 4032 1940 4103 temporis
1965 4047 2078 4087 οω-

508 4114 638 4197 je'rit
672 4116 794 4178 vita:
836 4124 958 4179 linis
1005 4137 1236 4193 urgere,
1283 4122 1709 4179 subveniendum
1754 4132 1841 4179 est
1880 4123 2076 4195 implo-

499 4204 741 4279 r‘anti,'et
780 4228 874 4268 seu
901 4212 969 4267 ab
997 4208 1249 4283 episeopo
1291 4213 1383 4284 qui
1410 4212 1784 4283 paenitentiam
1827 4211 2075 4280 dederit,

501 4296 597 4359 seu
645 4302 714 4358 ab
741 4303 848 4357 alio
874 4303 966 4373 qui
999 4314 1177 4357 tamen
1222 4303 1403 4358 datam
1432 4318 1555 4379 esse
1592 4304 1935 4374 probaverit,
1985 4311 2081 4360 aut

499 4382 753 4452 similiter
778 4396 1092 4466 presbytero
1118 4393 1370 4449 viaticum
1400 4392 1615 4449 abeunti
1640 4393 1705 4449 de
1742 4393 1938 4449 ateculo
1972 4409 2077 4449 non

501 4492 748 4556 negetur.

566 4575 656 4630 IV.
689 4574 882 4631 Pueris
930 4585 1111 4653 atatem
1154 4574 1350 4646 quibus
1391 4574 1537 4645 quod
1581 4574 1758 4629 adhuc
1809 4573 2080 4628 imberbes

498 4658 622 4721 sunt
656 4672 690 4720 'a
746 4665 1030 4736 pubertate
1058 4666 1376 4721 vocabulum
1415 4674 1500 4720 est
1522 4705 1538 4731 ,
1593 4679 1690 4720 seu
1725 4663 1939 4720 clericis
1967 4665 2080 4719 sive

500 4760 654 4814 laicis
698 4762 863 4814 etiam
912 4758 1181 4814 similibus
1231 4757 1461 4827 puellis,
1516 4758 1714 4828 quibus
1774 4757 2078 4828 ignorantia

500 4850 1035 4925 sull‘ragatnraetatis,
1053 4852 1364 4923 aliquandiu
1393 4851 1494 4909 sub
1521 4866 1711 4907 manus
1732 4853 2082 4923 impositioue

499 4945 734 5000 detentis
781 4943 1051 4999 reddenda
1099 4942 1410 4998 communio
1446 4951 1561 5008 est,
1606 4933 1704 4997 nec
1752 4954 1939 4997 eorum
1986 4956 2082 4997 ex-

501 5027 792 5103 spectanda
840 5024 1190 5106 poenitentia,
1237 5030 1372 5106 quos
1416 5036 1617 5104 excipit
1670 5052 1699 5089 a
1755 5034 2081 5091 coercitione

503 5139 753 5181 censura.
784 5124 937 5191 Quod
979 5134 1063 5180 est
1090 5140 1118 5179 a
1144 5126 1299 5181 nobis
1335 5125 1561 5197 provide
1606 5125 1981 5191 constitutum,
2013 5136 2084 5181 ne

502 5214 563 5271 hi
594 5214 791 5286 quibus
843 5216 895 5270 in
948 5216 1149 5271 terreni
1193 5216 1312 5272 labe
1366 5216 1604 5287 contagii
1661 5216 1779 5286 plus
1831 5217 2084 5271 minusve

504 5314 676 5363 restat
728 5306 796 5361 ad
841 5307 1006 5361 vitam
1034 5348 1049 5374 ,
1095 5309 1221 5362 dum
1264 5308 1442 5364 adhuc
1479 5308 1531 5362 in
1585 5308 1902 5378 paenitentia
1934 5316 2083 5375 sunt;

502 5381 818 5482 paenitenda
874 5386 1233 5455 committant.
1293 5400 1445 5466 Quod
1491 5400 1539 5455 si
1588 5401 2075 5470 ante'przelinitum

505 5494 837 5567 poenitentiae
893 5504 1105 5565 tempus
1151 5495 1433 5565 despectus
1463 5510 1494 5549 a
1525 5497 1748 5551 medicis
1773 5536 1788 5562 ,
1837 5504 1931 5551 aut
1967 5495 2083 5551 evié

506 5590 758 5645 dentibus
787 5589 981 5644 mortis
1026 5602 1247 5659 pressus
1277 5587 1489 5642 indiciis
1529 5596 1750 5658 recepta
1797 5589 2084 5659 quisquam

506 5676 901 5737 communionis
953 5682 1124 5752 gratia
1180 5678 1545 5746 convalescat,
1601 5668 1971 5737 servemus-in
2020 5694 2085 5737 eo

505 5773 649 5845 quod
674 5772 873 5831 Nicmni
901 5790 1133 5833 canones
1154 5773 1562 5832 ordinaverunt.
1600 5783 1661 5830 ut
1688 5772 1953 5832 habeatur
2000 5775 2083 5831 itt-

2180 3300 2511 3358 nostrorum,
2557 3302 2653 3349 aut
2678 3296 2843 3351 etiam
2874 3300 3313 3370 presbyterorum
3342 3303 3394 3356 in
3438 3304 3665 3359 alterius
3689 3306 3769 3361 ei-

2179 3381 2344 3437 vitate
2360 3382 2451 3438 vel
2478 3384 2698 3441 ditecesi
2722 3389 3094 3458 pteuitentem,
3116 3391 3202 3446 vel
3217 3392 3319 3447 sub
3340 3409 3505 3450 manu
3528 3398 3768 3467 positum

2180 3475 2499 3545 sacerdotis,
2525 3486 2775 3537 aut-eum
2796 3481 2888 3553 qui
2912 3483 3315 3542 reconciliatum
3355 3503 3416 3544 se
3451 3504 3574 3545 esse
3616 3491 3770 3547 dixe-

2180 3567 2272 3635 rit,
2300 3569 2417 3626 sine
2445 3572 2678 3643 episcopi
2719 3574 2803 3629 vel
2831 3578 3132 3650 presbyteri
3162 3576 3468 3637 testimOuio
3487 3622 3503 3647 ,
3537 3593 3596 3637 et
3621 3583 3769 3653 litte-

2179 3659 2277 3724 ris,
2307 3668 2401 3713 aut
2426 3660 2480 3714 in
2502 3662 2756 3731 parochia
2786 3666 3091 3737 presbyter,
3131 3676 3223 3722 aut
3241 3668 3529 3740 episcopus
3552 3670 3611 3725 in
3635 3672 3770 3726 civi-

2182 3757 2292 3805 tate
2313 3751 2592 3822 suscipiat.
2623 3754 2775 3821 Quod
2799 3756 2845 3810 si
2867 3756 3047 3827 aliqua
3076 3757 3509 3816 dissimulatione
3534 3763 3767 3835 negligi-

2183 3847 2290 3905 tur,
2320 3840 2475 3912 culpa
2504 3843 2673 3912 tangit
2698 3844 2863 3899 etiam
2884 3845 3088 3901 clerum
3119 3848 3208 3918 qui
3227 3848 3298 3919 jn
3330 3849 3467 3905 locis
3492 3852 3551 3907 in
3572 3854 3771 3922 quibus

2184 3930 2285 3985 hoc
2330 3931 2511 3987 minus
2541 3942 2788 3987 curatum
2812 3933 3008 4000 fuerit,
3039 3948 3429 3995 commoratur.
3464 3939 3566 3998 Bis
3588 3946 3770 4015 itaque

2182 4022 2287 4075 rite
2318 4021 2594 4092 dispositis
2628 4032 2685 4079 et
2710 4024 3073 4083 Ecclesiarum
3089 4039 3390 4085 vestrarum
3420 4033 3491 4087 ad
3519 4034 3767 4089 notitiam

2181 4121 2368 4168 nostra
2428 4114 2815 4173 deliberatione
2853 4119 3093 4190 perlatis,
3132 4137 3326 4194 parere
3378 4140 3476 4181 vos
3517 4129 3767 4182 convenit

2181 4205 2377 4275 quibus
2404 4207 2528 4264 licet
2552 4209 2620 4264 ad
2654 4210 2956 4265 animarum
2986 4215 3381 4282 reparationem
3417 4217 3557 4272 nihil
3580 4219 3767 4274 deesse

2183 4299 2448 4365 videatur,
2490 4309 2670 4356 tamen
2707 4302 2751 4357 si
2779 4303 2867 4358 cui
2900 4305 3024 4359 novi
3052 4303 3255 4375 aliquid
3294 4316 3350 4363 et
3380 4308 3525 4377 quod
3547 4320 3767 4380 praeter-

2184 4391 2262 4446 ire
2293 4406 2390 4447 nos
2425 4394 2619 4462 potuit,
2677 4393 2837 4450 fuerit
2871 4396 3184 4464 revelatum,
3221 4401 3521 4455 secundum
3550 4402 3763 4458 beatum

2183 4484 2482 4554 apostolum
2512 4484 2757 4553 Paulum,
2793 4495 3001 4544 tacente
3032 4489 3213 4561 priore
3250 4490 3482 4547 ﬁdeliter
3509 4493 3761 4560 insinuet,

2111 4554 2158 4614 Ι)
2184 4574 2309 4643 quia
2337 4573 2570 4645 Spiritus
2596 4576 2685 4631 ubi
2713 4578 2828 4633 vult
2853 4554 3052 4650 spirat,-
3075 4583 3310 4637 maxime
3328 4598 3452 4639 cum
3482 4601 3583 4641 sua
3609 4554 3761 4642 causa

2188 4674 2468 4733 tractatur,
2520 4681 2621 4723 nec
2676 4683 2776 4724 nos
2805 4672 3007 4742 pigebit
3044 4673 3253 4729 audire.
3299 4674 3367 4730 Et
3411 4676 3458 4732 si
3495 4691 3619 4748 qua:
3647 4689 3763 4735 sunt

2184 4758 2410 4825 omissa,
2439 4773 2545 4814 non
2577 4772 2900 4832 arroganter
2924 4762 3189 4831 abnuere,
3241 4765 3335 4821 sed
3372 4768 3763 4824 rationabiliter

2187 4850 2457 4906 ordinare.
2504 4850 2646 4905 Deus
2687 4842 2959 4908 custodiat
2987 4869 3102 4920 vos,
3156 4855 3498 4913 dilectissimi
3550 4860 3758 4916 fratres.

2190 4941 2322 4995 Data
2366 4940 2487 4997 ldus
2514 4939 2712 5010 Martii,
2762 4942 2989 4999 Divanio
3026 4954 3080 5000 et
3104 4943 3314 5003 Sinidio
3344 4945 3416 5005 lY
3456 4962 3543 5004 cc.
3574 4964 3758 5007 consu-

2187 5034 2345 5091 libus.
3050 5058 3051 5069 ι

2188 5147 2429 5226 Epistula
2475 5148 2710 5219 ejusdem
2747 5150 2817 5205 ad
2842 5151 3090 5226 Acacium
3132 5150 3762 5226 Constantinopolitanust

2258 5220 2573 5289 episcopum,
2590 5236 2691 5301 qua
2712 5237 2835 5295 eum
2851 5224 3158 5279 condemnat
3178 5237 3389 5296 propter
3414 5220 3766 5298 Euthyciaso-

2261 5304 2378 5341 rum
2402 5305 2832 5347 communionem.

2264 5402 2433 5459 Feux
2459 5404 2744 5485 cpiscopus
2773 5415 2977 5463 sanctae
3003 5407 3259 5465 Ecclesia:
3295 5409 3580 5467 catholicae
3625 5408 3763 5467 urbis

2190 5495 2373 5550 Romae
2398 5494 2621 5552 Aemo.

2260 5586 2552 5641 Multarum
2608 5588 3097 5658 transgressionum
3163 5589 3421 5661 reperiris
3477 5590 3752 5654 obnoxius,

2189 5688 2242 5731 et
2273 5678 2325 5734 in
2373 5678 2699 5735 venerabilis
2746 5681 2958 5737 concilii
2996 5680 3206 5738 Nicaini
3249 5682 3584 5739 contumelia
3635 5696 3759 5752 saepe

2192 5782 2434 5830 versatus
2461 5813 2475 5839 ,
2537 5773 2832 5831 alienarum
2891 5762 2986 5831 tibi
3048 5761 3450 5848 provinciarum
3514 5793 3640 5849 jura
3688 5790 3756 5829 te-
