3974 6470
235 393 340 453 957

1442 384 1928 445 DECRETALIUM
1963 382 2384 445 COLLECTIO.‘

3384 386 3491 448 958

235 503 471 567 merarie
517 500 836 568 vindicasti,
874 498 1160 558 haereticos
1203 506 1258 554 et
1284 512 1624 569 pervaseres,
1655 507 1818 566 atque
1845 501 1893 558 Α
1920 494 2312 566 objectionihus
2340 496 2629 568 impetivit,
2674 496 2728 553 in
2752 497 3049 568 apostolica
3075 499 3367 556 secundum
3394 519 3491 558 cas

235 596 309 652 ab
348 594 618 651 haereticis
651 593 949 657 ordinatos,
1001 599 1058 648 et
1104 605 1242 663 quos
1280 590 1397 660 ipse
1437 590 1812 654 damnaveras,

231 698 401 760 atque
439 688 509 744 ab
531 686 823 759 apostolica
849 684 981 742 sede
1002 684 1183 756 petisti
1213 682 1480 749 damnari,
1525 697 1631 737 non
1656 680 1815 736 modo

234 776 625 842 communioni
652 786 758 831 ture
796 774 1132 845 recipiendos
1168 773 1391 844 putasti,
1434 787 1621 827 verum
1652 770 1815 825 etiam

234 870 359 925 aliis
386 868 663 933 Ecclesiis,
699 869 841 937 quod
885 880 986 922 nec
1015 866 1082 920 de
1122 864 1403 921 catholicis
1432 863 1547 918 fieri
1583 870 1815 933 poterat,

234 961 532 1030 praesidere
574 959 771 1025 fecisti,
821 965 984 1027 atque
1012 958 1176 1012 etiam
1207 954 1506 1010 honoribus
1535 955 1681 1024 quod
1710 968 1815 1007 non

231 1049 609 1114 merebantur,
638 1046 857 1102 auxisti.
904 1047 1158 1109 Testatur
1184 1047 1288 1102 hoc
1307 1043 1561 1109 Joannes,
1600 1059 1760 1113 quem
1786 1058 1816 1097 a

233 1140 818 1217 catholicisApamiat
850 1155 957 1201 non
1012 1147 1323 1208 receptum,
1377 1136 1702 1208 pulsumque
1752 1135 1818 1190 de

229 1230 547 1288 Antiochia.
590 1230 769 1301 Tyriis
800 1229 1114 1301 prtefecisti,
1164 1239 1220 1285 et
1252 1228 1542 1283 Humerius
1577 1237 1707 1282 tunc
1751 1226 1818 1280 de

231 1322 466 1391 diacono
488 1320 695 1391 ejectus
716 1329 877 1390 atque
890 1318 1179 1399 Christiani
1207 1318 1441 1380 nominis
1464 1317 1819 1387 appellatione

228 1411 502 1485 privatus,
519 1426 550 1465 a
576 1419 628 1466 te
652 1411 815 1483 etiam
842 1410 895 1483 in
919 1410 1241 1482 presbyterii
1257 1418 1542 1481 provectus
1562 1406 1816 1471 oﬂlcium;

230 1509 299 1558 et
321 1501 483 1572 quasi
525 1501 643 1565 haec
688 1501 899 1569 mingra
927 1501 1025 1556 tibi
1052 1501 1392 1564 viderentur,
1434 1500 1490 1555 in
1522 1500 1696 1570 ipsam
1726 1499 1821 1553 do-

231 1592 431 1646 ctrinze
485 1591 795 1662 apostolicae
845 1591 1131 1647 veritatem
1167 1605 1331 1645 ausus
1381 1598 1501 1646 tuos
1537 1597 1592 1645 et
1628 1603 1819 1659 super-

231 1680 385 1752 biam
415 1680 721 1747 tetendisti,
756 1688 816 1735 ut
857 1680 1051 1736 Petrus
1079 1695 1239 1749 quem
1289 1666 1600 1735 damnatum
1630 1694 1658 1733 a
1691 1694 1818 1734 san-

232 1780 346 1841 ctae
372 1772 649 1827 memoria:
701 1771 989 1828 decessore
1030 1786 1151 1827 meo
1199 1770 1312 1841 ipse
1346 1770 1633 1834 retuleras,
1678 1771 1821 1825 sicut

1917 604 2087 645 nones
2117 590 2443 660 respondere
2492 589 2758 656 dillidens,
2808 589 3016 660 abiecta
3046 592 3313 661 firmasti;
3347 593 3491 650 Feli-

1914 698 2034 739 cem
2060 686 2275 753 quoque
2303 682 2642 740 defensorem
2673 684 3044 741 ﬁdelissimum
3075 685 3230 742 nobis
3260 687 3492 744 necessi-

1918 780 2025 827 tate
2050 773 2278 829 faciente
2323 774 2491 830 servis
2528 773 2882 831 subsecutum.
2924 774 3201 846 indignum
3231 777 3336 831 tuis
3362 792 3496 832 cen-

1915 866 2069 921 suisti
2096 866 2283 921 oculis.
2316 868 2419 922 Eos
2439 882 2651 937 quoque
2681 877 2853 923 tecum
2879 866 3073 922 litteris
3095 867 3495 922 communicare

1916 965 2144 1013 testatus
2195 974 2330 1027 quos
2380 967 2594 1014 constat
2646 958 2949 1014 luereticos.
3002 958 3139 1025 Quid
3176 957 3320 1012 enim
3369 967 3497 1012 sunt

1917 1048 2060 1102 aliud
2094 1048 2184 1118 qui
2206 1058 2327 1118 post
2348 1048 2555 1104 obitum
2587 1058 2786 1104 sanctae
2812 1048 3087 1104 memoria:
3130 1047 3400 1102 Timothei
3427 1048 3497 1102 ad

1916 1136 2209 1193 Ecclesium
2261 1139 2363 1193 sub
2392 1138 2554 1193 Petro
2586 1139 2842 1205 redeunt,
2891 1138 2974 1194 vel
3001 1138 3090 1209 qui
3117 1153 3178 1194 se
3201 1153 3268 1193 ex
3297 1138 3489 1193 catho-

1916 1227 2019 1282 lica
2038 1228 2216 1287 eidem
2234 1228 2600 1294 tradiderunt,
2624 1229 2729 1284 nisi
2753 1229 2895 1299 quod
2925 1229 3119 1285 Petrus
3170 1228 3259 1299 qui
3287 1229 3356 1283 ab
3380 1228 3497 1282 uni-

1918 1335 2074 1377 versa
2107 1321 2372 1387 Ecclesia,
2423 1332 2584 1392 atque
2612 1337 2643 1376 a
2688 1329 2741 1377 te
2782 1322 2958 1389 fuerat
2982 1320 3297 1390 judicatus?
3346 1320 3496 1375 Habe

1914 1426 2047 1482 ergo
2076 1426 2198 1467 cum
2228 1412 2312 1467 his
2338 1426 2475 1482 quos
2518 1411 2747 1468 libenter
2784 1411 3139 1482 amplecteris.
3165 1411 3493 1482 portionem,

1916 1511 1973 1556 et
2001 1502 2264 1557 sententia
2308 1500 2562 1572 praesenti
2598 1516 2760 1571 quam
2795 1517 2894 1571 per
2928 1509 3032 1556 tua:
3054 1500 3159 1557 .tibi
3202 1500 3496 1555 direximus

1918 1591 2175 1646 Ecclesia:
2200 1591 2566 1658 defensorem,
2590 1591 2928 1647 sacerdotali.
2945 1592 3150 1649 honore
3177 1597 3233 1644 et
3253 1604 3499 1644 commu-

1920 1682 2080 1738 nione
2126 1680 2415 1747 catholica,
2464 1696 2675 1744 necnon
2718 1681 2881 1735 etiam
2926 1697 2954 1733 a
2991 1679 3226 1735 fidelium
3271 1693 3497 1733 numero

1918 1782 2252 1844 segregatus,
2276 1772 2545 1828 sublatum
2579 1773 2675 1828 tibi
2704 1788 2904 1827 nomen
2931 1785 2987 1828 et
3019 1787 3216 1827 munus
3252 1771 3497 1826 ministe-

232 1870 508 1918 testantur
526 1850 758 1930 annexa,
784 1862 926 1918 beati
944 1856 1299 1933 Evangelistae
1321 1859 1501 1917 sedem
1531 1854 1892 1935 tejubenteli
1923 1864 1986 1917 rii
2018 1862 2369 1918 sacerdotalis
2402 1877 2634 1933 agnosce
2673 1862 2847 1918 sancti
2890 1862 3126 1932 Spiritus
3169 1860 3396 1931 judicio,
3440 1868 3497 1915 et

231 1968 429 2023 rursus
455 1954 767 2021 invaderet,
807 1962 863 2010 et
886 1952 1087 2026 fugatis
1110 1952 1425 2009 orthodoxis
1450 1951 1740 2022 episcopis,
1767 1959 1823 2006 et

228 2042 455 2100 clericis
481 2044 594 2101 suis
640 2043 828 2114 procul
854 2043 1017 2098 dubio
1056 2041 1260 2098 similes
1288 2042 1598 2117 ordinaret,
1638 2040 1821 2112 pulso-

230 2151 345 2204 que
382 2151 448 2192 eo
470 2136 567 2208 qui
586 2138 704 2209 illic
726 2135 904 2203 fuerat
930 2136 1245 2213 regulariter
1275 2137 1623 2201 constitutus,
1658 2135 1826 2217 capti-

228 2245 360 2301 vam
379 2234 585 2289 teneret
610 2232 924 2289 Ecclesiam.
951 2233 1116 2304 Cujus
1132 2233 1226 2289 tibi
1253 2233 1389 2288 adeo
1417 2240 1823 2304 gratapersona

226 2329 358 2389 est,
407 2330 461 2376 et
514 2322 871 2377 ministerium
930 2323 1046 2394 ejus
1120 2332 1443 2393 acceptum,
1502 2321 1825 2391 ut,episco-

227 2428 336 2484 pos
357 2420 413 2467 et
450 2412 676 2468 clericos
716 2413 975 2485 plurimos
1022 2414 1353 2475 orthodoxos
1399 2422 1527 2468 tuac
1569 2411 1826 2477 Constan-

230 2490 520 2575 tinopolim
556 2504 836 2561 venientes
867 2504 1134 2580 delegaris
1160 2502 1415 2578 afﬂigere,
1437 2514 1492 2577 et
1531 2502 1826 2573 apocrisia-

231 2594 353 2648 rios
381 2592 498 2663 ejus
527 2594 833 2665 confovere,
869 2604 1030 2665 atque
1076 2594 1623 2649 anathematizantem
1667 2608 1823 2665 eum-

231 2685 363 2738 dem
392 2683 610 2739 Petrum
635 2685 1092 2742 Chalcedonensis
1125 2687 1341 2741 decreta
1366 2685 1599 2752 concilii,
1624 2695 1678 2741 et
1711 2685 1827 2747 vio-

231 2775 449 2843 lantem
477 2786 679 2832 sancta:
710 2777 985 2833 memorite
1014 2775 1283 2833 Timothei
1311 2776 1663 2847 sepulturam,
1687 2776 1828 2830 sicut

235 2865 312 2920 ad
364 2883 464 2923 nos
509 2868 770 2925 certiores
820 2883 964 2924 nunc
1008 2883 1224 2939 quoque
1274 2868 1445 2923 nuntii
1492 2868 1824 2934 detulerunt,

235 2971 342 3029 per
396 2957 699 3014 illessenum
740 2970 796 3015 et
849 2958 1080 3016 Vitalem
1133 2961 1381 3019 crederes
1434 2961 1824 3024 excusandum,

235 3064 339 3104 nec
370 3062 491 3103 eum
541 3048 759 3124 laudare
811 3050 1120 3124 desineres,
1157 3060 1212 3107 et
1244 3052 1432 3121 multis
1466 3050 1659 3106 efferre
1689 3065 1827 3122 prte~

233 3140 554 3217 coniistita
584 3150 655 3211 ut.
675 3141 1074 3211 daggtnationem
1106 3142 1274 3216 ipsius
1300 3158 1463 3212 quam
1505 3152 1628 3197 ante
1668 3152 1812 3197 retu-

235 3232 406 3303 Ieras,
449 3247 633 3287 veram
683 3249 788 3288 non
846 3232 1014 3297 fuisse
1047 3233 1303 3305 iactares.
1362 3234 1595 3289 Tantum
1636 3245 1815 3289 autem

235 3339 558 3393 perseveras
581 3325 634 3380 in
665 3325 903 3381 hominis
931 3324 1243 3390 defensione
1271 3326 1534 3397 perversi,
1560 3336 1617 3380 ιιι
1650 3341 1821 3397 quon-

236 3414 365 3469 dam
390 3415 690 3485 episcopos,
742 3431 886 3487 nunc
924 3431 1051 3483 vero
1101 3418 1305 3473 honore
1341 3424 1397 3477 et
1443 3417 1820 3485 communione

234 3510 519 3581 privatos,_
556 3510 785 3583 vitalem
842 3520 1006 3587 atque
1038 3512 1364 3585 Mcssenum,
1409 3528 1546 3583 quos
1587 3514 1655 3582 ad
1706 3512 1821 3583 ejus

232 3602 609 3675 expulsionem
633 3604 936 3674 specialiter
950 3605 1541 3677 miseramus,sublatos
1564 3607 1821 3673 custodite

233 3706 435 3761 passus
481 3692 651 3749 fueris
698 3696 1018 3765 mancipari,
1068 3706 1123 3753 ct
1156 3698 1223 3751 ad
1264 3699 1659 3768 processionem
1700 3714 1821 3767 quae

237 3782 338 3857 tibi
370 3799 492 3838 cum
521 3784 789 3842 hatreticis
828 3788 1076 3855 habetur,
1124 3791 1317 3845 exinde
1346 3793 1653 3862 productos,
1681 3792 1821 3848 sicut

234 3894 432 3951 eorum
483 3878 910 3955 professionibus
947 3883 1283 3955 patefactum
1309 3894 1395 3941 est
1437 3888 1504 3941 ad
1535 3887 1820 3951 hatrctico-

236 3987 365 4025 rum
404 3979 656 4043 tuamque
709 3974 1144 4039 communionem
1198 3988 1537 4050 contempta,
1572 3995 1692 4050 quae
1734 3981 1820 4038 vel

236 4061 483 4132 gentium
497 4060 621 4130 jure
654 4065 858 4119 servari
896 4065 1104 4133 debuit,
1146 4066 1412 4139 legatione
1452 4071 1816 4140 pertraheres,

237 4153 584 4224 praemiisque
621 4169 1017 4226 corrumperes,
1050 4166 1106 4213 et
1131 4158 1185 4221 in
1210 4160 1480 4216 laesionem
1511 4163 1651 4219 beati
1672 4164 1818 4223 Petri

238 4248 493 4321 apostoli,
531 4265 563 4304 a
602 4251 754 4322 cuius
782 4254 911 4309 sede
939 4254 1162 4325 profecti
1209 4256 1443 4325 fuerant,
1497 4275 1600 4317 non
1645 4261 1817 4317 solum

240 4336 545 4394 inefficaces
595 4341 769 4415 redire
799 4340 1042 4412 faceres,
1092 4347 1185 4402 sed
1217 4348 1381 4415 etiam
1419 4349 1820 4422 impugnatores

237 4428 485 4499 omnium
499 4445 619 4513 quae
644 4429 857 4488 fuerant
879 4435 1128 4490 mandata
1146 4447 1495 4512 monstrarcs.
1515 4440 1568 4494 ln
1589 4457 1817 4510 quorum

1911 1946 2202 2022 apoStolica
2234 1968 2332 2022 per
2379 1968 2479 2023 nos
2510 1953 2830 2009 auctoritate
2876 1952 3211 2020 damnatus,
3241 1964 3345 2013 nec
3382 1947 3495 2019 iam

1911 2043 2269 2113 anathematis
2297 2043 2526 2113 vinculis
2555 2042 2870 2111 eruendus.~

2407 2133 2563 2188 Felix
2599 2152 2737 2206 papa
2765 2133 2992 2205 Zenoni.
3160 2195 3164 2198 g
3452 2182 3461 2196 .

1980 2228 2342 2291 Dilectissimo
2369 2227 2521 2284 fratri
2544 2228 2748 2301 Zenoni
2782 2229 2934 2284 Felix
2958 2232 3268 2301 episcopus.
3316 2229 3488 2285 Filius

1911 2335 2083 2385 meus,
2106 2319 2191 2373 vir
2210 2320 2552 2394 clarissimus
2576 2320 2935 2391 Terentianus
2957 2322 3032 2393 ad
3059 2321 3270 2377 italiam
3292 2321 3493 2395 dudum

1910 2411 2136 2464 veniens
2179 2410 2484 2471 dilectionis
2516 2420 2619 2466 tute
2667 2411 2959 2483 singularis
2989 2413 3201 2477 exstitit
3229 2402 3493 2483 praedica-

1911 2509 1997 2556 tor
2026 2502 2294 2572 talemque
2326 2512 2376 2558 te
2402 2518 2524 2575 esse
2557 2504 2812 2575 vulgavit,
2846 2506 2937 2575 qui
2969 2506 3044 2560 ita
3090 2505 3293 2569 Christi
3322 2505 3497 2575 gratia

1914 2592 2264 2659 redundares,
2323 2603 2381 2649 ut
2430 2595 2573 2649 inter
2626 2594 2813 2649 tnundi
2868 2594 3111 2650 turbines
3162 2594 3498 2665 gubernator

1911 2684 2168 2761 Ecclesia:
2208 2687 2512 2757 praecipuus
2549 2703 2860 2758 appareres.
2917 2687 3278 2759 Quapropter,
3328 2686 3498 2749 frater

1913 2779 2259 2846 charissime,
2306 2796 2427 2835 eum
2458 2781 2529 2849 ad
2577 2780 2913 2851 provinciam
2953 2791 3304 2845 commcaret,
3332 2781 3496 2837 sedu-

1912 2869 2069 2943 leque
2097 2870 2421 2941 deposceret
2452 2880 2675 2943 nostras
2695 2873 2761 2927 ad
2788 2871 3130 2935 dilectionem
3175 2880 3321 2926 tuam
3352 2870 3496 2925 litte-

1915 2977 2004 3017 ras
2027 2963 2321 3035 destinare,
2361 2974 2640 3036 gratanter
2663 2965 2991 3031 annuimus,_
3022 2965 3149 3035 quia
3184 2973 3238 3019 et
3273 2963 3494 3034 dignum

1915 3054 2025 3110 Deo
2066 3071 2318 3111 sermone
2367 3056 2651 3127 compleai
2695 3071 3020 3127 cuperemus
3066 3056 3389 3121 antistitem,
3444 3065 3501 3111 et

1921 3160 2014 3212 per
2034 3161 2158 3213 eum
2182 3147 2416 3202 maxime
2442 3147 2780 3211 vellemusjd
2804 3148 2919 3202 fieri
2941 3147 3098 3218 cujus
3116 3194 3121 3203 λ
3139 3148 3295 3203 nobis
3322 3146 3501 3203 fuerat
3543 3203 3545 3205 ,

1906 3224 2167 3292 laudibus
2210 3238 2510 3293 intimatus.
2561 3237 2818 3304 Quamvis
2838 3254 2972 3308 .ergo
2997 3239 3201 3299 sanctis
3243 3237 3500 3309 operibus

1918 3344 1985 3384 ex
2007 3328 2151 3383 omni
2170 3336 2325 3399 parte,
2332 3328 2650 3401 praedictam
2671 3328 3241 3392 fraternitatemtuam
3255 3330 3339 3384 vir
3362 3344 3499 3399 prae.

1919 3416 2061 3475 fatus
2086 3421 2399 3489 astruxerit,
2431 3420 2765 3490 multumque
2807 3419 3020 3476 fiducia:
3043 3420 3110 3477 de
3139 3430 3227 3475 tua
3255 3419 3492 3475 benevo-

1919 3508 2084 3583 lentia
2122 3517 2353 3577 leneret,
2380 3518 2560 3566 tamen
2597 3525 2810 3579 aequum
2833 3520 2939 3578 est,
2967 3519 3027 3566 ut
3053 3510 3196 3581 quod
3225 3510 3498 3566 desidera:

1919 3602 2011 3656 bat
2034 3616 2358 3673 magnopere
2386 3611 2780 3672 consequatur,
2812 3611 3081 3671 quatenus
3101 3602 3193 3671 qui
3236 3602 3341 3659 tuis
3361 3600 3493 3656 olim

1918 3704 2107 3765 gratus
2130 3701 2215 3749 est
2249 3694 2479 3759 animis,
2529 3693 2983 3763 contemplatione
3020 3693 3196 3755 nostri
3240 3691 3499 3755 reddatur

1919 3786 2207 3860 acceptior,
2245 3786 2512 3857 simulque
2551 3796 2809 3865 materna
2831 3796 2886 3841 et
2920 3786 3244 3849 sacerdotali
3297 3799 3493 3852 ωηερε

1919 3879 2119 3952 latione
2160 3870 2423 3948 foveatur,
2472 3878 3365 3957 peregrinationisquepraesidium
3384 3886 3496 3948 'pa-t

1918 3971 2106 4029 storali
2128 3973 2331 4042 pietate
2362 3973 2616 4043 reperiat,
2660 3981 2720 4026 ut
2759 3980 2954 4027 vestra:
2981 3967 3495 4042 dignitatisaﬂ‘ectu

1919 4074 2179 4138 appareat
2207 4065 2346 4136 apud
2375 4064 2746 4123 sinceritatem
2777 4072 3032 4130 vestram,
3076 4070 3317 4118 nostram
3362 4075 3499 4131 quo:

1920 4172 2043 4226 que,
2099 4170 2205 4210 non
2257 4156 2536 4210 minimum
2573 4155 2824 4211 salutaris
2872 4153 3103 4218 valuisse
3148 4150 3499 4222 colloquium,

1922 4248 2065 4303 Deus
2124 4256 2175 4301 te
2236 4246 2543 4301 iucolumcn
2592 4245 2882 4309 custodiat,
2938 4243 3108 4298 frater
3153 4240 3492 4297 charissime.

1920 4339 2102 4395 Celius
2156 4339 2284 4393 felix
2328 4338 2614 4408 episc0pus
2653 4346 2854 4392 sanctae
2913 4335 3167 4405 Ecclesiae
3214 4333 3497 4398 catholica;

1920 4433 2073 4487 urbis
2095 4430 2279 4485 Romm
2306 4430 2617 4499 subscripsi.
2655 4430 2785 4483 Data
2810 4443 2837 4482 v
2863 4427 3224 4482 Kalendarum
3248 4426 3494 4496 Augusti,

234 4518 611 4587 deceptionem
651 4528 794 4576 tuam
827 4524 1119 4594 nequitiam
1150 4528 1452 4597 prodidisti,
1500 4540 1554 4585 et
1581 4549 1608 4585 a
1641 4532 1818 4589 libello
1846 4550 1897 4611 ι)
1923 4523 2189 4595 Venantio
2226 4522 2269 4576 ll
2318 4522 2558 4577 consule.
2628 4519 2797 4576 Simul
2848 4529 3055 4589 septem
3106 4525 3161 4571 et
3213 4514 3503 4585 sexaginta

238 4608 431 4675 fratris
456 4617 513 4664 et
546 4613 847 4685 coepiscopi
879 4616 983 4701 mei
1006 4614 1252 4684 Joannis,
1281 4620 1371 4690 qui
1409 4630 1457 4675 te
1485 4623 1817 4691 gravissimis
1847 4606 1885 4611 w
1923 4606 2159 4689 episcopi
2191 4618 2392 4686 absque
2427 4630 2561 4686 papa
2592 4614 3049 4684 subscripserunt.

243 4798 921 4824 Μ

926 4808 1442 4830 ___________
1648 4816 1657 4832 ,
1926 4819 1969 4832 ,,
2036 4805 3457 4834 __..____.___——————-—-—-——-_
3310 4829 3317 4834 .

1002 4988 1624 5084 EPISTOLIE
1698 4997 2165 5088 GELASH
2202 4926 2655 5085 raris.
2742 5038 2765 5046 --

242 5152 480 5226 Epistula
511 5151 707 5231 Gelgsii
727 5173 887 5231 papa:
902 5157 997 5231 μάΔ
1011 5159 1278 5231 episcopos
1305 5179 1397 5230 per
1433 5162 1722 5221 Lucaniam
1768 5176 1816 5224 et

585 5224 870 5282 Bruti'os'et
892 5224 1129 5284 Siciliam
1154 5224 1478 5289 constitutos.

314 5336 365 5390 l.
404 5336 480 5409 De
511 5337 772 5409 institutis
811 5338 1194 5407 ecclesiasticis
1229 5343 1508 5402 moderate
1549 5362 1648 5418 pro
1681 5355 1819 5405 tem-

238 5438 433 5501 porum
459 5425 716 5495 qualitate
744 5426 1039 5498 dispositis.

312 5514 367 5568 2.
399 5513 470 5570 Ut
519 5516 608 5573 ubi
661 5517 807 5572 nulla
864 5530 1116 5593 perurgct
1161 5524 1481 5592 necessitas,
1519 5527 1815 5583 constituta

240 5603 464 5687 Patrum
494 5607 741 5664 inviolata
773 5619 1075 5666 serventur.

313 5697 367 5750 3.
412 5695 481 5751 Ut
535 5715 656 5755 cum
711 5700 980 5760 defuerint
1023 5703 1240 5773 clerici,
1291 5706 1355 5763 de
1398 5710 1679 5769 monachis
1718 5710 1816 5769 eli-

242 5794 462 5859 gantur.
702 5789 721 5797 ’
938 5808 943 5811 Α

1995 5166 2047 5221 4.
2077 5145 2236 5222 υῖεὶ
2258 5165 2324 5221 de
2356 5163 2930 5234 laiciseligantur'ad
2973 5162 3200 5221 clerum;
3232 5171 3492 5219 ouantnm

1923 5258 2177 5329 temporis
2203 5257 2523 5312 observatur
2566 5294 2571 5301 .
2618 5292 2625 5297 ι
3206 5314 3209 5315 7
3356 5310 3359 5317 λ

1991 5350 2045 5404 5.
2075 5348 2152 5404 De
2175 5347 2406 5419 bigamis
2441 5346 2668 5419 aliisque
2707 5347 2952 5418 personis
2990 5362 3110 5417 quae
3138 5348 3207 5403 ad
3253 5347 3496 5403 ministe-

1921 5439 2071 5513 rium,
2091 5438 2377 5495 clericatus
2400 5437 2719 5499 nullatenus
2734 5437 3088 5509 applicantur.

1946 5588 1953 5591 ,
1993 5529 2046 5585 6.
2077 5528 2147 5586 Ut
2176 5530 2295 5584 sine
2336 5529 2692 5601 praeceptione
2735 5545 2887 5600 papa:
2931 5546 3082 5586 novae
3121 5528 3358 5585 basilicae
3386 5542 3524 5585 non.

1920 5618 2261 5674 dedicentur.

1991 5708 2042 5763 7.
2069 5706 2297 5764 Utnulla
2338 5711 2513 5780 pretia
2542 5711 2608 5769 de
2641 5709 2980 5782 baptizandis
3007 5709 3517 5781 consignandlsqum

1920 5797 2167 5877 ﬁdelibus
2192 5799 2494 5876 exigantur.
