3974 6428
528 360 632 414 1159

1364 351 1656 408 APPEND.
1696 349 1788 406 AD
1820 347 1993 404 SIEC.
2032 347 2123 402 1X.
2157 379 2226 388 —
2256 348 2501 408 ISIDORI
2539 354 2980 417 MEBCATORIS

3689 368 3794 428 940

598 448 1148 546 8.ὐε.ρι·εεὶ›)(ιρι·ἰδ,
1195 480 1254 526 ut
1280 470 1414 525 nib'l
1452 470 1519 523 de
1568 469 1651 523 bis
1681 483 1801 537 qua:
1829 466 2109 535 episcopo-

2215 466 2357 524 tione
2391 468 2658 542 diligenti,
2704 466 2965 545 quantum
3016 488 3191 550 potest
3231 483 3368 551 fieri,
3405 496 3792 558 temperemus.

530 575 798 629 rumsunt
824 573 1172 637 praesumant.

598 659 652 714 9.
696 660 761 716 Ut
785 659 1039 717 diaconos
1073 672 1381 714 mensuram
1410 658 1681 728 propriam
1703 655 1857 725 juxta
1886 654 2105 709 Patrum

526 752 742 806 decreta
769 751 1094 807 custodiant.

598 842 683 899 10.
708 841 866 909 Quod
892 843 1105 899 diaconi
1145 843 1199 898 in
1221 842 1560 916 presbyterio
1581 842 1823 899 residere
1849 857 1952 898 non
1983 855 2108 899 pos-

523 933 654 989 sint.

594 1027 681 1082 11.
715 1026 868 1095 Quod
919 1025 1214 1098 apostolica
1264 1024 1422 1082 sedes
1458 1033 1714 1097 paternos
1749 1038 1988 1080 canones
2019 1024 2109 1101 pio

523 1115 702 1171 studio
727 1116 1029 1187 devotoque
1054 1116 1341 1172 custodiat.

597 1208 684 1263 12.
725 1207 797 1264 Ut
840 1217 1034 1279 praeter
1084 1208 1337 1279 paschale
1385 1218 1597 1278 tempus
1639 1220 1693 1264 et
1725 1208 2101 1270 Pentecosten.

525 1315 686 1356 nemo
713 1302 992 1372 baptizare
1015 1312 1328 1374 praesumat,
1352 1302 1456 1358 nisi
1483 1318 1577 1359 eos
1599 1313 1776 1358 tamen
1797 1317 1934 1373 quos
1952 1303 2108 1374 aegri-

521 1394 653 1449 tudo
674 1403 918 1450 extrema
944 1395 1286 1464 compulerit.

596 1487 681 1542 13.
712 1487 789 1543 De
818 1489 1256 1560 presbyterorum
1282 1498 1337 1545 et
1356 1490 1642 1546 diaconum
1672 1487 2104 1545 ordinationibus

520 1578 686 1632 certis
715 1578 1056 1635 celebrandis
1086 1580 1437 1650 temporibus.

591 1668 678 1723 14.
706 1669 782 1725 De
806 1670 1106 1740 virginibus
1133 1671 1305 1727 sacris
1340 1669 1558 1742 quando
1595 1672 1861 1727 velentur.

590 1762 677 1817 l5.
706 1761 777 1819 Ut
800 1763 974 1820 viduae
1000 1779 1106 1819 non
1138 1765 1402 1821 velentur.

2209 573 2317 627 quo
2355 574 2455 617 nec
2482 563 2533 617 in
2572 571 2740 620 totam
2785 566 3015 625 formam
3044 580 3285 628 veterum
3317 577 3605 634 videamur
3632 596 3793 638 exce-

2208 648 2337 705 dere
2364 653 2693 723 regularum,
2729 665 2784 712 et
2814 661 3127 730 reparandis
3155 663 3358 721 militiae
3386 666 3661 727 clericalis
3678 670 3794 726 Oﬁ-

2208 737 2309 794 ciis
2347 755 2468 810 quae
2494 757 2591 812 per
2621 744 2861 803 diversas
2887 748 3053 806 Italia:
3080 762 3281 822 partes,
3335 755 3411 811 ita
3440 757 3569 815 bdli
3602 742 3795 816 famis-

2206 842 2312 898 que
2355 833 2691 905 consumpsit
2750 836 3007 906 incursio,
3072 849 3132 895 ut
3183 842 3238 898 in
3289 846 3477 901 multis
3534 847 3797 904 Ecclesiis

2209 917 2349 974 sicut
2371 919 2554 977 fratris
2579 933 2634 978 et
2658 927 2957 999 coepiscopi
3001 932 3172 986 nostri
3197 932 3423 990 Joannis
3448 937 3797 994 Ravanensis

2207 1009 2461 1068 Ecclesia:
2480 1016 2779 1071 sacerdotis
2818 1017 3084 1089 frequenti
3115 1022 3375 1080 relatione
3403 1027 3794 1097 comperimus.

2206 1118 2592 1176 usquequaque
2639 1108 2923 1167 deficiente
2959 1115 3184 1172 servitio
3218 1118 3645 1187 ministrorum,
3695 1122 3799 1178 nisi

2210 1197 2536 1251 remittendo
2596 1198 2869 1272 paulisper
2921 1205 3299 1264 ecclesiasticis
3358 1212 3802 1280 promotionibus

2207 1287 2505 1358 antiquitus
2526 1290 2805 1348 intervalla
2834 1296 3053 1366 prmlixa
3080 1310 3415 1368 remaneant,
3448 1302 3575 1359 sine
3601 1305 3798 1375 quibus

2207 1381 2573 1438 administrari
2626 1395 2903 1456 nequeunt
2958 1391 3129 1447 sacris
3188 1394 3475 1450 ordinibus
3534 1396 3802 1452 Ecclesia

2207 1473 2448 1533 funditus
2481 1478 2780 1549 destitutze;
2824 1492 2984 1553 atque
3033 1485 3088 1541 in
3138 1487 3385 1558 plurimis
3417 1491 3555 1547 locis
3597 1509 3696 1563 per
3720 1495 3801 1548 in—

2205 1568 2384 1639 Opiam
2413 1574 2770 1642 competentis
2810 1576 2991 1631 auxilii
3041 1578 3276 1636 salutare
3309 1582 3619 1639 subsidium
3652 1586 3798 1638 mli-

2206 1659 2521 1715 mendax-um
2563 1661 2703 1717 desit
2746 1664 3081 1732 animarum,
3137 1683 3341 1741 nosque
3383 1687 3587 1741 magno
3645 1684 3798 1728 reatu

2207 1748 2249 1803 si
2279 1757 2430 1806 tanto
2462 1761 2774 1810 coarctantc
2806 1757 3044 1836 periculo
3086 1776 3192 1816 non
3223 1761 3568 1832 aliquatenus
3600 1780 3799 1822 consu-

590 1852 674 1908 l6.
712 1852 780 1910 Ut
809 1856 949 1911 servi
977 1857 1082 1913 sub
1113 1856 1339 1913 obtentu
1369 1855 1647 1923 religionis
1670 1869 1779 1911 non
1801 1854 2099 1925 suscipian-

2207 1841 2379 1898 lamus
2404 1845 2633 1919 innecti.

521 1954 611 2001 tur
642 1947 696 2002 in
730 1947 937 2004 clerum
962 1949 1057 2025 vel.
1080 1949 1133 2004 in
1162 1949 1572 2005 monasterium.

587 2039 676 2094 17.
706 2038 776 2095 Ut
799 2040 984 2097 clerici
1031 2042 1207 2097 nullas
1246 2041 1640 2114 negotiationes
1687 2041 2000 2097 inbonestas
2047 2049 2103 2098 et

517 2133 695 2202 turpia
722 2133 870 2189 lucra
897 2144 1188 2190 sectentur.

590 2225 678 2281 18.
715 2224 784 2281 Ut
818 2241 979 2282 nemo
1036 2226 1378 2294 illitteratus,
1424 2226 1510 2283 vel
1566 2225 1747 2297 aliqua
1786 2232 1939 2297 parte
1982 2240 2101 2283 cor-

499 2316 665 2399 poris
694 2317 1032 2384 imminutus,
1063 2318 1129 2373 ad
1151 2317 1355 2374 clerum
1378 2326 1779 2389 promoveatur.

583 2412 671 2467 l9.
701 2410 776 2467 De
799 2410 884 2467 his
914 2412 1007 2481 qui
1033 2412 1239 2483 seipsos
1263 2411 1605 2468 abscindunt.

578 2502 669 2558 20.
725 2503 801 2560 De
847 2503 1158 2560 criminosis
1209 2512 1268 2559 ut
1322 2503 1390 2559 ad
1451 2502 1655 2559 clerum
1707 2518 1815 2559 non
1874 2517 2097 2567 promo,-

510 2603 764 2650 reantur.
2082 2603 2087 2609 ’

576 2685 667 2740 21.
694 2684 848 2752 Quod
885 2685 1169 2760 daemoniis
1211 2684 1442 2757 aliisque
1484 2685 2098 2755 passionibus’irretitts

509 2774 812 2831 ministeria
843 2783 1030 2831 sancta
1057 2784 1296 2831 tractare
1325 2792 1431 2831 non
1458 2775 1638 2831 liceat.

580 2865 668 2920 22.
696 2866 849 2932 Quod
886 2866 940 2921 hi
970 2865 1060 2936 qui
1103 2865 1275 2921 sacris
1309 2865 1612 2937 virginibus
1656 2879 1716 2920 se
1757 2864 2000 2932 sociant,
2043 2877 2098 2922 et

508 2954 716 3009 fmdera
757 2956 961 3011 incesta
997 2956 1350 3012 commiscent
1388 2957 1793 3012 communicare
1832 2971 1939 3014 non
1967 2973 2094 3029 pos-

504 3046 642 3111 sint,
676 3045 776 3100 nisi
805 3046 1074 3116 publicam
1097 3047 1472 3117 pmnitentiam
1502 3048 1790 3118 gesserint.

576 3138 671 3192 23.
689 3135 841 3204 Quod
860 3136 1058 3209 vidum,
1085 3145 1144 3192 ut
1164 3153 1326 3209 supra
1347 3139 1547 3194 dictum
1575 3147 1679 3204 est,
1696 3153 1802 3194 non
1827 3138 2092 3207 velentur,

509 3228 604 3284 sed
633 3228 677 3284 si
710 3227 1009 3298 professam
1040 3229 1427 3285 continentiam
1454 3230 1732 3302 proposito
1753 3239 1958 3287 mutato
1987 3232 2095 3288 cal-

506 3320 775 3384 caverint,
808 3319 937 3392 ipsa:
964 3335 1065 3391 pro
1091 3337 1152 3377 se
1180 3322 1446 3378 rationem
1483 3324 1732 3379 reddant.

576 3412 666 3467 24.
699 3411 852 3480 Quod
878 3414 1112 3469 secunda
1148 3413 1393 3487 coniugia
1447 3415 1799 3471 saecularibus
1842 3430 1951 3471 non
2001 3432 2094 3473 ne-

504 3511 721 3571 gentur,
752 3504 948 3574 quibus
979 3515 1158 3561 tamen
1182 3505 1247 3560 ad
1270 3504 1473 3561 clerum
1501 3506 1723 3561 minime
1752 3505 1935 3562 venire
1964 3522 2096 3563 con-

505 3595 734 3651 ceditur.

575 3686 668 3743 25.
695 3687 765 3744 Ut
789 3688 836 3744 si
861 3688 982 3758 quis
1015 3688 1315 3760 susceperit
1356 3689 1612 3746 Ecclesia:
1632 3691 1867 3761 propria:
1904 3691 2088 3747 deser-

506 3786 705 3843 torem,
753 3787 809 3835 et
861 3780 916 3835 in
949 3779 1128 3851 aliqua
1185 3782 1495 3850 provexerit
1544 3781 1828 3852 dignitate,
1878 3780 2094 3853 utrique

506 3869 821 3941 suhjaceant
842 3870 1122 3926 sententiae
1160 3886 1322 3940 quam
1374 3885 1613 3926 canones
1634 3870 2010 3942 prtefixerunt.

572 3963 663 4020 26.
714 3964 791 4020 De
840 3965 995 4020 laicis
1028 3966 1111 4019 vel
1163 3966 1482 4032 monachis,
1529 3966 1621 4036 qui
1670 3982 1767 4036 per
1812 3966 2091 4036 prtemium

503 4055 848 4121 ordinantur,
890 4066 948 4112 ut
973 4059 1188 4113 dantem
1211 4066 1267 4112 et
1300 4057 1653 4127 accipientem
1685 4056 1925 4114 Simonis
1951 4056 2087 4128 Magi

504 4149 710 4205 crimen
740 4149 995 4204 involvat.

576 4243 668 4298 27.
704 4241 773 4297 Ut
804 4242 946 4296 nulla
974 4240 1197 4297 basilica
1239 4242 1339 4298 sub
1379 4242 1755 4299 defunctorum
1791 4243 2086 4300 constituta

505 4332 727 4389 nomine
757 4331 1057 4388 dedicetur.
1518 4356 1521 4359 ν

571 4424 661 4481 28.
688 4425 764 4480 De
789 4423 1005 4480 feminis
1033 4434 1093 4480 ut
1123 4425 1292 4481 sacris
1332 4424 1592 4480 altaribus
1619 4440 1726 4480 non
1756 4425 2086 4493 ministrent,

504 4515 590 4571 vel
622 4515 825 4586 aliquid
853 4529 918 4569 ex
945 4514 1029 4570 bis
1052 4528 1173 4585 quae
1198 4515 1439 4570 virorum
1465 4522 1591 4571 sunt
1617 4514 1809 4571 ciliciis
1831 4516 2083 4586 deputata
2114 4536 2163 4596 ι)

501 4614 847 4677 praesumant.

571 4697 661 4754 29.
693 4700 771 4756 De
801 4699 1099 4756 redditibus
1144 4699 1398 4756 Ecclesia:
1442 4712 1527 4756 vet
1561 4700 1924 4756 oblationibus
1952 4700 2085 4756 fide-

503 4794 633 4850 lium
672 4793 814 4864 quod
848 4794 901 4848 in
930 4801 1163 4864 quatuor
1192 4794 1468 4864 portiones
1504 4793 1622 4847 fieri
1667 4792 1914 4848 debeant.

571 4884 661 4941 30.
688 4884 760 4940 Ut
779 4886 1079 4955 cpiscopus,
1103 4884 1385 4954 presbyter
1407 4888 1462 4937 et
1481 4882 1758 4946 diaconus,
1782 4882 1875 4952 qui
1896 4890 2082 4936 contra

397 5002 401 5006 ’
503 4979 618 5033 haec
656 4985 854 5031 statuta
891 4975 1080 5032 fecerit
1114 4974 1197 5030 sui
1242 4973 1465 5029 honoris
1504 4971 1800 5044 periculum
1844 4971 1916 5027 sit
1958 4972 2083 5028 sub-

500 5069 697 5125 iturus.

566 5158 696 5214 CAP.
722 5158 1141 5215 I.Dilectissimis
1154 5158 1412 5213 fratribus
1427 5148 1692 5212 universis
1704 5155 1973 5226 episc0pis
1989 5169 2084 5225 per

497 5250 818 5316 Lucaniam,
841 5250 1054 5306 Brutios
1081 5259 1135 5306 et
1165 5250 1402 5306 Siciliam
1438 5248 1766 5306 constitutis.
1798 5246 2085 5302 GEMSIUS.

571 5341 889 5398 Necessaria
962 5356 1142 5397 rerum
1210 5342 1560 5413 dispositione
1625 5340 2083 5413 perstringimur,

496 5443 551 5491 et
609 5434 920 5507 apostolica:
975 5434 1120 5489 sedis
1164 5434 1533 5490 moderamine
1575 5434 1956 5499 convenimur,
2007 5432 2087 5488 sic

497 5541 768 5585 eattonum
809 5534 1158 5598 paternorum
1190 5525 1404 5581 decreta
1439 5526 1660 5587 librare.
1699 5532 1754 5580 et
1783 5532 1927 5585 retro
1948 5538 2082 5594 prae-

499 5616 677 5673 sulum
716 5618 1167 5685 decessorumque
1207 5623 1514 5670 nostrorum
1567 5622 1835 5686 praecepta
1878 5613 2080 5677 metiri,

498 5718 561 5766 ut
584 5726 703 5783 quae
730 5709 1076 5782 pmsentium
1090 5707 1386 5764 necessitas
1399 5709 1697 5777 temporum
1715 5706 2082 5763 restaurandis

501 5801 758 5859 Ecclesiis
806 5802 1097 5859 relaxanda
1151 5800 1410 5870 deposcit,
1475 5798 1712 5855 adhibita
1766 5797 2077 5855 considera-

2274 1936 2340 1990 11.
2358 1935 2560 1995 Priscis
2587 1940 2749 2010 igitur
2762 1957 2859 2013 pro
2870 1959 2966 1999 sua
2993 1947 3293 2004 reverentia
3309 1950 3658 2007 manentibus
3672 1967 3799 2008 cono

2203 2028 2428 2097 stitntis,
2479 2047 2599 2104 quae
2655 2033 2747 2090 ubi
2803 2037 2944 2092 nulla
2976 2039 3057 2093 vel
3108 2056 3286 2096 rerum
3341 2042 3426 2097 vel
3480 2051 3794 2116 temporum

2204 2131 2455 2193 pcrnrgct
2488 2124 2732 2192 angustia
2762 2167 2776 2191 ,
2828 2127 3150 2198 regulariter
3196 2131 3451 2187 convenit
3488 2132 3787 2197 custodiri,

2201 2221 2426 2273 eatenus
2456 2215 2713 2285 Ecclesiis
2744 2233 2864 2287 qua:
2884 2218 2969 2273 vel
2996 2220 3205 2277 cunctis
3230 2232 3353 2278 sunt
3381 2222 3613 2293 privata:
3638 2224 3798 2278 mini-

2201 2307 2328 2363 stris
2371 2308 2457 2362 vel
2486 2308 2873 2366 sufficientibus
2913 2326 3083 2382 usque
3113 2312 3247 2369 adeo
3279 2312 3593 2384 despoliatae
3620 2315 3798 2370 servi-

2202 2398 2309 2465 tiis,
2365 2410 2425 2457 ut
2466 2402 2713 2472 plebibus
2767 2402 2834 2457 ad
2880 2417 2941 2458 se
2989 2405 3389 2474 pertinentibus
3413 2408 3579 2479 233
3606 2407 3795 2462 divina

2198 2505 2424 2546 munera
2449 2494 2696 2564 supplere
2721 2509 2824 2549 non
2855 2495 3091 2564 valeant,
3137 2506 3246 2553 tam
3278 2498 3597 2556 instituendi
3622 2516 3795 2570 quam

2198 2586 2513 2656 providendi
2539 2587 2803 2644 clericalis
2826 2587 3070 2661 obsequii
3100 2591 3177 2647 sic
3208 2592 3380 2664 spatia
3422 2593 3795 2666 dispensanda

2198 2678 2565 2734 concedimus.

2268 2768 2352 2823 111.
2387 2767 2459 2826 Ut
2483 2769 2524 2825 si
2550 2768 2670 2840 quis
2691 2770 2852 2825 etiam
2882 2770 2948 2828 de
2973 2772 3220 2845 religioso
3247 2775 3521 2846 proposito
3543 2783 3604 2830 et
3622 2775 3794 2831 disci-

2196 2858 2359 2930 plinis
2400 2861 2872 2917 monasterialibus
2913 2854 3186 2931 eruditus,
3213 2866 3279 2920 ad
3305 2865 3552 2922 clericale
3588 2882 3793 2921 munus

2198 2954 2443 3019 accedat,
2464 2953 2728 3025 imprimis
2748 2954 2865 3023 ejus
2885 2956 2993 3010 vita
3014 2957 3303 3026 praeteritis
3316 2968 3433 3014 acta
3450 2958 3793 3029 temporibus

2202 3043 2527 3115 inquiratur,
2558 3043 2602 3098 si
2629 3044 2774 3099 nullo
2804 3046 2952 3117 gravi
2980 3045 3215 3103 facinore
3241 3050 3500 3118 probatur
3526 3048 3788 3111 infectus,

2198 3132 2241 3186 si
2274 3132 2564 3188 secundam
2590 3149 2693 3188 non
2721 3133 2909 3189 habuit
2939 3134 3169 3191 fortasse
3197 3153 3438 3201 uxorem,
3473 3153 3575 3193 nec
3603 3154 3632 3192 a
3663 3154 3789 3193 ma-

2198 3224 2304 3278 rito
2326 3221 2580 3292 rcjeetam
2613 3225 2838 3280 sortitus
2862 3226 3180 3289 ostenditur,
3208 3227 3253 3281 si
3284 3228 3655 3299 paenitentiam
3686 3244 3789 3298 ρυ-

2193 3315 2391 3371 blicam
2422 3331 2527 3371 non
2557 3316 2747 3387 gessit,
2789 3331 2887 3375 nec
2931 3316 3035 3371 ulla
3075 3326 3229 3388 parte
3272 3319 3515 3389 corporis
3556 3320 3789 3374 vitiatus

2195 3412 2440 3476 apparet,
2463 3408 2508 3461 si
2532 3407 2742 3462 servilis
2764 3416 2855 3461 aut
2883 3406 3189 3477 originarite
3211 3425 3315 3463 non
3339 3418 3424 3463 est
3452 3410 3787 3467 conditionis

2192 3498 2481 3564 obnoxius,
2500 3498 2547 3554 si
2572 3499 2737 3554 curiae
2756 3499 2919 3553 etiam
2944 3500 3205 3570 probatur
3226 3502 3453 3558 nexibus
3475 3502 3784 3567 absolutus.

2194 3592 2238 3648 si
2287 3600 2567 3648 assecutus
2615 3600 2699 3648 est
2746 3591 2955 3648 litteras
3002 3592 3119 3648 sine
3164 3594 3359 3665 quibus
3393 3594 3480 3648 vix
3530 3593 3783 3651 fortassis

2192 3681 2475 3736 ostiarium
2505 3681 2676 3752 possit
2718 3681 2963 3751 implere.
2996 3682 3063 3737 Et
3107 3683 3151 3739 si
3200 3683 3247 3738 is
3290 3684 3342 3738 in
3382 3685 3631 3740 omnibus
3662 3702 3789 3755 qua

2191 3780 2317 3828 sunt
2344 3774 2601 3844 prtedicta
2628 3772 2868 3840 fulcitur,
2898 3775 3154 3830 continuo
3179 3774 3352 3830 lector
3379 3774 3462 3830 vel
3495 3778 3780 3842 notarius,

2192 3875 2286 3921 aut
2312 3875 2462 3922 certe
2491 3866 2741 3922 defensor
2770 3867 2995 3922 effectus
3030 3875 3151 3939 post
3182 3876 3293 3923 tres
3333 3883 3547 3924 menses
3581 3871 3781 3925 existat

2190 3958 2491 4030 acolythus.
2528 3958 2760 4015 Maxime
2807 3960 2852 4015 si
2887 3960 3015 4015 huic
3060 3969 3191 4015 aetas
3236 3960 3398 4016 etiam
3428 3959 3777 4033 suffragatur,

2189 4060 2345 4126 sexto
2375 4064 2559 4106 mense
2584 4050 2900 4105 subdiacoui
2938 4065 3131 4128 nomen
3178 4051 3428 4121 accipiat.
3464 4051 3542 4108 Ae
3574 4053 3618 4107 si
3667 4069 3779 4108 mo-

2188 4138 2357 4196 desta:
2387 4141 2817 4197 conversationis
2845 4141 3197 4213 honestaeque
3225 4143 3522 4199 voluntatis
3563 4144 3771 4209 existit,

2190 4247 2332 4288 nono
2365 4248 2551 4288 mense
2582 4233 2863 4299 diaconus,
2894 4235 3270 4306 completoque
3295 4252 3441 4293 anno
3468 4236 3527 4291 fit
3558 4238 3772 4311 presby-

2190 4334 2291 4380 ter.
2315 4325 2414 4381 Cui
2443 4335 2645 4393 tamen,
2667 4326 2812 4397 quod
2833 4341 3096 4382 annorum
3120 4327 3410 4383 interstitia
3431 4328 3650 4383 fuerant
3671 4328 3771 4384 col-

2190 4416 2387 4484 latura,
2418 4418 2589 4473 sancti
2611 4418 2872 4489 propositi
2900 4428 3091 4493 sponte
3113 4429 3362 4492 suscepta
3389 4420 3616 4477 docetur
3641 4435 3767 4492 pra:-

2190 4508 2393 4565 stitisse
2422 4509 2656 4566 devotio.
2951 4502 2956 4506 ’

2258 4599 2348 4655 1V.
2382 4597 2438 4655 Si
2467 4612 2599 4655 vero
2643 4599 2814 4681 laicus
2854 4600 3121 4671 quispiam
3153 4602 3540 4659 ecclesiasticis
3567 4610 3652 4657 est
3681 4610 3766 4672 ag-

2189 4689 2492 4761 gregandus
2518 4686 2738 4756 ofﬁciis,
2788 4698 2941 4746 tanto
2984 4691 3266 4748 sollicitius
3302 4693 3356 4746 in
3402 4691 3629 4764 singulis
3655 4705 3764 4761 qua

2189 4777 2437 4853 superius
2463 4779 2849 4849 comprehensa
2877 4787 3024 4845 sunt,
3047 4777 3351 4849 huiusmodi
3381 4779 3538 4835 decet
3564 4778 3761 4834 exami-

2191 4884 2320 4925 nare
2362 4884 2683 4939 personam,
2726 4880 2987 4940 quantum
3029 4870 3172 4926 inter
3200 4870 3526 4926 mundanam
3558 4869 3760 4939 religio-

2190 4979 2414 5034 samque
2441 4965 2606 5019 vitam
2633 4973 2847 5021 constat
2872 4981 2992 5021 esse
3016 4965 3378 5027 discriminis,
3423 4964 3553 5036 quia
3587 4967 3761 5036 utique

2188 5060 2560 5116 convenientia
2613 5060 2867 5116 Ecclesiae
2912 5060 3211 5116 ministeria
3255 5060 3558 5132 reparanda
3605 5067 3759 5122 sunt.

2189 5167 2295 5207 non
2347 5151 2848 5209 inconvenientibus
2895 5153 3103 5209 meritis
3149 5153 3471 5225 ingerenda,
3512 5163 3763 5225 tantoque

2193 5243 2362 5315 magis
2390 5243 2530 5314 quod
2561 5243 2731 5299 sacris
2760 5253 2943 5314 aptum
2968 5244 3140 5315 possit
3165 5260 3284 5303 esse
3307 5244 3549 5299 servitiis
3586 5246 3638 5300 in
3678 5260 3761 5301 eo-

2192 5349 2308 5390 rum
2334 5336 2683 5405 quaerendnm
2709 5344 2791 5391 est
2827 5335 3121 5402 institutis,
3148 5344 3408 5409 quantum
3433 5336 3500 5391 de
3530 5345 3759 5404 tempore

2190 5441 2299 5496 quo
2333 5425 2548 5481 fuerant
2573 5426 2689 5483 haec
2723 5428 3060 5497 assequenda
3095 5426 3430 5496 decerpitur,
3463 5434 3521 5480 ut
3557 5440 3756 5481 morum

2191 5517 2389 5573 habere
2418 5515 2679 5573 doceatur
2704 5517 3108 5589 hoc.probitas,
3156 5515 3298 5588 quod
3332 5514 3599 5587 prolixior
3640 5530 3758 5571 con-

2190 5610 2419 5665 suetudo
2448 5624 2555 5664 non
2582 5607 2829 5675 contulit,
2855 5623 2954 5663 nec
2982 5623 3078 5679 per
3096 5607 3437 5665 occasionem
3460 5605 3756 5676 supplenda

2190 5702 2428 5774 penuria:
2452 5700 2719 5758 clericalis
2743 5700 2870 5755 vitia
2910 5701 3089 5770 potius
3124 5698 3321 5754 divinis
3358 5695 3593 5753 cultibus
3625 5697 3756 5751 intu-

2190 5794 2334 5863 lisse,
2366 5808 2472 5850 non
2499 5792 2753 5863 legitima
2791 5790 3006 5847 familia:
3044 5797 3414 5860 computentur
3444 5788 3755 5858 proc'urasse
