3974 6438
208 356 326 416 9H

1389 354 1878 416 DECRETAIJUM
1913 355 2314 412 COLLECTIO.

3377 339 3505 408 ﬁt}-

210 469 566 541 compendia.
592 468 832 537 Quorum
859 470 1471 540 prontottonibussuper
1488 470 1613 525 anni
1634 478 1808 525 metas
1834 471 1891 530 Α,
1911 477 2101 525 caturo
2125 469 2173 524 si
2203 469 2558 525 immoderata
2578 466 2841 524 facientes
2861 464 3282 522 dissimulaverit
3307 465 3486 523 vindi-

206 576 325 616 εει
352 574 567 616 menses
593 558 937 634 nihilominus
960 560 1336 633 subrogamus,
1362 560 1644 630 quoniam,
1667 559 1808 614 sicut

208 649 430 725 dictum
460 664 569 723 est,
596 654 799 713 distare
827 655 1080 710 convenit
1123 655 1266 727 inter
1300 670 1587 727 personam
1627 654 1807 711 divino

209 742 396 798 cultui
426 744 694 813 deditam,
742 754 797 801 et
844 746 912 801 de
958 746 1218 803 laicorum
1263 749 1673 805 conversatione
1716 762 1808 802 ve-

210 832 486 887 nientem.
509 833 645 901 Quae
665 843 845 889 tamen
872 844 1095 891 eatenus
1114 836 1432 906 indulgenda
1456 837 1806 903 credidimus,

211 929 293 997 ut
328 921 433 978 illis
480 923 738 1003 Ecclesiis
785 926 983 996 quibus
1028 927 1374 984 infestatione
1416 929 1674 984 bellorum
1723 929 1809 984 vel

210 1012 375 1068 nulla
408 1017 625 1086 penitus
652 1016 959 1091 vellexigua
1000 1028 1374 1075 remanserunt
1400 1020 1698 1077 ministeria
1724 1034 1810 1074 re-

206 1114 532 1172 noventur,
571 1117 846 1176 quatenus
889 1108 978 1164 his
1020 1108 1133 1164 Deo
1171 1109 1405 1181 propitio
1448 1109 1732 1181 restitutis,
1754 1111 1807 1165 in

206 1194 616 1252 ecclesiasticis
639 1198 898 1268 gradibus
930 1199 1290 1271 subrogandis
1317 1215 1585 1256 canonum
1631 1210 1811 1272 pater-

213 1297 420 1338 norum
448 1295 601 1342 vetus
626 1287 796 1341 forma
823 1298 1091 1347 servetur.
1114 1288 1224 1345 Nec
1251 1299 1443 1346 contra
1468 1305 1564 1346 eos
1588 1290 1694 1346 ulla
1723 1305 1809 1345 ra-

214 1376 373 1432 tione
397 1379 685 1448 praevaleat
704 1420 719 1446 ,
757 1381 901 1450 quod
941 1397 1041 1452 pro
1069 1382 1366 1455 accidentis
1396 1382 1635 1452 remedio
1663 1382 1811 1439 defe-

210 1476 349 1533 ctus
370 1471 706 1545 providetor,
751 1487 866 1539 non.
902 1473 1164 1531 adversus
1197 1473 1335 1541 scita
1350 1472 1622 1542 majorum
1669 1490 1807 1535 nova

212 1557 343 1630 lege
372 1562 690 1631 prepositur
724 1580 749 1619 ει
772 1563 987 1618 caeteris
1026 1562 1283 1620 Ecclesiis
1298 1564 1370 1619 ab
1401 1564 1501 1620 hac
1526 1565 1810 1620 occasione

202 1654 584 1724 cessantibus,
605 1671 743 1733 quas
763 1671 868 1710 non
896 1655 1059 1711 simili
1084 1655 1236 1711 clade
1262 1665 1504 1711 vastatas
1524 1656 1809 1726 pristinam

214 1742 492 1821 faciendis
509 1747 948 1819 ordinationibus
972 1747 1233 1805 convenit
1254 1755 1438 1815 tenere
1465 1747 1805 1802 sententiam.

1909 574 2056 616 care.

1979 648 2071 705 1X.
2097 649 2364 705 Diaconos
2395 664 2607 719 quoque
2637 649 2908 720 propriam
2947 647 3351 704 constitutionis
3375 662 3491 701 scr-

1907 755 2037 795 vare
2063 755 2397 806 mensuram,
2425 756 2527 796 nec
2556 740 2696 797 ultra
2722 749 2963 796 tenorem
2989 740 3233 811 paternis
3261 738 3490 795 σξηιοηί-

1908 833 2009 888 bus
2049 832 2360 902 deputatum
2388 832 2662 903 quidpiam
2688 840 2926 897 tentare,
2971 832 3105 887 nihil
3152 845 3340 916 eorum
3390 845 3491 885 suo

1910 922 2212 976 ministerio
2240 923 2600 992 permittimus
2629 921 2898 993 applicare
2926 937 3047 993 quae
3070 922 3260 993 primis
3284 918 3488 976 ordini-

1908 1011 2011 1067 bus
2038 1012 2252 1082 proprie
2283 1012 2521 1067 decrevit
2546 1011 2860 1081 antiquitas.
2892 1011 3111 1082 Absque
3133 1011 3385 1081 episcopo
3403 1008 3489 1065 vel

1909 1101 2228 1174 presbytero
2257 1102 2537 1172 baptizare
2564 1118 2673 1158 non
2705 1109 3122 1174 praesumantur,
3150 1101 3254 1156 nisi
3290 1099 3487 1170 prtedi-

1909 1191 2012 1246 ctis
2051 1190 2303 1246 fortassis
2348 1189 2537 1246 ofﬁciis
2582 1191 2792 1261 longius
2837 1192 3145 1263 constitutis
3192 1189 3491 1246 necessitas

1909 1290 2149 1346 extrema
2172 1279 2479 1351 compellat.
2517 1279 2667 1348 Quod
2694 1290 2750 1336 et
2770 1281 2924 1336 lairis
2958 1281 3283 1336 Christianis
3312 1280 3491 1336 facere
3518 1328 3526 1336 .

1909 1368 2224 1440 plerumque
2253 1370 2584 1424 conceditur.
2862 1362 2902 1419 ’ρ

1980 1460 2046 1514 Χ.
2081 1460 2185 1536 Eos
2224 1475 2337 1514 non
2384 1460 2437 1513 in
2483 1461 2824 1532 presbyterio
2868 1459 3104 1516 insidere
3141 1475 3264 1515 cum
3309 1458 3492 1515 divina

1907 1549 2288 1612 celebrantur,
2331 1548 2413 1603 vel
2459 1549 2865 1604 ecclesiasticus
2910 1550 3139 1604 habetur
3185 1550 3492 1619 quicunque

1910 1648 2193 1694 tractatus.
2227 1638 2378 1694 Sacri
2402 1639 2645 1707 corporis
2673 1639 3113 1709 praerogationem
3143 1638 3243 1692 sub
3268 1652 3515 1707 eonspe-.

1908 1738 1997 1783 ctu
2022 1727 2297 1796 pontificis
2327 1742 2419 1782 seu
2448 1727 2770 1801 presbyteri,
2808 1728 2911 1781 nisi
2943 1726 3029 1781 bis
3060 1727 3376 1781 absentibus
3403 1725 3492 1795 jus

208 1816 539 1907 Qud-magis
568 1836 666 1891 hac
704 1816 1108 1905 opportunitate
1152 1835 1467 1900 commoniti
1512 1835 1803 1889 observan-
1839 1841 1881 1900 Β
1911 1833 2017 1881 non
2046 1818 2281 1873 habeant
2312 1816 2624 1879 exercendi.
2663 1818 2797 1873 Cum
2832 1818 2979 1872 enim
3022 1819 3234 1874 decreta
3262 1833 3490 1873 venera-

213 1923 358 1998 tiam
387 1924 1106 1993 venerandammpanouum
1139 1926 1456 1995 propensius
1480 1925 1825 1999 delegamus,

211 2012 561 2083 singulorum
594 2015 855 2085 graduum
902 2014 1266 2072 conscientias
1308 2014 1695 2082 admonentes,
1743 2030 1827 2079 ne,

215 2099 275 2167 iu
309 2101 525 2159 illicitos
548 2118 897 2177 prorumpere
918 2104 1214 2161 moliantur
1238 2121 1514 2162 excessus.

283 2192 352 2247 V.
368 2191 479 2248 Nec
488 2192 574 2250 fas
586 2209 705 2249 esse
719 2195 955 2251 conﬁdat
965 2196 1211 2268 quisquis
1220 2198 1530 2269 pontiﬁcum
1544 2198 1807 2271 higarnos,

211 2292 319 2338 aut
357 2285 608 2358 conjugia
636 2287 927 2355 sortientes
950 2288 1020 2341 ab
1048 2287 1169 2343 aliis
1196 2289 1470 2356 derelicta,
1502 2291 1617 2345 sive
1643 2306 1808 2361 quos-

210 2373 358 2428 libet
380 2383 501 2443 post
528 2374 901 2447 pmnitcntiam
931 2374 1017 2431 vel
1050 2376 1168 2443 sine
1205 2377 1400 2441 litteris
1421 2419 1436 2444 ,
1467 2379 1550 2433 vel
1586 2394 1812 2449 corpore

212 2464 460 2531 uitiatas,
490 2466 575 2522 vel
605 2466 1063 2533 conditionarios,
1109 2478 1204 2524 aut
1245 2471 1409 2524 curiae
1447 2471 1811 2540 publicarum-

210 2572 332 2629 que
361 2573 538 2613 rerum
569 2557 794 2614 nexibus
819 2559 1141 2629 implicatos,
1166 2569 1257 2616 aut
1282 2562 1481 2632 passim
1506 2562 1650 2617 nulla
1678 2572 1813 2618 tem-

211 2645 372 2714 poris
417 2649 763 2719 congruentis
809 2650 1215 2717 exspectatione
1256 2650 1564 2717 discussos,
1615 2652 1812 2708 divinis

213 2736 521 2792 servituros
550 2738 821 2809 applicare
846 2738 1179 2805 ministeriis,
1213 2756 1385 2811 neque
1412 2756 1509 2812 pro
1533 2757 1632 2797 suo
1657 2740 1810 2797 libitu

205 2827 343 2898 jura
375 2828 622 2884 studeant
649 2827 821 2883 aliena
849 2828 1172 2898 pervadere,
1201 2830 1407 2901 absque
1430 2831 1573 2890 sedis
1600 2841 1813 2903 aposto-

212 2918 343 2991 lica:
366 2919 510 2986 iusta
537 2919 887 2990 dispositione
918 2921 1229 2978 mandante.

294 3008 382 3064 Vl.
412 3005 673 3081 Basilicas
701 3009 910 3065 naviter
935 3009 1211 3083 inStitutas
1236 3027 1341 3067 non
1370 3013 1551 3084 petitis
1571 3029 1636 3067 ex
1664 3030 1812 3069 more

160 3126 169 3141 ε
211 3101 672 3171 prazceptionibus
698 3103 948 3160 dedicare
988 3118 1145 3159 nemo
1187 3104 1415 3172 atideat,
1444 3119 1544 3158 nec
1570 3104 1810 3159 ambiant

1913 1909 2096 1963 bilium
2131 1909 2471 1983 sanctionum
2504 1920 2604 1966 nos
2629 1925 2841 1981 quoque
2867 1925 3191 1983 magnopere
3221 1911 3494 1981 custodire

1911 1999 2172 2065 nitamur,
2200 2015 2265 2057 ac
2294 1999 2419 2069 sine
2438 2015 2624 2061 eorum
2652 2000 2934 2072 dispendio
2959 2001 3122 2057 etiam
3146 2001 3234 2056 illa
3257 2015 3376 2070 quae
3394 2015 3493 2070 pro

1912 2091 2140 2163 alicujus
2171 2092 2421 2148 utilitatis
2464 2092 2699 2149 fortasse
2740 2095 3059 2166 compendio
3096 2094 3383 2149 videantur
3416 2092 3493 2148 la-
3525 2151 3530 2154 _

1913 2184 2089 2238 xanda
2117 2183 2393 2238 cedamus.

1983 2274 2073 2330 XI.
2105 2275 2347 2345 Cumque
2375 2277 2531 2332 nobis
2559 2284 2748 2332 contra
2784 2276 3102 2332 salutarium
3132 2278 3492 2332 reverentiam
3528 2324 3531 2325 ν

1913 2367 2218 2437 regularum
2249 2367 2529 2438 cupiamus
2558 2374 2759 2423 temere
2786 2368 2919 2423 nihil
2946 2368 3137 2434 licere,
3167 2378 3222 2423 et
3247 2383 3368 2422 cum
3411 2381 3497 2422 sc-

1911 2459 2008 2514 des
2031 2459 2323 2529 apostolica
2339 2459 2587 2530 superior
2608 2460 2695 2515 his
2708 2459 2982 2525 omnibus,
3006 2459 3219 2516 favente
3243 2459 3489 2524 Domino,
3530 2530 3534 2533 _

1908 2566 2031 2620 qua:
2058 2550 2298 2621 paternis
2323 2550 2620 2606 canonibus
2651 2558 2778 2605 sunt
2801 2551 3044 2621 prmﬁxa,
3079 2551 3170 2621 pio
3195 2552 3496 2620 devotaque

1912 2644 2092 2699 animo
2127 2642 2341 2697 studeat
2380 2650 2565 2697 tenere
2595 2642 2901 2712 proposito,
2936 2642 3070 2696 satis
3103 2628 3380 2712 indignum
3412 2651 3495 2697 est

1910 2750 2236 2806 quemquam
2278 2733 2361 2789 vel
2410 2733 2724 2803 pontiﬁcum
2755 2733 2838 2788 vel
2866 2733 3117 2789 ordinum
3164 2733 3497 2803 subsequcnc

1914 2829 2049 2885 tium
2082 2828 2221 2883 hanc
2244 2826 2645 2882 observantiam
2675 2825 2943 2891 refutare,
2967 2839 3134 2897 quam
3164 2825 3307 2881 beati
3348 2825 3494 2881 Petri

1912 2920 2097 2993 sedem
2121 2927 2177 2989 et
2195 2919 2355 2989 sequi.
2369 2917 2551 2973 videat
2582 2927 2637 2972 et
2670 2918 2886 2983 docere,
2910 2917 3150 2987 satisque
3169 2919 3494 2974 conveniens

1907 3013 2002 3079 sit,
2032 3022 2095 3068 ut
2124 3020 2295 3079 totum
2319 3014 2517 3082 corpus
2562 3010 2814 3066 Ecclesiae
2848 3011 2902 3065 in
2931 2995 3033 3065 h'ac
3060 3009 3277 3083 sibimet
3304 3011 3494 3069 obser-

1911 3104 2127 3159 vatione
2154 3104 2465 3169 concordet,
2497 3117 2661 3172 quam
2694 3102 2804 3158 illic
2831 3103 3014 3173 vigere
3043 3102 3383 3175 conSpiciat,
3405 3102 3495 3157 ubi

212 3191 445 3246 sibimet
476 3193 711 3265 episcopi
740 3195 1016 3251 vindicare
1053 3195 1280 3255 clericos
1304 3196 1591 3265 potestatis
1621 3196 1759 3252 alite.
1835 3196 1883 3263 C
1916 3194 2171 3250 Dominus
2201 3193 2458 3255 Ecclesia:
2484 3193 2649 3248 totius
2679 3192 2861 3263 posuit
2883 3185 3257 3265 principatum
3283 3193 3498 3257 dicente

293 3283 403 3339 Ἧι.
446 3283 787 3355 Baptizandis
821 3289 1312 3360 consignandisque
1352 3288 1596 3344 ﬁdelibus
1632 3289 1805 3359 pretia

212 3375 371 3453 nulla
395 3375 763 3448 prmﬁgantur,
790 3394 889 3435 nec
919 3378 1259 3433 illationibus
1277 3379 1602 3449 quibuslibet
1633 3380 1805 3449 impo—

214 3466 350 3520 sitis
378 3468 652 3538 exagitare
697 3469 916 3538 cupiant
964 3478 1341 3534 renascentes,
1389 3472 1644 3540 quoniam
1687 3487 1807 3541 quite

212 3556 394 3635 gratis
438 3557 776 3637 accipimus,
806 3560 975 3631 gratis
1020 3560 1150 3618 dare
1197 3560 1548 3626 mandamur,
1595 3571 1648 3616 et
1688 3561 1817 3627 ideo

213 3647 361 3702 nihil
402 3663 432 3701 a
464 3649 735 3718 prmdictis
759 3666 980 3720 prorsus
1018 3652 1236 3724 exigere
1264 3652 1570 3717 moliantur,
1595 3667 1701 3722 quo
1725 3652 1808 3708 vel

212 3748 538 3811 paupertate
565 3751 789 3812 cogente
832 3743 1097 3810 deterriti,
1137 3742 1223 3798 vel
1263 3742 1627 3813 indignatione
1655 3759 1812 3799 revo-

216 3831 352 3909 cati.
370 3832 752 3903 redemptionis
777 3849 969 3890 causas
983 3850 1093 3890 suae
1119 3834 1306 3890 audire
1328 3835 1659 3907 despiciant;
1684 3852 1807 3892 ecr-

220 3928 342 3975 tum
372 3919 634 3977 habentes
658 3923 799 3993 quod
829 3923 927 3993 qui
947 3923 1241 3994 prohibita.
1263 3926 1580 3997 deprehensi
1612 3926 1833 3997 fuerint,

217 4012 535 4079 admisisse,
564 4013 651 4068 vel
684 4016 975 4071 commissa
1011 4033 1114 4070 non
1140 4016 1316 4087 potius
1345 4032 1440 4071 sua
1471 4026 1661 4087 sponte
1689 4032 1810 4074 cor-

220 4102 491 4166 rexerint,
518 4103 825 4173 periculum
842 4106 1072 4161 subituri
1102 4108 1305 4177 preprii
1329 4108 1436 4162 sint
1461 4109 1700 4165 honoris.

301 4190 431 4246 Vill.
464 4190 577 4268 Nec
606 4193 783 4249 minus
824 4194 987 4248 etiam
1024 4196 1367 4266 presbyteros
1407 4196 1543 4261 ultra
1590 4197 1823 4273 modum

218 4296 387 4338 suum
426 4284 645 4338 tendere
689 4283 1069 4353 prohibemus,
1117 4301 1218 4341 nec
1258 4286 1548 4357 episcopali
1596 4285 1810 4359 fastigio

222 4376 464 4432 indebita
489 4377 708 4434 sibimet
734 4378 990 4435 audacter
1016 4392 1312 4440 assumere.
1344 4394 1450 4434 non
1491 4380 1809 4437 conﬁciendi

212 4466 557 4533 chrismatis,
571 4483 680 4534 non
703 4454 1130 4539 consignationis
1149 4468 1471 4540 pontificalis
1491 4468 1810 4527 adhibenda:

218 4554 445 4612 sibimet
488 4556 733 4626 accipere
770 4556 1101 4624 facultatem,
1133 4571 1240 4613 non
1283 4566 1546 4633 praesente
1570 4558 1809 4630 quolibet

219 4646 489 4713 antistite,
537 4646 1247 4726 uisifortassejubeantur,
1279 4649 1363 4706 vel
1387 4651 1678 4719 orationis,
1719 4653 1805 4708 vel

216 4737 454 4794 actionis
492 4752 659 4800 sacrae
679 4747 965 4810 suppetere
985 4740 1086 4796 sibi
1111 4749 1449 4815 praesumant
1478 4755 1599 4797 esse
1639 4743 1807 4800 licen-

222 4827 382 4903 tiam,
410 4842 584 4898 neque
612 4829 711 4883 sub
740 4827 856 4897 ejus
877 4838 1119 4904 aspectu,
1148 4831 1580 4903 nisijubeantur,
1599 4842 1693 4888 aut
1718 4850 1805 4890 se-

218 4918 354 4974 dere
380 4927 729 4989 prtesumant,
757 4928 852 4974 aut
892 4922 1195 4978 veneranda
1235 4931 1467 4978 tractare
1510 4926 1798 4995 mysteria;

217 5023 326 5078 nec
344 5009 445 5063 sibi
459 5011 805 5067 meminerint
830 5011 948 5087 ulla~
964 5014 1171 5070 ratione
1189 5015 1436 5080 concedi,
1458 5016 1573 5071 sine
1594 5031 1806 5072 summo

215 5102 476 5172 pontiﬁce
496 5102 910 5171 subdiaconum,
932 5115 1027 5160 aut
1062 5105 1366 5178 acolythum
1380 5106 1470 5176 jus
1491 5108 1689 5163 habere
1719 5107 1803 5162 fa-

216 5192 420 5260 ciendi,
450 5209 552 5249 nec
574 5210 793 5264 prorsus
822 5195 886 5250 id-
902 5196 1167 5271 dubitent,
1206 5197 1249 5253 si
1276 5198 1565 5269 quidquam
1597 5200 1663 5255 ad
1688 5199 1805 5268 epi-

223 5284 441 5356 scopale
466 5286 829 5353 ministerium
863 5288 1173 5358 specialiter
1199 5291 1481 5367 pertinens
1516 5306 1614 5348 suo
1659 5303 1807 5353 metu

222 5375 534 5445 putaverint
550 5379 977 5446 exsequendum,
1007 5381 1265 5437 continuo
1279 5396 1341 5437 se
1376 5382 1699 5455 presbyterii
1727 5384 1807 5439 di-

214 5463 462 5532 gnitate,
510 5472 566 5519 et
609 5480 763 5520 sacra
811 5470 1189 5527 communione
1229 5471 1465 5540 privari..
1492 5471 1645 5540 Quod
1689 5473 1805 5529 fieri

222 5570 450 5612 necesse
479 5565 565 5613 est
602 5569 943 5625 censeamus,
987 5561 1031 5615 si
1057 5577 1245 5617 eorum
1276 5564 1507 5633 praesule
1533 5564 1807 5622 deferente

224 5645 534 5717 hujusmodi
562 5646 724 5704 fuerit
751 5650 1127 5718 praevaricatio
1155 5654 1524 5724 comprobata,
1555 5672 1655 5712 nec
1689 5657 1805 5726 ipso

224 5754 411 5803 eorum
432 5741 684 5812 episcopo
710 5756 739 5795 a
768 5740 922 5813 culpa
960 5744 1339 5814 conniventitc,
1380 5756 1434 5803 ct
1475 5748 1676 5804 ultione
1712 5764 1804 5805 va-

1906 3284 2186 3356 Scriptura
2210 3300 2224 3338 :
2248 3302 2267 3336 (
2291 3282 2549 3339 Ordinate
2571 3282 2623 3338 in
2648 3298 2735 3337 me
2758 3282 3077 3347 charitatem
3095 3281 3272 3355 (Cum.
3297 3298 3358 3346 η,
3382 3282 3488 3353 4).»

1911 3377 1976 3432 Ει
1999 3377 2223 3431 iterum:
2259 3396 2277 3429 ‹
2306 3374 2496 3431 Omnia
2519 3384 2668 3439 certo
2688 3375 2878 3440 ordine
2896 3376 3031 3443 ﬁant
3050 3373 3203 3451 (Gen.
3221 3376 3454 3448 xr._t,28).
3470 3396 3489 3428 ι

1911 3467 2088 3538 Atque
2124 3467 2318 3523 iterum
2347 3465 2635 3522 Psalmista
2676 3467 3043 3537 praedicante:
3081 3485 3105 3519 ι
3143 3466 3494 3523 Circumdate
3538 3520 3539 3523 η

1914 3558 2042 3613 Sion
2065 3566 2121 3613 et
2144 3558 2562 3628 complectimiui
2593 3573 2714 3613 cam
2765 3568 2983 3614 narrate
3009 3558 3064 3613 in
3094 3560 3333 3613 turribus
3356 3557 3493 3628 ejus.

1912 3647 2102 3704 Ponite
2124 3650 2285 3703 corda
2311 3657 2489 3702 vestra
2522 3648 2802 3705 invirtute
2824 3646 2962 3716 ejus,
2994 3657 3050 3703 et
3075 3648 3381 3721 distribuite
3400 3649 3497 3704 do-

1912 3755 2028 3794 mos
2068 3738 2206 3807 ejus,
2239 3749 2295 3794 ut
2328 3740 2596 3794 euarretis
2627 3740 2681 3794 in
2711 3740 2967 3814 pragenie
3006 3740 3197 3811 altera,
3234 3739 3493 3810 quoniam

1911 3831 1998 3885 hic
2027 3839 2107 3886 est
2132 3830 2273 3885 Deus
2300 3840 2484 3885 noster
2510 3822 2877 3895 inteternum,
2906 3838 2961 3885 et
2992 3830 3103 3900 ipse
3144 3839 3293 3901 reget
3318 3831 3491 3895 nosiu

1911 3923 2105 3979 smcula
2132 3920 2304 3997 (Paul.
2341 3939 2509 3990 vaIt,
2544 3923 2744 3993 l5-15).
2768 3944 2788 3976 ι
2827 3922 2926 3978 Hic
2966 3925 3154 3995 procul
3188 3924 3362 3995 dubio
3399 3926 3491 3995 qui

1911 4013 1967 4067 in
1993 4012 2483 4068 ecclesiasticarum
2531 4022 2786 4067 narratur
2827 4012 3109 4084 altitudine
3139 4013 3456 4085 dignitatum
3477 4054 3493 4078 ,

1910 4104 2032 4159 etin
2054 4102 2206 4173 cuius
2227 4104 2426 4160 virtute
2448 4103 2605 4162 bonis
2619 4104 2872 4174 operibus
2891 4105 3052 4159 corda
3077 4105 3320 4174 ponenda
3343 4114 3517 4171 sunt,_

1911 4196 2169 4269 gradibus
2200 4196 2389 4269 utique
2419 4196 2745 4260 distributis,
2783 4197 2995 4252 cunctis
3020 4196 3161 4252 Deus
3204 4207 3396 4252 noster
3441 4207 3497 4252 et

1910 4295 2090 4342 rector
2122 4286 2303 4356 pepuli
2330 4287 2705 4356 praedicandus
2731 4295 2815 4341 est
2841 4287 3185 4355 Christianis,
3218 4289 3307 4344 ubi
3336 4303 3495 4344 nemo

1911 4377 2128 4431 sibimet
2174 4376 2355 4446 aliquo
2391 4375 2504 4446 jam
2549 4378 2825 4433 existimet
2870 4379 3244 4446 imminutum,
3287 4394 3408 4435 cum
3439 4388 3498 4436 et

1913 4467 2331 4536 uniuscujusque
2355 4466 2553 4537 gradus
2581 4465 2912 4537 profectione
2934 4467 3006 4523 nil
3037 4468 3261 4538 deperit,
3288 4477 3344 4523 et
3363 4474 3497 4524 eon-

1836 4546 1886 4606 D
1914 4555 2189 4611 venienter
2223 4556 2525 4622 retinendo,
2553 4557 2695 4626 quod
2733 4558 2942 4615 ωειςειί
2968 4559 3372 4629 dispensatione
3401 4561 3496 4618 do-

1912 4656 2226 4714 natumest,
2253 4650 2455 4719 pariter
2475 4649 2651 4716 nobis,
2664 4659 2720 4705 et
2738 4648 3153 4719 eognoscibilem
3178 4650 3346 4721 Deum
3372 4650 3495 4708 fieri

1911 4741 2096 4797 tribuit
2127 4757 2248 4798 esse
2275 4752 2330 4797 et
2367 4750 2654 4798 rectorem.
2691 4741 2826 4797 Nam
2864 4741 2995 4799 etssi
3032 4741 3163 4813 quid
3190 4741 3498 4815 indulgetur

1909 4835 1976 4890 de
2007 4842 2310 4906 temporum
2349 4835 2650 4906 quantitate
2678 4836 2922 4893 moribus
2945 4836 3231 4907 aggregata
3260 4837 3497 4893 strenui-

1912 4933 2024 4981 tale
2068 4938 2328 4997 pensatur
2359 4927 2441 4982 :si
2477 4930 2602 4982 vita:
2644 4928 3124 4999 etiamjproposito
3152 4926 3492 4993 centinetnr‘.

1911 5016 2054 5101 quod
2096 5032 2196 5088 pro
2237 5016 2406 5073 relata
2446 5017 2610 5074 fuerit
2649 5027 2808 5075 aetate
2840 5019 3175 5085 curandum,
3202 5016 3495 5073 dummodo

1913 5108 2001 5164 illa
2033 5107 2337 5165 nullatenus
2363 5108 2699 5164 dissimulata
2736 5109 3046 5179 subrepant,
3073 5108 3305 5179 quorum
3328 5108 3493 5179 qued-

1915 5200 2064 5267 libet,
2080 5201 2126 5255 si
2143 5202 2321 5258 inesse
2345 5201 2623 5268 claruerit,
2640 5204 2831 5258 merito
2846 5201 3184 5258 clericalibus
3205 5198 3386 5258 infulis
3401 5215 3485 5257 rc-

1911 5291 2242 5362 probabilem
2266 5293 2554 5347 convincat
2597 5305 2718 5347 esse
2741 5306 3049 5362 personam.
3082 5291 3194 5353 Etsi
3228 5291 3316 5345 illa
3350 5304 3490 5345 non-

1909 5398 2186 5455 nunquam
2215 5382 2441 5441 sinenda
2476 5391 2633 5449 sunt,
2675 5399 2816 5455 quae,
2847 5384 2894 5439 si
2920 5378 3241 5440 ceterorum
3277 5391 3491 5437 constet

1911 5476 2155 5548 tegritas,
2184 5474 2299 5531 sola
2340 5488 2537 5537 nocere
2583 5489 2690 5530 non
2719 5470 2972 5541 valeant;
3012 5470 3100 5529 illa
3139 5468 3316 5537 ta’mc’n
3366 5474 3499 5527 sunt

1910 5570 2235 5638 magnopere
2257 5564 2644 5637 praacavenda,
2685 5565 3010 5637 qute‘recipi
3054 5564 3157 5621 nisi
3204 5556 3492 5618 manifesta

1906 5655 2315 5715 'decoloratidne
2360 5670 2466 5713 non
2511 5657 2737 5727 possint.
2770 5652 2845 5712 Ac
2875 5656 2937 5711 sli
2952 5666 3016 5712 ea
3044 5655 3155 5727 ipsa
3197 5666 3321 5726 qua:
3345 5650 3489 5707 nullo

1912 5750 2240 5807 detrimento
2270 5748 2556 5820 aliquoties
2593 5747 2911 5819 indulgentia
2947 5746 3257 5811 creduntur,
3288 5744 3371 5801 vel
3404 5752 3486 5798 re:
