3974 6430
530 309 633 368 945

1370 326 1660 384 ΑΡΡΕΝΙ).
1705 332 1794 384 AD
1819 332 1935 387 'SJE
1957 334 1999 386 ὲ.
2043 331 2132 385 IX.
2168 360 2239 374 —
2275 329 3008 412 ISIDORILMBRCATOIIIS

3674 336 3778 394 N4

529 438 646 520 rum
684 438 1086 504 temporumque
1113 439 1257 510 cogit
1282 441 1528 511 intuitus,
1554 447 1637 500 vel
1663 448 1960 502 accelerate
1983 462 2099 515 pro—
2125 449 2172 507 A
2202 449 2518 505 clericorum
2547 449 2995 520 negotiationibus
3039 450 3337 506 inhonestis
3368 459 3423 504 et
3464 448 3636 505 lucris
3665 461 3776 506 tur-

529 519 751 575 visionis
783 536 1056 594 respectans
1086 539 1347 585 excusat:
1383 547 1586 602 quanto
1609 539 1776 609 magis
1816 538 1904 592 illa
1931 536 2099 590 nulla-

533 618 686 666 tenus
715 615 1006 674 mutilanda
1041 629 1165 675 sunt
1214 637 1333 692 qna:
1361 641 1460 680 nec
1493 627 1595 682 ulla
1631 629 1958 695 necessitas,
2000 643 2100 683 nec

525 702 891 760 ecclesiastica
921 724 1143 777 prorsus
1180 722 1465 784 extorquet
1492 718 1735 773 utilitas?

515 821 534 835 ο
597 789 705 845 XII.
738 792 1049 865 Baptizandi
1094 803 1194 856 sibi
1225 805 1492 874 quispiam
1540 810 1736 876 passim
1779 823 2098 886 quoctuthlc

522 888 764 949 tempore
791 885 991 941 nullam
1029 891 1214 946 credat
1252 893 1428 948 inesse
1471 894 1738 951 ﬁduciam.
1768 885 1979 952 Prmter
2008 913 2097 966 pa-

519 971 702 1027 schale
760 973 954 1032 festum
998 971 1050 1034 et
1090 982 1434 1040 Pentecostes
1465 989 1769 1042 venerabile
1799 1004 2099 1050 sacramen-

519 1072 659 1161 tum,
685 1077 909 1138 excepto
935 1073 1193 1128 duntaxat
1219 1077 1519 1144 gravissimi
1550 1077 1820 1148 languoris
1845 1078 2093 1145 incursu,

517 1166 570 1204 Ill
606 1169 712 1222 quo
743 1161 1035 1214 verendum
1066 1171 1147 1216 est
1192 1179 1258 1217 ne
1277 1205 1292 1227 ,
1329 1165 1498 1220 morbi
1528 1175 1802 1222 crescente
1829 1167 2094 1236 periculo,

517 1241 635 1298 sine
657 1249 907 1313 remedio
922 1251 1141 1307 salutati
1172 1253 1417 1310 fortassis
1443 1265 1730 1329 aegrotans,
1771 1259 1938 1314 exitio
1963 1276 2097 1330 prie.

519 1342 711 1388 ventus
741 1337 1015 1394 abscedat.
1084 1377 1100 1390 κ

589 1420 720 1477 XIII.
751 1424 1130 1485 Ordinationes
1158 1435 1320 1488 etiam
1349 1436 1805 1506 presbyterorum,
1832 1447 1886 1492 et
1914 1439 2095 1494 disco-

517 1528 708 1570 norum
735 1519 836 1573 nisi
862 1522 1022 1577 certis
1047 1527 1375 1596 temporibus
1412 1537 1465 1582 et
1493 1530 1682 1584 diebus
1709 1545 1967 1587 exercere
1989 1548 2093 1586 non

515 1604 763 1664 debeant.
797 1609 848 1663 Id
877 1621 958 1667 est
990 1617 1166 1683 quarti
1197 1619 1397 1673 mensis
1433 1619 1639 1688 jejunio
1667 1624 1879 1692 septimi
1917 1633 1973 1679 et
2001 1626 2086 1680 de-

513 1693 661 1760 cimi,
689 1699 781 1752 scd
807 1708 862 1752 et
881 1703 1044 1757 etiam
1072 1707 1551 1777 qttadragesimalis
1577 1711 1735 1776 initii,
1760 1728 1822 1768 ac
1846 1715 2090 1768 mediana

2199 541 2354 610 pibns
2380 541 2681 606 imminere,
2708 541 2851 596 nullo
2878 543 3080 612 pudore
3099 549 3382 597 cernentes
3407 543 3778 612 evangelican

2199 629 2505 696 lectionem,
2537 648 2656 702 quae
2692 633 2804 701 ipse
2839 632 3098 687 Dominus
3131 633 3494 702 negotiatores
3519 649 3550 687 c
3582 633 3782 702 templo

2198 725 2510 780 verberatos
2539 724 2760 797 flagellis
2793 725 3054 780 asseritur
3090 724 3378 794 expulisse,
3405 739 3510 778 nec
3534 724 3778 794 Apostoli

2197 815 2361 868 verba
2395 815 2690 870 recolentes
2730 815 2927 884 quibus
2962 815 3036 868 ait
3063 833 3075 867 :
3100 833 3149 865 .t
3185 813 3353 872 Nemo
3394 814 3644 878 militans
3675 813 3784 868 Deo

2197 905 2434 974 implicat
2477 921 2534 962 se
2584 905 2814 976 negotiis
2857 904 3204 961 sa‘cularibus
3245 903 3327 974 (11
3358 903 3497 958 Tim.
3537 919 3616 967 ιι,
3644 903 3719 972 ι).
3755 924 3776 954 ι

2195 993 2477 1050 Psalmista
2521 1010 2736 1065 quoque
2782 995 2950 1049 David
2993 993 3158 1049 surda
3200 993 3612 1049 dissimulantes
3656 994 3782 1047 aure

2197 1096 2542 1144 cantantem:
2581 1107 2598 1140 ‹
2627 1088 2889 1155 Quoniam
2931 1102 3036 1142 non
3082 1087 3303 1158 cognovi
3348 1086 3780 1155 negotiationes,

2195 1178 2497 1233 introiboin
2514 1177 2782 1248 potentias
2803 1177 3009 1232 Domini
3027 1174 3202 1245 (Psal.
3220 1175 3476 1246 ux,16).
3503 1195 3520 1226 ι
3548 1174 3783 1228 Proinde

2193 1269 2496 1340 huiusmodi
2520 1279 2575 1324 et
2599 1269 2668 1324 ab
2691 1269 2924 1340 indignis
2945 1266 3317 1340 235'postea
3349 1266 3658 1336 quaestibus
3687 1282 3783 1320 no-

2193 1362 2333 1416 vcrit
2371 1360 2768 1424 abstinendum,
2792 1369 2848 1415 et
2875 1361 2940 1415 ab
2964 1359 3111 1428 omni
3141 1358 3424 1428 cujuslibet
3451 1357 3779 1427 negotiatio-

2195 1453 2279 1508 nis
2304 1453 2518 1522 ingenio
2544 1453 2626 1507 vel
2653 1452 2944 1522 cupiditate
2967 1451 3307 1516 cessandum,
3333 1459 3428 1504 aut
3452 1449 3507 1502 in
3534 1462 3786 1518 quocun-

2194 1565 2297 1618 que
2323 1549 2489 1619 gradu
2523 1549 2631 1603 sint
2656 1548 2810 1618 positi
2844 1562 2966 1602 mox
2996 1561 3024 1600 a
3052 1544 3388 1601 clericalibus
3424 1543 3624 1598 ofﬁciis
3656 1542 3782 1595 abs-

2195 1639 2367 1693 tinere
2415 1647 2710 1708 cogantur,
2753 1638 3005 1708 quoniam
3052 1636 3243 1691 domus
3280 1634 3406 1699 Dei,
3439 1649 3564 1704 qua:
3593 1632 3789 1686 domus

2193 1729 2456 1784 orationis
2484 1737 2538 1784 et
2567 1745 2688 1784 esse
2725 1729 2884 1784 debet
2912 1736 2966 1784 et
3001 1727 3128 1793 dici,
3166 1742 3233 1783 ne
3275 1726 3490 1782 ofﬁcina
3531 1723 3786 1795 negotia-

514 1785 950 1891 ρίιτιάιςυεεδῖιξῖίξῖ
997 1797 1093 1891 δίε).
1124 1795 1341 1853 Sabbuli
1384 1797 1593 1870 Ϊθὶυηίο
1635 1803 1781 1857 εἶναι
1831 1805 2095 1874 Vesperas
2124 1798 2168 1855 Β
2198 1821 2357 1875 tionis
2387 1827 2436 1875 et
2470 1820 2721 1889 spelunca
2749 1820 2926 1891 potius
2954 1821 3027 1874 sit
3055 1785 3346 1880 latronum.

513 1879 761 1932 noverint
807 1883 1178 1940 celebrandas.
1231 1888 1339 1944 Nec
1378 1889 1664 1959 cujuslibet
1696 1893 1963 1957 utilitatis,
1995 1909 2089 1950 seu

511 1965 921 2037 presbyterum,
946 1988 1038 2028 seu
1083 1975 1390 2043 diaconum,
1437 1980 1519 2034 bis
1559 1980 1819 2051 prcherre,
1844 1984 1935 2053 qui
1967 1991 2091 2046 ante

495 2055 658 2125 .ipsos
687 2058 889 2114 fuerint
921 2064 1176 2138 ordinati.

583 2145 719 2200 XIV.
753 2148 970 2207 Devotis
1003 2168 1214 2224 quoque
1253 2157 1552 2228 virginibus
1584 2161 1684 2215 nisi
1730 2172 1822 2216 aut
1872 2163 1922 2216 in
1967 2163 2090 2231 Epi-

508 2239 960 2309 phaniorum,aut
983 2247 1034 2302 in
1067 2249 1203 2304 albis
1228 2251 1696 2319 paschalibus,aut
1725 2255 2086 2324 apostolorum

509 2334 769 2390 natalitiis
810 2353 1022 2394 sacrum
1071 2343 1294 2400 minime
1343 2345 1583 2401 velamen
1630 2347 1943 2417 imponant,
1987 2347 2086 2402 nisi

507 2422 760 2493 forsitan,
792 2430 932 2484 sicut
963 2433 1028 2487 de
1055 2434 1376 2506 baptismate
1417 2438 1617 2494 dictum
1651 2448 1753 2504 est,
1795 2440 1942 2510 gravi
1971 2439 2086 2492 lan-

505 2531 673 2584 gnore
698 2523 992 2592 correptis,
1023 2542 1089 2581 nc
1130 2527 1246 2584 sine
1276 2530 1375 2585 hoc
1413 2546 1634 2588 munere
1663 2532 1727 2588 de
1769 2532 1960 2588 sarculo
1988 2547 2084 2596 ex-

505 2615 628 2668 eant
649 2649 662 2671 ,
697 2610 1104 2680 implorantibus
1130 2634 1237 2673 non
1272 2630 1516 2692 negetur.

580 2699 694 2753 XV.
735 2699 930 2758 Viduas
954 2717 1132 2762 autem
1161 2711 1338 2765 velare
1367 2714 1682 2782 pontificum
1712 2715 1888 2770 nullus
1917 2724 2088 2776 atten-

507 2799 604 2854 tet,
636 2794 778 2861 quod
808 2810 905 2850 nec
927 2800 1218 2855 auctoritas
1237 2803 1413 2858 divina
1444 2785 1796 2875 delegatpuec
1817 2821 2084 2861 canonum

505 2883 678 2940 forma
717 2891 1021 2956 pr:estituit.
1057 2893 1171 2948 Non
1201 2907 1283 2950 est
1314 2913 1442 2968 ergo
1474 2899 1685 2967 peni-tus
1720 2901 2082 2970 usurpandum

505 2977 606 3041 eis,
637 2979 763 3047 quia
791 2981 868 3036 sic
900 2984 1266 3041 ecclesiastica
1297 2997 1420 3043 sunt
1454 2989 1776 3054 conferenda
1802 2990 2077 3060 prasidia,

506 3075 566 3121 ut
590 3069 720 3123 nihil
749 3073 1119 3131 committatur
1147 3078 1409 3134 illicitum.

578 3159 711 3214 XVI.
740 3161 1020 3221 Generalis
1047 3169 1210 3222 etiam
1241 3171 1470 3239 querela:
1499 3171 1713 3226 vitanda
1737 3172 2085 3243 praesumptio
2110 3145 2157 3222 ς

502 3261 613 3318 est,
662 3271 766 3323 qua
807 3263 1188 3328 propemodum
1233 3273 1525 3323 causanlur
1568 3265 1841 3331 universi,
1885 3267 2084 3336 passim

501 3361 688 3404 servos
713 3356 765 3403 et
786 3350 1107 3422 originarios
1128 3354 1467 3410 dominorum
1489 3355 1632 3424 jura,
1662 3359 2089 3428 possessionum-

503 3456 606 3509 que
635 3441 917 3513 fugientes,
947 3448 1048 3501 sub
1080 3448 1341 3520 religiosa:
1369 3451 1794 3507 conversationis
1827 3452 2048 3506 obtentu
2069 3493 2083 3517 ,

502 3533 586 3585 vel
616 3535 682 3589 ad
713 3539 1037 3593 monasteria
1082 3556 1201 3596 sese
1235 3541 1516 3609 conferre,
1549 3543 1634 3597 vel
1664 3543 1728 3597 ad
1759 3544 2089 3599 ecclesiasti-

502 3639 625 3678 cum
675 3623 1022 3695 famulatum,
1061 3632 1469 3688 conniventibus
1513 3647 1726 3705 quoque
1773 3633 2088 3704 prmsnlibus

503 3713 872 3771 indifferenter
903 3721 1140 3784 admitti,
1185 3739 1304 3792 qua)
1337 3725 1507 3782 modis
1537 3725 1788 3779 omnibus
1818 3735 1900 3780 est
1941 3740 2087 3778 amo-

504 3808 674 3860 venda
718 3811 1001 3878 pernicies,
1037 3829 1102 3866 ne
1134 3828 1228 3882 per
1255 3814 1546 3868 Christiani
1595 3815 1828 3869 nominis
1873 3815 2089 3868 institu-

504 3907 642 3961 tum,
674 3909 761 3952 attt
801 3901 972 3953 aliena
1003 3903 1241 3971 pervadi,
1283 3911 1374 3956 aut
1400 3903 1608 3972 publica
1639 3904 1884 3958 videatur
1923 3904 2086 3958 disci-

503 3988 649 4055 plina
677 3989 936 4052 subverti,
978 3991 1244 4060 prmcipuc
1270 4007 1391 4047 cum
1423 4008 1564 4048 nunc
1604 3995 1771 4062 ipsam
1801 3993 2084 4047 ministerii

463 4137 479 4147 ,
506 4081 940 4152 clericalisﬂianc
976 4086 1357 4155 obligationcm
1396 4088 1656 4156 suspicari
1687 4089 1974 4143 conveniat
2008 4089 2088 4142 di-

505 4173 784 4242 gnitatem,
813 4183 1139 4243 cogaturque
1168 4192 1262 4246 pro
1291 4185 1432 4231 statu
1465 4178 1803 4233 militantium
1837 4179 1937 4234 sibi
1959 4194 2088 4234 con-

504 4264 815 4332 ditioneque
853 4265 1090 4336 jurgari,
1130 4279 1222 4323 aut
1250 4269 1441 4334 videri,
1478 4271 1618 4340 quod
1649 4271 1811 4338 absit,
1833 4273 2083 4328 obnoxia.

505 4355 709 4421 Quibus
738 4357 964 4411 sollicita
1000 4369 1366 4429 competenter
1395 4363 1772 4419 interdictione
1796 4366 2084 4434 prohibitis

505 4449 731 4518 quisque
751 4451 1052 4519 episcopus,
1068 4454 1371 4524 presbyter,
1386 4463 1479 4508 aut
1494 4455 1770 4522 diaconus,
1794 4455 1876 4508 vel
1896 4471 2080 4512 eorum

503 4539 592 4607 qni
624 4541 1226 4611 monasteriis-praeisse
1269 4555 1581 4611 noscuntur,
1623 4547 1924 4616 hnjnsmodi
1956 4564 2080 4618 per-

504 4644 666 4685 sonas
693 4633 831 4700 apud
857 4647 913 4685 se
937 4641 1180 4692 tenentes
1204 4649 1308 4688 non
1332 4637 1687 4691 restituendas
1708 4638 1966 4706 patronis,
1989 4646 2081 4693 aut

507 4721 762 4791 deinceps
809 4723 892 4776 vel
939 4723 1315 4780 ecclesiasticae
1363 4727 1636 4792 servituti,
1685 4729 1766 4783 vel
1816 4731 2078 4799 religiosis

503 4811 1008 4880 congregationibus
1035 4815 1340 4884 putaverint
1364 4815 1728 4885 applicandas,
1761 4835 1862 4873 non
1893 4821 2076 4875 volun-

505 4909 611 4954 'ate
658 4899 880 4957 forsitan
925 4904 1284 4972 dominorum,
1310 4907 1410 4961 sub
1453 4908 1743 4977 Scriptura).
1777 4911 2077 4968 testimonio

502 4991 756 5056 primitus
779 4993 1069 5056 absolutas.
1099 4997 1180 5050 vel
1209 4997 1443 5068 legitima
1470 5001 1826 5056 transactione
1863 5019 2082 5060 conces-

504 5095 612 5142 sas,
643 5082 940 5149 periculum
971 5101 1027 5140 se
1054 5086 1274 5142 honoris
1296 5090 1493 5159 proprii
1519 5107 1620 5145 non
1648 5093 1924 5162 ambigant
1943 5110 2082 5149 com-

504 5170 883 5240 munionisqne
908 5176 1211 5240 subituros,
1252 5179 1295 5232 si
1343 5195 1502 5248 super
1544 5181 1642 5234 hac
1684 5197 1740 5235 re
1767 5180 2078 5251 cujusquam

509 5274 672 5315 verax
703 5276 799 5316 nos
837 5265 1052 5331 querela
1082 5267 1392 5334 pulsaverit.
1425 5269 1628 5341 Magnis
1657 5273 1856 5342 quippe
1887 5274 2081 5329 studiis

506 5351 800 5405 secundum
828 5350 1042 5406 beatum
1072 5356 1382 5425 Apostolum
1423 5363 1829 5428 praecavendum
1859 5373 1974 5427 est,
2015 5380 2081 5420 ne

501 5439 637 5496 fides
661 5452 714 5496 et
735 5442 1014 5512 disciplina
1042 5443 1249 5500 Domini
1281 5447 1699 5518 blasphemetur.

571 5530 732 5586 XVII.
761 5533 1107 5602 Consequens
1137 5535 1258 5601 fuit,
1283 5547 1340 5592 ut
1371 5539 1457 5592 illa
1500 5555 1712 5611 quoque
1747 5557 1866 5611 qum
1891 5544 1956 5598 de
1989 5545 2076 5599 Pi-

502 5622 618 5674 ceni
651 5611 894 5690 pa'rtibus
933 5639 1103 5693 nuper
1132 5624 1199 5680 ad
1247 5641 1342 5680 nos
1388 5627 1546 5682 missa
1597 5631 1782 5687 relatio
1813 5617 2079 5689 nuntiavit

500 5723 599 5770 nec
628 5726 769 5766 nunc
812 5713 1175 5781 prrcterennda
1209 5724 1547 5784 putaremus,
1596 5719 1645 5774 id
1675 5731 1751 5776 est
1778 5761 1790 5784 .
1821 5722 2076 5780 plurimos

2110 4495 2161 4556 D

2264 1911 2442 1965 XVIII.
2469 1911 2777 1967 lllitteratos
2805 1925 3015 1980 quoque
3034 1919 3089 1966 et
3115 1909 3365 1965 nonnulla
3402 1918 3563 1980 parte
3589 1922 3788 1976 corpo—

2193 2001 2269 2056 ris
2289 2001 2600 2056 imminutos
2621 2002 2735 2055 sine
2759 2001 2866 2055 ullo
2918 2009 3162 2070 respectu
3219 2001 3284 2054 ad
3347 1999 3783 2054 ecclesiasticum

2190 2091 2374 2146 venire
2403 2090 2681 2145 servitium
2711 2090 3014 2145 didicimus.
3049 2089 3200 2155 Quod
3227 2087 3386 2142 simul
3417 2088 3642 2156 antiqua
3672 2095 3784 2138 tra-

2191 2179 2322 2234 ditio
2344 2187 2399 2234 et
2430 2179 2734 2247 apostolica:
2789 2179 2932 2234 sedis
2979 2186 3132 2232 vetns
3183 2176 3352 2231 forma
3398 2192 3503 2231 non
3562 2176 3785 2241 recipit,

2189 2271 2314 2340 quia
2339 2285 2437 2326 nec
2465 2270 2656 2325 litteris
2683 2285 2872 2327 carens
2893 2270 3060 2324 sacris
3079 2284 3200 2323 esse
3216 2276 3392 2338 potest
3412 2277 3573 2336 aptus
3588 2266 3787 2319 ciliciis

2189 2367 2244 2414 et
2269 2360 2518 2414 vitiosum
2542 2357 2674 2414 nihil
2703 2374 2925 2428 prorsus
2947 2359 3055 2413 Deo
3084 2357 3266 2413 ofl‘erri
3292 2357 3480 2428 legalia
3502 2364 3783 2424 precept:

2188 2458 2497 2506 sanxerunt.
2525 2450 2710 2520 Itaque
2739 2449 2805 2504 de
2839 2457 3035 2504 cartcro
3057 2449 3232 2503 modis
3259 2448 3505 2503 omnibus
3534 2448 3649 2500 haec
3695 2447 3783 2497 vi-

2192 2551 2395 2608 tentur,
2423 2557 2523 2596 ncc
2550 2542 2830 2611 quisquam
2861 2540 2984 2595 talis
3011 2540 3338 2610 suscipiatur
3377 2538 3430 2592 in
3457 2539 3689 2592 clerum.
3721 2536 3781 2590 Si

2187 2634 2277 2704 qui
2306 2649 2435 2690 vero
2458 2634 2541 2689 vel
2566 2624 2920 2688 temeritatem
2946 2633 3163 2702 propria
3199 2631 3282 2684 vel
3312 2630 3520 2684 incuria
3579 2629 3781 2699 praesi-

2188 2726 2428 2781 dentium
2459 2725 2591 2779 tales
2625 2734 2752 2779 ante
2781 2724 3013 2792 suscepti
3056 2732 3201 2787 sunt,
3254 2723 3304 2775 in
3348 2722 3433 2786 his
3472 2721 3523 2773 in
3577 2720 3786 2789 quibus

2187 2807 2459 2871 censtitnti
2492 2823 2616 2870 sunt
2652 2814 2784 2870 locis
2837 2823 3058 2868 eatenus
3116 2821 3476 2884 perseverent,
3526 2821 3585 2865 ut
3634 2810 3784 2871 nihil

2186 2924 2422 2978 unquam
2448 2906 2796 2976 promotionis
2825 2906 3102 2974 arripiant,
3126 2905 3362 2974 satisque
3387 2904 3641 2966 habeant,
3671 2902 3780 2954 hoc

2150 3073 2158 3082 _
2186 3002 2360 3071 ipsum
2385 3000 2482 3054 sibi
2509 3013 2605 3069 pro
2634 2998 2797 3052 nimia
2828 2997 3171 3051 miseratione
3197 2996 3535 3065 permissum.

2256 3087 2396 3144 XIX.
2430 3088 2504 3143 De
2554 3089 2637 3142 bis
2686 3097 2862 3142 autem
2889 3087 2980 3156 qui
3036 3086 3241 3156 seipsos
3278 3085 3613 3146 abScindunt,
3674 3099 3781 3152 pa-

2191 3181 2326 3238 terni
2356 3195 2589 3236 canones
2608 3180 2885 3240 evidenter
2905 3179 3172 3248 sequenda
3195 3185 3501 3248 posuerunt,
3529 3191 3777 3244 quorum

2192 3283 2428 3328 tenorem
2457 3269 2684 3326 sulliciat
2709 3270 2986 3335 indidisse,
3022 3269 3209 3323 dicunt
3233 3268 3377 3322 enim
3409 3266 3530 3319 talia
3573 3279 3782 3334 perpe-

2191 3370 2417 3426 trantes,
2441 3375 2564 3416 mox
2595 3367 2652 3412 ut
2675 3359 2839 3431 agniti
2865 3360 3086 3423 fuerint,
3112 3375 3142 3411 a
3166 3372 3387 3412 nmnerc
3411 3353 3648 3410 clericali
3679 3354 3782 3407 de-

2190 3451 2316 3505 bere
2347 3467 2439 3508 eos
2475 3451 2698 3516 seclndi,
2723 3452 2862 3521 quod
2891 3451 3061 3504 modis
3084 3450 3333 3504 omnibus
3367 3447 3637 3502 custodire
3673 3461 3779 3499 nos

2189 3543 2457 3607 convenit,
2490 3543 2616 3612 quia
2655 3542 2734 3596 fas
2787 3557 2906 3597 esse
2959 3541 3085 3595 nulli
3129 3541 3430 3611 suppeditat
3471 3538 3777 3608 quidquam

2189 3645 2386 3706 printer
2416 3635 2503 3689 illa
2526 3652 2646 3706 qua:
2669 3634 3032 3697 memorabilis
3060 3633 3299 3688 decrevit
3327 3631 3502 3694 forma
3517 3644 3773 3684 censere.

2261 3727 2380 3782 XX.
2411 3726 2781 3796 Comperimus
2804 3727 2966 3782 etiam
2991 3724 3276 3780 horrendis
3295 3723 3606 3792 quibusdam
3661 3722 3779 3775 cri-

2189 3819 2426 3874 minibus
2455 3818 2756 3888 implicatos
2786 3828 2894 3873 tota
2926 3818 3249 3873 discretione
3273 3817 3518 3870 submota
3544 3830 3652 3867 non
3685 3830 3776 3868 εο-

2190 3910 2297 3965 lum
2315 3911 2378 3965 de
2407 3909 2565 3964 factis
2586 3910 2858 3965 atrocibus
2878 3908 3236 3964 necessariam
3255 3905 3639 3976 ptenitudinem
3661 3918 3774 3957 non

2190 4001 2408 4066 habere,
2443 4001 2536 4055 sed
2564 4015 2662 4055 nec
2697 3999 2925 4068 aliquem
2957 3998 3292 4052 correctione
3321 3995 3532 4065 penitus
3576 4009 3773 4049 succe-

2189 4093 2348 4147 dente
2388 4091 2453 4145 ad
2505 4091 2742 4146 divinum
2767 4091 3120 4145 ministerium
3148 4090 3510 4157 honoremque
3538 4096 3770 4141 conten-

2188 4183 2340 4238 dere.
2366 4181 2659 4236 Nonnullos
2687 4195 2866 4236 autem
2897 4183 2949 4236 in
2980 4181 3106 4251 ipsis
3135 4179 3412 4236 ordinibus
3440 4179 3770 4233 constitutos

2189 4275 2441 4346 gravibus
2485 4274 2856 4344 delinquentes
2903 4272 3233 4328 facinoribus
3267 4285 3369 4330 non
3397 4269 3604 4340 repelli,
3640 4285 3764 4324 cum

2191 4367 2408 4422 mandet
2426 4365 2714 4436 Apostolus
2738 4365 2939 4420 nemini
2965 4365 3072 4420 cito
3087 4379 3279 4418 manus
3305 4361 3663 4431 imponendas
3679 4377 3770 4415 ne»

2189 4471 2295 4526 que
2318 4454 2820 4510 communicandum
2837 4454 3071 4523 peccatis
3093 4453 3304 4518 alienis,
3321 4463 3376 4506 et
3392 4452 3658 4520 majorum
3680 4468 3769 4506 vc-

2187 4548 2424 4604 neranda
2449 4548 2736 4604 constituta
2769 4547 3136 4617 pronuntiant.
3169 4543 3482 4614 IInjusmodi
3522 4544 3690 4598 etiam
3723 4545 3765 4598 si

2187 4637 2327 4691 forte
2355 4637 2746 4708 subrepserint,
2773 4644 2878 4690 tam
2902 4636 2991 4706 qni
3036 4646 3160 4691 ante
3209 4643 3574 4704 peccaverunt
3617 4636 3762 4689 dete-

2183 4733 2298 4781 ctos
2325 4735 2574 4796 Oportere
2603 4724 2784 4794 repelli
2814 4740 2975 4794 quam
3001 4740 3168 4779 sacrae
3187 4723 3541 4792 professionis
3571 4723 3759 4777 oblitos

2182 4817 2730 4886 prtevaricatoresque
2757 4814 2928 4870 sancti
2958 4813 3216 4885 propositi
3242 4813 3430 4884 procul
3457 4813 3619 4867 dubio
3641 4813 3760 4867 sub-

2182 4908 2491 4963 movendos.

2254 4997 2395 5053 XXI.
2435 4997 2615 5067 Usque
2641 4998 2774 5052 adeo
2826 5010 2956 5053 sane
3003 4996 3362 5066 comperimus
3413 4995 3596 5049 illicita
3624 5008 3764 5063 quae-

2184 5103 2286 5158 que
2308 5102 2680 5156 prorumpere,
2712 5097 2772 5140 ut
2821 5086 3101 5141 dzemoniis
3152 5085 3376 5155 aliisque
3427 5085 3762 5155 passionibus

2204 5179 2406 5234 rretitis
2459 5177 2759 5233 ministeria
2809 5186 3154 5232 sacrosancta
3197 5185 3430 5230 tractare
3477 5177 3756 5232 tribuatur.

2181 5267 2389 5335 Quibus
2417 5269 2460 5324 si
2489 5269 2540 5322 in
2573 5269 2674 5323 hoc
2713 5283 2877 5338 opere
2909 5269 3101 5338 positis
3147 5268 3346 5338 aliquid
3400 5268 3635 5337 propria:
3675 5281 3760 5320 nc-

2187 5360 2455 5414 cessitatis
2480 5367 2750 5422 occurrat,
2775 5359 2898 5428 quis
2941 5359 3006 5415 de
3057 5374 3152 5413 sua
3199 5373 3263 5412 ac
3316 5357 3551 5412 fidelium
3599 5357 3759 5412 salute

2183 5447 2435 5502 confidat.
2496 5447 2598 5503 Ubi
2661 5448 2937 5503 ministros
2983 5447 3127 5515 ipsos
3181 5446 3476 5501 curationis
3521 5447 3757 5499 humana:

2186 5545 2332 5592 tanta
2361 5537 2699 5610 perspexerit
2722 5537 3029 5594 calamitate
3054 5537 3269 5590 vexari?
3293 5537 3466 5604 Atque
3503 5535 3624 5590 ideo
3667 5550 3729 5587 ne

2182 5631 2416 5686 cessario
2437 5630 2746 5686 removendi
2771 5638 2914 5692 sunt,
2948 5644 3016 5683 ne
3036 5626 3362 5697 quibuslibet
3387 5627 3584 5696 quibus
3603 5624 3725 5680 Chri

2177 5731 2295 5777 stus
2347 5731 2427 5778 est
2475 5731 2755 5788 mortuus,
2813 5720 3120 5788 scandalum
3173 5729 3459 5788 generetur
3503 5716 3736 5789 infirmis
