3974 6432
102 372 231 429 045

1367 374 1856 435 DECRETALIUM
1895 377 2297 439 COLLECTIO.

3293 369 3399 433 956

104 484 406 543 Postremo
425 503 468 544 SI
492 502 720 559 corpore
746 491 1046 546 sauciatam
1069 491 1316 547 fortassis
1342 499 1433 545 aut
1468 474 1698 545 debilem
1729 491 1777 548 A
1805 495 2007 557 certus,
2047 500 2102 546 et
2130 492 2272 547 fixus
2310 498 2417 557 est,
2442 499 2498 546 et
2524 489 2829 547 districtius
2854 495 3317 559 istmizucrantur,
3341 495 3398 541 et

100 592 460 650 nequaquam
486 590 672 637 sancta
705 583 1017 655 contingere
1055 583 1143 640 lex
1194 583 1371 640 divina
1414 582 1702 654 permittit,

97 676 325 736 quanto
354 672 530 742 magis
558 671 684 727 doni
711 673 1114 744 dispensatores
1137 688 1257 730 esse
1300 690 1405 729 non
1432 673 1701 740 convenit,

94 757 265 827 quod
294 766 379 813 est
403 760 645 816 deterius
675 771 854 818 mente
872 778 1179 834 percussos.

183 846 351 903 XXII.
387 848 701 922 Virginibus
722 863 901 909 autem
922 857 1094 911 sacris
1122 864 1325 911 temere
1352 870 1410 910 se
1443 854 1703 925 quosdam

90 938 329 994 sociare
351 942 726 1012 cognovimus,
755 952 812 999 et
847 954 979 1016 post
997 946 1304 1001 dedicatum
1353 946 1464 1001 Deo
1512 959 1707 1016 propo-

88 1031 279 1086 situm
330 1032 534 1089 incesta
573 1035 775 1091 foedera
829 1037 1196 1109 sacrilegaque
1247 1038 1493 1093 miscere.
1561 1036 1708 1105 Quos

89 1122 363 1191 protinus
397 1139 609 1195 :cquum
639 1133 726 1182 est
755 1142 785 1181 a
809 1137 996 1183 sancta
1043 1128 1440 1183 communione
1468 1128 1703 1192 detrudi,

82 1221 151 1267 et
190 1214 301 1269 nisi
330 1230 428 1287 per
451 1217 723 1287 publicam
753 1222 1148 1290 probatamque
1174 1218 1548 1288 paenitentiam
1583 1232 1703 1272 om-

87 1307 242 1361 nino
266 1309 827 1380 non'recipi,authis
878 1320 1027 1366 certe
1073 1311 1332 1366 viaticum
1388 1311 1456 1364 de
1508 1309 1706 1365 szcculo

86 1399 544 1466 transeuntibus,
574 1401 620 1454 si
648 1409 828 1455 tamen
860 1401 1212 1469 pmuituerint
1232 1441 1247 1466 ,
1276 1416 1383 1455 non
1424 1399 1635 1470 negari.

178 1488 369 1545 XXIII.
403 1490 536 1546 Nam
569 1492 636 1548 de
662 1493 838 1548 viduis
864 1493 965 1548 sub
995 1482 1137 1548 nulla
1186 1493 1564 1548 benedictione
1614 1507 1706 1548 ve-

91 1580 285 1638 landis
340 1585 589 1655 superius
641 1586 749 1641 late
814 1585 1248 1658 suflicienterque
1313 1587 1710 1657 praediximus,

91 1685 230 1739 quze
257 1672 304 1727 si
339 1675 554 1744 propria
581 1675 860 1730 voluntate
885 1675 1185 1746 profcssam
1198 1676 1424 1747 pristini
1469 1675 1705 1746 coniugii

90 1762 421 1818 castitatem
449 1766 691 1821 mutabili
721 1776 900 1823 mente
922 1767 1273 1831 calcaverint,
1302 1768 1527 1839 periculi
1576 1767 1694 1836 ejus

1808 597 1837 636 a
1850 581 2047 653 quibus
2061 581 2260 638 fuerint
2277 591 2451 651 gesta,
2465 581 2782 653 prodantur,
2799 581 3053 651 quoniam
3073 581 3216 636 sicut
3232 578 3399 633 laten-~

1807 672 1956 727 tibus
1976 673 2032 727 in
2053 674 2157 729 hac
2182 674 2469 729 atrocitate
2491 672 2801 729 nominibus
2819 687 2927 727 non
2957 679 3139 727 exstat
3162 670 3216 724 in
3237 682 3396 739 quem

1807 764 2079 818 sententia
2105 764 2284 819 debita
2315 764 2642 835 proferatur,
2672 764 2745 819 ita
2768 777 2890 819 cum
2939 762 3247 830 manifestis
3279 760 3396 813 fue-

1807 855 1879 910 rit
1906 855 2249 911 documentis
2275 855 2579 925 expositus,
2601 869 2761 924 quem
2790 853 2923 908 tanti
2950 852 3173 908 sceleris
3221 849 3397 922 poscit

1808 947 2143 1012 immanitas,
2170 959 2279 999 non
2303 944 2497 1000 vitabit
2520 945 2794 999 ullatenus
2817 943 3098 998 ultionem.

1833 1066 1849 1084 ο
1876 1037 2113 1093 XXVIII.
2154 1036 2516 1094 Nihilominus
2543 1037 2891 1105 impatienter
2917 1034 3228 1090 audivimus
3270 1041 3393 1087 tan-

1807 1137 1920 1186 tum
1951 1130 2255 1185 divinarum
2278 1145 2457 1185 rerum
2488 1129 2701 1184 subisse
2726 1129 3062 1198 despectum,
3103 1134 3160 1180 ut
3182 1124 3395 1181 feminae

1808 1225 1980 1278 sacris
2002 1223 2263 1278 altaribus
2287 1222 2598 1277 ministrare
2622 1220 2928 1285 firmentur,
2945 1225 3255 1287 cunctaque
3274 1231 3396 1287 qua:

1806 1331 1917 1370 non
1944 1315 2049 1370 nisi
2079 1314 2322 1369 virorum
2346 1313 2629 1368 famulatui
2652 1312 2929 1383 deputata,
2950 1324 3137 1367 sexum
3166 1310 3251 1364 cui
3283 1324 3395 1366 non

1807 1408 2065 1476 competit
2099 1406 2381 1473 exhibere,
2438 1406 2544 1461 nisi
2595 1405 2740 1476 quod
2792 1404 3032 1459 omnium
3078 1402 3395 1458 delictorum

1806 1515 1928 1571 qua:
1956 1500 2233 1572 sigillatim
2264 1500 2685 1571 perstrinximus
2729 1513 2871 1553 noxa
2893 1496 3071 1553 omnis
3096 1503 3152 1552 et
3186 1495 3395 1551 crimen

1806 1607 1902 1649 eos
1933 1592 2153 1661 respicit
2178 1591 2489 1647 sacerdotes
2512 1590 2603 1660 qui
2634 1589 2717 1645 vel
2748 1590 2849 1645 ista
2873 1587 3256 1651 committunt,
3310 1582 3396 1638 vel

1808 1684 2208 1740 committentes
2243 1682 2470 1738 minime
2497 1679 2824 1753 publicando
2867 1677 3051 1749 pravis
3079 1676 3396 1733 excessibus

1808 1793 1867 1835 se
1902 1778 2086 1834 favere
2116 1776 2452 1850 significant,
2481 1776 2527 1832 si
2554 1785 2736 1831 tamen
2763 1772 3103 1830 sacerdotum
3121 1770 3234 1839 jam
3284 1768 3396 1825 sint

90 1853 381 1921 intererit,
410 1856 554 1925 quali
580 1857 745 1912 Deum
772 1856 1003 1913 debeant
1030 1857 1404 1913 satisfactione
1457 1858 1699 1929 placare,
1732 1881 1776 1941 Β
1806 1868 2070 1925 vocabulo
2099 1867 2448 1939 nuncupandi
2476 1868 2565 1936 qui
2592 1865 2897 1935 delegatum
2952 1862 3055 1918 sibi
3113 1858 3393 1932 religionis
3418 1906 3442 1924 ,

88 1944 231 2013 quia
250 1942 407 2013 juxta
441 1945 755 2017 Apostolum
789 1948 1022 2017 primam
1064 1946 1227 2003 fidem
1283 1948 1496 2003 irritam
1556 1948 1697 2004 fece-

87 2046 269 2092 runt:
304 2038 384 2095 sic
409 2039 589 2095 habita
613 2056 800 2097 secum
829 2041 1219 2098 deliberatione
1240 2041 1560 2113 promissam
1584 2041 1696 2097 Deo

85 2128 378 2199 pudicitiae
420 2130 579 2186 fidem
612 2132 812 2189 debent
855 2135 1149 2190 custodire.
1206 2132 1317 2189 Nos
1337 2142 1517 2189 autem
1574 2132 1694 2189 tali-

85 2220 204 2277 bus
226 2222 430 2278 nullum
478 2223 731 2294 laqueum
784 2225 1042 2282 debemus
1089 2225 1333 2296 injicere,
1385 2225 1479 2281 sed
1519 2224 1690 2280 solum

86 2315 513 2372 adhortationes
538 2318 745 2387 praemii
775 2319 1111 2388 sempiterni,
1140 2332 1439 2389 pennasque
1489 2331 1691 2387 propo-

83 2422 232 2463 nere
264 2408 429 2463 divini
459 2407 670 2477 judicii,
696 2418 829 2465 utet
851 2419 1031 2466 nostra
1050 2410 1122 2466 sit
1139 2410 1386 2466 absoluta
1408 2408 1692 2465 conscien-

87 2499 173 2553 tia
200 2508 260 2554 et
288 2500 501 2556 illarum
522 2518 623 2573 pro
642 2518 703 2558 se
728 2504 996 2559 rationem
1026 2504 1138 2559 Deo
1191 2503 1385 2558 reddat
1436 2501 1685 2557 intentio.

83 2592 412 2650 Cavendum
439 2602 523 2651 est
542 2598 742 2671 quippe
768 2612 889 2667 qua:
937 2597 1005 2651 de
1040 2611 1227 2651 earum
1273 2593 1515 2649 moribus
1555 2592 1689 2648 acti—

86 2683 307 2753 busque
361 2684 552 2742 beatus
603 2684 802 2740 Paulus
856 2686 1131 2757 apostolus
1185 2693 1417 2740 testatur
1446 2724 1461 2748 ,
1545 2682 1687 2752 quod

83 2776 311 2845 plenius
358 2792 631 2847 exponere
682 2778 1045 2849 pr:eterimus,
1099 2793 1169 2833 ne
1216 2793 1380 2833 sexus
1424 2774 1689 2832 instabilis

87 2885 201 2924 non
227 2879 335 2924 tam
363 2870 627 2927 deterreri
656 2887 816 2942 quam
845 2872 1122 2928 admoneri
1150 2871 1416 2925 videatur.

165 2962 358 3018 XXIV.
384 2962 664 3019 Secundae
694 2965 908 3034 nuptias
958 2964 1101 3018 sicut
1145 2961 1495 3017 saecularibus
1548 2958 1687 3014 inire

83 3053 434 3119 conceditur,
463 3055 537 3109 ita
565 3062 686 3123 post
713 3070 808 3111 eas
851 3053 1029 3109 nullus
1067 3053 1134 3107 ad
1192 3051 1445 3107 clericale
1492 3051 1687 3106 sinitur

82 3146 283 3201 venire
312 3144 615 3218 collegium.
645 3147 763 3201 Alia
804 3152 888 3201 est
930 3146 1074 3200 enim
1121 3145 1373 3199 humanae
1405 3141 1685 3212 fragilitati

82 3235 423 3309 generaliter
448 3238 707 3293 concessa
727 3236 969 3302 licentia,
1022 3234 1130 3290 alia
1173 3234 1335 3290 debet
1390 3247 1513 3289 esse
1567 3232 1681 3287 vita
1711 3260 1754 3320 ο

82 3330 402 3385 divinarum
431 3343 615 3383 rerum
641 3327 863 3383 servitio
891 3326 1159 3382 dedicata.

152 3416 330 3473 XXV.
360 3416 615 3487 Quisquis
660 3416 878 3486 proprie
928 3416 1173 3471 desertor
1216 3414 1472 3472 Ecclesia:
1524 3414 1685 3470 nullis

79 3506 429 3562 exstantibus
460 3507 640 3562 causis
664 3507 730 3560 ad
765 3505 926 3560 aliam
957 3504 1226 3575 putaverit
1273 3503 1682 3569 transeundum,

84 3605 406 3661 Icmereque
425 3607 705 3663 susceptus
729 3593 910 3659 fuerit,
939 3603 993 3650 et
1021 3604 1322 3664 promotus,
1353 3594 1682 3650 reverentio-

81 3701 210 3741 rum
231 3700 501 3741 canonum
530 3684 612 3740 vel
643 3684 779 3756 ipse,
807 3683 891 3739 vel
915 3692 1161 3754 receptor
1185 3681 1304 3752 ejus
1348 3692 1512 3754 atque
1554 3697 1681 3753 pro-

80 3785 275 3834 vector
296 3776 593 3832 constituta
644 3791 752 3831 non
807 3774 1046 3844 eﬂ'ugiet,
1086 3789 1207 3844 quae
1255 3774 1323 3829 de
1377 3774 1680 3835 huiusmodi

79 3865 574 3937 praesumptoribus
598 3866 881 3937 przefixere
906 3864 1193 3920 servanda.

153 3958 351 4014 XXVI.
381 3958 1047 4029 Demonachislaicisque
1092 3958 1144 4013 in
1190 3959 1364 4029 prima
1409 3959 1681 4031 copiosius

77 4052 467 4124 prmeeptionis
493 4051 653 4122 hujus
677 4063 833 4123 parte
857 4053 1123 4124 digestum
1149 4062 1253 4119 est,
1292 4053 1378 4109 vel
1401 4069 1523 4124 qua:
1539 4070 1676 4124 qua-

79 4151 246 4199 tenus
266 4142 356 4198 his
386 4158 484 4213 pro
527 4158 707 4199 rerum
741 4151 1153 4213 temporumque
1174 4144 1501 4199 necessitate
1544 4159 1676 4199 con-

79 4247 241 4290 cessa
273 4233 404 4297 sint,
427 4232 511 4289 vel
534 4234 989 4305 quemadmodum
1013 4234 1105 4289 ubi
1148 4234 1351 4290 nullius
1380 4236 1678 4291 necessita-

79 4324 155 4381 tis
203 4325 467 4380 interesse
544 4325 838 4396 probatur,
897 4324 1158 4380 nonnisi
1206 4333 1363 4381 vetus
1410 4325 1680 4381 institutio

78 4414 283 4470 debeat
307 4414 587 4470 custodiri.
615 4414 761 4483 Quos
785 4430 913 4471 vero
941 4416 1248 4472 constiterit
1276 4416 1525 4487 indignos
1567 4432 1678 4472 me-

82 4506 206 4561 ritis
236 4520 452 4560 sacram
478 4515 750 4562 mercatos
776 4521 895 4562 esse
924 4508 1099 4576 pretio
1126 4508 1467 4578 dignitatem,
1495 4509 1677 4564 convi-

1797 1960 2032 2017 oIIicium
2060 1959 2139 2015 sic
2164 1968 2514 2030 prosternere
2541 1956 2861 2023 moliuntur,
2907 1962 2968 2009 ut
3017 1953 3076 2008 in
3131 1965 3391 2023 perversa

1797 2066 2026 2121 quaeque
2058 2049 2395 2120 profanaque
2420 2047 2690 2119 proclives
2711 2046 2830 2101 sine
2858 2044 2968 2099 ullo
2999 2051 3245 2112 respectu
3302 2056 3390 2097 re-

1795 2142 1934 2214 gulae
1952 2142 2276 2197 Christiana:
2298 2139 2593 2211 praecipitia
2622 2137 2835 2193 funesta
2874 2143 3174 2192 sectantur.
3224 2132 3395 2188 Cum-

1794 2249 1900 2304 que
1930 2234 2191 2303 scriptum
2221 2232 2293 2287 sit
2326 2248 2340 2285 :
2398 2249 2417 2283 ς
2454 2229 2678 2284 Minima
2732 2227 2826 2298 qui
2881 2225 3090 2297 spernit
3131 2222 3390 2294 paulatim

1794 2324 1994 2381 decidit
2021 2322 2345 2394 (Eccli.xrx,
2380 2320 2456 2393 I),
2493 2340 2511 2372 ι
2563 2319 2691 2389 quid
2727 2325 2811 2374 est
2850 2317 2918 2372 de
2971 2314 3166 2371 talibus
3199 2311 3389 2367 existi-

1792 2416 2051 2472 mandum
2079 2415 2171 2485 qui
2197 2411 2479 2469 immensis
2514 2427 2579 2466 ac
2634 2409 3022 2480 multiplicibus
3062 2404 3389 2476 pravitatum

1792 2507 2027 2563 molibus
2069 2507 2290 2575 ingente
2328 2504 2545 2558 ruinam
2588 2501 2923 2556 multimodis
2974 2494 3389 2569 impulsionibus

1789 2596 2096 2653 ediderint?
2117 2595 2232 2649 Non
2255 2593 2535 2662 ambigant
2557 2590 2650 2661 qui
2672 2591 2789 2645 lucc
2809 2589 2926 2643 ausi
2954 2595 3083 2642 sunt
3104 2597 3386 2644 exercere,

1790 2687 1885 2743 sed
1916 2686 2081 2741 etiam
2114 2685 2205 2756 qui
2237 2680 2504 2741 hactenus
2526 2683 2749 2754 cognita
2778 2678 3028 2736 siluerint
3069 2677 3189 2742 sub,
3216 2675 3391 2730 hono-

1788 2777 1866 2833 ris
1886 2776 2088 2847 proprii
2107 2791 2165 2830 se
2180 2775 2364 2846 jacere
2385 2773 2670 2843 dispendio
2690 2813 2703 2837 ,
2728 2770 2771 2826 si
2792 2786 2901 2825 non
2928 2774 3129 2839 quanta
3158 2766 3388 2837 possint!

1788 2867 2121 2923 celeritatem
2169 2866 2451 2928 festinent,
2487 2873 2548 2919 ut
2577 2864 2795 2920 lethalia
2818 2862 3039 2917 vulnera
3063 2858 3389 2929 competenti

1788 2958 2057 3014 medicina
2083 2967 2366 3013 sanentur.
2405 2957 2525 3024 Quo
2580 2956 2728 3012 enim
2785 2969 2938 3010 more
2996 2960 3219 3008 teneant
3266 2951 3390 3022 jura

1786 3050 2102 3122 pontificum
2132 3050 2222 3121 qui
2249 3048 2649 3121 pontificalibus
2674 3046 2922 3102 excubiis
2948 3055 3178 3101 eatenus
3203 3041 3353 3111 injun
3372 3071 3389 3083 -

1787 3149 1872 3196 cta
1908 3140 2275 3204 dissimulant,
2304 3146 2364 3193 ut
2390 3138 2664 3193 contraria
2709 3136 2892 3191 domui
2927 3134 3022 3189 Dei
3058 3133 3146 3189 cui
3197 3131 3388 3201 praesi-

1786 3234 1934 3296 dent,
1956 3232 2137 3303 potius
2166 3238 2466 3301 operantur
2514 3237 2890 3301 quantumque
2920 3227 3065 3297 apud
3097 3225 3382 3280 Dominum

1786 3334 2027 3397 possent,
2058 3325 2102 3380 sl
2130 3325 2181 3380 ei
2207 3322 2594 3379 convenientia
2627 3326 3012 3391 procurarent,
3046 3328 3227 3372 tamen
3253 3313 3385 3389 quid
3438 3312 3459 3367 ’,

1787 3426 2100 3473 mereantur
2122 3417 2409 3488 aspiciant,
2448 3431 2569 3472 cum
2599 3412 2928 3470 exsecrabili
2962 3412 3146 3466 studio
3170 3417 3382 3466 secten-

1788 3514 1876 3561 tur
1912 3507 2159 3563 advcrsa.
2195 3508 2257 3562 Et
2279 3507 2436 3577 quasi
2464 3506 2635 3577 magis
2659 3504 2776 3559 haec
2805 3502 2991 3575 regula
3020 3503 3092 3557 sit
3127 3516 3234 3571 qua
3283 3499 3386 3554 Ec-

1787 3598 1967 3653 clesiae
1996 3599 2227 3654 debeant
2251 3596 2541 3670 gubernari
2593 3596 2638 3651 si
2688 3593 2949 3666 quidquid
2999 3590 3386 3649 ecclesiasticis

1785 3682 2065 3748 inimicum
2099 3692 2298 3763 regulis
2325 3698 2701 3763 perpetratur,
2727 3704 2851 3745 cum
2870 3696 2927 3743 et
2942 3687 2987 3743 si
3011 3686 3262 3757 cognitos
3285 3686 3383 3741 ha-

1782 3784 1908 3840 beat
1953 3799 2195 3840 canones
2244 3782 2617 3853 unusquisque
2664 3780 2989 3852 pontificum
3052 3777 3380 3832 intemerata

1783 3874 2032 3930 debuerit
2056 3882 2242 3928 tenere
2263 3871 2533 3928 custodia.

1854 3964 2045 4020 XXIX.
2086 3964 2329 4032 Quatuor
2351 3970 2532 4018 autem
2564 3969 2675 4016 tam
2701 3962 2770 4017 de
2816 3960 3032 4016 redditu
3083 3974 3247 4032 quam
3312 3958 3380 4015 de

1780 4055 2055 4112 oblatione
2090 4055 2327 4111 fidelium
2352 4053 2603 4112 convenit
2629 4051 2744 4108 fieri
2775 4052 3075 4122 portiones.
3133 4050 3376 4117 Quarum

1781 4147 1852 4201 sit
1880 4163 1985 4201 una
2008 4146 2302 4217 pontificis,
2345 4145 2515 4201 altera
2549 4143 2898 4206 clericorum,
2939 4155 3239 4212 pauperum
3272 4148 3382 4195 Ier-

1783 4242 1881 4307 tia,
1903 4249 2095 4310 quarta
2126 4239 2346 4295 fabricis
2376 4238 2712 4309 applicanda.
2744 4237 2821 4293 De
2841 4237 3059 4306 quibus,
3084 4236 3227 4291 sicut
3284 4248 3377 4289 sa-

1780 4330 2016 4386 cerdotis
2046 4330 2317 4393 intererit,
2350 4328 2611 4399 integram
2655 4326 2920 4381 ministris
2963 4325 3220 4381 Ecclesiae
3268 4340 3381 4379 me-

1781 4429 2045 4475 moratam
2076 4417 2380 4490 dependere
2421 4417 2800 4488 quantitatem,
2844 4416 2924 4471 sic
2953 4414 3183 4471 clericus
3228 4412 3372 4468 ultra

1779 4513 2077 4583 delegatam
2107 4511 2208 4567 sibi
2234 4524 2503 4566 summam
2531 4509 2662 4564 nihil
2687 4508 2982 4564 insolenter
3014 4505 3224 4563 noverit
3279 4518 3376 4560 ex-

79 4603 202 4650 ctos
221 4603 435 4664 Oportet
458 4595 778 4660 arceri,nou
797 4595 898 4650 nisi
929 4596 1169 4666 periculo
1199 4596 1407 4653 facinus
1431 4598 1536 4653 tale
1556 4613 1677 4668 per-
1707 4627 1755 4687 D
1782 4602 2086 4671 petendum.
2162 4601 2239 4656 Ea
2302 4615 2430 4655 vero
2489 4614 2609 4670 qua:
2667 4597 3052 4656 ecclesiasticis
3133 4594 3375 4652 aedificiis

80 4694 393 4757 petrantes,
417 4688 543 4769 quia
565 4688 781 4744 dantem
805 4688 1013 4758 pariter
1047 4698 1101 4746 et
1134 4690 1490 4759 accipientem
1524 4691 1677 4748 dam-

78 4779 236 4833 natio
266 4778 527 4845 Simonis,
557 4795 717 4850 quam
742 4796 893 4837 sacra
917 4780 1077 4837 lectio
1109 4790 1359 4848 testatur,
1391 4783 1637 4839 involvit.

156 4865 367 4935 XXVII.
385 4869 459 4923 De
472 4868 714 4924 locorum
730 4872 1139 4927 consecratione
1153 4881 1465 4928 sanctorum
1489 4887 1677 4943 quam-

74 4956 164 5011 vis
194 4958 447 5026 superius
476 4958 714 5013 strictim
756 4959 920 5015 fuerit
969 4962 1450 5030 comprehensum,
1518 4952 1677 5018 nobis

75 5063 296 5118 quoque
316 5048 643 5118 patefactum
666 5059 771 5115 est,
798 5051 939 5121 quod
962 5054 1167 5132 absque
1218 5061 1488 5124 prmeepto
1532 5054 1679 5109 sedis

76 5137 395 5198 apostolicae
450 5139 694 5195 nonnulli
748 5141 923 5213 factas
995 5142 1258 5198 ecclesias
1306 5144 1390 5198 vel
1441 5146 1678 5201 oratoria

77 5241 307 5282 sacrare
326 5240 697 5299 praesumant;
731 5231 833 5287 hoc
858 5248 1047 5287 sumus
1088 5242 1269 5288 tamen
1292 5233 1498 5301 judicio
1526 5236 1676 5291 dete—

76 5318 360 5375 stabiliore
381 5320 631 5390 permoti,
665 5322 807 5391 quod
850 5322 901 5377 in
939 5337 1264 5393 quocunque
1309 5326 1531 5381 nomine
1583 5324 1677 5382 de-

76 5406 394 5465 functorum
422 5419 479 5466 et
505 5421 768 5481 quantum
795 5411 1016 5478 dicitur,
1040 5429 1149 5469 non
1174 5415 1399 5471 omnino
1435 5416 1673 5472 fidelium

76 5503 518 5561 constructiones
545 5504 841 5560 adificatas
872 5506 1044 5561 sacris
1069 5507 1501 5577 professionibus
1514 5509 1678 5564 auda-

78 5604 197 5651 nter
213 5595 497 5652 instituere
512 5604 900 5654 memorantur.
915 5596 1045 5665 Quae
1064 5598 1317 5667 quoniam
1335 5608 1445 5655 tam
1459 5602 1672 5665 acerba,

83 5693 192 5741 tam
218 5686 354 5741 dura
393 5696 541 5755 sunt,
575 5696 633 5741 ut
663 5688 851 5744 eadem
883 5688 969 5743 vix
992 5697 1177 5744 noster
1199 5688 1345 5745 ferre
1367 5690 1541 5760 possit
1578 5706 1675 5745 au-

80 5778 247 5848 ditus,
271 5781 314 5836 si
333 5782 896 5846 vercChristianitatis
916 5782 1141 5841 affectus
1156 5783 1209 5841 in
1235 5783 1342 5842 illis
1357 5784 1672 5858 regionibus

1784 4691 2038 4747 attributa
2058 4698 2185 4746 sunt
2210 4691 2338 4746 huic
2371 4692 2521 4762 operi
2572 4689 2838 4744 veraciter
2880 4695 3200 4759 praerogata,
3226 4685 3374 4741 loco-

1785 4798 1905 4837 rum
1936 4783 2129 4838 doceat
2150 4780 2470 4837 instauratio
2492 4779 2771 4835 manifesta
2814 4785 3148 4840 sanctorum,
3200 4776 3374 4845 ipsam

1787 4872 2139 4928 nihilominus
2166 4872 2455 4941 ascriptum
2484 4869 2813 4941 pauperibus
2833 4869 3133 4939 portionem
3183 4881 3375 4937 quam.

1786 4966 1868 5021 vis
1894 4965 2092 5021 divinis
2138 4964 2438 5021 rationibus
2480 4980 2538 5019 se
2586 4962 2927 5032 dispensasse
2972 4968 3374 5018 monstraturus

1784 5069 1904 5110 esse
1930 5053 2194 5119 videatur,
2223 5061 2401 5110 tamen
2425 5053 2580 5123 juxta
2602 5053 2744 5122 quod
2771 5051 3033 5120 scriptum
3074 5059 3157 5106 est
3186 5069 3199 5105 :
3232 5070 3252 5103 r
3301 5050 3374 5108 Ut

1783 5146 2000 5201 videant
2020 5159 2185 5215 opera
2207 5153 2387 5199 vestra
2422 5144 2586 5207 bona,
2614 5151 2668 5198 et
2688 5142 2992 5213 glorificent
3040 5139 3257 5197 Patrem
3282 5156 3372 5196 ve-

1783 5245 1980 5301 strum,
2010 5234 2101 5305 qui
2138 5234 2192 5289 in
2230 5233 2381 5289 cmlis
2406 5242 2490 5288 est
2516 5232 2731 5303 (Matth.
2759 5248 2809 5297 v,
2838 5231 2949 5301 I6),
2981 5251 2999 5285 ι
3048 5246 3184 5302 opus
3208 5231 3371 5286 etiam

1781 5325 1835 5380 in
1865 5326 2115 5395 praesenti
2147 5324 2529 5380 testificatione
2558 5323 2862 5396 praedicari,
2897 5332 2952 5379 et
3003 5324 3160 5379 bona:
3213 5322 3372 5378 famae

1780 5418 2064 5488 praeconiis
2086 5432 2187 5470 non
2213 5416 2398 5471 taceri.

1854 5508 2023 5564 XXX.
2062 5508 2404 5577 Quapropter
2425 5522 2524 5564 nec
2548 5507 2872 5563 clericorum
2907 5507 2997 5576 qui
3019 5502 3283 5575 sapientia
3310 5517 3369 5558 se

1785 5600 1944 5670 hujus
1966 5597 2185 5653 offensae
2212 5596 2451 5652 futurum
2483 5598 2720 5653 confidat
2754 5596 3074 5660 immunem,
3105 5594 3150 5649 si
3181 5593 3233 5648 in
3284 5592 3369 5647 bis

1781 5706 1901 5761 quae
1940 5689 2231 5746 salubriter
2277 5689 2549 5759 sequenda
2601 5687 3052 5759 deprompsimus,
3103 5685 3215 5740 sive
3253 5681 3367 5751 epi-

1782 5797 2023 5853 scopum,
2075 5780 2186 5839 sive
2232 5780 2627 5849 prcsbvterum,
2682 5781 2796 5836 sive
2844 5778 3128 5849 diaconum
3173 5775 3368 5832 viderit
