3974 6432
577 368 684 431 9'57

1410 360 1699 419 APPEND.
1727 361 1819 416 AD
1848 360 2018 418 SJEC.
2060 360 2150 417 IX.
2189 390 2257 401 —
2285 355 2536 416 lSlDOlll
2568 352 3010 411 MERCATOlllS

3747 352 3847 409 953

576 485 955 546 excedentem,
978 494 1087 536 non
1117 478 1365 548 protinus
1390 478 1458 534 ad
1488 492 1647 533 aures
1692 484 1906 531 nostras
1954 473 2168 529 deferre
2195 463 2388 539 A’ejus
2423 468 2719 540 redarguit,
2752 475 2804 522 et
2831 475 3016 538 postea
3042 470 3437 534 consequenter
3472 472 3693 529 vitavit,
3713 470 3846 535 pari“

578 575 875 635 curaverit.
906 573 999 628 Sic
1019 587 1150 627 vero
1173 570 1349 627 modis
1369 569 1750 637 omnibusprit
1796 565 2162 636 unusquisque

578 665 893 740 pontiﬁcum
920 662 1126 718 ordinis
1158 672 1215 717 et
1234 663 1456 717 honoris
1479 661 1668 725 elisor,
1688 660 1736 715 si
1762 658 2013 727 cuiquam
2053 655 2162 711 cle-

579 759 821 814 ricorum
849 753 935 810 vel
963 753 1216 809 Ecclesize
1265 753 1431 809 totius
1480 751 1685 807 auditui
1731 750 1846 805 haec
1896 746 2165 818 putaverit

579 844 982 917 supprimenda.
1006 842 1138 898 Data
1165 858 1196 909 v_
1230 842 1355 897 ldus
1380 838 1809 906 Martii,Asterio
1839 847 1894 893 et
1909 834 2165 891 Prmsidio

577 937 646 994 1V
672 935 1002 994 consulibus.

956 1026 1198 1098 Epistola
1226 1024 1423 1097 Gelasii
1445 1026 1515 1080 ad
1547 1024 1781 1083 Siculas.

649 1123 704 1179 1.
746 1122 823 1179 De
848 1120 989 1177 bene
1015 1120 1266 1191 regendis
1288 1120 1450 1181 rebus
1479 1117 1735 1173 Ecclesia:
1779 1116 1848 1171 ab
1877 1112 2163 1185 episcopis.

651 1215 706 1270 2.
748 1209 1099 1270 De'trieenali
1127 1212 1549 1283 praescriptione.
2124 1260 2127 1263 .

655 1305 922 1361 Οειιειυε
957 1304 1216 1359 Romanae
1256 1302 1516 1377 Ecclesia:
1550 1302 1834 1374 episcopus
1881 1298 2167 1356 dilectissi-

584 1395 690 1451 mis
708 1395 836 1449 etin
852 1393 1069 1450 Christo
1088 1393 1354 1449 charitate
1374 1392 1701 1471 unanimiter
1716 1389 1974 1448 connexis
1987 1388 2166 1453 fratri-

585 1488 688 1542 bus
708 1486 977 1556 episcopis
999 1486 1089 1555 qui
1119 1486 1172 1539 in
1201 1484 1384 1540 Sicilia
1406 1493 1533 1555 sunt
1551 1482 1854 1540 constituti.

655 1578 784 1636 Car.
801 1578 839 1633 l.
864 1577 1155 1636 Prmsulnm
1170 1579 1463 1632 auctoritas
1476 1584 1782 1633 nostrorum
1797 1574 2091 1641 emanavit,
2108 1581 2171 1631 ut

587 1668 873 1725 facultates
887 1669 1138 1725 Ecclesiae
1151 1668 1351 1732 Christi
1369 1669 1434 1722 ad
1457 1668 1749 1739 regendum
1764 1666 2000 1723 habeant
2012 1675 2168 1735 pote-

2265 569 2454 629 terque
2494 559 2820 616 assumenda
2864 565 3014 624 sunt,
3062 571 3183 612 cum
3217 556 3302 612 his
3355 572 3481 627 quae
3523 563 3723 627 utpote
3748 560 3847 627 prio

2262 668 2382 709 mus
2401 652 2675 723 apostolus
2706 650 2943 707 salubria
2972 649 3320 721 przedicavit?
3342 649 3741 720 Nunquidnam
3765 662 3865 705 aut.

2262 742 2381 813 ejus
2408 754 2558 798 recta
2589 742 2834 798 doctrina
2860 756 2985 798 cum
3013 741 3097 796 his
3120 756 3241 810 quae
3272 740 3599 795 humanitus
3620 753 3853 795 accesse-

2263 842 2388 902 rant
2437 832 2765 904 repudianda
2792 841 2891 897 est,
2920 840 3015 888 aut
3047 831 3135 886 illa
3156 831 3333 886 adhuc
3361 829 3669 886 imbecillis
3704 830 3855 884 insci-

2266 924 2369 987 tia,
2405 939 2526 979 cum
2568 921 2808 994 perfecta
2854 920 2970 990 ejus
3037 921 3379 991 suscipienda
3422 929 3515 977 est
3576 919 3853 975 doctrina?

2266 1014 2645 1086 Nunquidnam
2706 1015 2760 1070 in
2807 1015 3045 1086 ipsorum
3098 1014 3484 1075 barreticorum
3551 1013 3722 1069 libris
3759 1030 3851 1068 eoa

2265 1109 2431 1165 multa
2448 1125 2570 1179 qua:
2598 1107 2663 1163 ad
2677 1109 2957 1165 veritatem
2971 1106 3280 1177 pertineant
3300 1108 3481 1177 posita
3507 1106 3855 1177 releguntur?

2263 1200 2643 1271 Nunquidnam
2668 1201 2789 1255 ideo
2806 1199 3009 1255 veritas
3030 1197 3309 1255 refutanda
3329 1209 3436 1263 est,
3456 1199 3597 1271 quia
3616 1198 3759 1263 libri,
3773 1200 3851 1254 tbi

2264 1296 2504 1367 pravitas
2548 1296 2797 1360 interest,
2844 1292 3194 1353 refutantur?
3222 1292 3329 1347 Aut
3379 1291 3511 1348 ideo
3553 1291 3851 1360 pravilibri

2266 1390 2590 1460 suscipiendi
2620 1397 2747 1444 sunt
2771 1402 2986 1453 eorum,
3006 1387 3133 1456 quia
3154 1386 3354 1459 veritas
3370 1401 3497 1457 quae
3520 1385 3644 1440 illic
3671 1386 3853 1441 inser-ta

2265 1489 2349 1535 est
2380 1495 2493 1535 non
2526 1480 2789 1551 negatur?
2810 1468 2905 1532 A‘it
2929 1475 3217 1547 Apostolus
3259 1492 3274 1529 :
3320 1494 3340 1528 ι
3375 1474 3584 1531 Omnia
3620 1476 3851 1545 probate,

2238 1587 2387 1643 .qute
2410 1574 2549 1629 bona
2579 1582 2706 1628 sunt
2729 1579 2909 1628 tenete
2932 1569 2982 1639 (1
3002 1569 3184 1625 Thess.
3208 1585 3258 1630 v,
3287 1568 3400 1641 21).
3425 1588 3449 1623 ι
3477 1567 3708 1624 Scimus
3730 1568 3853 1638 Apo-

2264 1664 2465 1723 smlum
2499 1664 2661 1720 etiam
2696 1665 2764 1718 de
2808 1678 3141 1734 paganorum
3179 1662 3330 1721 libris
3377 1661 3570 1731 aliqua
3601 1661 3853 1731 posu‘sse,

587 1757 870 1811 tatem.lta
903 1768 1081 1811 tamen
1105 1765 1165 1812 ut
1185 1756 2172 1830 viduarum,pupillorum,atquepau-
2199 1822 2239 1830 _
2268 1754 2519 1825 Nunquid
2576 1754 2698 1815 ideo
2716 1760 2775 1809 et
2807 1761 3013 1809 cuncta.
3050 1752 3357 1824 recipienda
3405 1760 3569 1816 sunt,
3593 1766 3720 1821 qua:
3745 1767 3853 1806 eum

496 1894 521 1912 ,
560 1841 799 1917 perum,
819 1861 1029 1901 necnon
1047 1855 1103 1901 et
1127 1846 1448 1902 clericorum
1463 1822 1726 1915 stipendia
1748 1822 2070 1901 distribuere
2084 1845 2171 1900 de-
2196 1822 2244 1882 Β
2273 1847 2357 1902 his
2384 1822 2586 1916 pariter
2606 1856 2733 1902 sunt
2758 1845 3002 1916 prolata?
3028 1844 3147 1915 Ipse
3166 1822 3468 1915 'Apostolus
3496 1845 3582 1899 ait
3614 1861 3631 1896 :
3664 1841 3850 1898 Multos

586 1937 770 1993 beant.
790 1937 900 1992 Hoc
915 1938 996 1992 eis
1009 1938 1300 1992 statuimus
1315 1936 1430 1992 dari
1446 1938 1587 2007 quod
1612 1938 1872 1993 hactenus
1892 1937 2169 1999 decretum

558 2062 563 2065 Α
586 2029 985 2099 est.Reliquum
1002 2029 1101 2084 sibi
1118 2029 1411 2093 vindicent,
1427 2037 1506 2093 ut,
1524 2029 1800 2085 sicutante
1815 2029 2168 2099 dix_imus,pe-_-

588 2118 931 2189 regrinorum
958 2127 1123 2188 atque
1145 2118 1478 2187 captivorum
1496 2117 1782 2190 largitores
1802 2135 1922 2175 esse
1938 2120 2166 2189 possint.

659 2210 722 2265 11.
742 2210 872 2266 Illud
898 2209 1325 2280 annectiplacnit
1348 2217 1406 2264 ut
1427 2210 1493 2275 si,
1510 2210 1650 2279 quod
1675 2210 1837 2276 absit,
1860 2209 2170 2269 facultatem

588 2300 887 2365 Ecclesiae,
925 2315 1132 2355 necnon
1198 2309 1248 2354 et
1306 2301 1567 2359 dimoeses
1621 2316 1740 2371 qure
1792 2302 1860 2356 ab
1907 2301 2189 2371 aliquibus

586 2392 934 2463 possidentur
961 2392 1230 2462 episcopis
1260 2392 1385 2463 jure
1410 2393 1513 2448 sibi
1549 2394 1838 2457 vindicent,
1900 2393 2025 2463 quia
2078 2394 2170 2467 tri-

595 2484 802 2539 ceualis
846 2483 933 2540 lex
963 2484 1248 2549 conclusit,
1306 2485 1433 2554 quia
1489 2494 1545 2541 et
1584 2485 1816 2541 ﬁliorum
1861 2493 2171 2541 nostrorum

587 2574 897 2646 principum
931 2576 1004 2628 ita
1035 2574 1309 2628 emanavit
1334 2574 1655 2639 auctoritas,
1683 2584 1742 2631 ut
1784 2574 1924 2629 ultra
1952 2573 2189 2645 triginta,

591 2682 764 2723 annos
786 2666 916 2721 nulli
935 2666 1091 2720 liceat
1112 2665 1382 2736 appellare
1407 2680 1543 2735 quos
1570 2665 1743 2735 legum
1768 2674 1979 2735 tempus
1998 2664 2179 2720 exclu-

591 2755 682 2811 sit.
702 2756 835 2810 Data
851 2756 973 2810 ldus
988 2755 1131 2819 Maii,
1157 2756 1372 2811 Asterio
1395 2766 1449 2810 et
1481 2756 1733 2811 Praesidio
1753 2754 1819 2810 ιν
1844 2754 2173 2813 consulibus.

589 2845 784 2916 Incipit
809 2857 978 2901 tomus
1027 2847 1090 2902 de
1121 2848 1467 2909 anathemati:
1514 2847 1718 2901 vinculo
1758 2846 1954 2901 Gelasii
2006 2862 2175 2917 papa.

662 2937 741 2992 Ne
783 2937 922 2993 forte
957 2939 1098 3008 quod
1131 2938 1336 2999 solent,
1391 2938 1604 3002 dicant,
1660 2937 1801 3007 quod
1855 2938 1899 2993 si
1946 2937 2179 3007 synodus

593 3025 1052 3093 Chalcedonensis
1081 3026 1411 3088 admittitur.
1442 3026 1619 3081 omnia
1646 3033 1897 3082 constare
1922 3025 2176 3090 debeant,

594 3134 716 3188 quae
737 3117 847 3173 illic
875 3117 1128 3172 videntur
1162 3132 1281 3174 esse
1311 3118 1650 3187 deprompta,
1683 3118 1938 3173 autenim
1961 3130 2029 3172 ex
2066 3127 2179 3175 toto

2270 1938 2653 2009 prmdicatores
2676 1937 2832 1992 aliter
2861 1946 3025 2007 atque
3061 1936 3218 1991 aliter
3242 1934 3522 1993 Christum
3550 1935 3855 2006 pradiare,

2272 2030 2361 2087 ubi
2404 2039 2582 2107 tamen
2611 2030 2736 2085 licet
2762 2044 3087 2100 quocunque
3110 2029 3270 2085 modo
3290 2029 3579 2085 Christum
3603 2028 3853 2099 pradica—

2275 2127 2385 2173 tum
2414 2127 2626 2189 oportet
2656 2118 2889 2176 admitti.
2931 2117 3143 2173 Tamen.
3166 2133 3273 2173 non
3305 2118 3425 2174 ideo
3457 2117 3617 2172 illum
3656 2132 3849 2171 more:

2272 2218 2379 2285 quo
2418 2228 2523 2267 non
2568 2222 2717 2282 recte
2744 2211 3091 2282 praedicatum
3118 2219 3202 2266 est
3222 2210 3480 2265 admonet
3498 2209 3740 2264 evitare.
3760 2206 3863 2261 Ia-

2256 2303 2353 2365 -los
2364 2305 2641 2375 operarios
2656 2303 2771 2375 ipse
2786 2302 3160 2372 conqueritur,
3174 2316 3401 2371 quorum
3419 2300 3528 2355 alia
3546 2298 3643 2355 ref
3640 2298 3859 2360 utauda,

2274 2394 2377 2449 alia
2409 2395 2567 2450 docet
2587 2408 2705 2451 esse
2733 2391 3010 2449 sectanda.
3033 2391 3164 2467 Haec
3188 2401 3243 2447 et
3267 2391 3581 2469 huiusmodi
3609 2390 3850 2458 exempla

2260 2503 2376 2543 .nos
2406 2488 2603 2545 docent
2626 2494 2682 2542 et
2712 2486 3022 2542 testimonia
3044 2485 3228 2540 divina
3255 2483 3607 2547 conﬁrmant,
3634 2498 3863 2537 nonan-

2275 2582 2364 2636 nia
2391 2581 3004 2653 pessimeaquocﬁunque
3024 2575 3172 2632 dicta
3198 2576 3282 2630 vel
3303 2575 3623 2645 ubicunque
3666 2575 3860 2644 scripta

2276 2664 2648 2727 iudill‘erenter
2666 2670 2931 2745 accipere,
2947 2667 3040 2723 sed
3064 2666 3476 2732 retentisbonis,
3492 2681 3619 2736 qua:
3632 2674 3861 2720 noceant

2279 2766 2533 2823 refutare.
2560 2765 2838 2824 Peccatori
2882 2762 3087 2835 homini
3135 2777 3281 2827 mors
3300 2761 3450 2817 illata
3472 2770 3585 2824 est,
3605 2769 3661 2815 et
3689 2770 3861 2814 tamen

2278 2860 2481 2932 homini
2502 2857 2629 2913 Iesu
2664 2857 2881 2913 Christo
2904 2842 3051 2910 mors
3080 2854 3229 2909 illata
3260 2868 3412 2908 reum
3451 2850 3584 2908 fecit
3606 2866 3736 2907 esse
3758 2852 3865 2905 dia.

2280 2951 2487 3014 bolum,
2522 2949 2650 3020 quia
2689 2948 2779 3003 ubi
2808 2963 2973 3003 causa
2999 2945 3191 3001 mortis
3221 2960 3330 3000 non
3365 2953 3517 3009 erat,
3552 2944 3630 2999 ibi
3661 2943 3863 3013 peccati

2276 3057 2383 3097 non
2412 3042 2707 3097 debebatur
2729 3048 2783 3093 et
2801 3053 2982 3109 paena.
3006 3037 3289 3103 Sententia
3310 3034 3725 3111 praeﬁgiturvel
3747 3049 3868 3105 pr:-

2278 3135 2385 3188 ﬁxa
2431 3140 2515 3186 cst
2564 3146 2777 3203 semper
2814 3130 3009 3185 errori.
3038 3129 3168 3197 Qua:
3211 3128 3486 3185 sententia
3516 3127 3647 3181 huic
3691 3126 3859 3180 errori

595 3222 715 3263 eam
748 3206 959 3262 admitti
990 3219 1261 3277 oportere,
1284 3215 1376 3262 aut
1419 3224 1483 3263 ex
1532 3215 1685 3278 parte
1734 3209 1779 3271 si
1827 3208 2176 3279 repudiabilis

2285 3225 2502 3297 prmﬁxa
2543 3202 2822 3293 nunquam
2874 3222 3099 3277 omnino
3152 3220 3477 3287 resolvetur,
3526 3219 3678 3273 sicut
3722 3219 3865 3273 enim

590 3309 698 3365 est,
724 3300 937 3355 ﬁrmam
968 3316 1034 3357 ex
1065 3309 1178 3357 toto
1201 3310 1452 3358 constare
1495 3317 1602 3356 non
1633 3317 1811 3373 posse.
1838 3302 2181 3373 Cognoseant

594 3394 760 3462 igitur
773 3394 1027 3465 quoniam
1045 3394 1170 3448 illud
1185 3394 1477 3451 secundum
1496 3394 1711 3465 Scriptu
1721 3410 1809 3452 ras
1834 3403 2050 3451 sanctas
2070 3403 2183 3451 tra-

594 3483 966 3563 ditionernque
990 3482 1252 3552 majorum
1276 3485 1569 3545 secundum
1599 3498 1837 3543 canones
1859 3484 2182 3555 regulasque

593 3573 850 3633 Ecclesiae
872 3590 972 3646 pro
998 3574 1107 3633 ﬁde
1141 3574 1413 3630 communi
1445 3582 1501 3630 et
1542 3576 1770 3632 veritate
1810 3575 2078 3635 catholica
2126 3584 2182 3631 et

594 3664 910 3735 apostolica,
933 3680 1033 3735 pro
1062 3682 1167 3736 qua
1194 3665 1334 3721 hanc
1362 3664 1477 3721 ﬁeri
1509 3667 1667 3722 sedes
1692 3666 1990 3738 apostolica
2033 3666 2179 3723 dele-

596 3757 764 3829 gavit,
794 3758 1101 3829 factamque
1131 3758 1384 3822 ﬁrmavit,
1411 3776 1442 3815 a
1481 3768 1588 3815 tota
1617 3761 1853 3817 Ecclesia
1871 3760 2179 3817 indubitan-

510 3903 519 3907 _
600 3857 683 3903 ter
704 3848 939 3906 admitti.
1004 3850 1119 3915 Alia
1173 3859 1351 3904 autem
1398 3866 1517 3920 qua:
1566 3857 1662 3921 per
1728 3853 2180 3921 incompetentem

595 3940 1073 4010 praesumptionem
1096 3941 1206 4003 illic
1236 3941 1439 4011 prolata
1466 3954 1615 4006 sunt,
1648 3943 1730 3998 vel
1784 3945 1960 4014 potius
2010 3945 2183 4005 venti-

600 4030 729 4091 lata,
757 4046 877 4102 qua:
921 4032 1075 4089 sedes
1115 4032 1404 4107 apostolica
1446 4036 1681 4104 gerenda
1733 4035 2020 4106 delegavit,
2063 4048 2182 4107 quae

600 4123 1015 4178 moxavicariis
1046 4124 1189 4179 sedis
1234 4125 1539 4194 apostolicze
1586 4128 1915 4197 contradicta
1958 4128 2185 4185 manife-

598 4219 763 4277 stum;
792 4221 876 4268 est
902 4227 1020 4282 qua:
1067 4213 1223 4269 sedes
1274 4216 1585 4285 apostolica,
1617 4218 1781 4273 etiam
1805 4226 2019 4288 petente
2040 4218 2185 4274 Mar-

605 4301 752 4355 tiaun
774 4302 1033 4372 principe,
1079 4303 1382 4363 nullatenus
1425 4308 1771 4378 approbavit;
1821 4325 1939 4379 qua:
1984 4311 2180 4379 prmsul

602 4389 858 4447 Ecclesize
892 4392 1499 4464 Constantinopolitana:
1527 4409 1653 4452 tunc
1693 4399 2031 4462 Anatholius,
2083 4414 2182 4455 nec

602 4496 663 4538 se
698 4482 1105 4552 praesumpsisse
1133 4484 1408 4554 professus
1429 4495 1533 4553 est,
1563 4496 1619 4542 et
1645 4488 1697 4542 in
1747 4489 2056 4558 apostolicae
2095 4505 2180 4546 se-

2283 3315 2336 3368 in
2363 3323 2624 3383 quantum
2653 3323 2737 3368 est
2761 3313 2876 3381 ipse
2902 3327 3080 3377 error,
3109 3328 3388 3382 nunquam
3424 3326 3584 3366 error
3613 3324 3748 3364 esse
3776 3310 3863 3363 de-

2281 3404 2445 3470 sistit,
2493 3405 2573 3459 sic
2601 3420 2631 3457 a
2667 3404 2934 3458 sententia
2964 3418 3241 3474 nunquam
3271 3402 3489 3474 pmﬁxa
3539 3400 3861 3461 resolvetur,

2282 3496 2407 3567 quia
2444 3511 2599 3551 error
2648 3496 2738 3565 qui
2778 3495 3093 3566 agnoscitur
3133 3510 3277 3573 esse.
3302 3494 3622 3558 damnatus,
3679 3492 3863 3547 eadem

2281 3588 2518 3660 quanth
2573 3594 2758 3642 manet
2794 3601 2949 3641 error
2977 3585 3241 3656 probatur
3260 3585 3545 3661 astrictus.
3571 3583 3764 3653 Itaque
3778 3583 3865 3651 qui

2284 3682 2338 3738 in
2359 3697 2424 3741 eo
2447 3698 2634 3738 errore
2670 3689 2797 3737 sunt
2828 3678 3097 3736 sententia
3119 3678 3327 3735 erroris
3350 3676 3604 3734 obstricti
3628 3684 3788 3739 sunt,
3815 3684 3871 3729 et

2268 3774 2519 3845 quandiu
2566 3774 2619 3828 in
2672 3788 2738 3830 eo
2794 3780 3018 3828 manent
3068 3772 3380 3826 nullatenus
3427 3768 3665 3824 absoluti
3723 3778 3862 3833 sunt,

2282 3866 2422 3921 sicut
2468 3880 2571 3921 nec
2600 3866 2715 3935 ipse
2747 3864 2801 3919 in
2834 3879 2941 3935 quo
2974 3870 3103 3918 sunt
3139 3877 3296 3918 error
3321 3860 3646 3917 absolvitur.
3704 3860 3865 3914 Error

2282 3954 2425 4010 enim
2468 3954 2582 4025 ipse
2622 3969 2898 4024 nunquam
2922 3952 3136 4009 veniam
3167 3960 3527 4023 promeretur,
3554 3951 3653 4006 sed
3682 3951 3777 4020 qui
3814 3952 3861 4003 in

2281 4059 2345 4109 eo
2371 4045 2640 4100 veraciter
2677 4044 2935 4111 caruerit,
2977 4054 3142 4114 atque
3178 4044 3249 4098 ab
3290 4042 3404 4111 ejus
3451 4041 3861 4115 participatione

2282 4137 2530 4193 discedit.
2555 4136 2800 4204 Quandiu
2839 4150 2967 4207 ergo
2993 4136 3046 4191 in
3073 4135 3151 4189 eis
3171 4142 3259 4189 est
3284 4149 3439 4188 error
3460 4132 3858 4186 damnationem

2282 4242 2434 4283 suam
2466 4236 2632 4294 tenet,
2661 4243 2939 4298 nunquam
2964 4225 3275 4291 resolvitur,
3302 4225 3429 4295 quia
3453 4238 3615 4278 error
3654 4237 3861 4293 semper

2281 4333 2497 4389 pmnarn
2522 4326 2773 4373 meretur.
2805 4315 3103 4386 Participes
3116 4330 3245 4370 vero
3261 4313 3378 4383 ejus
3409 4322 3541 4367 sunt
3568 4328 3789 4381 semper
3810 4321 3859 4365 et

2281 4410 2397 4479 ejus
2426 4425 2599 4480 poena:
2612 4408 2924 4480 participes,
2949 4408 3071 4463 sim
3099 4407 3284 4461 eodem
3311 4414 3564 4475 perstare
3592 4419 3707 4458 non
3731 4403 3861 4458 desio

2283 4508 2439 4564 nant,
2451 4509 2543 4553 aut
2560 4497 2605 4553 si
2620 4498 2689 4552 ab
2701 4498 2887 4553 eodem
2904 4496 3227 4551 recesserint
3241 4509 3401 4563 quam
3415 4493 3583 4547 alieni
3602 4492 3731 4547 facti
3745 4500 3861 4546 sunt

599 4575 683 4630 dis
721 4575 979 4631 antistitis
1023 4592 1130 4633 non
1172 4578 1428 4648 negavit,
1476 4579 1650 4647 posita
1693 4588 1977 4649 potestate.
2028 4581 2180 4648 Quod

2288 4593 2354 4645 ab
2387 4606 2597 4655 errore,
2622 4572 2679 4644 et
2711 4590 2780 4643 ab
2809 4588 2929 4658 ejus
2952 4586 3366 4659 participatione
3389 4585 3638 4648 discreti,
3669 4594 3779 4639 tam
3815 4592 3862 4637 et

600 4670 724 4726 ideo
754 4670 834 4727 sic
863 4671 945 4745 (ut
972 4672 1172 4727 dictum
1195 4673 1300 4743 est)
1327 4673 1485 4728 sedes
1509 4674 1801 4745 apostolica
1824 4690 1930 4730 non
1951 4676 2179 4747 recepit,

600 4758 729 4830 quia
758 4776 879 4830 qua:
901 4761 1198 4832 privilegiis
1245 4763 1567 4818 venerabilis
1620 4763 1871 4821 Ecclesia:
1906 4766 2180 4821 contraria

600 4852 923 4921 probantur,
952 4854 1095 4908 nulla
1121 4855 1329 4909 ratione
1355 4854 1606 4910 sustinet.
1637 4855 1774 4923 Quid
1808 4858 1987 4911 enim?
2038 4858 2176 4925 Quia

602 4945 657 4999 in
684 4942 837 5000 libris
858 4946 1062 5001 sanctis
1084 4961 1219 5015 quos
1246 4947 1430 5015 utique
1455 4961 1779 5003 veneramur
1802 4956 1858 5003 et
1881 4950 2178 5019 sequimur,

597 5033 855 5105 quoniam
870 5036 1226 5104 quorumdam
1240 5035 1346 5092 illic
1358 5045 1414 5092 et
1424 5036 1772 5108 profanitatcs
1784 5052 1904 5093 esse
1916 5037 2185 5107 feruntur,

600 5131 659 5178 et
683 5124 891 5181 scelera
914 5137 1063 5197 gesta
1090 5137 1402 5185 narrantur.
1444 5130 1569 5186 Ideo
1619 5130 1774 5187 nobis
1813 5132 2043 5201 pariter,
2092 5141 2187 5187 aut

584 5217 912 5272 veneranda
947 5229 1093 5285 sunt,
1122 5229 1212 5275 aut
1252 5223 1522 5293 sequenda
1569 5224 1695 5293 quia
1742 5223 1794 5277 in
1838 5223 1944 5278 illis
1983 5224 2187 5281 sanctis

604 5305 761 5364 libris
788 5316 846 5365 et
881 5313 1282 5370 venerabilibus
1328 5315 1692 5371 continentur.
1729 5316 1963 5373 Sanctus
1991 5317 2185 5373 Petrus

608 5398 817 5467 primus
836 5400 1219 5471 apostolorum,
1237 5404 1314 5459 sic
1341 5405 1658 5463 existimans
1690 5407 1822 5462 Novi
1846 5407 2180 5465 Testamenti

606 5490 840 5561 gratiam
853 5491 1271 5564 praedicandam,
1288 5504 1387 5550 uta
1404 5496 1537 5567 legis
1548 5499 1749 5554 Veteris
1772 5514 1876 5555 non
1907 5500 2187 5555 recederet
2214 5570 2219 5575 ἱ

610 5582 912 5649 institutis,
963 5584 1207 5654 quaedam
1253 5600 1348 5655 per
1380 5587 1779 5645 simulationem
1815 5591 2008 5660 legitur
2046 5591 2187 5646 inter

605 5675 825 5734 Judaeos
861 5678 1193 5750 gentilesque
1217 5681 1464 5752 gessisse.
1507 5679 1756 5752 Nunquid
1801 5683 1919 5738 ideo
1960 5690 2053 5737 aut
2098 5680 2187 5735 illa

610 5765 775 5860 335
805 5769 922 5842 ejus
948 5772 1219 5843 sequenda
1254 5780 1529 5846 sunt,qua:
1557 5773 1749 5832 merito
1777 5783 1830 5830 et
1849 5772 2188 5847 coapostolus

2281 4696 2454 4752 parum
2484 4681 2600 4752 ejus
2627 4686 2789 4734 erunt
2818 4686 3216 4748 consequenter
3259 4675 3463 4755 alieni.
3493 4674 3635 4729 Cum
3663 4674 3860 4730 erranti

2282 4791 2438 4844 paena
2466 4772 2757 4845 przeﬁgitur
2780 4772 3016 4843 quandiu
3046 4778 3229 4829 manet
3245 4783 3463 4833 errans,
3489 4769 3688 4823 eadem
3712 4781 3859 4838 paena

2281 4867 2703 4937 constringitur;
2733 4865 2859 4935 quia
2876 4877 3322 4919 erransesseuon
3353 4867 3536 4930 potest
3560 4860 3683 4915 sine
3708 4871 3856 4929 prem

2280 4959 2501 5013 erratis.
2533 4957 2658 5013 liam
2691 4957 2880 5012 eadem
2930 4971 3091 5027 pmna
3121 4962 3378 5025 perpetua
3424 4960 3511 5007 est
3566 4965 3859 5021 nunquam-

2288 5063 2394 5118 que
2419 5048 2670 5103 solvenda
2702 5046 2937 5120 quapdiu
2967 5061 3158 5102 errans
3186 5060 3307 5101 esse
3328 5042 3662 5115 perstiterit.
3696 5041 3793 5110 Qui
3820 5038 3857 5091 si

2287 5154 2479 5193 errans
2499 5152 2620 5193 esse
2651 5138 2941 5200 destiterit,
2972 5148 3130 5207 parua
3161 5151 3280 5206 quae
3306 5133 3512 5189 erranti
3545 5141 3633 5189 at
3654 5129 3854 5203 pneﬁu

2290 5236 2572 5298 perpetua,
2599 5243 2705 5282 non
2736 5228 2966 5291 erranti,
2997 5227 3050 5281 id
3075 5236 3157 5282 est
3179 5225 3333 5281 alteri
3357 5224 3575 5289 etIecto,
3598 5238 3761 5293 quam
3783 5218 3852 5275 cui

2287 5318 2506 5389 pra-lixa
2542 5324 2664 5383 est,
2700 5332 2810 5370 non
2850 5316 3024 5371 solum
3055 5332 3162 5372 non
3202 5324 3379 5386 potest
3420 5329 3545 5370 esse
3577 5323 3850 5384 perpetua.

2288 5408 2380 5463 sed
2407 5424 2505 5464 nec
2525 5408 2687 5463 etiam
2705 5407 2817 5479 jam
2848 5422 3026 5478 penna.
3054 5407 3169 5461 Non
3198 5416 3280 5462 est
3306 5407 3453 5461 enim
3486 5406 3604 5475 ipse
3624 5405 3711 5460 cui
3734 5416 3850 5473 pre-

2291 5499 2394 5555 ﬁva
2431 5510 2536 5555 est.
2576 5499 2788 5553 Erranti
2821 5498 2964 5554 enim
2997 5498 3215 5568 praeﬁxa
3246 5506 3351 5559 est,
3374 5511 3477 5552 nec
3500 5511 3608 5549 non
3638 5492 3847 5548 emoti.

2288 5588 2418 5657 Quae
2444 5588 2589 5645 enim
2617 5588 2819 5643 erranti
2859 5587 3079 5657 perﬁxa
3105 5600 3209 5653 εει,
3238 5594 3498 5657 perpetua
3530 5594 3638 5648 est,
3667 5593 3722 5637 et
3744 5594 3849 5652 perb

2246 5723 2258 5751 ,
2287 5692 2451 5751 petuo
2483 5679 2805 5752 constringit
2850 5689 3144 5745 errantem,
3181 5693 3288 5735 non
3319 5687 3601 5733 errantem
3629 5692 3733 5731 non
3764 5664 3846 5742 p04

2293 5780 2401 5829 test
2426 5773 2538 5844 jam
2578 5782 2780 5829 tenere.
2820 5768 2901 5827 Sit
2925 5768 3129 5826 erranti
3166 5768 3310 5825 dicta
3345 5766 3757 5838 foreperpetua,
3785 5766 3848 5814 sd
