3974 6440
56 377 214 435 940
394 440 399 443 _
1258 376 1746 436 DECRETALIUM
1786 381 2181 446 COLLECTIO.
3276 399 3382 457 950

58 492 318 549 erranti
341 490 485 579 dicta
511 495 792 565 nunquam
814 503 935 547 esse
958 488 1235 547 solvenda.
1266 490 1447 546 Manet
1464 488 1693 546 omnino
1718 490 1766 552 Α
1798 505 2017 562 peccato
2053 501 2417 557 manentilms.
2464 502 2679 559 Nullum
2721 513 2805 561 est
2855 506 3053 577 quippe
3098 518 3380 579 peccatum

60 595 164 641 et
231 576 383 649 vere,
416 592 737 675 certumque
765 591 852 675 est
880 584 1020 675 quod
1068 583 1129 675 in,
1163 597 1226 640 ea
1272 583 1552 675 przelimm
1576 590 1693 675 est,
1798 600 1895 655 pro
1914 603 2022 659 quo
2041 598 2134 644 aut
2157 607 2260 646 non
2283 603 2401 648 oret
2417 594 2656 653 Ecclesia
2682 576 3193 666 remittendu'm,aut
3213 605 3378 673 quod,
3454 668 3461 675 ,

62 691 214 731 nec
242 681 422 745 potest
446 688 670 744 prorsus
694 673 1173 743 absolvi,quandiu
1190 672 1428 729 manenti
1451 671 1693 744 praeﬁxa.
1797 678 1923 733 data
1951 678 2052 735 sibi
2086 681 2343 738 divinitus
2364 692 2657 753 potestate,
2685 687 3068 745 desistentibus
3093 691 3161 745 ah
3191 671 3381 748 eodem

62 766 342 823 debetur
361 765 586 821 erranti.
619 762 734 820 Non
762 765 968 821 erranti
997 774 1176 829 autem
1203 780 1304 821 nec
1329 779 1489 837 ptena
1519 772 1699 834 potest
1797 783 1902 823 non
1935 771 2108 840 possit
2132 772 2432 841 absolvere,
2459 775 2543 830 vel
2569 778 2956 846 paenitentibus
2992 779 3261 848 relaxare,
3293 784 3378 837 cui

66 871 259 919 esse,
291 870 412 935 qua:
442 871 550 915 non
576 855 783 918 erranti
815 870 922 923 non
951 854 1111 910 debet
1136 854 1346 912 inferri.
1380 854 1493 911 Nec
1519 861 1697 909 muta—
1798 859 1997 914 dicitur
2026 877 2040 913 :
2078 879 2097 912 ι
2138 861 2485 935 Quaecunque
2514 866 2831 923 dimiseritis
2871 883 3037 939 super
3064 878 3266 926 terram
3302 873 3378 928 di-

76 956 202 1001 Iur
232 946 323 1001 illa
348 946 572 1002 omnino
601 960 702 1001 nec
733 944 961 1001 solvitur
989 961 1109 1016 qute
1136 946 1366 1001 debetur
1386 945 1614 1000 erranti.
1638 942 1696 998 In
1799 950 1963 1005 missa
1996 960 2157 1006 erunt
2181 961 2235 1007 et
2272 955 2323 1009 in
2356 956 2531 1020 ctelis,
2563 967 2618 1012 et
2643 974 2979 1030 quaecunque
3006 960 3277 1017 solveritis
3294 978 3379 1022 su-

70 1050 211 1097 δυο
232 1051 366 1106 ergo
390 1044 579 1127 tenore
608 1034 705 1127 illa
725 1034 946 1127 praeﬁxa
975 1044 1079 1101 est,
1112 1036 1166 1091 in
1199 1051 1297 1091 suo
1323 1034 1448 1104 jure
1468 1050 1575 1089 non
1603 1048 1699 1103 po-
1798 1056 1895 1111 per
1919 1053 2140 1110 terram,
2158 1055 2315 1101 erunt
2337 1049 2511 1104 soluta
2532 1050 2660 1105 etin
2684 1051 2835 1108 cretis
2861 1053 3331 1127 (Malth.xvt,48).
3358 1074 3376 1108 υ

77 1135 220 1181 test
261 1126 480 1196 anitiino
516 1126 741 1201 resolvi;
793 1126 847 1181 in
896 1141 1000 1191 non
1050 1142 1150 1193 suo
1201 1138 1387 1197 tenore
1422 1142 1543 1198 quae
1576 1140 1700 1182 esse

80 1233 221 1281 non
257 1225 437 1284 potest
467 1215 579 1286 jam
610 1217 834 1273 docetur
857 1232 980 1273 esse
1008 1227 1261 1284 vacuata,
1283 1217 1446 1288 etjus
1474 1218 1582 1274 illic
1607 1232 1703 1288 pe-

76 1310 264 1365 nitus
288 1326 398 1365 non
430 1310 653 1377 habere,
677 1311 765 1367 ubi
791 1326 1012 1367 causam
1045 1326 1152 1368 non
1197 1312 1359 1369 habet
1403 1313 1695 1369 existendi.

80 1401 294 1458 Plena!
321 1411 453 1462 sunt
476 1403 677 1458 sancta:
696 1401 991 1473 Scripturae
1021 1404 1111 1459 tali
1138 1404 1308 1459 forma
1334 1403 1578 1473 iustitia).
1606 1403 1697 1458 Di-

1801 1134 1857 1188 In
1887 1137 2297 1210 quibuscunque
2352 1142 2532 1197 omnia
2580 1152 2706 1198 sunt
2734 1153 3151 1217 quantacunque
3183 1147 3291 1203 sint
3329 1157 3383 1204 et

1800 1229 2198 1301 qualiacunque
2223 1231 2370 1291 sint:
2398 1236 2579 1291 veraci
2612 1237 2963 1294 nihilominus
2989 1250 3240 1296 manente
3261 1256 3384 1297 sen-

1796 1321 1990 1385 tentia,
2021 1338 2140 1392 qua}
2161 1339 2435 1395 nunquam
2473 1327 2729 1385 solvenda
2757 1345 2879 1385 esse
2907 1331 3294 1398 denuntiatur;
3325 1335 3378 1389 in

1801 1425 1987 1465 eorum
2016 1422 2202 1507 tenofe
2229 1416 2533 1472 consistens
2563 1417 2614 1471 in
2644 1417 2824 1474 Acacii
2856 1420 3121 1475 sententia
3150 1422 3387 1478 rationa-

86 1495 263 1557 citur
293 1511 309 1549 :
354 1511 375 1557 ς
410 1494 644 1567 Peream
672 1507 987 1565 peceatores
1016 1512 1046 1551 a
1079 1509 1246 1570 terra,
1276 1497 1349 1551 ita
1372 1504 1431 1550 ut
1457 1511 1561 1550 non
1590 1495 1703 1559 sint
1800 1501 1988 1562 biliter
2015 1494 2333 1560 intu'endum
2361 1515 2465 1573 est,
2494 1509 2546 1563 in
2579 1524 2682 1578 qua
2738 1526 2844 1564 non
2896 1511 3059 1565 etiam
3096 1511 3163 1566 ab
3194 1514 3381 1568 eodem

86 1583 290 1656 (Ρσαι.
324 1600 491 1652 uvtt,
522 1585 598 1656 5),
640 1606 660 1640 ι
694 1594 755 1641 ιιι
795 1602 899 1642 non
940 1588 1050 1653 sint
1080 1598 1414 1659 peccatores,
1460 1596 1521 1641 ut
1560 1586 1702 1641 desi-

88 1685 265 1737 stant
291 1693 418 1734 esse
446 1687 758 1748 peceatores
785 1698 798 1734 :
828 1680 1123 1735 secundum
1158 1680 1443 1751 PrOphette
1478 1688 1700 1743 ερηιθῃε

89 1773 246 1830 tiam
270 1788 661 1849 usquequaque
690 1773 1021 1855 deperit-ent,
1055 1782 1116 1830 ut
1143 1772 1569 1829 substantialitcr
1592 1784 1697 1826 non

1801 1604 1921 1667 post
1940 1598 2217 1655 recedens.
2241 1599 2395 1668 Quod
2421 1602 2584 1657 etiam
2608 1603 2651 1659 si
2676 1604 2724 1660 ei
2748 1604 2949 1660 dictum
2975 1614 3060 1662 est
3086 1620 3387 1678 nunquam-

1804 1700 1909 1756 que
1935 1688 2245 1755 solvendus,
2281 1706 2383 1746 non
2414 1701 2498 1747 est
2530 1692 2797 1762 adjectum
2853 1707 3032 1751 tamen
3055 1697 3267 1752 etiamsi
3302 1709 3388 1751 re-

1803 1780 2053 1848 sipueris,
2082 1783 2296 1839 etiamsi
2318 1785 2386 1839 ab
2426 1800 2615 1841 errore
2643 1788 2975 1847 discesseris.
3001 1788 3211 1844 etiamsi
3242 1804 3385 1859 prte-

91 1863 424 1929 subessent,
454 1864 546 1934 qui
578 1864 777 1919 salvari
807 1865 1114 1934 potuissent
1136 1880 1165 1919 a
1201 1863 1561 1934 Redemptore
1599 1877 1699 1917 no-
1728 1865 1777 1937 Β
1807 1870 2076 1925 varicator
2101 1888 2222 1929 esse
2249 1874 2539 1930 destiteris.
2580 1876 2919 1947 Quapropter
2967 1878 3020 1932 in
3065 1887 3253 1949 aperto
3298 1887 3386 1933 cst

93 1962 232 2008 stre
255 1954 349 2024 qui
379 1964 523 2008 venit
556 1970 662 2009 non
685 1953 863 2024 iustos
886 1970 1083 2012 vocare
1126 1955 1586 2025 sed'peccatores,
1611 1952 1698 2008 vel

93 2042 176 2097 de
205 2044 408 2113 quibus
435 2044 567 2100 dicit
604 2045 898 2121 Apostolus
924 2064 937 2099 :
975 2064 993 2096 ι
1024 2044 1275 2101 Christus
1306 2044 1457 2099 venit
1477 2044 1530 2098 in
1556 2044 1700 2098 hunc

94 2135 379 2190 mundum
413 2145 731 2207 peccatores
775 2138 953 2203 salvos
984 2136 1161 2205 facere
1185 2178 1201 2202 ,
1232 2152 1461 2218 quprum
1493 2137 1701 2227 primus

103 2241 221 2297 ego
252 2243 399 2303 sum,
423 2238 479 2282 et
507 2244 628 2295 eum
659 2238 971 2300 peccatores
995 2245 1243 2286 essemus
1277 2230 1425 2285 misit
1446 2230 1587 2285 Deus
1613 2228 1703 2284 Fi-

94 2319 247 2374 lium
297 2335 450 2374 suum
477 2320 530 2393 (Ι
563 2321 699 2376 Tim.
749 2338 789 2389 ι,
840 2324 937 2389 15;
980 2321 1100 2377 Gal.
1130 2339 1215 2389 tv,
1249 2323 1328 2395 4),
1362 2341 1381 2373 ι
1423 2332 1478 2379 et
1506 2331 1700 2378 czetera

95 2410 444 2481 hujusmodi.
474 2413 574 2470 llic
604 2430 790 2470 revera
818 2415 1032 2486 plurimi
1066 2417 1229 2471 etiam
1268 2414 1702 2491 substantialiter

95 2505 395 2580 perierunt
421 2509 841 2577 peceatoresfin
871 2509 1109 2583 peccatis
1137 2508 1250 2575 suis
1277 2509 1462 2579 utique
1485 2523 1696 2579 perma-

99 2604 333 2662 nentes,
373 2612 608 2668 veraque
681 2599 733 2653 in
784 2600 863 2656 eis
906 2600 1175 2656 sententia
1209 2600 1351 2655 dicta
1380 2599 1698 2671 permansit,

97 2702 502 2758 nunquamque
544 2688 781 2744 resoluta
814 2698 897 2746 est
920 2731 934 2755 ,
968 2700 1023 2744 et
1055 2698 1233 2745 tamen
1262 2691 1448 2758 eadem
1489 2690 1542 2745 in
1584 2688 1702 2763 tali-

96 2776 234 2840 bus,
267 2778 464 2847 quibus
493 2777 712 2849 praefixa
742 2788 847 2846 est,
878 2791 1236 2851 permanente
1257 2791 1542 2852 perpetua,
1565 2796 1701 2852 quo-

96 2861 466 2941 dam'genere
490 2869 689 2926 factum
724 2881 834 2938 est,
864 2881 923 2926 ut
946 2872 999 2927 in
1023 2872 1219 2928 talibus
1249 2890 1355 2928 non
1387 2888 1699 2944 usquequa-

96 2974 219 3030 que
246 2954 586 3018 manentibus
601 2964 722 3019 etin
747 2964 986 3033 peccatis
1012 2966 1149 3039 suis,
1176 2982 1280 3021 non
1312 2981 1700 3036 usquequaque

95 3050 436 3107 durantibus
483 3054 753 3129 sententia
788 3062 968 3111 tamen
999 3056 1217 3126 praatixa
1250 3055 1448 3111 talibus
1476 3072 1697 3127 perma-

102 3152 297 3198 neret.
349 3142 483 3203 Nam
529 3144 632 3219 ipsi
676 3153 923 3217 pereunt,
968 3147 1063 3217 sed
1096 3163 1219 3205 esse
1257 3156 1595 3224 peccatores,
1636 3157 1699 3203 ut

1802 1960 1875 2015 ita
1904 1962 2127 2027 dictum,
2152 1980 2426 2034 nunquam
2454 1966 2746 2022 solvendus
2771 1966 2817 2023 si
2843 1968 2964 2023 talis
2984 1968 3210 2034 scilicet,
3252 1983 3385 2038 qua-

1799 2054 1868 2111 lis
1891 2065 1975 2112 est
2005 2067 2057 2111 et
2080 2057 2295 2127 ligatus,
2324 2075 2429 2114 non
2458 2069 2637 2114 autem
2663 2060 2786 2117 talis
2811 2050 3032 2117 eﬂ‘ectus
3054 2061 3195 2117 sicut
3215 2062 3387 2131 ligan-

1801 2147 1901 2201 dus
1952 2162 2059 2201 non
2091 2159 2207 2202 erat
2233 2189 2249 2211 ,
2282 2149 2362 2204 sic
2394 2149 2677 2206 absolutus
2699 2166 2821 2207 esse
2864 2151 3188 2207 docebatur.
3233 2151 3387 2207 Sicut

1802 2238 2021 2293 carebat
2047 2237 2374 2308 obligatione
2401 2255 2521 2295 cum
2548 2239 2892 2310 obligationis
2912 2256 3072 2295 causa
3097 2240 3385 2302 earuissct,

1800 2324 1881 2380 sic
1916 2327 2099 2397 utique
2136 2326 2413 2384 absolutus
2440 2328 2716 2393 existeret,
2741 2337 3007 2400 quatenus
3037 2338 3092 2385 et
3131 2331 3245 2400 ipse
3272 2344 3377 2384 non

1802 2420 2128 2474 necessitate
2152 2420 2310 2475 dicta:
2331 2423 2613 2477 sententiae
2642 2422 2916 2478 videretur
2938 2439 3042 2478 non
3072 2438 3227 2494 posse
3255 2438 3388 2494 quo-

1804 2508 2095 2565 dammodo
2108 2510 2220 2579 jam
2250 2511 2403 2573 solvi,
2442 2513 2544 2567 nisi
2578 2513 2697 2569 talis
2729 2514 2950 2570 eilectus
2976 2526 3029 2571 et
3056 2516 3382 2586 obligatione

1794 2602 1998 2656 ’carens
2040 2601 2197 2656 ticret
2224 2601 2521 2669 absolutus,
2560 2613 2615 2658 et
2652 2604 2798 2660 circa
2829 2605 2959 2661 tales
3002 2605 3222 2675 pra-ﬁxa
3258 2620 3386 2660 scn-

1805 2690 1972 2746 tcntia
1996 2691 2306 2746 nullomodo
2334 2692 2577 2747 solubilis
2610 2694 2943 2749 redderetur.
2967 2694 3217 2765 Nunquid
3241 2694 3385 2750 enim

1802 2783 1974 2847 misit,
2004 2784 2271 2852 quaesivit,
2295 2783 2517 2852 expetiit
2550 2792 2604 2839 et
2636 2783 2879 2853 abiectus
2912 2794 3016 2849 est,
3051 2785 3234 2855 itaque
3263 2784 3381 2855 ipse

1802 2874 1855 2929 in
1886 2890 1946 2929 se
1975 2874 2312 2930 insolubilem
2346 2875 2472 2930 fecit
2503 2891 2624 2931 esse
2647 2877 2969 2932 sententiam
2993 2877 3082 2948 qui
3116 2878 3238 2932 talis
3265 2893 3380 2944 per-

1800 2982 2020 3023 manere
2041 2967 2255 3039 dclegit,
2287 2968 2462 3040 qualis
2491 2970 2759 3024 veraciter
2789 2984 2894 3025 non
2939 2969 3110 3039 possit
3138 2969 3380 3033 absolvi,

1800 3067 1855 3115 ct
1892 3059 2063 3114 voluit
2096 3060 2218 3114 talis
2252 3058 2412 3123 eﬂici,
2450 3060 2595 3115 circa
2628 3060 2863 3131 qualem,
2889 3070 3244 3131 permanente
3266 3074 3384 3113 sen-
3474 3080 3481 3093 ι

1799 3150 1965 3204 tentia
1988 3149 2134 3207 circa
2162 3149 2344 3208 talem.
2372 3149 2619 3204 eﬂ‘ectum
2636 3166 2739 3205 non
2766 3150 2924 3205 talem
2943 3149 3244 3204 insolubilis
3266 3165 3386 3203 scn-

97 3236 316 3295 dictum
340 3245 444 3303 est,
474 3253 579 3293 non
600 3238 905 3308 ptenaliter,
930 3241 1023 3295 sed
1064 3241 1429 3297 remedialiter
1455 3242 1690 3312 quodam
1718 3223 1765 3301 α
1799 3241 1963 3297 lentia
2010 3258 2117 3296 non
2164 3251 2531 3311 permaneret,
2557 3258 2676 3312 qua:
2705 3242 2850 3298 circa
2879 3241 3128 3297 eil'ectum
3167 3257 3273 3296 non
3306 3250 3383 3295 ta-

99 3337 166 3383 et
206 3328 310 3398 ipsi
342 3343 538 3400 genere
567 3332 866 3402 perierunt.
898 3332 1143 3400 Quodam
1167 3348 1363 3404 genere
1389 3342 1443 3389 et
1473 3336 1523 3389 in
1563 3334 1694 3406 ipsis

103 3421 322 3491 mansit
347 3422 568 3499 praeﬁxa
594 3425 883 3490 sententia,
908 3426 1080 3482 donec
1108 3439 1428 3496 permanens
1453 3443 1548 3485 eos
1582 3426 1696 3484 eilia

103 3523 264 3570 ceret
299 3505 404 3569 non
438 3529 566 3571 esse
584 3527 920 3586 peccatores,
951 3518 1037 3576 vel
1080 3528 1394 3589 peccatores
1434 3535 1540 3577 non
1574 3536 1695 3577 esse

106 3608 428 3678 perliceret.
451 3607 726 3680 Completa
756 3620 839 3666 est
869 3611 920 3666 in
951 3612 1032 3666 eis
1053 3613 1464 3678 sententia,nec
1487 3628 1594 3682 quo
1617 3622 1696 3668 te-

105 3714 250 3754 nore
285 3709 505 3772 peracto
531 3716 862 3772 permanens
922 3703 1013 3758 illa
1041 3705 1309 3760 sententia
1343 3706 1697 3774 pereuntibus

102 3778 513 3862 peccatoribus,
532 3793 606 3849 ita
635 3803 696 3850 ut
718 3811 820 3851 non
848 3798 1231 3869 essentutique
1260 3809 1591 3870 peceatores.
1619 3801 1695 3856 Ea

97 3882 309 3953 jamin'
334 3898 440 3938 non
473 3886 848 3955 peccatoribus
878 3903 1096 3944 manere
1125 3905 1230 3945 non
1263 3891 1458 3960 potuit,
1490 3892 1615 3963 quia
1640 3893 1695 3948 in

104 3971 189 4027 eis
223 3972 278 4026 in
315 3972 511 4042 quibus
540 3972 740 4029 inﬂicta
775 3992 878 4032 non
911 3976 1111 4042 fuerat,
1138 3976 1228 4047 jus
1263 3982 1512 4035 manendi
1544 3983 1697 4052 peni-

105 4069 202 4117 tus
235 4078 343 4119 non
397 4064 649 4121 habebat.
694 4066 772 4122 lta
820 4084 966 4123 nunc
1016 4070 1068 4124 in
1108 4071 1347 4142 suojure
1374 4073 1452 4127 vel
1483 4075 1697 4131 tramite

105 4156 384 4211 ullatenus
408 4158 676 4213 sententia
707 4159 941 4215 resoluta
972 4169 1077 4228 est,
1114 4170 1170 4217 et
1198 4164 1389 4218 eadem
1426 4164 1479 4219 in
1522 4165 1607 4219 his
1638 4166 1693 4221 in

104 4246 311 4316 quibus
349 4245 547 4303 inﬂicta
596 4257 679 4304 est
721 4260 1096 4320 permanente,
1125 4253 1193 4308 ab
1224 4253 1308 4309 his
1345 4254 1438 4324 qui
1482 4255 1551 4310 ab
1578 4254 1694 4323 ejus

98 4337 230 4408 jure
261 4338 481 4396 discreti
497 4349 645 4408 sunt,
660 4341 836 4398 aliena
865 4359 1088 4414 prorsus
1107 4344 1296 4401 effecta
1314 4356 1502 4412 est,ne
1526 4347 1578 4402 in
1607 4347 1693 4403 his

102 4431 259 4486 salva
291 4432 373 4487 sui
405 4433 715 4489 conditione
753 4434 837 4491 fas
863 4436 1088 4492 haberet
1116 4439 1365 4494 manendi
1387 4438 1586 4509 quibus
1612 4439 1696 4494 in-

106 4521 259 4578 ﬂicta
300 4538 406 4579 non
444 4534 583 4580 erat.
616 4525 789 4630 .Dixit
841 4527 1101 4630 Dominus
1133 4530 1277 4600 quod
1328 4531 1380 4585 in
1428 4529 1688 4600 Spiritum
1719 4520 1773 4630 D-

99 4624 355 4673 sanctum
386 4618 735 4687 peccantibus
759 4633 860 4675 nec
890 4619 979 4675 hic
1005 4630 1150 4677 esset
1176 4636 1279 4677 nec
1300 4622 1353 4676 in
1387 4620 1568 4677 futuro
1589 4638 1688 4678 saa-

97 4707 230 4767 cttlo
266 4708 671 4763 remittendum.
707 4709 949 4776 Quantos
977 4720 1158 4766 autem
1205 4713 1584 4782 cognoscimus
1632 4713 1688 4767 in

97 4801 374 4873 Spiritum
402 4810 652 4856 sanctum
681 4800 1056 4872 delinquentes
1087 4803 1230 4858 sicut
1270 4803 1552 4859 haereticos
1601 4804 1687 4859 di-

95 4908 316 4959 versos,
347 4893 597 4958 Arianos,
620 4892 1054 4959 Macedonianos,
1077 4894 1144 4949 ad
1177 4893 1333 4950 tidem
1365 4894 1687 4951 catholicam

97 4992 470 5049 revertentes,
507 4993 563 5039 et
617 4984 705 5038 hic
753 4983 1170 5039 remissionnem
1228 5000 1340 5040 suae
1383 4987 1690 5056 percepisse

94 5076 455 5148 blasphemiae
477 5085 531 5132 et
555 5076 607 5131 io
639 5074 879 5131 futurum
901 5092 1052 5149 spem
1081 5077 1379 5147 sumpsisse
1407 5077 1691 5151 indulgen—

100 5167 195 5221 tiae
224 5164 781 5235 eonsequeodtn?Nec
810 5165 931 5220 ideo
952 5181 1056 5221 non
1082 5182 1209 5221 vera
1237 5176 1321 5221 est
1341 5168 1551 5223 Domini
1572 5184 1690 5224 sen-

98 5256 306 5322 tentia,
348 5265 440 5311 aut
482 5256 763 5327 putabitur
789 5272 909 5313 esse
956 5257 1223 5314 ullatenus
1265 5260 1521 5326 resoluta,
1566 5276 1687 5317 cum

97 5344 248 5397 circa
271 5341 602 5408 tales,si~hoc
624 5357 743 5397 esse
758 5355 1135 5413 permaneant,
1163 5361 1438 5415 nunquam
1461 5347 1685 5403 omnino

96 5432 359 5489 solvenda
382 5432 658 5503 persistat,
683 5430 891 5488 etfectis
913 5442 1093 5487 autem
1117 5448 1222 5489 non
1259 5433 1453 5489 talibus
1481 5450 1585 5490 non
1613 5435 1688 5490 ir-

96 5531 311 5594 rogata.
337 5518 490 5577 Sicut
507 5522 671 5577 etiam
696 5530 1164 5593 consequenteret
1196 5520 1326 5581 illud
1354 5525 1499 5581 beati
1522 5525 1687 5582 Joan-

97 5614 189 5669 nis
216 5613 440 5683 apostoli
472 5630 486 5667 :
512 5613 608 5669 Est
635 5621 915 5685 peccatum
936 5613 1019 5669 ad‘
1052 5624 1281 5671 mortem
1303 5658 1317 5683 ,
1346 5632 1453 5673 non
1480 5619 1601 5675 dico
1628 5627 1689 5674 ut

99 5712 290 5760 oretur
308 5719 405 5775 pro
426 5719 510 5761 eo.
541 5704 635 5761 Est
662 5713 943 5776 peccatum
968 5721 1074 5763 non
1098 5707 1166 5763 ad
1196 5716 1450 5775 mortem,
1480 5710 1603 5766 dico
1627 5720 1687 5767 ut

102 5805 289 5854 oretur
326 5812 423 5869 pro
462 5814 546 5855 co.
609 5798 704 5855 Est
742 5805 1027 5869 peccatum
1054 5799 1119 5856 ad
1152 5810 1381 5875 mortem
1413 5802 1467 5858 in
1487 5784 1684 5859 eodem

1797 3331 1903 3387 lem
1921 3349 2024 3387 non
2049 3333 2273 3388 haberet
2306 3333 2574 3388 licentiam
2600 3334 2973 3405 permanendi.
3003 3333 3120 3400 Quo
3139 3334 3381 3403 magisut

1796 3424 2001 3481 dictum
2032 3435 2115 3481 est
2143 3426 2390 3495 exemplo
2415 3435 2576 3496 atque
2602 3426 2840 3497 periculo
2867 3426 3052 3481 moniti
3071 3426 3161 3495 qui
3191 3425 3381 3480 eodem

1796 3525 1983 3573 tenore
2020 3526 2148 3572 sunt
2170 3518 2448 3573 constricti
2482 3516 2743 3573 tcstinare
2770 3516 2986 3580 debent,
3018 3525 3075 3570 ut
3106 3532 3211 3571 non
3248 3515 3381 3569 tales

1795 3623 1916 3663 esse
1939 3616 2310 3679 permaneant,
2342 3608 2537 3677 quibus
2571 3608 2840 3664 sententia
2876 3606 2966 3662 illa
2991 3621 3094 3661 non
3127 3606 3379 3661 solvenda

1793 3695 2014 3767 prmﬁxa
2049 3706 2153 3763 est,
2179 3706 2233 3752 ct
2261 3712 2379 3752 esse
2408 3697 2542 3753 tales
2568 3698 2844 3769 incipiant,
2874 3697 3120 3767 qualibus
3146 3713 3251 3753 non
3304 3695 3384 3750 ie-

1797 3786 2040 3859 solubilis
2069 3788 2286 3858 praeﬁxa
2312 3782 2577 3843 sententia
2611 3790 2783 3859 possit
2801 3804 2921 3844 esse
2942 3788 3207 3844 solubilis.
3238 3786 3380 3855 Quo-

1797 3877 1942 3931 niam
1970 3886 2148 3933 autem
2178 3878 2369 3935 cii'eeto
2398 3895 2503 3933 non
2537 3879 2627 3934 tali
2652 3880 2796 3950 quali
2819 3896 2925 3934 non
2952 3879 3210 3935 solvenda
3239 3894 3381 3951 prtev

1788 3971 1904 4025 lixa
1941 3973 2209 4029 sententia
2244 3982 2347 4036 est,
2382 3973 2597 4039 eil'ecto,
2633 3974 2875 4045 inquam,
2911 3990 3028 4046 non.
3058 3974 3168 4038 tali,
3205 3982 3384 4046 potest

1799 4060 2040 4116 solubilis
2061 4077 2182 4117 esse
2212 4063 2515 4128 sententia;
2548 4062 2670 4134 quia
2695 4062 2809 4132 jam
2828 4064 3025 4118 Acacio
3047 4079 3153 4119 non
3183 4063 3381 4119 volenti

1799 4166 1902 4205 non
1935 4150 2093 4206 talem
2123 4167 2241 4207 esse
2276 4153 2416 4207 sicut
2442 4152 2532 4208 tali
2572 4168 2740 4223 usque
2775 4153 2825 4207 in
2856 4153 3017 4209 tinem
3045 4153 3381 4224 permanenti

1796 4242 2095 4310 permansit
2122 4242 2172 4295 in
2202 4243 2443 4297 absmuta
2467 4245 2755 4308 sententia,
2786 4244 2858 4299 ita
2883 4244 2995 4315 jam
3020 4259 3125 4298 non
3159 4242 3249 4298 tali
3272 4240 3386 4298 eili-

1797 4333 1845 4387 ei
1889 4347 1995 4386 non
2033 4331 2229 4387 volenti
2270 4332 2515 4388 solubilis
2560 4350 2664 4387 non
2705 4341 2881 4404 potest
2932 4349 3053 4389 esse
3092 4336 3379 4390 sententia.

1796 4421 1986 4479 Nonne
2045 4431 2223 4476 tantos
2264 4422 2499 4478 habebat
2541 4423 2791 4488 Aeacius,
2816 4439 3045 4494 quorum
3073 4408 3380 4493 exemplum

1796 4516 1945 4586 sequi
2000 4515 2264 4585 potuisset
2308 4514 2582 4572 antistites
2610 4515 2799 4586 qui'in
2842 4516 3113 4587 Ephesino
3144 4515 3380 4586 prolapsi

1796 4609 2100 4675 latrocinio,
2125 4608 2367 4680 quolibet
2412 4610 2574 4666 modo
2611 4611 2663 4665 in
2689 4610 3047 4666 consensione
3072 4610 3382 4681 reciderent

1792 4703 2115 4776 pravitatis?
2140 4702 2336 4773 Utique
2365 4714 2541 4757 tamen
2588 4712 2635 4758 et
2675 4704 2718 4758 si
2755 4703 2958 4757 dictum
3005 4718 3110 4757 non
3141 4712 3280 4768 erat,
3323 4708 3380 4757 et

1790 4802 2104 4865 perpetuam
2134 4792 2537 4847 damnationem
2571 4791 2712 4848 ferre
2749 4792 3067 4863 potuissent,
3093 4791 3198 4846 nisi
3237 4791 3374 4846 resi-

1792 4888 2070 4958 piscentes
2096 4901 2205 4941 non
2239 4885 2374 4941 tales
2403 4885 2541 4941 etlici
2570 4885 2756 4956 quales
2800 4884 2908 4940 illic
2953 4884 3082 4940 facti
3139 4883 3377 4950 fuerant,

1795 4976 2308 5047 damnationemque
2366 4985 2680 5047 perpetuam
2733 4977 3120 5041 merebantur,
3180 4973 3378 5030 resolvi

1792 5070 1935 5126 circa
1966 5084 2025 5125 se
2049 5069 2449 5126 damnationem
2483 5070 2793 5124 recedentes
2815 5083 2843 5122 a
2864 5078 3136 5138 perpetua:
3156 5067 3378 5122 damna-

1791 5158 1955 5213 tionis
1982 5174 2144 5214 causa
2172 5166 2505 5223 meruerunt,
2533 5174 2694 5229 quam
2721 5159 2809 5227 qui
2842 5157 3124 5228 perstitere
3145 5157 3287 5211 circa
3318 5170 3378 5212 se

1793 5248 2135 5304 insolubilem
2167 5248 2541 5304 reddiderunt.
2573 5247 2716 5302 Nihil
2756 5248 2983 5303 interest
3029 5247 3213 5318 igitur,
3243 5246 3377 5302 nihil

1792 5340 1987 5406 diil‘ert,
2023 5350 2204 5396 utrum
2251 5340 2465 5396 dicatur
2511 5341 2637 5410 quia
2689 5339 3057 5396 ecclesiastica
3105 5338 3375 5394 sententia

1794 5450 1918 5492 reos
1952 5443 2005 5492 et
2030 5435 2482 5507 praevaricatores
2509 5432 2726 5504 obligat.
2757 5432 2890 5501 Quia
2915 5432 3055 5488 sicut
3080 5431 3129 5486 ei
3152 5448 3256 5488 non
3279 5445 3377 5502 po-

1796 5534 1901 5591 test
1948 5525 2091 5597 quod
2124 5540 2228 5579 non
2273 5532 2358 5579 est
2402 5521 2708 5593 suffragari,
2741 5522 2883 5593 quod
2922 5536 3027 5577 non
3070 5529 3155 5577 est
3200 5521 3380 5576 dictus

1792 5614 2069 5687 nunquam
2093 5614 2400 5681 solvendus,
2435 5615 2526 5671 sed
2551 5614 2596 5671 si
2628 5615 2681 5670 in
2711 5628 2895 5669 errore
2920 5611 3279 5686 permanserit
3300 5612 3381 5666 in-

1788 5696 2039 5767 solubilis
2071 5708 2246 5763 modis
2270 5708 2523 5764 omnibus
2555 5707 2888 5778 perseverat,
2920 5721 3018 5761 nec
3042 5714 3219 5778 potest
3255 5705 3382 5779 inde
3442 5730 3453 5739 ί

1795 5802 1899 5859 nisi
1931 5818 2035 5856 ttutt
2065 5800 2183 5855 talis
2206 5797 2432 5856 ctloctus
2458 5799 2661 5855 absolvi
2690 5817 2700 5852 :
2746 5799 2822 5854 sic
2852 5798 3099 5869 cuiquam
3125 5794 3383 5868 prarjutli-
