3974 6436
584 369 679 426 951

1421 364 1707 421 APPEND.
1734 362 1825 421 AD
1855 361 2029 419 SEC.
2061 361 2150 417 IX.
2191 386 2261 401 —-
2294 359 2544 416 lSlDORI
2573 357 3017 416 MERCATONS

3752 358 3855 413 952

584 491 714 533 care
739 488 844 530 non
875 479 1051 544 potest
1086 490 1100 527 :
1130 472 1343 528 tametsi
1375 472 1578 529 dictum
1605 481 1688 529 est
1723 488 2005 544 nunquam
2028 486 2151 528 esse
2178 472 2225 532 Α
2254 480 2412 541 gente
2438 470 2747 527 Judaeorum
2783 472 2921 528 adeo
2967 472 3132 527 etiam
3163 485 3259 542 per
3293 470 3489 527 lsaiam
3532 482 3855 542 propnetam

587 565 901 621 solvendum
929 563 1212 619 manifesta
1249 565 1460 620 ratione
1499 572 1835 621 monstrante
1862 565 1989 635 quia
2031 579 2140 619 nun

495 656 505 665 '
586 672 749 728 quam
794 656 864 710 sit
912 655 1133 710 omnino
1184 655 1487 721 solvendus,
1525 657 1568 712 si
1616 656 1740 713 talis
1765 656 1939 727 qualis
1966 656 2162 727 ligatus

586 762 706 802 esse
735 746 1012 817 persistat,
1041 745 1126 802 vel
1162 746 1284 802 talis
1321 747 1510 817 utique
1560 763 1838 819 nunquam
1875 747 2163 802 solvendus

585 838 763 907 qualis
788 845 874 893 est
898 838 1184 909 obligatus.
1226 837 1340 894 Non
1376 838 1588 907 abiecto
1614 851 1794 894 autem
1821 840 1984 893 etiam
2012 837 2055 892 si
2082 850 2166 891 re-

586 928 811 1009 sipiscat
859 935 915 983 et
955 928 1210 999 corrigat,
1238 938 1425 999 patere
1466 942 1691 999 prorsus
1718 936 1774 984 et
1801 926 2029 982 liberum
2056 940 2163 982 non

588 1019 807 1074 dubium
823 1019 910 1081 sit,
929 1027 1104 1075 utnon
1120 1020 1243 1075 talis
1255 1018 1476 1087 effectus
1495 1018 1669 1089 qualis
1681 1033 1953 1089 nunquam
1967 1017 2162 1083 dictus,

588 1124 863 1179 nunquam
879 1124 999 1165 esse
1012 1109 1318 1174 solvendus,
1337 1110 1431 1164 sed
1453 1110 1576 1165 talis
1593 1109 1766 1178 qualis
1779 1124 1882 1164 non
1897 1107 2169 1178 est;dictus

580 1214 863 1269 nunquam
892 1214 1011 1255 esse
1036 1199 1343 1265 solvendus,
1374 1199 1426 1254 id
1439 1209 1522 1256 est
1534 1208 1810 1255 correctus
1830 1208 1887 1255 et
1913 1196 2168 1254 emenda-

591 1300 679 1347 tus
722 1300 1123 1362 consequenter
1154 1300 1432 1347 correctus
1473 1300 1529 1345 et
1572 1290 1746 1362 possit
1772 1289 1927 1345 solvi.
1967 1287 2170 1344 Notan-

591 1385 720 1440 dum
743 1384 885 1454 quod
908 1384 1149 1453 quolibet
1173 1397 1369 1453 genere
1389 1380 1889 1451 blasphemantibus
1918 1379 1971 1434 in
1999 1378 2173 1447 Spiri-

594 1486 707 1530 tum
734 1483 983 1530 sanctum
1009 1474 1053 1529 si
1076 1474 1400 1544 resipiscant
1424 1481 1480 1527 et
1499 1472 1795 1542 corrigant,
1816 1464 1885 1525 ‘et
1912 1469 2001 1525 hic
2021 1468 2101 1523 eis
2119 1477 2175 1523 et

580 1565 649 1633 in
681 1564 863 1621 futuro
894 1565 1090 1621 saeculo
1121 1565 1451 1629 remittatur,
1476 1578 1578 1619 nec
1606 1562 1730 1618 inde
1762 1562 1935 1633 possit
1961 1559 2171 1616 Domini

591 1657 790 1711 mutari
823 1657 1113 1721 sententia,
1144 1670 1265 1725 qua:
1300 1656 1446 1712 circa
1479 1654 1617 1711 tales
1642 1653 2169 1724 utique-permanen-

594 1756 677 1804 tes
703 1762 1019 1818 permanere
1042 1747 1183 1802 dicta
1206 1755 1312 1812 est,
1340 1762 1446 1803 non
1468 1746 1617 1802 circa
1636 1760 1743 1800 non
1772 1745 1905 1800 tales
1934 1742 2154 1799 effectos

2261 563 2622 632 peremptoric
2643 562 2807 619 veluti
2837 564 3241 634 pronuntiatum
3263 571 3347 619 est
3373 579 3387 614 :
3426 562 3600 634 236
3648 580 3667 613 ι
3697 562 3853 617 (Ζιθοη

2263 654 2330 711 de
2354 653 2538 710 oculos
2559 669 2768 721 eorum,
2794 662 2851 710 et
2877 656 3071 711 obtura
3100 669 3262 710 aures
3287 669 3499 719 eorum,
3523 663 3585 709 et
3613 654 3858 709 videntes

2265 759 2369 800 non
2396 744 2633 812 videant,
2650 754 2707 802 et
2727 746 3005 802 audientes
3026 761 3132 801 non
3155 746 3375 801 audiant
3401 744 3564 817 (luti.
3591 761 3669 810 vr,
3696 744 3814 811 10),
3834 762 3853 796 ι

2264 850 2335 894 ne
2362 838 2577 909 quando
2622 837 2945 911 intelligant,
2996 846 3053 893 et
3077 838 3283 893 obdura
3312 852 3425 893 cor-
3447 836 3641 907 populi
3676 836 3859 907 huius,

2266 944 2335 986 ne
2363 945 2599 1001 unquam
2643 938 3050 995 convertantur,
3079 936 3136 985 et
3164 943 3350 985 sanem
3379 928 3523 984 illos.
3565 926 3671 983 Hic
3694 928 3858 982 etiam

2268 1021 2533 1077 correctio
2551 1028 2603 1077 et
2617 1020 2922 1077 emendatio
2946 1019 3232 1074 interdicta
3258 1026 3627 1080 monstratur,
3649 1025 3705 1070 et
3728 1016 3859 1070 resi-

2267 1114 2509 1185 piscendi
2548 1126 2764 1183 quoque
2800 1126 2925 1182 spes
2965 1125 3189 1182 prorsus
3230 1110 3600 1165 abscinditur.
3652 1107 3728 1161 De
3754 1120 3855 1176 quo

2270 1206 2395 1261 inde
2434 1203 2630 1275 populo
2656 1202 2930 1273 apostolos
2979 1210 3037 1257 et
3062 1200 3357 1256 Eeclesiam
3386 1197 3740 1270 primitivam
3768 1211 3857 1249 no-

2270 1295 2446 1349 vimus
2470 1292 2821 1363 processisse,
2851 1298 2906 1347 et
2935 1299 3011 1346 tot
3042 1289 3207 1345 millia
3237 1289 3514 1344 hominem
3549 1302 3661 1341 una
3693 1286 3782 1340 die
3803 1285 3863 1338 de

2270 1383 2595 1453 baptismate
2618 1380 2786 1437 fuisse
2813 1380 3040 1436 salvata.
3079 1380 3219 1449 Ecce
3243 1386 3299 1434 et
3339 1378 3393 1432 in
3427 1374 3855 1447 persistentibus

2273 1471 2449 1541 qualis
2469 1478 2553 1525 est
2577 1470 2668 1525 illa
2700 1468 2969 1539 sententia
3004 1467 3344 1538 promulgata
3394 1465 3734 1536 permansit,
3774 1478 3861 1518 net

2276 1564 2344 1619 ad
2393 1563 2784 1619 correctionem
2824 1575 3048 1631 prorsus
3090 1559 3277 1615 venire
3324 1557 3592 1616 sanitatis
3652 1556 3864 1612 admissi

2278 1664 2423 1720 sunt,
2448 1653 2541 1709 sed
2565 1650 2857 1720 adjudicati
2880 1659 3008 1707 sunt
3032 1651 3086 1706 in
3109 1656 3214 1707 sua’
3234 1649 3475 1720 nequitia
3498 1649 3785 1718 deperire.
3800 1656 3865 1707 el.

2268 1751 2532 1805 manente
2555 1742 2735 1797 divina
2753 1741 3044 1809 sententia,
3075 1756 3182 1797 non
3203 1754 3300 1811 per
3317 1740 3569 1810 ipsorum
3596 1738 3865 1808 propriam

592 1837 843 1904 Quandiu
876 1845 1057 1892 autem
1087 1837 1139 1892 in
1169 1836 1273 1892 hoc
1304 1845 1547 1911 manent,
1583 1834 1718 1891 tales
1749 1843 1897 1899 sunt,
1927 1833 2175 1904 qualibus
2208 1831 2249 1890 Β
2276 1832 2712 1891 emendationem
2741 1846 2947 1902 suoque
2988 1830 3259 1887 intellectu
3307 1829 3395 1886 vel
3452 1838 3636 1894 motu,
3670 1842 3865 1897 suaque

593 1945 701 1985 non
726 1929 1107 1985 remittendum
1133 1944 1253 1986 esse
1277 1928 1554 2001 praefixum
1598 1937 1702 1984 est.
1744 1928 1877 1985 Cum
1897 1940 2076 1983 autem
2106 1928 2175 1987 ab

604 2021 710 2076 hoc
743 2021 1093 2088 recesserint,
1118 2036 1225 2076 non
1256 2021 1393 2076 tales
1421 2019 1747 2085 efﬁciuntur,
1783 2020 2030 2090 qualibus
2068 2034 2174 2089 non

594 2111 980 2167 remittendum
1027 2126 1149 2167 esse
1183 2110 1499 2181 praedictum
1541 2119 1643 2166 est.
1669 2111 1739 2166 Et
1768 2112 1890 2170 ideo
1917 2126 2024 2171 non
2058 2111 2178 2166 tali—

595 2202 697 2256 bus
724 2200 930 2257 effectis
953 2209 1137 2272 potest
1158 2210 1214 2256 et
1245 2202 1332 2257 hic
1359 2211 1415 2257 et
1441 2202 1501 2256 in‘
1527 2201 1709 2257 futuro
1735 2201 1933 2257 saacnlo
1951 2200 2063 2269 jam
2095 2201 2180 2257 di-

595 2294 760 2349 mitti.
792 2294 1069 2363 Alioquin,
1094 2293 1235 2364 quod
1269 2294 1431 2359 absit,
1456 2292 1658 2349 frustra
1685 2294 1899 2350 videtur
1938 2292 2178 2348 Ecclesia

596 2386 907 2457 hujusmodi
936 2402 1033 2441 sua
1059 2385 1500 2441 reconciliatione
1520 2385 1817 2456 suscipere.
1840 2384 1976 2452 Quia
1999 2394 2178 2440 autem

601 2477 851 2533 frustrari
878 2493 982 2532 non
1008 2485 1208 2546 potest,
1234 2477 1336 2532 hoc
1354 2476 1684 2547 intellectum
1706 2475 1880 2530 modis
1900 2473 2175 2529 omnibus.

596 2568 744 2623 salva
786 2567 998 2623 Domini
1031 2567 1321 2632 sententia,
1361 2566 1765 2638 praedicandum
1805 2574 1890 2621 est
1914 2573 2177 2635 quantum

598 2658 665 2713 ad
690 2673 789 2712 nos
817 2657 1072 2727 pertinet,
1103 2658 1325 2712 omnino
1357 2672 1462 2712 non
1495 2670 1674 2727 posse.
1704 2656 1852 2710 Talis
1899 2656 2065 2725 igitur
2094 2656 2177 2711 di-

598 2755 718 2801 ctus
748 2755 832 2801 est
868 2748 1097 2802 Aeacius
1124 2747 1301 2817 qualis
1339 2747 1538 2819 ligatus
1582 2755 1669 2803 est
1726 2762 2005 2816 nunquam
2055 2761 2178 2802 esse

598 2837 906 2892 solvendus.
927 2835 1072 2891 Talis
1095 2852 1263 2909 usque
1287 2837 1339 2891 in
1372 2837 1529 2892 finem
1556 2837 1878 2907 permansit,
1909 2837 2033 2892 talis
2059 2851 2179 2891 esse

599 2943 707 2982 non
731 2927 969 2997 destitit,
991 2927 1067 2982 ita
1094 2928 1217 2982 talis
1238 2936 1322 2986 est
1345 2927 1505 2983 hodie
1544 2927 1717 2998 qualis
1738 2937 1821 2983 est
1846 2929 2019 2982 dictus
2064 2926 2179 2982 Non

601 3017 726 3073 talis
750 3031 869 3073 esse
889 3016 1007 3086 jam
1037 3035 1142 3074 non
1170 3027 1370 3088 potest,
1401 3034 1675 3089 nunquam
1706 3019 1872 3089 igitur
1902 3019 2029 3079 talis
2060 3035 2182 3089 pcr-

600 3108 870 3164 manendo
894 3108 1180 3166 solvet.dus
1208 3119 1312 3176 est,
1344 3111 1470 3179 quia
1498 3110 1541 3165 si
1577 3109 1699 3166 talis
1732 3124 1854 3167 esse
1892 3110 2180 3165 desisteret

600 3213 708 3253 non
740 3200 794 3254 in
826 3206 931 3265 non
970 3200 1062 3262 tali
1104 3172 1511 3271 permansisset,
1540 3211 1597 3257 et
1628 3217 1902 3273 nunquam
1930 3217 2049 3258 esse
2074 3201 2181 3258 sol-
2206 3172 2252 3235 Ο

599 3289 853 3354 vendum,
883 3291 1008 3361 quia
1042 3308 1146 3347 non
1179 3292 1298 3347 talis
1341 3292 1516 3363 qualis
1558 3293 1735 3349 dictus
1762 3301 1866 3358 est,
1901 3308 2180 3362 nunquam

602 3393 724 3435 esse
746 3379 918 3452 possit
942 3381 1171 3447 absolvi,
1201 3391 1255 3437 et
1295 3398 1399 3437 non
1442 3383 1535 3438 tali
1565 3398 1838 3453 nunquam
1865 3383 1999 3439 solvi
2031 3398 2182 3438 recc-

603 3471 777 3535 rlerct,
802 3479 859 3534 et
895 3470 1015 3524 ideo
1046 3479 1107 3539 ut
1133 3471 1263 3526 solvi
1293 3481 1477 3544 posset
1505 3473 1807 3529 accederet.
1835 3472 1990 3541 Quod
2021 3474 2180 3530 sedes

603 3559 900 3630 apostolica
944 3576 1050 3615 non
1081 3549 1376 3626 consensit,
1411 3578 1554 3619 nunc
1582 3564 1874 3635 imperator
1904 3564 2181 3634 imposuit,

594 3666 706 3721 nec
749 3650 1033 3707 Anatolius
1073 3654 1369 3723 ursurpavit.
1411 3652 1741 3724 Totumquc,
1768 3663 1827 3708 ut
1853 3653 2054 3708 dictum
2081 3661 2183 3718 est,

606 3742 660 3795 in
686 3743 830 3797 sedis
858 3743 1164 3811 apostolicae
1201 3753 1484 3814 potestate.
1536 3744 1612 3819 lta
1651 3744 1789 3815 quod
1847 3744 2081 3799 firmavit
2130 3744 2184 3809 in

606 3836 817 3908 synodo
854 3837 1009 3892 sedes
1044 3836 1360 3907 apostolica,
1405 3836 1510 3890 hoc
1561 3834 1723 3889 robur
1748 3835 2003 3900 obtinuit,
2043 3835 2186 3905 quod

608 3925 862 3981 refutavit
881 3926 1078 3981 habere
1101 3941 1207 3980 non
1232 3910 1405 3996 potuit
1428 3925 1757 3990 firmitatem,
1773 3933 1828 3979 et
1849 3924 1964 3980 sola
1983 3925 2188 3980 rescin-

607 4018 709 4084 dit,
739 4018 879 4088 quod
912 4026 1109 4089 prmter
1136 4018 1383 4072 ordinem
1411 4017 1758 4088 congregatio
1788 4016 2050 4087 synodica
2089 4031 2189 4087 pu-

611 4116 823 4163 taverat
852 4108 1243 4176 usurpandum.
1267 4105 1383 4162 Non
1411 4106 1803 4178 promulgatrix
1836 4106 2044 4162 iterata:
2064 4122 2189 4163 sen-

611 4199 817 4264 tentizn,
850 4199 945 4253 sed
980 4213 1100 4253 cum
1128 4197 1418 4267 apostolica
1449 4198 1575 4252 sede
1617 4197 1819 4253 veteris
1858 4198 2187 4259 exsecutrix,

611 4286 728 4344 Hoc
762 4296 939 4343 tamen
971 4288 1113 4358 quod
1143 4288 1207 4343 de
1246 4304 1352 4343 uno
1380 4288 1680 4358 eodemque
1710 4287 1927 4342 homine
1981 4288 2186 4343 dictum

609 4389 717 4446 est,
745 4380 859 4437 sive
903 4381 996 4435 tali
1026 4381 1352 4452 persistente
1380 4380 1555 4451 qualis
1598 4379 1921 4435 sententiam
1968 4393 2188 4449 compe-

611 4479 790 4528 tenter
816 4471 1049 4542 accepit,
1076 4471 1187 4527 sive
1213 4487 1318 4526 non
1350 4471 1440 4526 tali
1471 4472 1662 4528 effecto
1684 4478 1738 4526 et
1768 4470 1835 4525 ab
1859 4471 1945 4525 illa
1971 4479 2191 4527 senten-

611 4565 685 4616 tia
732 4578 852 4633 qua:
901 4539 1009 4616 non
1052 4560 1144 4615 tali
1175 4576 1281 4615 non
1314 4561 1456 4615 dicta
1478 4571 1563 4615 est
1592 4560 1860 4625 absoluto,
1890 4569 1944 4615 et
1972 4560 2025 4614 in
2057 4577 2191 4615 una-
2216 4539 2268 4601 Ῑ)

611 4668 825 4724 quaque
851 4652 1070 4708 civitate
1096 4651 1310 4722 legitur,
1340 4650 1588 4705 similiter
1610 4666 1727 4705 esse
1744 4649 2043 4721 praefixum,
2059 4659 2112 4705 et
2137 4651 2190 4705 in

608 4746 809 4818 populo
858 4760 922 4800 ac
967 4743 1126 4800 simul
1167 4752 1327 4815 gente
1355 4743 1728 4813 depromptum
1755 4742 1956 4811 potius,
1988 4756 2107 4810 quae
2137 4742 2191 4795 in

613 4846 726 4893 toto
768 4836 901 4892 orbe
943 4836 1119 4907 portio
1144 4842 1247 4889 est.
1286 4833 1429 4888 idem
1463 4833 1604 4889 enim
1647 4832 1876 4899 mundus
1903 4840 1986 4886 est
2015 4832 2103 4901 qui
2139 4840 2196 4887 et

610 4929 885 4997 periturus
911 4935 996 4981 est
1027 4926 1225 4991 dictus,
1251 4934 1306 4979 et
1352 4939 1534 4979 sermo
1558 4923 1650 4986 Dei
1690 4938 1794 4976 non
1834 4931 2013 4993 potest
2046 4921 2193 4977 exci-

612 5020 762 5082 dere,
793 5027 848 5073 et
878 5019 929 5072 in
954 5018 1072 5088 ipso
1104 5017 1303 5072 mundo
1331 5015 1681 5070 nihilominus
1715 5031 1745 5069 a
1782 5014 1964 5088 pravis
2015 5014 2193 5079 intene

612 5108 853 5162 tionibus
882 5107 1169 5165 recedente
1198 5121 1303 5162 non
1327 5105 1613 5177 promitur.
1640 5102 1732 5160 Sic
1754 5103 1930 5176 Tyrus
1957 5112 2014 5159 et
2042 5102 2193 5159 Beri—

621 5205 713 5251 tou
764 5211 921 5267 gaca,
969 5204 1025 5251 et
1070 5193 1335 5267 Egyptus
1365 5193 1727 5264 pronuntiata:
1771 5201 1896 5248 sunt
1938 5191 2192 5262 peritura:

615 5302 751 5357 quas
776 5295 964 5356 postea
993 5300 1088 5355 per
1126 5284 1473 5357 Evangelium
1506 5283 1762 5368 novimus
1783 5296 1903 5337 esse
1925 5281 2189 5337 salvatus.

614 5379 904 5435 Perierunt
928 5378 1106 5447 itaque
1123 5377 1317 5448 duplici
1335 5377 1523 5432 modo:
1545 5383 2031 5447 autpermanentes
2050 5375 2101 5430 in
2127 5390 2192 5432 eo

614 5472 758 5543 quod
796 5469 957 5525 talem
990 5468 1312 5523 sententiam
1340 5474 1716 5538 susceperunt,
1748 5474 1843 5519 aut
1877 5463 2195 5520 deficientes

616 5561 686 5615 ab
712 5576 776 5616 eo
802 5574 911 5629 quo
939 5557 1072 5612 tales
1101 5556 1315 5612 fuerant
1339 5574 1353 5623 ;
1379 5557 1576 5627 quibus
1615 5564 1700 5611 est
1729 5553 1818 5610 illa
1842 5553 2111 5609 sententia
2135 5561 2196 5607 ut

616 5658 1012 5723 consequenter
1031 5648 1097 5704 ad
1129 5662 1234 5703 non
1258 5647 1392 5704 tales
1414 5663 1517 5702 non
1544 5646 1839 5719 pertineret
1867 5645 1953 5699 illa
1978 5654 2197 5701 senten-

618 5744 690 5819 tia
719 5758 835 5812 qum
866 5758 969 5798 non
999 5740 1197 5796 talibus
1238 5739 1453 5811 pnefixa
1481 5754 1585 5795 non
1610 5738 1801 5794 fuerat.
1827 5734 1917 5793 Sic
1943 5736 2105 5791 etiam
2134 5735 2197 5791 de

2281 1926 2479 1991 virtute
2496 1923 2583 1979 vel
2607 1922 2963 1994 possibilitate
2987 1920 3233 1978 conversi
3255 1928 3401 1986 sunt,
3429 1929 3490 1974 ut
3519 1927 3864 1977 sanarentur.

2276 2015 2370 2071 sed
2412 2030 2510 2085 per
2530 2014 2760 2084 gratiam
2783 2013 2960 2069 sanati
2985 2021 3137 2078 sunt,
3165 2019 3224 2067 ut
3249 2018 3727 2069 converterentur
3753 2026 3770 2063 :
3802 2007 3869 2065 lie

2279 2112 2685 2169 convertantur,
2718 2104 2915 2175 inquit,
2956 2111 3011 2159 et
3054 2117 3242 2159 sanem
3277 2117 3394 2168 eos,
3420 2118 3488 2158 ne
3520 2117 3625 2157 sua
3658 2108 3865 2172 sponte,

2279 2209 2346 2249 ne
2373 2192 2487 2249 suis
2515 2188 2769 2264 operibus
2799 2191 2997 2262 quibus
3018 2192 3204 2262 utique
3224 2191 3599 2257 confidebant,
3628 2206 3705 2247 ne
3728 2206 3872 2245 suam

2273 2285 2540 2357 justitiam
2575 2292 2865 2348 sectantes,
2906 2282 3131 2353 justitiae
3177 2281 3271 2338 Dei
3319 2296 3427 2337 non
3462 2282 3716 2337 debeant
3757 2294 3869 2337 esse

2279 2374 2526 2445 subjecti,
2551 2375 2618 2431 de
2647 2376 2761 2431 suis
2808 2375 3013 2430 viribus
3050 2373 3403 2439 confidentes,
3437 2390 3548 2439 non
3575 2374 3789 2429 divina:
3818 2387 3869 2427 se

2280 2466 2654 2523 misericordia
2671 2465 3158 2534 illuminationique
3173 2457 3483 2520 subdentes.
3502 2463 3571 2518 Et
3588 2463 3726 2520 ideo
3746 2462 3869 2517 inhi.

2282 2558 2440 2613 betur
2452 2557 2531 2612 eis
2552 2556 2797 2632 superbae
2816 2555 3254 2626 praesumptionis
3280 2553 3525 2620 effectus,
3557 2570 3625 2611 ne
3647 2569 3871 2609 conver-

2281 2656 2466 2703 tantur
2499 2647 2612 2702 suis
2646 2646 3205 2719 intentionibus,_suis
3227 2645 3461 2710 nisibus,
3491 2655 3554 2699 ut
3574 2653 3891 2715 putaram,

2280 2746 2336 2794 et
2363 2752 2549 2793 sanem
2571 2752 2688 2803 eos,
2720 2749 2789 2793 ne
2815 2751 3003 2791 eorum
3024 2735 3177 2806 quasi
3203 2750 3278 2795 ex
3295 2735 3628 2805 meritis,“
3658 2735 3875 2805 propria

2282 2826 2541 2883 facultate
2574 2826 2915 2882 venientibus
2944 2825 3202 2882 salvatrix
3232 2828 3406 2897 gratia
3437 2826 3697 2892 daretur,
3725 2836 3883 2895 atque

2283 2917 2357 2972 ita
2389 2918 2562 2989 gratia
2606 2917 2719 2988 jam
2766 2932 2874 2971 non
2906 2926 3054 2972 esset
3081 2916 3280 2985 gratia,
3327 2916 3372 2971 si
3403 2931 3511 2971 non
3542 2916 3733 2984 gratis
3762 2915 3879 2979 dare

2287 3021 2434 3067 esset
2471 3010 2780 3076 immeritis,
2814 3011 2909 3066 sed
2937 3026 3149 3067 merces
3187 3020 3445 3080 tanquam
3475 3010 3703 3066 meritis
3731 3013 3876 3066 resti-

2286 3110 2421 3156 tuta.
2452 3100 2567 3155 Non
2595 3115 2724 3173 ergo
2771 3100 2872 3170 ipsi
2902 3109 3306 3166 convertantur,
3339 3108 3394 3155 et
3420 3115 3609 3155 sanem
3637 3115 3767 3163 eos.
3797 3101 3879 3157 sed

2286 3192 2462 3247 sanati
2510 3207 2609 3262 per
2637 3192 2867 3263 gratiam
2898 3192 3131 3262 qualiter
3163 3191 3231 3247 ad
3266 3190 3633 3247 humilitatem
3682 3189 3879 3245 Christi

2287 3293 3043 3356 convertantur,agnoscant.
3072 3284 3151 3338 lta
3178 3284 3232 3338 in
3258 3283 3522 3353 utrisque,
3562 3282 3679 3339 hoc
3700 3293 3809 3348 est,
3834 3290 3878 3345 et

2287 3373 2341 3429 in
2366 3389 2433 3429 eo
2454 3373 2899 3445 permanentibus
2926 3373 2981 3429 in
3005 3388 3113 3445 quo
3134 3373 3295 3429 talem
3325 3373 3661 3430 sententiam
3696 3388 3881 3445 perce-

2285 3474 2504 3536 perunt,
2528 3475 2581 3520 et
2627 3465 2680 3519 in
2709 3466 2930 3521 salvatis
2951 3465 3146 3520 exinde
3172 3465 3438 3535 sententia
3462 3464 3759 3520 Dominica
3784 3464 3877 3529 ﬁxa

2287 3561 2612 3633 permansit,
2643 3569 2699 3616 et
2744 3569 2924 3616 tamen
2976 3576 3099 3616 cum
3141 3568 3497 3630 permanente
3524 3560 3608 3615 sic
3632 3560 3723 3616 eis
3750 3560 3879 3615 miro

2286 3671 2486 3728 genere
2520 3656 2726 3711 sanitas
2767 3656 3079 3710 introducta
3105 3663 3210 3721 est,
3249 3665 3309 3710 ut
3338 3654 3427 3709 illa
3471 3656 3757 3710 sententia
3784 3670 3876 3708 non

2288 3757 2491 3802 mutata
2523 3748 2819 3811 videretur,
2852 3746 2946 3802 sed
2972 3746 3161 3802 eadem
3186 3745 3518 3817 perdurante
3540 3746 3765 3801 sanitas
3786 3762 3877 3800 non

2288 3852 2475 3893 eorum
2507 3835 2868 3899 confidentia,
2900 3835 2994 3891 sed
3044 3835 3230 3890 divino
3275 3848 3499 3891 munere
3549 3835 3875 3909 proveniret.

2290 3927 2443 3995 Quod
2489 3927 2533 3981 si
2574 3926 2688 3981 haec
2718 3934 2932 3981 tentare
2972 3925 3302 3992 formidant,
3326 3939 3428 3981 nec
3454 3925 3527 3980 ad
3570 3941 3696 3982 sua:
3722 3926 3873 3997 perti-

2288 4034 2419 4074 nere
2444 4025 2776 4089 cognoscunt
2799 4016 3074 4074 modulum
3106 4015 3412 4092 potestatis.
3450 4015 3542 4070 cui
3574 4024 3799 4090 tantum
3823 4014 3875 4081 de

2289 4109 2538 4164 Immanis
2567 4108 2726 4181 rebus
2761 4108 3220 4181 permissumest,
3252 4122 3358 4164 non
3377 4106 3547 4179 etiam
3579 4122 3711 4162 eam
3757 4120 3878 4177 pra-

2290 4214 2412 4255 cssc
2437 4198 2655 4272 divinis,
2683 4198 2955 4269 quomodo
2980 4199 3045 4255 de
3075 4199 3161 4255 his
3186 4213 3283 4268 per
3311 4210 3451 4267 quos
3478 4197 3679 4252 divina
3706 4198 3871 4257 ninia:

2291 4301 2505 4364 trantur
2545 4290 2795 4361 judicare
2852 4292 3228 4364 praesumunt?
3294 4290 3528 4347 Fuerint
3583 4292 3715 4349 haec
3766 4299 3876 4346 ante

2291 4387 2580 4440 adventum
2613 4382 2853 4449 Christi,
2881 4392 2942 4439 ut
2968 4384 3187 4453 quidem
3212 4381 3548 4461 figuraliter,
3580 4384 3769 4440 adhuc
3806 4392 3875 4438 ta-

2294 4491 2417 4531 men
2450 4475 2503 4530 in
2545 4474 2858 4531 carnalibus
2887 4475 3115 4545 actibus
3141 4474 3467 4549 constituti,
3491 4475 3717 4545 pariter
3745 4491 3878 4546 reges

2292 4570 2628 4635 existerent,
2676 4577 2733 4624 et
2791 4569 2997 4639 pariter
3032 4568 3364 4627 sacerdotes.
3424 4565 3586 4634 Quod
3639 4578 3875 4623 sanctum

2291 4660 2687 4716 Melchisedech
2736 4658 2904 4716 fuisse
2961 4673 3117 4716 saera
3144 4658 3327 4729 prodit
3352 4657 3611 4712 historia.
3643 4656 3801 4725 Quod
3832 4658 3873 4725 in

2292 4749 2405 4823 suis
2426 4763 2640 4819 quoque
2666 4747 2911 4804 diabolus
2933 4748 3175 4802 imitatus
3202 4755 3309 4812 est,
3331 4754 3525 4817 utpote
3554 4747 3653 4817 qui
3681 4760 3873 4816 semper

2292 4855 2413 4911 qua:
2432 4838 2614 4893 divino
2641 4837 2807 4893 cultui
2835 4837 3190 4892 convenirent
3218 4836 3438 4890 sibimet
3465 4836 3763 4906 tyrannica
3783 4835 3876 4904 spi-

2294 4929 2421 4985 ritui
2476 4928 2752 4984 vindicare
2792 4926 3104 4991 contendit,
3165 4934 3225 4981 ut
3272 4926 3466 4996 pagani
3531 4926 3877 4995 imperatores

2298 5021 2462 5076 iidem
2486 5030 2541 5077 et
2561 5020 2783 5076 maximi
2810 5019 3099 5090 pontifices
3120 5019 3454 5079 dicerentur.

2369 5110 2477 5167 Sed
2516 5126 2639 5166 eum
2685 5109 2753 5164 ad
2796 5124 2982 5164 verum
3025 5118 3244 5177 ventum
3272 5117 3390 5172 est,
3421 5107 3684 5163 eumdem
3709 5121 3870 5179 regem

2296 5211 2457 5275 atque
2484 5201 2793 5273 pontificem
2821 5200 3097 5267 ultrasihi
3128 5215 3227 5255 nec
3267 5200 3573 5268 imperator
3620 5198 3874 5269 pontiﬁcis

2297 5307 2493 5347 nomen
2519 5290 2794 5361 imposuit,
2827 5304 2927 5345 nec
2957 5288 3196 5359 pontifex
3233 5288 3416 5359 regale
3446 5287 3730 5358 fastigium
3757 5303 3866 5343 veno

2299 5385 2513 5442 dicavit.
2544 5381 2805 5451 Quamvis
2837 5381 2981 5437 enim
3023 5382 3268 5436 membra
3313 5379 3516 5449 ipsius,
3559 5378 3614 5433 id
3644 5389 3751 5445 est,
3778 5376 3871 5431 veri

2300 5477 2445 5550 regis
2503 5486 2667 5546 atque
2734 5473 3008 5545 pontificis
3053 5472 3347 5529 secundum
3412 5472 3869 5542 participationem

2302 5567 2588 5641 magnifice
2615 5575 2903 5636 utrumque
2933 5564 2986 5618 in
3007 5578 3164 5620 sacra
3192 5562 3565 5635 generositate
3591 5561 3868 5631 sumpsise

2303 5661 2573 5725 dicantur,
2602 5666 2661 5712 ut
2695 5656 2854 5712 simul
2882 5655 3065 5727 regale
3100 5670 3269 5735 genus
3300 5661 3357 5709 et
3393 5653 3738 5709 sacerdotale
3761 5650 3869 5707 sub-

2307 5754 2523 5819 sistant,
2545 5749 2798 5822 quoniam
2824 5748 3071 5804 Christus
3111 5761 3317 5804 memor
3348 5743 3660 5817 fragilitatis
3695 5742 3861 5807 huma:
