3974 6434
7 331 173 388 953

1268 327 1757 390 DECRETALIUM
1782 327 2186 388 COLLECTIO.

3257 338 3366 396 954

8 460 171 511 me.
231 443 378 515 quod
423 456 647 499 suorqu
694 441 856 500 saluti
910 452 1234 517 congrueret
1260 446 1663 525 dispensatione
1690 447 1740 508 Δ
1765 443 1845 499 cis
1900 443 2273 515 limreticisqne
2316 445 2645 516 suppositis,
2685 446 2769 503 vel
2808 447 2895 505 his
2924 448 3018 520 qui
3069 448 3359 509 haeretico‘

7 534 369 607 magniﬁca
396 534 743 605 temperavit,
774 534 854 591 sic
893 535 1200 592 actionibus
1238 537 1471 607 propriis
1499 535 1676 607 digni-

7 626 391 697 talibusque
460 626 730 683 distinctis
803 626 980 684 oﬁicia
1045 628 1330 699 potestatis
1391 628 1674 699 utriusque

7 719 362 785 discrevit,
395 734 524 774 suos
551 708 743 776 volens
771 720 1077 776 medicinali
1108 721 1413 793 humilitate
1449 720 1668 786 salvari,

7 824 177 864 non
207 812 447 881 humana
466 811 717 879 superbia
746 826 934 867 rursus
956 812 1230 881 intercipi,
1258 812 1332 867 ita
1346 819 1405 866 ut
1431 820 1485 866 et
1508 809 1672 866 Chri-

7 902 244 957 stiani
321 902 678 973 imperatores
746 916 845 971 pro
895 912 1095 959 aeterna
1158 904 1271 959 vita
1323 903 1672 974 pontiﬁcibus

7 995 429 1067 indigerent,
476 1002 533 1049 et
577 994 864 1065 pontiﬁces
913 1010 1012 1066 pro
1067 995 1443 1066 temporalium
1508 1009 1670 1050 cursu

8 1099 266 1139 rerum
296 1083 667 1155 imperialibus
705 1084 1148 1155 dispositionibus
1185 1094 1487 1151 uterentur,
1530 1101 1669 1157 qua-

7 1181 234 1229 tenus
249 1172 511 1244 spiritalis
531 1173 675 1229 actio
693 1189 723 1228 a
743 1174 1051 1231 carnalibus
1072 1175 1299 1231 distaret
1321 1176 1658 1243 incursibus;

7 1268 90 1315 et
136 1262 283 1317 ideo
306 1261 543 1320 militans
573 1263 684 1319 Deo
722 1264 945 1320 minime
973 1280 1031 1320 se
1062 1266 1293 1337 negotiis
1321 1266 1669 1323 saecularibus

7 1350 403 1420 implicaret,
431 1366 496 1407 ac
521 1352 760 1409 vicissim
795 1368 900 1409 nun
943 1354 1032 1409 ille
1074 1355 1236 1410 rebus
1265 1356 1461 1412 divinis
1483 1356 1669 1427 praesi-

7 1437 201 1496 dere
230 1441 544 1507 videretur,
590 1443 683 1513 qui
727 1452 871 1500 esset
914 1445 1147 1516 negotiis
1183 1446 1536 1503 saecularibus
1564 1448 1669 1502 im-

10 1528 331 1599 plicatus,
356 1538 416 1587 ut
436 1539 492 1587 et
512 1532 776 1589 modestia
808 1534 1090 1606 utriusque
1124 1536 1332 1592 ordinis
1358 1546 1665 1605 curaretur,

8 1636 115 1677 ne
154 1623 519 1679 extolleretur
549 1632 782 1696 utroque
810 1623 1092 1694 suﬁ‘ultus;
1116 1635 1172 1682 et
1193 1638 1510 1697 competens
1532 1643 1666 1698 qua-

15 1712 320 1771 litatibus
363 1716 637 1771 actionum
688 1718 997 1787 specialiter
1059 1717 1325 1788 professio
1365 1729 1662 1790 aptaretur.

1778 550 1897 589 rum
1950 537 2272 592 tenebantur
2308 538 2687 594 communione
2734 539 2956 610 polluti,
2987 542 3153 598 etiam
3193 558 3363 601 sacrae

1772 625 2045 696 religionis
2092 628 2146 682 in
2184 628 2498 685 sinceritate
2536 629 2746 699 polluti,
2788 632 3106 704 participem
3158 649 3352 699 suum,

1774 726 1882 772 tam
1930 717 2209 774 absolvere
2256 720 2655 790 nequiverunt,
2701 736 2862 791 quam
2912 723 3013 794 ipsi
3065 738 3173 778 non
3201 734 3357 781 erant

1774 809 2033 865 absoluti.
2062 810 2140 866 Ac
2169 812 2396 882 proinde
2438 799 2545 867 tam
2588 813 2973 870 ecclesiastica:
3001 815 3200 886 regulae
3222 809 3358 886 prie-

1771 900 2106 957 varicatores
2146 918 2308 972 quam
2348 913 2708 961 sacrosancta:
2768 908 3164 963 communionis
3209 908 3352 963 inte-

1771 994 2025 1064 gritatem
2049 994 2380 1049 maculantes
2420 995 2695 1052 consortio
2724 996 3077 1064 perﬁdorum,
3105 1000 3249 1068 quod
3279 1000 3348 1055 de

1771 1096 1865 1139 reo
1892 1082 2168 1138 simillimo
2191 1092 2483 1154 potuerunt
2502 1083 2644 1141 ferre
2657 1085 2943 1156 judicium.
2973 1086 3051 1142 De
3075 1087 3359 1145 catholicis

1768 1174 1912 1230 enim
1936 1174 2280 1245 pontiﬁcibus
2297 1190 2395 1245 per
2422 1184 2592 1231 totum
2614 1176 2912 1242 Orientem,
2943 1188 3037 1233 aut
3053 1180 3361 1251 quicunque

1767 1265 2046 1336 perstitit,
2092 1274 2176 1321 est
2218 1265 2424 1336 ejectus
2446 1306 2461 1333 ,
2498 1274 2591 1321 aut
2623 1266 2711 1322 ille
2740 1268 2939 1323 restitit
2968 1269 3061 1339 qui
3084 1270 3361 1326 consensit

1768 1354 1965 1421 errori,
1993 1363 2047 1410 et
2073 1369 2133 1410 se
2154 1354 2223 1410 ab
2253 1355 2552 1411 errantium
2581 1357 2902 1426 contagione
2924 1360 3174 1414 retraxit.
3203 1360 3358 1429 Quod

1769 1445 1934 1518 igitur
1995 1461 2184 1503 eorum
2244 1449 2418 1520 potuit
2480 1450 2548 1506 de
2608 1450 2926 1523 cujusquam
2989 1466 3176 1508 errore
3233 1469 3360 1511 esse

1760 1537 2024 1608 judicium
2048 1578 2063 1605 ,
2110 1540 2203 1610 qui
2243 1554 2519 1612 nunquam
2555 1556 2665 1597 non
2708 1557 2926 1598 errasse
2954 1553 3353 1613 monstrantur,

1768 1630 1862 1686 sed
1920 1629 2298 1687 haereticorum
2358 1631 2606 1688 similiter
2675 1633 3175 1706 catholicorumque
3229 1652 3355 1693 con-

1766 1717 2005 1775 fessione
2052 1721 2312 1791 permista
2365 1729 2593 1779 cunctas
2650 1722 2923 1794 religionis
2963 1740 3106 1782 verte
3151 1714 3208 1782 εἰ
3243 1727 3360 1783 sin.-

16 1803 282 1871 Quibus
312 1806 563 1862 omnibus
591 1807 694 1862 rite
718 1808 975 1871 collectis
1001 1810 1136 1866 satis
1163 1810 1443 1868 evidenter
1474 1821 1659 1869 osten-
1695 1830 1744 1891 Β
1767 1826 1908 1866 θοι-ω
1934 1811 2091 1867 sedes
2120 1812 2727 1879 turbasse,catholicam
2751 1815 3206 1887 apostolicamque
3228 1831 3356 1872 con-

25 1896 218 1948 ditur
262 1912 293 1947 a
338 1895 580 1951 saeculari
621 1908 886 1967 potestate
908 1940 923 1966 ,
956 1915 1056 1955 nec
1083 1901 1241 1973 ligari
1271 1917 1492 1972 prorsus
1516 1945 1530 1971 ,
1564 1920 1663 1962 nec

23 1985 205 2041 solvi
234 2001 396 2057 posse
419 1989 770 2058 'pontiﬁcem.
811 1992 928 2060 Quo
964 1993 1305 2051 manifestius
1338 1999 1667 2069 approbatur

27 2078 504 2135 Alexandrinum
530 2078 753 2137 Petrum
794 2097 894 2153 per
924 2085 1257 2156 imperialem
1288 2089 1665 2145 tantummodo

24 2169 408 2224 sententiam
432 2169 579 2228 nullo
606 2173 767 2229 modo
789 2174 1030 2245 potuisse
1054 2191 1291 2247 prorsus
1303 2178 1546 2245 absolvi;
1573 2179 1663 2235 ubi

34 2259 98 2315 si
155 2262 485 2331 pontiﬁcum
516 2279 732 2335 quoque
766 2267 1006 2322 sociatur
1046 2284 1302 2326 assensus
1326 2311 1341 2336 ,
1371 2272 1666 2341 quaerimus

31 2359 257 2406 utrum
312 2354 682 2423 processerit,
710 2372 781 2412 an
827 2356 992 2413 fuerit
1034 2361 1375 2417 subsecutus.
1408 2361 1485 2417 Si
1537 2363 1665 2419 sub-

34 2450 301 2496 secutus
336 2452 423 2496 est
459 2444 808 2501 nihilominus
854 2447 923 2502 ad
965 2448 1021 2503 id
1062 2449 1345 2521 redditur,
1395 2462 1456 2505 ut
1500 2452 1661 2507 abso-

36 2534 207 2588 lutio
260 2533 512 2590 saeculari
564 2544 833 2607 potestate
893 2550 1159 2611 praecepta
1203 2550 1259 2597 et
1299 2542 1666 2612 principaliter

39 2623 329 2678 inchoata
358 2623 538 2681 valere
581 2642 686 2682 non
717 2630 944 2698 possit,
972 2631 1395 2703 pontiﬁcumque
1443 2644 1663 2692 secutus

41 2728 331 2770 assensus
379 2715 701 2773 adulationis
752 2723 929 2789 potius
970 2719 1156 2788 fuerit,
1205 2738 1369 2794 quam
1409 2724 1663 2797 legitima:

54 2803 407 2860 sanctionis.
451 2804 507 2860 Si
546 2809 857 2876 praecessit,
889 2808 1149 2867 doceatur
1172 2828 1204 2867 a
1247 2814 1442 2883 quibus
1481 2824 1537 2870 et
1571 2816 1661 2871 ubi

45 2895 156 2951 ille
221 2896 297 2952 sit
357 2908 578 2968 gestus,
643 2899 691 2955 si
749 2906 1046 2958 secundum
1109 2904 1365 2961 Ecclesiae
1423 2907 1663 2978 regulam

44 2986 400 3054 celebratus,
438 2988 485 3043 si
523 2997 748 3060 paterna
799 2993 1091 3050 traditione
1134 2995 1429 3064 profectus,
1468 2999 1513 3054 si
1544 3013 1659 3054 ma-

41 3079 249 3149 jorum
283 3093 431 3135 more
460 3080 700 3150 prolatus
724 3121 740 3149 ,
787 3083 833 3138 si
885 3088 1210 3165 competenti
1263 3089 1663 3147 examinatione

46 3172 440 3243 depromptus.
488 3172 590 3229 Ubi
639 3175 825 3246 procul
887 3176 1053 3234 dubio
1107 3180 1489 3250 requirendum
1531 3191 1614 3239 est
1643 3224 1659 3251 ,

44 3261 113 3316 si
180 3261 428 3332 synodali
493 3266 911 3336 congregatione
973 3268 1312 3335 celebratus,
1380 3272 1525 3341 quod
1603 3273 1657 3328 in

50 3353 386 3423 receptione
424 3353 711 3422 damnari,
751 3365 807 3411 et
849 3357 1161 3428 depulsione
1200 3362 1452 3417 catholici
1485 3403 1501 3429 ,
1535 3365 1661 3434 quia

51 3457 216 3499 nova
252 3452 335 3497 est
362 3458 550 3511 causa,
577 3443 695 3501 ﬁeri
721 3447 1085 3506 certissimum
1114 3462 1230 3519 est;
1263 3452 1311 3508 si
1338 3454 1405 3509 ad
1428 3455 1660 3525 primam

49 3534 258 3590 sedem
282 3575 299 3601 ,
364 3534 517 3605 cujus
582 3537 844 3596 intererat
912 3544 1223 3611 sententiae,
1289 3561 1396 3616 qua
1468 3547 1662 3604 Petrus

54 3622 379 3688 tenebatur,
404 3626 720 3696 obstrictus,
747 3638 803 3685 et
824 3633 1118 3688 secundum
1160 3636 1373 3705 regulas
1405 3645 1490 3693 est
1518 3637 1661 3694 rela-

62 3722 225 3780 tum;
260 3714 303 3769 si
336 3715 525 3771 eadem
546 3732 665 3788 qua:
687 3716 892 3792 ligavit,
917 3723 1183 3792 absolvit;
1214 3726 1260 3783 si
1293 3726 1384 3782 illa
1409 3743 1529 3799 qua;
1554 3743 1663 3786 non

58 3806 340 3877 ligaverat
374 3807 703 3878 resolvente,
734 3812 843 3868 imo
884 3814 1049 3871 etiam
1079 3817 1356 3875 nesciente
1398 3821 1665 3890 potuisset

63 3895 321 3952 dissolvi.
359 3897 416 3953 Si
445 3900 560 3955 haec
584 3910 734 3973 gesta
766 3919 870 3960 non
900 3915 1050 3974 sunt,
1081 3923 1190 3979 quo
1216 3926 1388 3975 more,
1420 3927 1530 3983 quo
1554 3914 1661 3969 ritu

61 3989 476 4045 Alexandrinus
522 3982 1112 4066 Petrus'prattenditur
1165 4001 1484 4071 absolutus,
1541 4021 1663 4061 cum

64 4093 173 4134 nec
202 4093 234 4133 a
264 4080 607 4149 pontiﬁcibus
640 4083 877 4156 legitime
897 4127 911 4152 ,
950 4096 1003 4142 et
1028 4089 1416 4149 ecclesiasticis
1455 4094 1666 4167 legibus

66 4170 239 4226 fuerit
272 4172 588 4241 expeditus,
635 4190 735 4231 nec
781 4192 813 4231 a
855 4177 1102 4234 steculari
1131 4190 1401 4250 potestate
1423 4186 1665 4253 potuerit

65 4268 273 4331 praeter
311 4259 565 4319 Ecclesiae
617 4265 891 4323 tramitem
933 4284 1158 4340 prorsus
1206 4273 1461 4329 absolvi?
1491 4274 1666 4332 Tanto

69 4353 252 4424 magis
275 4356 519 4422 poscenti
561 4356 931 4427 imperatoria
959 4362 1309 4432 pontiﬁcibus
1338 4365 1516 4423 fuerat
1539 4383 1665 4441 sng-

68 4441 395 4511 gerendum,
427 4445 550 4500 utsi
577 4461 701 4503 eum
732 4448 975 4522 legitime
1005 4454 1165 4510 vellet
1191 4457 1398 4514 absolvi
1424 4457 1666 4531 legitima

1768 1903 1974 1960 fudisse
2003 1904 2317 1977 puritatem.
2351 1905 2489 1961 Ecce
2513 1906 2604 1977 qui
2638 1921 2790 1962 reum
2812 1906 3113 1974 absolvere,
3144 1907 3235 1977 qui
3275 1909 3353 1963 rei

1766 2008 1878 2063 pra:
1900 1994 2155 2049 erunibus
2182 1995 2519 2051 docebantur
2558 1995 2757 2052 eﬁ'ecti.
2804 1997 2946 2052 Ecce
2988 2014 3109 2053 eum
3151 1999 3348 2069 quibus

1765 2084 1831 2141 de
1857 2084 2184 2141 absolvenda
2206 2100 2301 2142 reo
2335 2087 2573 2159 synodus
2609 2087 2786 2144 fuerat
2814 2089 3068 2144 ineunda.
3108 2090 3166 2145 Si
3218 2091 3355 2147 ﬁdes

1765 2184 1818 2231 et
1857 2176 2172 2232 communio
2234 2178 2505 2247 catholica
2552 2178 2909 2246 retinebatur,
2958 2196 3058 2236 cur
3105 2181 3357 2239 catholici

1766 2266 2103 2337 pellebantur
2128 2267 2404 2327 antistites
2425 2309 2442 2339 ,
2470 2270 2743 2340 quomodo
2773 2272 3143 2329 tantummodo
3178 2273 3357 2329 haere-

1767 2356 1857 2411 tici
1891 2358 2284 2439 servabantur?

1763 2468 2145 2548 Ilem‘epistola
2171 2470 2387 2548 Gelasii
2417 2475 2695 2548 papwuad
2740 2473 3003 2548 {austum
3045 2477 3356 2548 magistrum

1897 2540 2200 2612 fungentem
2231 2540 2513 2613 legationis
2538 2544 2715 2614 ofﬁcio
2751 2540 3223 2616 εοηιιαηιὲηομῦιί.

1835 2630 1948 2702 Ego
1972 2646 2186 2702 quoque
2214 2642 2395 2689 mente
2427 2636 2639 2705 percepi
2686 2634 2903 2691 Graecos
2953 2636 3005 2691 in
3060 2652 3156 2692 sua
3189 2637 3356 2694 obsti-

1764 2724 1982 2779 natione
2020 2739 2309 2782 mansuros
2335 2765 2351 2793 ,
2398 2743 2468 2782 ne
2506 2728 2594 2783 cui
2625 2728 2769 2782 velut
2802 2729 3135 2799 insperatum
3182 2731 3356 2787 videri

1762 2822 1958 2885 potest,
1973 2815 2116 2886 quod
2132 2817 2281 2873 estin
2302 2827 2429 2873 ante
2451 2820 2858 2891 praecognitum.
2884 2821 3228 2894 Quapropter
3249 2839 3357 2878 non

1764 2914 1874 2960 tam
1906 2913 2128 2977 propter
2162 2907 2449 2979 legatioiiis
2493 2925 2687 2967 causas
2731 2912 2949 2967 student
2981 2914 3355 2984 dispositioni-

1762 2996 1865 3052 bus
1911 2996 2140 3067 publicis
2178 2998 2401 3055 obviare
2429 3039 2445 3066 ,
2494 3002 2589 3057 sed
2639 3002 2821 3071 potius
2867 3018 2965 3073 per
3005 3006 3349 3060 occasionem

1764 3087 2050 3160 legationis
2067 3090 2228 3161 regiae
2246 3092 2571 3148 catholicam
2589 3094 2749 3149 ﬁdem
2773 3094 3067 3150 moliuntur
3084 3105 3353 3162 evertere,

1688 3187 1735 3250 c
1767 3188 1822 3234 et
1874 3178 1966 3233 tali
2007 3189 2312 3237 commento
2359 3182 2605 3238 nituntur
2646 3193 2858 3254 sperata
2898 3195 3176 3256 praestare.
3217 3186 3356 3254 Quid

1763 3268 1865 3345 sibi
1888 3268 2002 3327 vult
2023 3279 2201 3325 autem
2227 3272 2371 3341 quod
2400 3274 2599 3339 dixerit
2630 3275 2942 3344 imperator,
2974 3292 3004 3331 a
3033 3277 3187 3332 nobis
3212 3280 3352 3337 sein

1763 3360 2023 3432 religione
2051 3362 2390 3431 damnatum,
2423 3381 2543 3421 cum
2568 3381 2731 3436 super
2759 3369 2859 3424 hac
2887 3378 3041 3439 parte
3072 3379 3127 3425 et
3148 3371 3356 3440 prside-

1764 3465 1950 3507 ccssor
1971 3467 2124 3524 meus
2143 3469 2250 3509 non
2273 3454 2449 3511 solum
2476 3457 2698 3514 minime
2728 3474 2923 3515 nomen
2947 3459 3063 3530 ejus
3089 3463 3354 3534 attigerit,

1763 3541 1858 3596 sed
1908 3541 2131 3612 insuper
2195 3547 2410 3614 quando
2454 3548 2720 3620 principia
2768 3550 2995 3620 adeptus
3047 3553 3211 3623 regite
3253 3569 3353 3624 po-
3406 3545 3411 3550 ’

1766 3636 1978 3692 testatis
2012 3640 2293 3705 exercuit,
2333 3640 2387 3695 in
2409 3638 2527 3709 ejus
2574 3656 2635 3697 se
2675 3642 2956 3712 rescripsit
2985 3643 3198 3716 imperii
3225 3656 3354 3716 pro-

1763 3728 2001 3783 motione
2029 3731 2282 3801 gaudere,
2341 3741 2397 3787 et
2414 3748 2515 3806 ego
2541 3733 2688 3789 nulla
2733 3735 2902 3806 ipsius
2945 3752 3185 3808 unquam
3214 3739 3355 3795 scri-

1763 3826 1857 3893 pta
1887 3820 2192 3893 percipiens
2232 3824 2548 3881 honoriﬁcis
2589 3827 2794 3883 nostris
2823 3841 2947 3883 eum
2974 3828 3172 3886 litteris
3202 3831 3357 3887 salu-

1767 3921 1884 3968 tare
1912 3915 2215 3970 curaverim
2240 3916 2263 3970 ?
2313 3916 2752 3976 Prmdecessores
2778 3921 2883 3978 mei
2914 3924 3223 3981 sacerdotes
3265 3926 3358 3996 qni

1765 4003 2275 4074 praevaricatoribus
2336 4022 2397 4063 se
2456 4011 2886 4068 communicasse
2940 4015 3161 4085 propria
3220 4022 3357 4072 voce

1764 4093 1999 4149 confessi
2028 4103 2176 4162 sunt,
2213 4113 2242 4151 a
2270 4099 2650 4157 communione
2680 4116 2774 4159 eos
2800 4105 3095 4174 apostolica
3135 4108 3358 4164 submo-

1765 4195 1982 4241 verunt.
2010 4186 2066 4243 Si
2092 4189 2165 4243 ita
2192 4188 2369 4260 placet
2396 4206 2457 4248 se
2483 4193 2715 4251 miscere
2734 4196 3027 4265 damnatis,
3054 4201 3212 4258 nobis
3246 4218 3356 4257 non

1766 4288 1946 4354 potest
1995 4279 2250 4350 imputari
2299 4283 2345 4339 si
2390 4284 2462 4340 ab
2507 4286 2588 4343 eis
2642 4289 2777 4344 velit
2822 4290 3153 4361 abscedere,
3213 4304 3362 4351 tanto

1764 4372 1941 4444 magis
1967 4388 1997 4428 a
2028 4373 2185 4430 nobis
2216 4390 2323 4431 non
2354 4384 2534 4447 potest
2550 4393 2674 4435 esse
2696 4380 2984 4438 damnatus
3005 4425 3019 4450 ,
3052 4389 3148 4440 sed
3172 4388 3354 4456 potius

1767 4462 1835 4518 ad
1863 4464 2096 4535 gratiam
2123 4465 2350 4523 sincera:
2376 4470 2775 4528 communionis
2814 4474 3105 4531 admissus.
3149 4476 3231 4532 Ad
3269 4493 3360 4533 se-

67 4534 432 4591 ecclesiastici
477 4540 680 4595 tenoris
729 4542 996 4601 absolutio
1047 4550 1394 4617 proveniret,
1442 4560 1497 4607 et
1550 4534 1953 4616 baechatum
2007 4553 2244 4625 pertinet
2294 4555 2631 4626 Romanum,
2662 4554 2730 4616 ut
2771 4576 2981 4618 memor
3034 4563 3159 4619 ﬁdei
3200 4582 3362 4635 quam

66 4626 254 4681 omnia
285 4641 406 4696 quae
441 4636 690 4700 superius
731 4633 875 4690 dicta
916 4647 1043 4692 sunt
1079 4642 1372 4698 secundum
1412 4643 1668 4703 Ecclesia:

71 4718 355 4770 tramitem
400 4731 751 4778 servarentur
783 4742 796 4779 :
821 4729 1090 4798 prmcipuc
1131 4746 1255 4787 cum
1301 4734 1368 4789 de
1418 4739 1668 4796 secunda:

67 4805 218 4860 sedis
251 4819 504 4877 ageretur
535 4812 777 4870 antistite
803 4856 818 4881 ,
862 4832 963 4873 nec
1008 4819 1078 4874 ab
1123 4820 1379 4881 inferiore
1404 4827 1665 4897 qualibet,

69 4894 231 4990 sed-a
259 4898 433 4966 prima
465 4900 732 4970 sedejurc
765 4908 936 4977 possit
970 4908 1196 4967 absolvi.
1221 4894 1449 4972 Inferior
1469 4894 1669 4990 quippe

70 4986 347 5055 potiorem
400 4991 681 5048 absolvere
727 4992 833 5052 non
879 5007 1098 5068 potest,
1150 5003 1263 5058 sola
1305 5020 1437 5077 ergo
1486 4986 1671 5079 potior

74 5075 395 5133 inferiorem
425 5084 810 5142 convenienter
847 5089 1098 5146 absolvit.
1130 5075 1671 5158 Proinde‘infe—rioris

78 5165 187 5222 loci
219 5168 501 5237 pontiﬁces
526 5172 615 5241 qni
647 5174 949 5234 nullatenus
996 5195 1055 5236 se
1098 5192 1360 5239 noverant
1405 5170 1671 5257 potiorem

80 5254 187 5310 sibi
209 5255 324 5311 sine
353 5258 521 5327 prima
555 5262 680 5317 sede
704 5280 860 5330 posse
890 5269 1180 5338 resolvere,
1207 5254 1481 5346 praecipue
1509 5294 1671 5349 quem

80 5342 203 5412 ejus
253 5349 518 5403 sententia
574 5364 834 5409 noverunt
883 5342 1676 5435 obligatum,pr:evarica-toria

84 5434 424 5493 absolutione
488 5441 666 5509 potius
720 5459 826 5500 non
883 5445 1035 5504 illum
1091 5452 1308 5523 penitus
1362 5469 1669 5527 exuerunt,

84 5525 186 5581 sed
232 5531 677 5597 praevaricatione
743 5537 925 5606 potius
990 5546 1321 5601 nexuerant.
1386 5548 1465 5605 Ita
1524 5525 1673 5609 Petri

87 5620 357 5677 absolutio
423 5639 489 5679 ex
568 5634 799 5698 utroque
882 5647 987 5688 non
1051 5646 1303 5706 constat,
1373 5643 1500 5713 quia
1573 5662 1674 5703 nec

89 5714 523 5784 przevaricatoria
564 5720 898 5780 absolutione
943 5727 1018 5783 rei
1062 5745 1212 5788 reum
1259 5735 1539 5795 absolvere
1578 5756 1673 5810 po-

91 5817 310 5863 tuerunt
338 5850 364 5878 ,.
395 5817 448 5865 et
484 5810 720 5884 depulsis
761 5817 994 5893 undique
1050 5811 1394 5894 pontiﬁcibus
1448 5830 1674 5889 catholi-

1769 4656 1801 4696 a
1875 4643 2190 4712 parentibus
2263 4659 2325 4701 se
2385 4649 2688 4720 suscepisse
2753 4652 3039 4720 meminit,
3118 4657 3364 4726 contagia

1766 4732 1902 4788 vitet
1944 4734 2340 4793 communionis
2386 4747 2665 4806 externas,
2707 4756 2885 4811 neque
2925 4743 2992 4798 ob
3049 4744 3152 4800 hoc
3211 4761 3364 4800 coin-

1769 4825 2040 4882 munionis
2085 4827 2232 4883 sedis
2274 4829 2586 4898 apostolica:
2631 4832 2816 4905 (quod
2871 4832 3052 4905 absit)
3105 4835 3367 4890 reddatur
3422 4908 3426 4911 _

1767 4922 2047 4981 externus,
2073 4924 2128 4970 et
2166 4918 2378 4973 veniam
2404 4919 2511 4975 sibi
2536 4921 2653 4976 dari
2692 4921 2892 4978 debere
2929 4933 3229 4994 praeponat.
3259 4925 3364 4982 Le-

1776 5016 1953 5079 gatur,
1991 5023 2056 5063 ex
2089 5024 2199 5079 quo
2231 5018 2315 5066 est
2350 5012 2542 5084 religio
2572 5012 2902 5080 Christiana,
2927 5016 3012 5071 vel
3042 5026 3188 5073 certe
3211 5020 3370 5075 detur

1775 5100 2082 5170 exemplum
2112 5103 2164 5157 in
2194 5102 2433 5159 Ecclesia
2457 5106 2550 5161 Dei
2577 5121 2609 5161 a
2633 5107 2965 5177 quibuslibet
2992 5110 3366 5180 pontiﬁcibus,

1777 5198 1873 5244 aut
1914 5191 1982 5246 ab
2013 5191 2146 5260 ipsis
2194 5194 2475 5264 apostolis,
2521 5197 2590 5252 ab
2640 5196 2756 5267 ipso
2806 5199 3040 5270 denique
3086 5201 3372 5262 Salvatore

1779 5282 1993 5340 veniam
2029 5302 2137 5341 non
2168 5291 2564 5363 corrigentihns
2603 5294 2769 5351 fuisse
2810 5312 3148 5355 concessam.
3199 5300 3365 5354 Audi-

1783 5381 1895 5430 tum
1927 5387 2109 5433 autem
2146 5382 2245 5437 sub
2285 5384 2405 5453 ipso
2433 5385 2590 5451 ctelo,
2635 5402 2734 5442 nec
2778 5387 2972 5459 legitur
3011 5390 3236 5445 omnino
3266 5405 3366 5446 nec

1780 5469 2001 5538 dicitur,
2046 5473 2190 5543 quod
2240 5490 2427 5533 eorum
2456 5478 2594 5536 'voce
2636 5481 3004 5552 depromitur,
3038 5484 3172 5541 Date
3209 5486 3368 5542 nobis

1779 5563 2019 5630 veniam,
2044 5573 2104 5621 ut
2139 5575 2349 5624 tantum
2384 5586 2486 5626 nos
2528 5573 2582 5628 in
2611 5589 2797 5630 errore
2831 5577 3114 5635 duremus.
3144 5578 3202 5635 Id
3236 5596 3373 5651 quo-

1781 5669 1886 5724 que
1914 5670 2102 5726 parum
2127 5667 2234 5714 est.
2255 5659 2562 5718 Ostendant
2592 5665 2682 5735 qui
2724 5665 2882 5723 nobis
2914 5683 3153 5725 canones
3186 5670 3369 5729 nilum

1783 5753 1869 5798 tui:
1897 5762 2189 5816 opponere,
2214 5751 2409 5821 quibus
2439 5754 2539 5809 hoc
2562 5755 2882 5821 canonibus,
2913 5758 3112 5829 quibus
3144 5760 3365 5832 regulis,

1780 5851 1885 5909 qua
1917 5837 2181 5909 lectione,
2227 5859 2402 5915 quove
2439 5845 2785 5917 documento,
2835 5849 2951 5908 sive
3002 5865 3031 5907 a
3068 5851 3370 5925 majoribus
