  <div class='ocr_page' id='page_1' title='image "/cluster/home/n/w/nwhite01/storage/ocr_20150623/130/hvd.32044015471717/507.png"; bbox 0 0 3974 6432; ppageno 0'>
   <div class='ocr_carea' id='block_1_1' title="bbox 624 317 727 374">
    <p class='ocr_par' dir='ltr' id='par_1_1' title="bbox 624 317 727 374">
     <span class='ocr_line' id='line_1_1' title="bbox 624 317 727 374; baseline 0.019 -2"><span class='ocrx_word' id='word_1_1' title='bbox 624 317 727 374; x_wconf 75' lang='lat'><strong>955</strong></span> 
     </span>
    </p>
   </div>
   <div class='ocr_carea' id='block_1_2' title="bbox 1469 321 3859 408">
    <p class='ocr_par' dir='ltr' id='par_1_2' title="bbox 1469 321 3859 408">
     <span class='ocr_line' id='line_1_2' title="bbox 1469 321 3859 408; baseline 0.007 -31"><span class='ocrx_word' id='word_1_2' title='bbox 1469 321 1760 380; x_wconf 78' lang='lat' dir='ltr'><strong>APPEND.</strong></span> <span class='ocrx_word' id='word_1_3' title='bbox 1801 322 1894 380; x_wconf 83' lang='lat' dir='ltr'><strong>AD</strong></span> <span class='ocrx_word' id='word_1_4' title='bbox 1931 323 2102 381; x_wconf 59' lang='lat' dir='ltr'><strong>SIEC.</strong></span> <span class='ocrx_word' id='word_1_5' title='bbox 2137 327 2226 381; x_wconf 78' lang='lat' dir='ltr'><strong>IX.</strong></span> <span class='ocrx_word' id='word_1_6' title='bbox 2257 358 2324 368; x_wconf 95' lang='lat'><strong>—</strong></span> <span class='ocrx_word' id='word_1_7' title='bbox 2350 327 2598 388; x_wconf 84' lang='lat' dir='ltr'><strong>iSlDORI</strong></span> <span class='ocrx_word' id='word_1_8' title='bbox 2629 325 3076 393; x_wconf 75' lang='lat' dir='ltr'><strong>MERCATORIS</strong></span> <span class='ocrx_word' id='word_1_9' title='bbox 3778 353 3859 408; x_wconf 62' lang='lat'><strong>9543</strong></span> 
     </span>
    </p>
   </div>
   <div class='ocr_carea' id='block_1_3' title="bbox 624 430 3864 515">
    <p class='ocr_par' dir='ltr' id='par_1_3' title="bbox 624 430 3864 515">
     <span class='ocr_line' id='line_1_3' title="bbox 624 430 3864 515; baseline 0.009 -30"><span class='ocrx_word' id='word_1_10' title='bbox 624 430 855 501; x_wconf 52' lang='lat' dir='ltr'><strong>nostris;</strong></span> <span class='ocrx_word' id='word_1_11' title='bbox 890 431 1003 488; x_wconf 92' lang='lat' dir='ltr'><strong>sive</strong></span> <span class='ocrx_word' id='word_1_12' title='bbox 1025 432 1093 486; x_wconf 90' lang='lat' dir='ltr'><strong>ab</strong></span> <span class='ocrx_word' id='word_1_13' title='bbox 1116 432 1248 503; x_wconf 83' lang='lat' dir='ltr'><strong>ipsis</strong></span> <span class='ocrx_word' id='word_1_14' title='bbox 1289 433 1545 502; x_wconf 79' lang='lat' dir='ltr'><strong>apostolis</strong></span> <span class='ocrx_word' id='word_1_15' title='bbox 1574 450 1712 505; x_wconf 91' lang='lat' dir='ltr'><strong>quos</strong></span> <span class='ocrx_word' id='word_1_16' title='bbox 1740 436 1981 506; x_wconf 76' lang='lat' dir='ltr'><strong>potiores</strong></span> <span class='ocrx_word' id='word_1_17' title='bbox 2021 438 2212 492; x_wconf 90' lang='lat' dir='ltr'><strong>merito</strong></span> <span class='ocrx_word' id='word_1_18' title='bbox 2240 443 2288 502; x_wconf 84' lang='grc' dir='ltr'>Α</span> <span class='ocrx_word' id='word_1_19' title='bbox 2315 449 2621 496; x_wconf 78' lang='lat' dir='ltr'><strong>exsecutus.</strong></span> <span class='ocrx_word' id='word_1_20' title='bbox 2651 441 2818 499; x_wconf 87' lang='lat' dir='ltr'><strong>Nobis</strong></span> <span class='ocrx_word' id='word_1_21' title='bbox 2847 446 2965 500; x_wconf 83' lang='lat' dir='ltr'><strong>ausi</strong></span> <span class='ocrx_word' id='word_1_22' title='bbox 2991 457 3117 502; x_wconf 90' lang='lat' dir='ltr'><strong>sunt</strong></span> <span class='ocrx_word' id='word_1_23' title='bbox 3143 447 3322 504; x_wconf 89' lang='lat' dir='ltr'><strong>facere</strong></span> <span class='ocrx_word' id='word_1_24' title='bbox 3355 467 3628 510; x_wconf 85' lang='lat' dir='ltr'><strong>canonum</strong></span> <span class='ocrx_word' id='word_1_25' title='bbox 3668 463 3864 515; x_wconf 67' lang='lat' dir='ltr'><strong>meritis-</strong></span> 
     </span>
    </p>
   </div>
   <div class='ocr_carea' id='block_1_4' title="bbox 625 523 2209 598">
    <p class='ocr_par' dir='ltr' id='par_1_4' title="bbox 625 523 2209 598">
     <span class='ocr_line' id='line_1_4' title="bbox 625 523 2209 598; baseline 0.004 -21"><span class='ocrx_word' id='word_1_26' title='bbox 625 523 792 579; x_wconf 88' lang='lat' dir='ltr'><strong>fuisse</strong></span> <span class='ocrx_word' id='word_1_27' title='bbox 826 539 932 578; x_wconf 89' lang='lat' dir='ltr'><strong>non</strong></span> <span class='ocrx_word' id='word_1_28' title='bbox 963 526 1180 579; x_wconf 87' lang='lat' dir='ltr'><strong>dubium</strong></span> <span class='ocrx_word' id='word_1_29' title='bbox 1209 534 1294 579; x_wconf 89' lang='lat' dir='ltr'><strong>est</strong></span> <span class='ocrx_word' id='word_1_30' title='bbox 1314 565 1330 591; x_wconf 95' lang='lat'><strong>,</strong></span> <span class='ocrx_word' id='word_1_31' title='bbox 1387 541 1482 580; x_wconf 89' lang='lat' dir='ltr'><strong>seu</strong></span> <span class='ocrx_word' id='word_1_32' title='bbox 1519 526 1588 581; x_wconf 92' lang='lat' dir='ltr'><strong>ab</strong></span> <span class='ocrx_word' id='word_1_33' title='bbox 1626 527 1745 598; x_wconf 86' lang='lat' dir='ltr'><strong>ipso</strong></span> <span class='ocrx_word' id='word_1_34' title='bbox 1767 528 1994 583; x_wconf 88' lang='lat' dir='ltr'><strong>Domino</strong></span> <span class='ocrx_word' id='word_1_35' title='bbox 2024 527 2209 583; x_wconf 89' lang='lat' dir='ltr'><strong>Salva-</strong></span> 
     </span>
    </p>
   </div>
   <div class='ocr_carea' id='block_1_5' title="bbox 627 617 2208 686">
    <p class='ocr_par' dir='ltr' id='par_1_5' title="bbox 627 617 2208 686">
     <span class='ocr_line' id='line_1_5' title="bbox 627 617 2208 686; baseline 0.004 -17"><span class='ocrx_word' id='word_1_36' title='bbox 627 628 740 671; x_wconf 87' lang='lat' dir='ltr'><strong>tore</strong></span> <span class='ocrx_word' id='word_1_37' title='bbox 760 617 850 686; x_wconf 90' lang='lat' dir='ltr'><strong>qui</strong></span> <span class='ocrx_word' id='word_1_38' title='bbox 883 617 1223 686; x_wconf 82' lang='lat' dir='ltr'><strong>judicaturus</strong></span> <span class='ocrx_word' id='word_1_39' title='bbox 1251 618 1490 674; x_wconf 81' lang='lat' dir='ltr'><strong>creditur</strong></span> <span class='ocrx_word' id='word_1_40' title='bbox 1527 621 1690 676; x_wconf 87' lang='lat' dir='ltr'><strong>vivos</strong></span> <span class='ocrx_word' id='word_1_41' title='bbox 1716 632 1772 676; x_wconf 87' lang='lat' dir='ltr'><strong>et</strong></span> <span class='ocrx_word' id='word_1_42' title='bbox 1801 631 2061 684; x_wconf 89' lang='lat' dir='ltr'><strong>mortuos,</strong></span> <span class='ocrx_word' id='word_1_43' title='bbox 2094 622 2208 676; x_wconf 87' lang='lat' dir='ltr'><strong>sive</strong></span> 
     </span>
    </p>
   </div>
   <div class='ocr_carea' id='block_1_6' title="bbox 624 705 2204 777">
    <p class='ocr_par' dir='ltr' id='par_1_6' title="bbox 624 705 2204 777">
     <span class='ocr_line' id='line_1_6' title="bbox 624 705 2204 777; baseline 0.005 -18"><span class='ocrx_word' id='word_1_44' title='bbox 624 705 823 762; x_wconf 90' lang='lat' dir='ltr'><strong>factum</strong></span> <span class='ocrx_word' id='word_1_45' title='bbox 853 717 938 762; x_wconf 90' lang='lat' dir='ltr'><strong>est</strong></span> <span class='ocrx_word' id='word_1_46' title='bbox 968 723 1206 777; x_wconf 83' lang='lat' dir='ltr'><strong>unquam</strong></span> <span class='ocrx_word' id='word_1_47' title='bbox 1249 710 1329 764; x_wconf 91' lang='lat' dir='ltr'><strong>vel</strong></span> <span class='ocrx_word' id='word_1_48' title='bbox 1377 709 1682 767; x_wconf 87' lang='lat' dir='ltr'><strong>faciendum</strong></span> <span class='ocrx_word' id='word_1_49' title='bbox 1729 728 1853 768; x_wconf 91' lang='lat' dir='ltr'><strong>esse</strong></span> <span class='ocrx_word' id='word_1_50' title='bbox 1897 716 2204 768; x_wconf 81' lang='lat' dir='ltr'><strong>mandatur.</strong></span> 
     </span>
    </p>
   </div>
   <div class='ocr_carea' id='block_1_7' title="bbox 624 797 2208 872">
    <p class='ocr_par' dir='ltr' id='par_1_7' title="bbox 624 797 2208 872">
     <span class='ocr_line' id='line_1_7' title="bbox 624 797 2208 872; baseline 0.005 -21"><span class='ocrx_word' id='word_1_51' title='bbox 624 797 864 872; x_wconf 70' lang='lat' dir='ltr'><strong>Mo‘rtuos</strong></span> <span class='ocrx_word' id='word_1_52' title='bbox 919 803 1220 855; x_wconf 88' lang='lat' dir='ltr'><strong>suscitasse</strong></span> <span class='ocrx_word' id='word_1_53' title='bbox 1276 801 1504 872; x_wconf 90' lang='lat' dir='ltr'><strong>legimus</strong></span> <span class='ocrx_word' id='word_1_54' title='bbox 1550 803 1846 859; x_wconf 77' lang='lat' dir='ltr'><strong>Christum.</strong></span> <span class='ocrx_word' id='word_1_55' title='bbox 1908 804 1967 858; x_wconf 88' lang='lat' dir='ltr'><strong>In</strong></span> <span class='ocrx_word' id='word_1_56' title='bbox 2020 819 2208 859; x_wconf 89' lang='lat' dir='ltr'><strong>errore</strong></span> 
     </span>
    </p>
   </div>
   <div class='ocr_carea' id='block_1_8' title="bbox 623 892 2207 966">
    <p class='ocr_par' dir='ltr' id='par_1_8' title="bbox 623 892 2207 966">
     <span class='ocr_line' id='line_1_8' title="bbox 623 892 2207 966; baseline 0.004 -22"><span class='ocrx_word' id='word_1_57' title='bbox 623 899 867 946; x_wconf 91' lang='lat' dir='ltr'><strong>mortuos</strong></span> <span class='ocrx_word' id='word_1_58' title='bbox 895 892 1196 946; x_wconf 87' lang='lat' dir='ltr'><strong>absolvisse</strong></span> <span class='ocrx_word' id='word_1_59' title='bbox 1224 909 1334 948; x_wconf 92' lang='lat' dir='ltr'><strong>non</strong></span> <span class='ocrx_word' id='word_1_60' title='bbox 1376 895 1622 966; x_wconf 78' lang='lat' dir='ltr'><strong>legimus.</strong></span> <span class='ocrx_word' id='word_1_61' title='bbox 1655 897 1723 950; x_wconf 85' lang='lat' dir='ltr'><strong>Et</strong></span> <span class='ocrx_word' id='word_1_62' title='bbox 1749 898 1840 966; x_wconf 86' lang='lat' dir='ltr'><strong>qui</strong></span> <span class='ocrx_word' id='word_1_63' title='bbox 1875 897 1977 950; x_wconf 91' lang='lat' dir='ltr'><strong>hoc</strong></span> <span class='ocrx_word' id='word_1_64' title='bbox 2001 905 2207 951; x_wconf 90' lang='lat' dir='ltr'><strong>certam</strong></span> 
     </span>
    </p>
   </div>
   <div class='ocr_carea' id='block_1_9' title="bbox 624 981 2209 1057">
    <p class='ocr_par' dir='ltr' id='par_1_9' title="bbox 624 981 2209 1057">
     <span class='ocr_line' id='line_1_9' title="bbox 624 981 2209 1057; baseline 0.004 -23"><span class='ocrx_word' id='word_1_65' title='bbox 624 981 855 1035; x_wconf 84' lang='lat' dir='ltr'><strong>faciendi</strong></span> <span class='ocrx_word' id='word_1_66' title='bbox 888 981 1035 1036; x_wconf 87' lang='lat' dir='ltr'><strong>solus</strong></span> <span class='ocrx_word' id='word_1_67' title='bbox 1071 983 1260 1037; x_wconf 84' lang='lat' dir='ltr'><strong>habuit</strong></span> <span class='ocrx_word' id='word_1_68' title='bbox 1299 992 1618 1053; x_wconf 86' lang='lat' dir='ltr'><strong>potestatem</strong></span> <span class='ocrx_word' id='word_1_69' title='bbox 1637 1027 1652 1051; x_wconf 92' lang='lat'><strong>,</strong></span> <span class='ocrx_word' id='word_1_70' title='bbox 1681 987 1839 1042; x_wconf 91' lang='lat' dir='ltr'><strong>beato</strong></span> <span class='ocrx_word' id='word_1_71' title='bbox 1867 988 2027 1042; x_wconf 88' lang='lat' dir='ltr'><strong>Petro</strong></span> <span class='ocrx_word' id='word_1_72' title='bbox 2055 989 2209 1057; x_wconf 87' lang='lat' dir='ltr'><strong>prin-</strong></span> 
     </span>
    </p>
   </div>
   <div class='ocr_carea' id='block_1_10' title="bbox 623 1072 2210 1152">
    <p class='ocr_par' dir='ltr' id='par_1_10' title="bbox 623 1072 2210 1152">
     <span class='ocr_line' id='line_1_10' title="bbox 623 1072 2210 1152; baseline 0.006 -25"><span class='ocrx_word' id='word_1_73' title='bbox 623 1072 872 1141; x_wconf 91' lang='lat' dir='ltr'><strong>cipaliter</strong></span> <span class='ocrx_word' id='word_1_74' title='bbox 910 1075 1131 1130; x_wconf 80' lang='lat' dir='ltr'><strong>mandat</strong></span> <span class='ocrx_word' id='word_1_75' title='bbox 1179 1077 1426 1144; x_wconf 82' lang='lat' dir='ltr'><strong>apostolo</strong></span> <span class='ocrx_word' id='word_1_76' title='bbox 1466 1095 1479 1131; x_wconf 88' lang='lat'><strong>:</strong></span> <span class='ocrx_word' id='word_1_77' title='bbox 1529 1096 1549 1128; x_wconf 86' lang='grc'><em>‹</em></span> <span class='ocrx_word' id='word_1_78' title='bbox 1586 1077 1714 1145; x_wconf 68' lang='lat' dir='ltr'><strong>Quae</strong></span> <span class='ocrx_word' id='word_1_79' title='bbox 1752 1079 2005 1150; x_wconf 79' lang='lat' dir='ltr'><strong>ligaveris</strong></span> <span class='ocrx_word' id='word_1_80' title='bbox 2049 1095 2210 1152; x_wconf 86' lang='lat' dir='ltr'><strong>super</strong></span> 
     </span>
    </p>
   </div>
   <div class='ocr_carea' id='block_1_11' title="bbox 626 1163 2211 1241">
    <p class='ocr_par' dir='ltr' id='par_1_11' title="bbox 626 1163 2211 1241">
     <span class='ocr_line' id='line_1_11' title="bbox 626 1163 2211 1241; baseline 0.006 -25"><span class='ocrx_word' id='word_1_81' title='bbox 626 1172 843 1225; x_wconf 91' lang='lat' dir='ltr'><strong>terram,</strong></span> <span class='ocrx_word' id='word_1_82' title='bbox 877 1163 1039 1232; x_wconf 86' lang='lat' dir='ltr'><strong>ligata</strong></span> <span class='ocrx_word' id='word_1_83' title='bbox 1062 1175 1221 1218; x_wconf 90' lang='lat' dir='ltr'><strong>erunt</strong></span> <span class='ocrx_word' id='word_1_84' title='bbox 1247 1175 1300 1220; x_wconf 93' lang='lat' dir='ltr'><strong>et</strong></span> <span class='ocrx_word' id='word_1_85' title='bbox 1330 1167 1383 1220; x_wconf 92' lang='lat' dir='ltr'><strong>in</strong></span> <span class='ocrx_word' id='word_1_86' title='bbox 1405 1167 1562 1232; x_wconf 66' lang='lat' dir='ltr'><strong>coelo,</strong></span> <span class='ocrx_word' id='word_1_87' title='bbox 1581 1178 1776 1238; x_wconf 84' lang='lat' dir='ltr'><strong>etquae</strong></span> <span class='ocrx_word' id='word_1_88' title='bbox 1797 1171 2026 1225; x_wconf 88' lang='lat' dir='ltr'><strong>solveris</strong></span> <span class='ocrx_word' id='word_1_89' title='bbox 2046 1185 2211 1241; x_wconf 83' lang='lat' dir='ltr'><strong>Super</strong></span> 
     </span>
    </p>
   </div>
   <div class='ocr_carea' id='block_1_12' title="bbox 625 1256 2203 1332">
    <p class='ocr_par' dir='ltr' id='par_1_12' title="bbox 625 1256 2203 1332">
     <span class='ocr_line' id='line_1_12' title="bbox 625 1256 2203 1332; baseline 0.004 -25"><span class='ocrx_word' id='word_1_90' title='bbox 625 1263 823 1308; x_wconf 88' lang='lat' dir='ltr'><strong>terram</strong></span> <span class='ocrx_word' id='word_1_91' title='bbox 873 1266 1034 1310; x_wconf 91' lang='lat' dir='ltr'><strong>erunt</strong></span> <span class='ocrx_word' id='word_1_92' title='bbox 1072 1256 1246 1311; x_wconf 90' lang='lat' dir='ltr'><strong>soluta</strong></span> <span class='ocrx_word' id='word_1_93' title='bbox 1287 1267 1342 1313; x_wconf 93' lang='lat' dir='ltr'><strong>et</strong></span> <span class='ocrx_word' id='word_1_94' title='bbox 1380 1259 1436 1313; x_wconf 90' lang='lat' dir='ltr'><strong>in</strong></span> <span class='ocrx_word' id='word_1_95' title='bbox 1477 1260 1614 1316; x_wconf 75' lang='lat' dir='ltr'><strong>cmlo</strong></span> <span class='ocrx_word' id='word_1_96' title='bbox 1641 1260 1853 1331; x_wconf 77' lang='lat' dir='ltr'><strong>(Matth.</strong></span> <span class='ocrx_word' id='word_1_97' title='bbox 1887 1277 2009 1326; x_wconf 78' lang='lat' dir='ltr'><strong>xvr,</strong></span> <span class='ocrx_word' id='word_1_98' title='bbox 2042 1263 2150 1332; x_wconf 83' lang='lat' dir='ltr'><strong>l8).</strong></span> <span class='ocrx_word' id='word_1_99' title='bbox 2184 1282 2203 1314; x_wconf 78' lang='grc' dir='ltr'><strong><em>ι</em></strong></span> 
     </span>
    </p>
   </div>
   <div class='ocr_carea' id='block_1_13' title="bbox 623 1344 2210 1422">
    <p class='ocr_par' dir='ltr' id='par_1_13' title="bbox 623 1344 2210 1422">
     <span class='ocr_line' id='line_1_13' title="bbox 623 1344 2210 1422; baseline 0.005 -23"><span class='ocrx_word' id='word_1_100' title='bbox 623 1344 798 1415; x_wconf 85' lang='lat' dir='ltr'><strong>Super</strong></span> <span class='ocrx_word' id='word_1_101' title='bbox 829 1354 1050 1411; x_wconf 89' lang='lat' dir='ltr'><strong>terram,</strong></span> <span class='ocrx_word' id='word_1_102' title='bbox 1081 1347 1274 1416; x_wconf 91' lang='lat' dir='ltr'><strong>inquit,</strong></span> <span class='ocrx_word' id='word_1_103' title='bbox 1308 1364 1434 1403; x_wconf 91' lang='lat' dir='ltr'><strong>nam</strong></span> <span class='ocrx_word' id='word_1_104' title='bbox 1476 1350 1532 1404; x_wconf 90' lang='lat' dir='ltr'><strong>in</strong></span> <span class='ocrx_word' id='word_1_105' title='bbox 1580 1351 1681 1405; x_wconf 90' lang='lat' dir='ltr'><strong>hac</strong></span> <span class='ocrx_word' id='word_1_106' title='bbox 1721 1351 1978 1422; x_wconf 87' lang='lat' dir='ltr'><strong>ligatione</strong></span> <span class='ocrx_word' id='word_1_107' title='bbox 2019 1353 2210 1407; x_wconf 57' lang='lat' dir='ltr'><strong>defuné</strong></span> 
     </span>
    </p>
   </div>
   <div class='ocr_carea' id='block_1_14' title="bbox 623 1438 2210 1513">
    <p class='ocr_par' dir='ltr' id='par_1_14' title="bbox 623 1438 2210 1513">
     <span class='ocr_line' id='line_1_14' title="bbox 623 1438 2210 1513; baseline 0.008 -26"><span class='ocrx_word' id='word_1_108' title='bbox 623 1443 769 1488; x_wconf 89' lang='lat' dir='ltr'><strong>ctum</strong></span> <span class='ocrx_word' id='word_1_109' title='bbox 810 1451 1088 1505; x_wconf 76' lang='lat' dir='ltr'><strong>utinquam</strong></span> <span class='ocrx_word' id='word_1_110' title='bbox 1129 1438 1264 1492; x_wconf 90' lang='lat' dir='ltr'><strong>dicit</strong></span> <span class='ocrx_word' id='word_1_111' title='bbox 1305 1439 1531 1494; x_wconf 80' lang='lat' dir='ltr'><strong>absolvi.</strong></span> <span class='ocrx_word' id='word_1_112' title='bbox 1572 1439 1724 1507; x_wconf 82' lang='lat' dir='ltr'><strong>Quod</strong></span> <span class='ocrx_word' id='word_1_113' title='bbox 1762 1456 1892 1513; x_wconf 87' lang='lat' dir='ltr'><strong>ergo</strong></span> <span class='ocrx_word' id='word_1_114' title='bbox 1932 1458 2210 1512; x_wconf 88' lang='lat' dir='ltr'><strong>nunquam</strong></span> 
     </span>
    </p>
   </div>
   <div class='ocr_carea' id='block_1_15' title="bbox 623 1521 2214 1598">
    <p class='ocr_par' dir='ltr' id='par_1_15' title="bbox 623 1521 2214 1598">
     <span class='ocr_line' id='line_1_15' title="bbox 623 1521 2214 1598; baseline 0.009 -23"><span class='ocrx_word' id='word_1_115' title='bbox 623 1521 824 1577; x_wconf 88' lang='lat' dir='ltr'><strong>factum</strong></span> <span class='ocrx_word' id='word_1_116' title='bbox 854 1535 938 1579; x_wconf 88' lang='lat' dir='ltr'><strong>est</strong></span> <span class='ocrx_word' id='word_1_117' title='bbox 965 1525 1045 1580; x_wconf 91' lang='lat' dir='ltr'><strong>vel</strong></span> <span class='ocrx_word' id='word_1_118' title='bbox 1075 1539 1258 1582; x_wconf 88' lang='lat' dir='ltr'><strong>mente</strong></span> <span class='ocrx_word' id='word_1_119' title='bbox 1288 1528 1604 1598; x_wconf 87' lang='lat' dir='ltr'><strong>conspicere</strong></span> <span class='ocrx_word' id='word_1_120' title='bbox 1632 1530 2010 1598; x_wconf 80' lang='lat' dir='ltr'><strong>formidamus,</strong></span> <span class='ocrx_word' id='word_1_121' title='bbox 2035 1534 2214 1589; x_wconf 81' lang='lat' dir='ltr'><strong>scien-</strong></span> 
     </span>
    </p>
   </div>
   <div class='ocr_carea' id='block_1_16' title="bbox 625 1613 2206 1691">
    <p class='ocr_par' dir='ltr' id='par_1_16' title="bbox 625 1613 2206 1691">
     <span class='ocr_line' id='line_1_16' title="bbox 625 1613 2206 1691; baseline 0.008 -25"><span class='ocrx_word' id='word_1_122' title='bbox 625 1622 708 1666; x_wconf 87' lang='lat' dir='ltr'><strong>tes</strong></span> <span class='ocrx_word' id='word_1_123' title='bbox 756 1613 811 1667; x_wconf 93' lang='lat' dir='ltr'><strong>in</strong></span> <span class='ocrx_word' id='word_1_124' title='bbox 854 1613 1039 1669; x_wconf 90' lang='lat' dir='ltr'><strong>divino</strong></span> <span class='ocrx_word' id='word_1_125' title='bbox 1065 1615 1270 1683; x_wconf 89' lang='lat' dir='ltr'><strong>judicio</strong></span> <span class='ocrx_word' id='word_1_126' title='bbox 1318 1633 1427 1672; x_wconf 89' lang='lat' dir='ltr'><strong>non</strong></span> <span class='ocrx_word' id='word_1_127' title='bbox 1473 1634 1634 1688; x_wconf 87' lang='lat' dir='ltr'><strong>posse</strong></span> <span class='ocrx_word' id='word_1_128' title='bbox 1681 1621 1898 1691; x_wconf 89' lang='lat' dir='ltr'><strong>penitus</strong></span> <span class='ocrx_word' id='word_1_129' title='bbox 1934 1624 2206 1678; x_wconf 81' lang='lat' dir='ltr'><strong>excusari.</strong></span> 
     </span>
    </p>
   </div>
   <div class='ocr_carea' id='block_1_17' title="bbox 625 1700 2214 1777">
    <p class='ocr_par' dir='ltr' id='par_1_17' title="bbox 625 1700 2214 1777">
     <span class='ocr_line' id='line_1_17' title="bbox 625 1700 2214 1777; baseline 0.009 -22"><span class='ocrx_word' id='word_1_130' title='bbox 625 1700 680 1756; x_wconf 88' lang='lat' dir='ltr'><strong>Si</strong></span> <span class='ocrx_word' id='word_1_131' title='bbox 695 1711 895 1770; x_wconf 83' lang='lat' dir='ltr'><strong>autem,</strong></span> <span class='ocrx_word' id='word_1_132' title='bbox 911 1704 1052 1774; x_wconf 89' lang='lat' dir='ltr'><strong>quod</strong></span> <span class='ocrx_word' id='word_1_133' title='bbox 1069 1721 1213 1761; x_wconf 89' lang='lat' dir='ltr'><strong>nunc</strong></span> <span class='ocrx_word' id='word_1_134' title='bbox 1226 1709 1586 1777; x_wconf 67' lang='lat' dir='ltr'><strong>pmtendunt,</strong></span> <span class='ocrx_word' id='word_1_135' title='bbox 1601 1726 1631 1763; x_wconf 91' lang='lat' dir='ltr'><strong>a</strong></span> <span class='ocrx_word' id='word_1_136' title='bbox 1648 1711 1891 1766; x_wconf 81' lang='lat' dir='ltr'><strong>Romana</strong></span> <span class='ocrx_word' id='word_1_137' title='bbox 1904 1713 2139 1769; x_wconf 86' lang='lat' dir='ltr'><strong>Ecclesia</strong></span> <span class='ocrx_word' id='word_1_138' title='bbox 2152 1728 2214 1770; x_wconf 87' lang='lat' dir='ltr'><strong>se</strong></span> 
     </span>
    </p>
   </div>
   <div class='ocr_carea' id='block_1_18' title="bbox 2311 541 3857 610">
    <p class='ocr_par' dir='ltr' id='par_1_18' title="bbox 2311 541 3857 610">
     <span class='ocr_line' id='line_1_18' title="bbox 2311 541 3857 610; baseline 0.014 -28"><span class='ocrx_word' id='word_1_139' title='bbox 2311 543 2458 596; x_wconf 88' lang='lat' dir='ltr'><strong>nem,</strong></span> <span class='ocrx_word' id='word_1_140' title='bbox 2488 541 2676 588; x_wconf 88' lang='lat' dir='ltr'><strong>contra</strong></span> <span class='ocrx_word' id='word_1_141' title='bbox 2714 547 2850 602; x_wconf 91' lang='lat' dir='ltr'><strong>quos</strong></span> <span class='ocrx_word' id='word_1_142' title='bbox 2890 549 2986 589; x_wconf 86' lang='lat' dir='ltr'><strong>vos</strong></span> <span class='ocrx_word' id='word_1_143' title='bbox 3027 551 3243 608; x_wconf 80' lang='lat' dir='ltr'><strong>semper</strong></span> <span class='ocrx_word' id='word_1_144' title='bbox 3275 542 3668 600; x_wconf 86' lang='lat' dir='ltr'><strong>ambitionibus</strong></span> <span class='ocrx_word' id='word_1_145' title='bbox 3695 548 3857 610; x_wconf 72' lang='lat' dir='ltr'><strong>illiciti</strong></span> 
     </span>
    </p>
   </div>
   <div class='ocr_carea' id='block_1_19' title="bbox 2312 622 3856 706">
    <p class='ocr_par' dir='ltr' id='par_1_19' title="bbox 2312 622 3856 706">
     <span class='ocr_line' id='line_1_19' title="bbox 2312 622 3856 706; baseline 0.013 -30"><span class='ocrx_word' id='word_1_146' title='bbox 2312 622 2526 677; x_wconf 90' lang='lat' dir='ltr'><strong>tenendi</strong></span> <span class='ocrx_word' id='word_1_147' title='bbox 2551 637 2670 679; x_wconf 86' lang='lat' dir='ltr'><strong>esse</strong></span> <span class='ocrx_word' id='word_1_148' title='bbox 2704 634 3094 682; x_wconf 88' lang='lat' dir='ltr'><strong>monstrantur.</strong></span> <span class='ocrx_word' id='word_1_149' title='bbox 3124 627 3240 697; x_wconf 85' lang='lat' dir='ltr'><strong>Qua</strong></span> <span class='ocrx_word' id='word_1_150' title='bbox 3267 632 3318 687; x_wconf 90' lang='lat' dir='ltr'><strong>in</strong></span> <span class='ocrx_word' id='word_1_151' title='bbox 3341 637 3547 706; x_wconf 84' lang='lat' dir='ltr'><strong>synodo</strong></span> <span class='ocrx_word' id='word_1_152' title='bbox 3573 637 3661 692; x_wconf 83' lang='lat' dir='ltr'><strong>vel</strong></span> <span class='ocrx_word' id='word_1_153' title='bbox 3703 653 3856 695; x_wconf 82' lang='lat' dir='ltr'><strong>secun-</strong></span> 
     </span>
    </p>
   </div>
   <div class='ocr_carea' id='block_1_20' title="bbox 2309 709 3856 788">
    <p class='ocr_par' dir='ltr' id='par_1_20' title="bbox 2309 709 3856 788">
     <span class='ocr_line' id='line_1_20' title="bbox 2309 709 3856 788; baseline 0.015 -25"><span class='ocrx_word' id='word_1_154' title='bbox 2309 709 2436 764; x_wconf 89' lang='lat' dir='ltr'><strong>dum</strong></span> <span class='ocrx_word' id='word_1_155' title='bbox 2463 712 2616 782; x_wconf 85' lang='lat' dir='ltr'><strong>cujus</strong></span> <span class='ocrx_word' id='word_1_156' title='bbox 2643 714 2837 783; x_wconf 85' lang='lat' dir='ltr'><strong>synodi</strong></span> <span class='ocrx_word' id='word_1_157' title='bbox 2885 715 3116 772; x_wconf 89' lang='lat' dir='ltr'><strong>formam</strong></span> <span class='ocrx_word' id='word_1_158' title='bbox 3162 719 3592 779; x_wconf 79' lang='lat' dir='ltr'><strong>Alexandrinum</strong></span> <span class='ocrx_word' id='word_1_159' title='bbox 3635 726 3856 788; x_wconf 71' lang='lat' dir='ltr'><strong>Joannem</strong></span> 
     </span>
    </p>
   </div>
   <div class='ocr_carea' id='block_1_21' title="bbox 2308 799 3862 887">
    <p class='ocr_par' dir='ltr' id='par_1_21' title="bbox 2308 799 3862 887">
     <span class='ocr_line' id='line_1_21' title="bbox 2308 799 3862 887; baseline 0.012 -33"><span class='ocrx_word' id='word_1_160' title='bbox 2308 799 2378 854; x_wconf 89' lang='lat' dir='ltr'><strong>de</strong></span> <span class='ocrx_word' id='word_1_161' title='bbox 2415 800 2654 856; x_wconf 81' lang='lat' dir='ltr'><strong>Ecclesia</strong></span> <span class='ocrx_word' id='word_1_162' title='bbox 2697 802 2784 857; x_wconf 90' lang='lat' dir='ltr'><strong>cui</strong></span> <span class='ocrx_word' id='word_1_163' title='bbox 2823 805 3103 862; x_wconf 90' lang='lat' dir='ltr'><strong>ordinatus</strong></span> <span class='ocrx_word' id='word_1_164' title='bbox 3147 807 3324 866; x_wconf 81' lang='lat' dir='ltr'><strong>fuerat</strong></span> <span class='ocrx_word' id='word_1_165' title='bbox 3367 815 3698 884; x_wconf 80' lang='lat' dir='ltr'><strong>expulerunt</strong></span> <span class='ocrx_word' id='word_1_166' title='bbox 3734 819 3757 871; x_wconf 81' lang='lat'><strong>?</strong></span> <span class='ocrx_word' id='word_1_167' title='bbox 3788 821 3862 887; x_wconf 79' lang='lat' dir='ltr'><strong>Qui</strong></span> 
     </span>
    </p>
   </div>
   <div class='ocr_carea' id='block_1_22' title="bbox 2314 889 3865 967">
    <p class='ocr_par' dir='ltr' id='par_1_22' title="bbox 2314 889 3865 967">
     <span class='ocr_line' id='line_1_22' title="bbox 2314 889 3865 967; baseline 0.017 -26"><span class='ocrx_word' id='word_1_168' title='bbox 2314 889 2473 944; x_wconf 79' lang='lat' dir='ltr'><strong>nullis</strong></span> <span class='ocrx_word' id='word_1_169' title='bbox 2501 892 2681 946; x_wconf 89' lang='lat' dir='ltr'><strong>causis</strong></span> <span class='ocrx_word' id='word_1_170' title='bbox 2731 893 3102 963; x_wconf 87' lang='lat' dir='ltr'><strong>evidentibus,</strong></span> <span class='ocrx_word' id='word_1_171' title='bbox 3140 915 3240 955; x_wconf 89' lang='lat' dir='ltr'><strong>nec</strong></span> <span class='ocrx_word' id='word_1_172' title='bbox 3268 912 3392 959; x_wconf 89' lang='lat' dir='ltr'><strong>ante</strong></span> <span class='ocrx_word' id='word_1_173' title='bbox 3423 916 3731 963; x_wconf 84' lang='lat' dir='ltr'><strong>conventus</strong></span> <span class='ocrx_word' id='word_1_174' title='bbox 3753 950 3766 963; x_wconf 97' lang='lat'><strong>.</strong></span> <span class='ocrx_word' id='word_1_175' title='bbox 3793 929 3865 967; x_wconf 78' lang='lat' dir='ltr'><strong>nec</strong></span> 
     </span>
    </p>
   </div>
   <div class='ocr_carea' id='block_1_23' title="bbox 2313 987 3866 1070">
    <p class='ocr_par' dir='ltr' id='par_1_23' title="bbox 2313 987 3866 1070">
     <span class='ocr_line' id='line_1_23' title="bbox 2313 987 3866 1070; baseline 0.014 -37"><span class='ocrx_word' id='word_1_176' title='bbox 2313 992 2495 1048; x_wconf 66' lang='lat' dir='ltr'><strong>posma</strong></span> <span class='ocrx_word' id='word_1_177' title='bbox 2526 992 2870 1052; x_wconf 87' lang='lat' dir='ltr'><strong>provocatus,</strong></span> <span class='ocrx_word' id='word_1_178' title='bbox 2908 987 3072 1042; x_wconf 87' lang='lat' dir='ltr'><strong>etiam</strong></span> <span class='ocrx_word' id='word_1_179' title='bbox 3114 989 3166 1044; x_wconf 94' lang='lat' dir='ltr'><strong>in</strong></span> <span class='ocrx_word' id='word_1_180' title='bbox 3195 991 3398 1061; x_wconf 91' lang='lat' dir='ltr'><strong>judicio</strong></span> <span class='ocrx_word' id='word_1_181' title='bbox 3430 1001 3765 1066; x_wconf 82' lang='lat' dir='ltr'><strong>competenti</strong></span> <span class='ocrx_word' id='word_1_182' title='bbox 3799 1018 3866 1070; x_wconf 85' lang='lat' dir='ltr'><strong>po-</strong></span> 
     </span>
    </p>
   </div>
   <div class='ocr_carea' id='block_1_24' title="bbox 2311 1065 3865 1152">
    <p class='ocr_par' dir='ltr' id='par_1_24' title="bbox 2311 1065 3865 1152">
     <span class='ocr_line' id='line_1_24' title="bbox 2311 1065 3865 1152; baseline 0.014 -30"><span class='ocrx_word' id='word_1_183' title='bbox 2311 1070 2698 1126; x_wconf 89' lang='lat' dir='ltr'><strong>tuitaccusari.</strong></span> <span class='ocrx_word' id='word_1_184' title='bbox 2732 1065 2886 1138; x_wconf 83' lang='lat' dir='ltr'><strong>Quod</strong></span> <span class='ocrx_word' id='word_1_185' title='bbox 2928 1076 2973 1130; x_wconf 91' lang='lat' dir='ltr'><strong>si</strong></span> <span class='ocrx_word' id='word_1_186' title='bbox 3017 1078 3203 1133; x_wconf 91' lang='lat' dir='ltr'><strong>dicunt</strong></span> <span class='ocrx_word' id='word_1_187' title='bbox 3243 1065 3591 1152; x_wconf 81' lang='lat' dir='ltr'><strong>:linperator</strong></span> <span class='ocrx_word' id='word_1_188' title='bbox 3619 1086 3720 1141; x_wconf 90' lang='lat' dir='ltr'><strong>boe</strong></span> <span class='ocrx_word' id='word_1_189' title='bbox 3747 1065 3865 1152; x_wconf 58' lang='lat' dir='ltr'><strong>fecit,</strong></span> 
     </span>
    </p>
   </div>
   <div class='ocr_carea' id='block_1_25' title="bbox 2314 1161 3867 1248">
    <p class='ocr_par' dir='ltr' id='par_1_25' title="bbox 2314 1161 3867 1248">
     <span class='ocr_line' id='line_1_25' title="bbox 2314 1161 3867 1248; baseline 0.013 -34"><span class='ocrx_word' id='word_1_190' title='bbox 2314 1161 2418 1216; x_wconf 89' lang='lat' dir='ltr'><strong>hoc</strong></span> <span class='ocrx_word' id='word_1_191' title='bbox 2443 1162 2615 1232; x_wconf 89' lang='lat' dir='ltr'><strong>ipsum</strong></span> <span class='ocrx_word' id='word_1_192' title='bbox 2636 1166 2832 1232; x_wconf 90' lang='lat' dir='ltr'><strong>quibus</strong></span> <span class='ocrx_word' id='word_1_193' title='bbox 2871 1170 3186 1236; x_wconf 85' lang='lat' dir='ltr'><strong>canonibus,</strong></span> <span class='ocrx_word' id='word_1_194' title='bbox 3203 1173 3398 1241; x_wconf 87' lang='lat' dir='ltr'><strong>quibus</strong></span> <span class='ocrx_word' id='word_1_195' title='bbox 3429 1177 3642 1246; x_wconf 79' lang='lat' dir='ltr'><strong>regulis</strong></span> <span class='ocrx_word' id='word_1_196' title='bbox 3664 1189 3743 1233; x_wconf 87' lang='lat' dir='ltr'><strong>est</strong></span> <span class='ocrx_word' id='word_1_197' title='bbox 3763 1197 3867 1248; x_wconf 63' lang='lat' dir='ltr'><strong>pr:-</strong></span> 
     </span>
    </p>
   </div>
   <div class='ocr_carea' id='block_1_26' title="bbox 2311 1254 3866 1330">
    <p class='ocr_par' dir='ltr' id='par_1_26' title="bbox 2311 1254 3866 1330">
     <span class='ocr_line' id='line_1_26' title="bbox 2311 1254 3866 1330; baseline 0.014 -23"><span class='ocrx_word' id='word_1_198' title='bbox 2311 1263 2527 1322; x_wconf 89' lang='lat' dir='ltr'><strong>ceptum</strong></span> <span class='ocrx_word' id='word_1_199' title='bbox 2552 1254 2574 1307; x_wconf 75' lang='lat'><strong>‘2</strong></span> <span class='ocrx_word' id='word_1_200' title='bbox 2598 1254 2710 1310; x_wconf 90' lang='lat' dir='ltr'><strong>Cur</strong></span> <span class='ocrx_word' id='word_1_201' title='bbox 2729 1258 2855 1313; x_wconf 86' lang='lat' dir='ltr'><strong>huic</strong></span> <span class='ocrx_word' id='word_1_202' title='bbox 2878 1267 2985 1314; x_wconf 90' lang='lat' dir='ltr'><strong>tam</strong></span> <span class='ocrx_word' id='word_1_203' title='bbox 3017 1275 3182 1330; x_wconf 86' lang='lat' dir='ltr'><strong>pravo</strong></span> <span class='ocrx_word' id='word_1_204' title='bbox 3207 1264 3348 1320; x_wconf 89' lang='lat' dir='ltr'><strong>facto</strong></span> <span class='ocrx_word' id='word_1_205' title='bbox 3371 1271 3657 1325; x_wconf 87' lang='lat' dir='ltr'><strong>consensit</strong></span> <span class='ocrx_word' id='word_1_206' title='bbox 3679 1272 3866 1330; x_wconf 80' lang='lat' dir='ltr'><strong>Aeacius</strong></span> 
     </span>
    </p>
   </div>
   <div class='ocr_carea' id='block_1_27' title="bbox 2309 1345 3866 1432">
    <p class='ocr_par' dir='ltr' id='par_1_27' title="bbox 2309 1345 3866 1432">
     <span class='ocr_line' id='line_1_27' title="bbox 2309 1345 3866 1432; baseline 0.013 -36"><span class='ocrx_word' id='word_1_207' title='bbox 2309 1357 2433 1396; x_wconf 92' lang='lat' dir='ltr'><strong>cum</strong></span> <span class='ocrx_word' id='word_1_208' title='bbox 2466 1345 2758 1400; x_wconf 86' lang='lat' dir='ltr'><strong>auctoritas</strong></span> <span class='ocrx_word' id='word_1_209' title='bbox 2802 1348 2982 1402; x_wconf 89' lang='lat' dir='ltr'><strong>divina</strong></span> <span class='ocrx_word' id='word_1_210' title='bbox 3021 1351 3167 1406; x_wconf 89' lang='lat' dir='ltr'><strong>dicat</strong></span> <span class='ocrx_word' id='word_1_211' title='bbox 3203 1370 3215 1407; x_wconf 95' lang='lat'>:</span> <span class='ocrx_word' id='word_1_212' title='bbox 3258 1355 3417 1426; x_wconf 75' lang='lat'><strong>237</strong></span> <span class='ocrx_word' id='word_1_213' title='bbox 3447 1358 3574 1412; x_wconf 84' lang='lat' dir='ltr'><strong>Non</strong></span> <span class='ocrx_word' id='word_1_214' title='bbox 3609 1361 3775 1416; x_wconf 87' lang='lat' dir='ltr'><strong>solum</strong></span> <span class='ocrx_word' id='word_1_215' title='bbox 3799 1366 3866 1432; x_wconf 83' lang='lat' dir='ltr'><strong>qui</strong></span> 
     </span>
    </p>
   </div>
   <div class='ocr_carea' id='block_1_28' title="bbox 2311 1430 3865 1516">
    <p class='ocr_par' dir='ltr' id='par_1_28' title="bbox 2311 1430 3865 1516">
     <span class='ocr_line' id='line_1_28' title="bbox 2311 1430 3865 1516; baseline 0.015 -34"><span class='ocrx_word' id='word_1_216' title='bbox 2311 1430 2518 1487; x_wconf 90' lang='lat' dir='ltr'><strong>faciunt</strong></span> <span class='ocrx_word' id='word_1_217' title='bbox 2545 1449 2710 1502; x_wconf 88' lang='lat' dir='ltr'><strong>prava</strong></span> <span class='ocrx_word' id='word_1_218' title='bbox 2753 1451 2874 1491; x_wconf 91' lang='lat' dir='ltr'><strong>reos</strong></span> <span class='ocrx_word' id='word_1_219' title='bbox 2917 1453 3036 1494; x_wconf 89' lang='lat' dir='ltr'><strong>esse</strong></span> <span class='ocrx_word' id='word_1_220' title='bbox 3059 1479 3075 1507; x_wconf 89' lang='lat'><strong>,</strong></span> <span class='ocrx_word' id='word_1_221' title='bbox 3121 1443 3214 1497; x_wconf 91' lang='lat' dir='ltr'><strong>sed</strong></span> <span class='ocrx_word' id='word_1_222' title='bbox 3241 1436 3402 1500; x_wconf 77' lang='lat' dir='ltr'><strong>etiam</strong></span> <span class='ocrx_word' id='word_1_223' title='bbox 3432 1449 3527 1516; x_wconf 90' lang='lat' dir='ltr'><strong>qui</strong></span> <span class='ocrx_word' id='word_1_224' title='bbox 3558 1430 3865 1507; x_wconf 73' lang='lat' dir='ltr'><strong>consentiunt</strong></span> 
     </span>
    </p>
   </div>
   <div class='ocr_carea' id='block_1_29' title="bbox 2311 1521 3868 1612">
    <p class='ocr_par' dir='ltr' id='par_1_29' title="bbox 2311 1521 3868 1612">
     <span class='ocr_line' id='line_1_29' title="bbox 2311 1521 3868 1612; baseline 0.014 -37"><span class='ocrx_word' id='word_1_225' title='bbox 2311 1521 2656 1580; x_wconf 84' lang='lat' dir='ltr'><strong>facientibus.</strong></span> <span class='ocrx_word' id='word_1_226' title='bbox 2685 1525 2890 1593; x_wconf 85' lang='lat' dir='ltr'><strong>Quibus</strong></span> <span class='ocrx_word' id='word_1_227' title='bbox 2923 1533 3241 1600; x_wconf 89' lang='lat' dir='ltr'><strong>canonibus,</strong></span> <span class='ocrx_word' id='word_1_228' title='bbox 3272 1537 3543 1605; x_wconf 83' lang='lat' dir='ltr'><strong>quibusve</strong></span> <span class='ocrx_word' id='word_1_229' title='bbox 3583 1543 3776 1612; x_wconf 81' lang='lat' dir='ltr'><strong>regulis</strong></span> <span class='ocrx_word' id='word_1_230' title='bbox 3794 1545 3868 1598; x_wconf 80' lang='lat' dir='ltr'><strong>Ca-</strong></span> 
     </span>
    </p>
   </div>
   <div class='ocr_carea' id='block_1_30' title="bbox 2311 1615 3866 1694">
    <p class='ocr_par' dir='ltr' id='par_1_30' title="bbox 2311 1615 3866 1694">
     <span class='ocr_line' id='line_1_30' title="bbox 2311 1615 3866 1694; baseline 0.014 -25"><span class='ocrx_word' id='word_1_231' title='bbox 2311 1615 2530 1671; x_wconf 90' lang='lat' dir='ltr'><strong>lendion</strong></span> <span class='ocrx_word' id='word_1_232' title='bbox 2573 1618 2824 1673; x_wconf 80' lang='lat' dir='ltr'><strong>exclusus</strong></span> <span class='ocrx_word' id='word_1_233' title='bbox 2868 1630 2982 1688; x_wconf 89' lang='lat' dir='ltr'><strong>est,</strong></span> <span class='ocrx_word' id='word_1_234' title='bbox 3022 1623 3107 1678; x_wconf 85' lang='lat' dir='ltr'><strong>vel</strong></span> <span class='ocrx_word' id='word_1_235' title='bbox 3137 1627 3296 1694; x_wconf 88' lang='lat' dir='ltr'><strong>primi</strong></span> <span class='ocrx_word' id='word_1_236' title='bbox 3324 1629 3540 1682; x_wconf 89' lang='lat' dir='ltr'><strong>urbium</strong></span> <span class='ocrx_word' id='word_1_237' title='bbox 3574 1631 3866 1689; x_wconf 71' lang='lat' dir='ltr'><strong>diversarum</strong></span> 
     </span>
    </p>
   </div>
   <div class='ocr_carea' id='block_1_31' title="bbox 2311 1707 3864 1794">
    <p class='ocr_par' dir='ltr' id='par_1_31' title="bbox 2311 1707 3864 1794">
     <span class='ocr_line' id='line_1_31' title="bbox 2311 1707 3864 1794; baseline 0.012 -34"><span class='ocrx_word' id='word_1_238' title='bbox 2311 1707 2564 1763; x_wconf 89' lang='lat' dir='ltr'><strong>catholici</strong></span> <span class='ocrx_word' id='word_1_239' title='bbox 2586 1710 2927 1768; x_wconf 81' lang='lat' dir='ltr'><strong>sacerdotes?</strong></span> <span class='ocrx_word' id='word_1_240' title='bbox 2943 1729 3048 1782; x_wconf 91' lang='lat' dir='ltr'><strong>qua</strong></span> <span class='ocrx_word' id='word_1_241' title='bbox 3080 1717 3367 1773; x_wconf 90' lang='lat' dir='ltr'><strong>traditione</strong></span> <span class='ocrx_word' id='word_1_242' title='bbox 3389 1719 3669 1788; x_wconf 81' lang='lat' dir='ltr'><strong>majorum</strong></span> <span class='ocrx_word' id='word_1_243' title='bbox 3692 1737 3864 1794; x_wconf 85' lang='lat' dir='ltr'><strong>aposto-</strong></span> 
     </span>
    </p>
   </div>
   <div class='ocr_carea' id='block_1_32' title="bbox 623 1793 3867 1874">
    <p class='ocr_par' dir='ltr' id='par_1_32' title="bbox 623 1793 3867 1874">
     <span class='ocr_line' id='line_1_32' title="bbox 623 1793 3867 1874; baseline 0.012 -28"><span class='ocrx_word' id='word_1_244' title='bbox 623 1793 846 1848; x_wconf 88' lang='lat' dir='ltr'><strong>divisuri</strong></span> <span class='ocrx_word' id='word_1_245' title='bbox 887 1806 1034 1861; x_wconf 92' lang='lat' dir='ltr'><strong>sunt,</strong></span> <span class='ocrx_word' id='word_1_246' title='bbox 1087 1798 1138 1851; x_wconf 90' lang='lat' dir='ltr'><strong>id</strong></span> <span class='ocrx_word' id='word_1_247' title='bbox 1183 1796 1499 1867; x_wconf 83' lang='lat' dir='ltr'><strong>jamdudum</strong></span> <span class='ocrx_word' id='word_1_248' title='bbox 1560 1801 1753 1858; x_wconf 77' lang='lat' dir='ltr'><strong>fecisse</strong></span> <span class='ocrx_word' id='word_1_249' title='bbox 1811 1814 2204 1874; x_wconf 88' lang='lat' dir='ltr'><strong>monstrantur,</strong></span> <span class='ocrx_word' id='word_1_250' title='bbox 2235 1810 2284 1870; x_wconf 85' lang='grc' dir='ltr'><strong>Β</strong></span> <span class='ocrx_word' id='word_1_251' title='bbox 2312 1797 2469 1852; x_wconf 74' lang='lat' dir='ltr'><strong>licam</strong></span> <span class='ocrx_word' id='word_1_252' title='bbox 2501 1801 2682 1854; x_wconf 70' lang='lat' dir='ltr'><strong>sedem</strong></span> <span class='ocrx_word' id='word_1_253' title='bbox 2716 1803 2768 1854; x_wconf 78' lang='grc' dir='ltr'><strong>ίη</strong></span> <span class='ocrx_word' id='word_1_254' title='bbox 2809 1801 3014 1870; x_wconf 53' lang='lat' dir='ltr'><strong>illum”</strong></span> <span class='ocrx_word' id='word_1_255' title='bbox 3041 1815 3233 1862; x_wconf 65' lang='grc' dir='ltr'><strong>νοωηῑ</strong></span> <span class='ocrx_word' id='word_1_256' title='bbox 3275 1809 3299 1862; x_wconf 64' lang='grc' dir='ltr'><strong>ῗθ</strong></span> <span class='ocrx_word' id='word_1_257' title='bbox 3335 1811 3418 1864; x_wconf 69' lang='lat' dir='ltr'><strong>An</strong></span> <span class='ocrx_word' id='word_1_258' title='bbox 3456 1822 3722 1868; x_wconf 55' lang='lat' dir='ltr'><strong>secunda?</strong></span> <span class='ocrx_word' id='word_1_259' title='bbox 3761 1823 3867 1871; x_wconf 66' lang='grc' dir='ltr'>εωίε</span> 
     </span>
    </p>
   </div>
   <div class='ocr_carea' id='block_1_33' title="bbox 622 1886 2206 1968">
    <p class='ocr_par' dir='ltr' id='par_1_33' title="bbox 622 1886 2206 1968">
     <span class='ocr_line' id='line_1_33' title="bbox 622 1886 2206 1968; baseline 0.011 -29"><span class='ocrx_word' id='word_1_260' title='bbox 622 1899 689 1939; x_wconf 90' lang='lat' dir='ltr'><strong>eo</strong></span> <span class='ocrx_word' id='word_1_261' title='bbox 715 1886 892 1942; x_wconf 89' lang='lat' dir='ltr'><strong>minus</strong></span> <span class='ocrx_word' id='word_1_262' title='bbox 922 1904 1050 1944; x_wconf 88' lang='lat' dir='ltr'><strong>vere</strong></span> <span class='ocrx_word' id='word_1_263' title='bbox 1084 1891 1254 1946; x_wconf 86' lang='lat' dir='ltr'><strong>miror</strong></span> <span class='ocrx_word' id='word_1_264' title='bbox 1298 1891 1344 1946; x_wconf 90' lang='lat' dir='ltr'><strong>si</strong></span> <span class='ocrx_word' id='word_1_265' title='bbox 1386 1893 1744 1964; x_wconf 80' lang='lat' dir='ltr'><strong>ignorantiam</strong></span> <span class='ocrx_word' id='word_1_266' title='bbox 1778 1912 1932 1952; x_wconf 88' lang='lat' dir='ltr'><strong>suam</strong></span> <span class='ocrx_word' id='word_1_267' title='bbox 1960 1899 2074 1968; x_wconf 89' lang='lat' dir='ltr'><strong>ipse</strong></span> <span class='ocrx_word' id='word_1_268' title='bbox 2099 1916 2206 1956; x_wconf 92' lang='lat' dir='ltr'><strong>non</strong></span> 
     </span>
    </p>
   </div>
   <div class='ocr_carea' id='block_1_34' title="bbox 621 1978 2210 2058">
    <p class='ocr_par' dir='ltr' id='par_1_34' title="bbox 621 1978 2210 2058">
     <span class='ocr_line' id='line_1_34' title="bbox 621 1978 2210 2058; baseline 0.011 -29"><span class='ocrx_word' id='word_1_269' title='bbox 621 1978 878 2046; x_wconf 88' lang='lat' dir='ltr'><strong>perspicit</strong></span> <span class='ocrx_word' id='word_1_270' title='bbox 903 1980 996 2049; x_wconf 91' lang='lat' dir='ltr'><strong>qui</strong></span> <span class='ocrx_word' id='word_1_271' title='bbox 1046 1981 1178 2036; x_wconf 91' lang='lat' dir='ltr'><strong>dicit</strong></span> <span class='ocrx_word' id='word_1_272' title='bbox 1221 1983 1479 2038; x_wconf 83' lang='lat' dir='ltr'><strong>Acacium</strong></span> <span class='ocrx_word' id='word_1_273' title='bbox 1527 1986 1595 2040; x_wconf 91' lang='lat' dir='ltr'><strong>ab</strong></span> <span class='ocrx_word' id='word_1_274' title='bbox 1649 2003 1756 2043; x_wconf 92' lang='lat' dir='ltr'><strong>uno</strong></span> <span class='ocrx_word' id='word_1_275' title='bbox 1812 2004 1918 2042; x_wconf 91' lang='lat' dir='ltr'><strong>non</strong></span> <span class='ocrx_word' id='word_1_276' title='bbox 1969 1992 2210 2058; x_wconf 89' lang='lat' dir='ltr'><strong>potuisse</strong></span> 
     </span>
    </p>
   </div>
   <div class='ocr_carea' id='block_1_35' title="bbox 622 2067 2208 2148">
    <p class='ocr_par' dir='ltr' id='par_1_35' title="bbox 622 2067 2208 2148">
     <span class='ocr_line' id='line_1_35' title="bbox 622 2067 2208 2148; baseline 0.011 -28"><span class='ocrx_word' id='word_1_277' title='bbox 622 2067 890 2123; x_wconf 90' lang='lat' dir='ltr'><strong>damnari.</strong></span> <span class='ocrx_word' id='word_1_278' title='bbox 957 2071 1105 2127; x_wconf 82' lang='lat' dir='ltr'><strong>itane</strong></span> <span class='ocrx_word' id='word_1_279' title='bbox 1151 2090 1255 2128; x_wconf 88' lang='lat' dir='ltr'><strong>non</strong></span> <span class='ocrx_word' id='word_1_280' title='bbox 1306 2078 1563 2148; x_wconf 90' lang='lat' dir='ltr'><strong>perspicit</strong></span> <span class='ocrx_word' id='word_1_281' title='bbox 1605 2080 1904 2135; x_wconf 90' lang='lat' dir='ltr'><strong>secundum</strong></span> <span class='ocrx_word' id='word_1_282' title='bbox 1977 2083 2208 2140; x_wconf 89' lang='lat' dir='ltr'><strong>formam</strong></span> 
     </span>
    </p>
   </div>
   <div class='ocr_carea' id='block_1_36' title="bbox 621 2159 2207 2242">
    <p class='ocr_par' dir='ltr' id='par_1_36' title="bbox 621 2159 2207 2242">
     <span class='ocr_line' id='line_1_36' title="bbox 621 2159 2207 2242; baseline 0.013 -32"><span class='ocrx_word' id='word_1_283' title='bbox 621 2159 812 2228; x_wconf 84' lang='lat' dir='ltr'><strong>synodi</strong></span> <span class='ocrx_word' id='word_1_284' title='bbox 840 2159 1297 2218; x_wconf 87' lang='lat' dir='ltr'><strong>Chalcedonensis</strong></span> <span class='ocrx_word' id='word_1_285' title='bbox 1337 2167 1594 2222; x_wconf 83' lang='lat' dir='ltr'><strong>Acacium</strong></span> <span class='ocrx_word' id='word_1_286' title='bbox 1645 2169 1813 2225; x_wconf 90' lang='lat' dir='ltr'><strong>fuisse</strong></span> <span class='ocrx_word' id='word_1_287' title='bbox 1857 2171 2165 2229; x_wconf 90' lang='lat' dir='ltr'><strong>damnatum</strong></span> <span class='ocrx_word' id='word_1_288' title='bbox 2191 2215 2207 2242; x_wconf 91' lang='lat'><strong>,</strong></span> 
     </span>
    </p>
   </div>
   <div class='ocr_carea' id='block_1_37' title="bbox 621 2252 2207 2338">
    <p class='ocr_par' dir='ltr' id='par_1_37' title="bbox 621 2252 2207 2338">
     <span class='ocr_line' id='line_1_37' title="bbox 621 2252 2207 2338; baseline 0.012 -34"><span class='ocrx_word' id='word_1_289' title='bbox 621 2263 721 2306; x_wconf 87' lang='lat' dir='ltr'><strong>nec</strong></span> <span class='ocrx_word' id='word_1_290' title='bbox 759 2252 910 2306; x_wconf 88' lang='lat' dir='ltr'><strong>novit</strong></span> <span class='ocrx_word' id='word_1_291' title='bbox 940 2263 1033 2308; x_wconf 91' lang='lat' dir='ltr'><strong>aut</strong></span> <span class='ocrx_word' id='word_1_292' title='bbox 1073 2271 1133 2310; x_wconf 88' lang='lat' dir='ltr'><strong>se</strong></span> <span class='ocrx_word' id='word_1_293' title='bbox 1174 2272 1337 2314; x_wconf 88' lang='lat' dir='ltr'><strong>nosse</strong></span> <span class='ocrx_word' id='word_1_294' title='bbox 1371 2260 1713 2329; x_wconf 89' lang='lat' dir='ltr'><strong>dissimulat,</strong></span> <span class='ocrx_word' id='word_1_295' title='bbox 1758 2275 1991 2336; x_wconf 85' lang='lat' dir='ltr'><strong>quantos</strong></span> <span class='ocrx_word' id='word_1_296' title='bbox 2019 2269 2207 2338; x_wconf 88' lang='lat' dir='ltr'><strong>utique</strong></span> 
     </span>
    </p>
   </div>
   <div class='ocr_carea' id='block_1_38' title="bbox 621 2350 2209 2431">
    <p class='ocr_par' dir='ltr' id='par_1_38' title="bbox 621 2350 2209 2431">
     <span class='ocr_line' id='line_1_38' title="bbox 621 2350 2209 2431; baseline 0.014 -38"><span class='ocrx_word' id='word_1_297' title='bbox 621 2356 718 2411; x_wconf 87' lang='lat' dir='ltr'><strong>per</strong></span> <span class='ocrx_word' id='word_1_298' title='bbox 740 2357 1083 2400; x_wconf 88' lang='lat' dir='ltr'><strong>numerosam</strong></span> <span class='ocrx_word' id='word_1_299' title='bbox 1122 2350 1445 2405; x_wconf 91' lang='lat' dir='ltr'><strong>sententiam</strong></span> <span class='ocrx_word' id='word_1_300' title='bbox 1472 2355 1786 2411; x_wconf 86' lang='lat' dir='ltr'><strong>sacerdotes</strong></span> <span class='ocrx_word' id='word_1_301' title='bbox 1821 2359 2025 2414; x_wconf 89' lang='lat' dir='ltr'><strong>erroris</strong></span> <span class='ocrx_word' id='word_1_302' title='bbox 2049 2360 2209 2431; x_wconf 91' lang='lat' dir='ltr'><strong>hujus</strong></span> 
     </span>
    </p>
   </div>
   <div class='ocr_carea' id='block_1_39' title="bbox 623 2437 2210 2522">
    <p class='ocr_par' dir='ltr' id='par_1_39' title="bbox 623 2437 2210 2522">
     <span class='ocr_line' id='line_1_39' title="bbox 623 2437 2210 2522; baseline 0.014 -37"><span class='ocrx_word' id='word_1_303' title='bbox 623 2441 874 2490; x_wconf 88' lang='lat' dir='ltr'><strong>auctores</strong></span> <span class='ocrx_word' id='word_1_304' title='bbox 915 2445 1126 2492; x_wconf 88' lang='lat' dir='ltr'><strong>constat</strong></span> <span class='ocrx_word' id='word_1_305' title='bbox 1169 2437 1336 2496; x_wconf 91' lang='lat' dir='ltr'><strong>fuisse</strong></span> <span class='ocrx_word' id='word_1_306' title='bbox 1375 2443 1680 2512; x_wconf 88' lang='lat' dir='ltr'><strong>damnatos,</strong></span> <span class='ocrx_word' id='word_1_307' title='bbox 1705 2447 1846 2504; x_wconf 81' lang='lat' dir='ltr'><strong>sicut</strong></span> <span class='ocrx_word' id='word_1_308' title='bbox 1872 2449 1926 2504; x_wconf 92' lang='lat' dir='ltr'><strong>in</strong></span> <span class='ocrx_word' id='word_1_309' title='bbox 1965 2466 2210 2522; x_wconf 84' lang='lat' dir='ltr'><strong>unaqua-</strong></span> 
     </span>
    </p>
   </div>
   <div class='ocr_carea' id='block_1_40' title="bbox 621 2525 2208 2612">
    <p class='ocr_par' dir='ltr' id='par_1_40' title="bbox 621 2525 2208 2612">
     <span class='ocr_line' id='line_1_40' title="bbox 621 2525 2208 2612; baseline 0.017 -37"><span class='ocrx_word' id='word_1_310' title='bbox 621 2537 726 2593; x_wconf 91' lang='lat' dir='ltr'><strong>que</strong></span> <span class='ocrx_word' id='word_1_311' title='bbox 780 2525 971 2581; x_wconf 82' lang='lat' dir='ltr'><strong>haeresi</strong></span> <span class='ocrx_word' id='word_1_312' title='bbox 1030 2543 1058 2582; x_wconf 93' lang='lat' dir='ltr'><strong>a</strong></span> <span class='ocrx_word' id='word_1_313' title='bbox 1113 2530 1380 2602; x_wconf 91' lang='lat' dir='ltr'><strong>principio</strong></span> <span class='ocrx_word' id='word_1_314' title='bbox 1428 2534 1750 2594; x_wconf 74' lang='lat' dir='ltr'><strong>Christianae</strong></span> <span class='ocrx_word' id='word_1_315' title='bbox 1810 2541 2087 2612; x_wconf 83' lang='lat' dir='ltr'><strong>religionis</strong></span> <span class='ocrx_word' id='word_1_316' title='bbox 2152 2555 2208 2601; x_wconf 92' lang='lat' dir='ltr'><strong>et</strong></span> 
     </span>
    </p>
   </div>
   <div class='ocr_carea' id='block_1_41' title="bbox 619 2611 2208 2692">
    <p class='ocr_par' dir='ltr' id='par_1_41' title="bbox 619 2611 2208 2692">
     <span class='ocr_line' id='line_1_41' title="bbox 619 2611 2208 2692; baseline 0.016 -26"><span class='ocrx_word' id='word_1_317' title='bbox 619 2611 821 2670; x_wconf 89' lang='lat' dir='ltr'><strong>factum</strong></span> <span class='ocrx_word' id='word_1_318' title='bbox 879 2615 1046 2674; x_wconf 87' lang='lat' dir='ltr'><strong>fuisse</strong></span> <span class='ocrx_word' id='word_1_319' title='bbox 1104 2630 1160 2674; x_wconf 89' lang='lat' dir='ltr'><strong>et</strong></span> <span class='ocrx_word' id='word_1_320' title='bbox 1224 2623 1341 2678; x_wconf 86' lang='lat' dir='ltr'><strong>fieri</strong></span> <span class='ocrx_word' id='word_1_321' title='bbox 1405 2628 1692 2684; x_wconf 89' lang='lat' dir='ltr'><strong>manifesta</strong></span> <span class='ocrx_word' id='word_1_322' title='bbox 1757 2647 1939 2688; x_wconf 87' lang='lat' dir='ltr'><strong>rerum</strong></span> <span class='ocrx_word' id='word_1_323' title='bbox 1996 2638 2208 2692; x_wconf 88' lang='lat' dir='ltr'><strong>ratione</strong></span> 
     </span>
    </p>
   </div>
   <div class='ocr_carea' id='block_1_42' title="bbox 629 2714 2205 2789">
    <p class='ocr_par' dir='ltr' id='par_1_42' title="bbox 629 2714 2205 2789">
     <span class='ocr_line' id='line_1_42' title="bbox 629 2714 2205 2789; baseline 0.018 -33"><span class='ocrx_word' id='word_1_324' title='bbox 629 2714 986 2774; x_wconf 89' lang='lat' dir='ltr'><strong>monstratur,</strong></span> <span class='ocrx_word' id='word_1_325' title='bbox 1019 2714 1582 2789; x_wconf 62' lang='lat' dir='ltr'><strong>praedecessoremque</strong></span> <span class='ocrx_word' id='word_1_326' title='bbox 1619 2736 1798 2778; x_wconf 88' lang='lat' dir='ltr'><strong>meum</strong></span> <span class='ocrx_word' id='word_1_327' title='bbox 1828 2736 2205 2784; x_wconf 79' lang='lat' dir='ltr'><strong>exsecutorem</strong></span> 
     </span>
    </p>
   </div>
   <div class='ocr_carea' id='block_1_43' title="bbox 623 2794 2208 2876">
    <p class='ocr_par' dir='ltr' id='par_1_43' title="bbox 623 2794 2208 2876">
     <span class='ocr_line' id='line_1_43' title="bbox 623 2794 2208 2876; baseline 0.017 -27"><span class='ocrx_word' id='word_1_328' title='bbox 623 2794 792 2853; x_wconf 89' lang='lat' dir='ltr'><strong>fuisse</strong></span> <span class='ocrx_word' id='word_1_329' title='bbox 834 2801 1035 2855; x_wconf 89' lang='lat' dir='ltr'><strong>veteris</strong></span> <span class='ocrx_word' id='word_1_330' title='bbox 1078 2805 1398 2872; x_wconf 89' lang='lat' dir='ltr'><strong>constituti,</strong></span> <span class='ocrx_word' id='word_1_331' title='bbox 1438 2825 1547 2864; x_wconf 93' lang='lat' dir='ltr'><strong>non</strong></span> <span class='ocrx_word' id='word_1_332' title='bbox 1601 2828 1755 2868; x_wconf 78' lang='lat' dir='ltr'><strong>nova:</strong></span> <span class='ocrx_word' id='word_1_333' title='bbox 1801 2817 2208 2876; x_wconf 88' lang='lat' dir='ltr'><strong>constitutionis</strong></span> 
     </span>
    </p>
   </div>
   <div class='ocr_carea' id='block_1_44' title="bbox 623 2891 2211 2974">
    <p class='ocr_par' dir='ltr' id='par_1_44' title="bbox 623 2891 2211 2974">
     <span class='ocr_line' id='line_1_44' title="bbox 623 2891 2211 2974; baseline 0.016 -34"><span class='ocrx_word' id='word_1_334' title='bbox 623 2895 918 2944; x_wconf 87' lang='lat' dir='ltr'><strong>auctorem.</strong></span> <span class='ocrx_word' id='word_1_335' title='bbox 949 2891 1101 2958; x_wconf 87' lang='lat' dir='ltr'><strong>Quod</strong></span> <span class='ocrx_word' id='word_1_336' title='bbox 1126 2910 1234 2949; x_wconf 81' lang='lat' dir='ltr'><strong>non</strong></span> <span class='ocrx_word' id='word_1_337' title='bbox 1276 2896 1449 2952; x_wconf 92' lang='lat' dir='ltr'><strong>solum</strong></span> <span class='ocrx_word' id='word_1_338' title='bbox 1473 2901 1684 2969; x_wconf 71' lang='lat' dir='ltr'><strong>przesuli</strong></span> <span class='ocrx_word' id='word_1_339' title='bbox 1714 2906 2008 2974; x_wconf 90' lang='lat' dir='ltr'><strong>apostolico</strong></span> <span class='ocrx_word' id='word_1_340' title='bbox 2031 2908 2211 2966; x_wconf 87' lang='lat' dir='ltr'><strong>facere</strong></span> 
     </span>
    </p>
   </div>
   <div class='ocr_carea' id='block_1_45' title="bbox 625 2978 2210 3072">
    <p class='ocr_par' dir='ltr' id='par_1_45' title="bbox 625 2978 2210 3072">
     <span class='ocr_line' id='line_1_45' title="bbox 625 2978 2210 3072; baseline 0.016 -39"><span class='ocrx_word' id='word_1_341' title='bbox 625 2978 769 3048; x_wconf 90' lang='lat' dir='ltr'><strong>licet,</strong></span> <span class='ocrx_word' id='word_1_342' title='bbox 786 2983 989 3040; x_wconf 87' lang='lat' dir='ltr'><strong>scilicet</strong></span> <span class='ocrx_word' id='word_1_343' title='bbox 1004 2988 1306 3060; x_wconf 90' lang='lat' dir='ltr'><strong>cuicunque</strong></span> <span class='ocrx_word' id='word_1_344' title='bbox 1323 2993 1583 3062; x_wconf 85' lang='lat' dir='ltr'><strong>pontiﬁci,</strong></span> <span class='ocrx_word' id='word_1_345' title='bbox 1602 3005 1657 3050; x_wconf 88' lang='lat' dir='ltr'><strong>ut</strong></span> <span class='ocrx_word' id='word_1_346' title='bbox 1673 2998 1939 3066; x_wconf 90' lang='lat' dir='ltr'><strong>quoslibet</strong></span> <span class='ocrx_word' id='word_1_347' title='bbox 1953 3009 2006 3055; x_wconf 93' lang='lat' dir='ltr'><strong>et</strong></span> <span class='ocrx_word' id='word_1_348' title='bbox 2023 3017 2210 3072; x_wconf 87' lang='lat' dir='ltr'><strong>quem-</strong></span> 
     </span>
    </p>
   </div>
   <div class='ocr_carea' id='block_1_46' title="bbox 622 3071 2207 3162">
    <p class='ocr_par' dir='ltr' id='par_1_46' title="bbox 622 3071 2207 3162">
     <span class='ocr_line' id='line_1_46' title="bbox 622 3071 2207 3162; baseline 0.016 -37"><span class='ocrx_word' id='word_1_349' title='bbox 622 3071 753 3126; x_wconf 90' lang='lat' dir='ltr'><strong>libet</strong></span> <span class='ocrx_word' id='word_1_350' title='bbox 776 3072 976 3142; x_wconf 88' lang='lat' dir='ltr'><strong>locum,</strong></span> <span class='ocrx_word' id='word_1_351' title='bbox 1001 3079 1296 3134; x_wconf 84' lang='lat' dir='ltr'><strong>secundum</strong></span> <span class='ocrx_word' id='word_1_352' title='bbox 1321 3083 1560 3152; x_wconf 87' lang='lat' dir='ltr'><strong>regulam</strong></span> <span class='ocrx_word' id='word_1_353' title='bbox 1591 3088 1860 3145; x_wconf 84' lang='lat' dir='ltr'><strong>haereseos</strong></span> <span class='ocrx_word' id='word_1_354' title='bbox 1889 3071 2058 3162; x_wconf 87' lang='lat' dir='ltr'><strong>ipsius</strong></span> <span class='ocrx_word' id='word_1_355' title='bbox 2081 3103 2207 3150; x_wconf 89' lang='lat' dir='ltr'><strong>ante</strong></span> 
     </span>
    </p>
   </div>
   <div class='ocr_carea' id='block_1_47' title="bbox 622 3163 2009 3242">
    <p class='ocr_par' dir='ltr' id='par_1_47' title="bbox 622 3163 2009 3242">
     <span class='ocr_line' id='line_1_47' title="bbox 622 3163 2009 3242; baseline 0.017 -24"><span class='ocrx_word' id='word_1_356' title='bbox 622 3163 891 3223; x_wconf 79' lang='lat' dir='ltr'><strong>damnata:</strong></span> <span class='ocrx_word' id='word_1_357' title='bbox 917 3185 947 3223; x_wconf 93' lang='lat' dir='ltr'><strong>a</strong></span> <span class='ocrx_word' id='word_1_358' title='bbox 976 3172 1241 3228; x_wconf 84' lang='lat' dir='ltr'><strong>catholica</strong></span> <span class='ocrx_word' id='word_1_359' title='bbox 1273 3180 1650 3235; x_wconf 91' lang='lat' dir='ltr'><strong>communione</strong></span> <span class='ocrx_word' id='word_1_360' title='bbox 1674 3182 2009 3242; x_wconf 84' lang='lat' dir='ltr'><strong>discernunt.</strong></span> 
     </span>
    </p>
   </div>
   <div class='ocr_carea' id='block_1_48' title="bbox 690 3261 2206 3347">
    <p class='ocr_par' dir='ltr' id='par_1_48' title="bbox 690 3261 2206 3347">
     <span class='ocr_line' id='line_1_48' title="bbox 690 3261 2206 3347; baseline 0.016 -32"><span class='ocrx_word' id='word_1_361' title='bbox 690 3261 925 3318; x_wconf 86' lang='lat' dir='ltr'><strong>Aeacius</strong></span> <span class='ocrx_word' id='word_1_362' title='bbox 946 3265 1144 3335; x_wconf 90' lang='lat' dir='ltr'><strong>quippe</strong></span> <span class='ocrx_word' id='word_1_363' title='bbox 1175 3282 1281 3322; x_wconf 92' lang='lat' dir='ltr'><strong>non</strong></span> <span class='ocrx_word' id='word_1_364' title='bbox 1307 3267 1409 3324; x_wconf 94' lang='lat' dir='ltr'><strong>fuit</strong></span> <span class='ocrx_word' id='word_1_365' title='bbox 1446 3272 1569 3327; x_wconf 93' lang='lat' dir='ltr'><strong>novi</strong></span> <span class='ocrx_word' id='word_1_366' title='bbox 1611 3274 1694 3329; x_wconf 91' lang='lat' dir='ltr'><strong>vel</strong></span> <span class='ocrx_word' id='word_1_367' title='bbox 1724 3279 1929 3347; x_wconf 87' lang='lat' dir='ltr'><strong>proprii</strong></span> <span class='ocrx_word' id='word_1_368' title='bbox 1955 3280 2206 3338; x_wconf 87' lang='lat' dir='ltr'><strong>inventor</strong></span> 
     </span>
    </p>
   </div>
   <div class='ocr_carea' id='block_1_49' title="bbox 621 3352 2204 3434">
    <p class='ocr_par' dir='ltr' id='par_1_49' title="bbox 621 3352 2204 3434">
     <span class='ocr_line' id='line_1_49' title="bbox 621 3352 2204 3434; baseline 0.016 -31"><span class='ocrx_word' id='word_1_369' title='bbox 621 3352 843 3415; x_wconf 88' lang='lat' dir='ltr'><strong>erroris,</strong></span> <span class='ocrx_word' id='word_1_370' title='bbox 869 3362 928 3408; x_wconf 93' lang='lat' dir='ltr'><strong>ut</strong></span> <span class='ocrx_word' id='word_1_371' title='bbox 954 3353 1008 3407; x_wconf 92' lang='lat' dir='ltr'><strong>in</strong></span> <span class='ocrx_word' id='word_1_372' title='bbox 1030 3369 1152 3409; x_wconf 93' lang='lat' dir='ltr'><strong>eum</strong></span> <span class='ocrx_word' id='word_1_373' title='bbox 1179 3372 1316 3412; x_wconf 90' lang='lat' dir='ltr'><strong>nova</strong></span> <span class='ocrx_word' id='word_1_374' title='bbox 1341 3359 1476 3414; x_wconf 87' lang='lat' dir='ltr'><strong>scita</strong></span> <span class='ocrx_word' id='word_1_375' title='bbox 1501 3366 1856 3432; x_wconf 82' lang='lat' dir='ltr'><strong>procederent</strong></span> <span class='ocrx_word' id='word_1_376' title='bbox 1880 3408 1895 3434; x_wconf 90' lang='lat'><strong>,</strong></span> <span class='ocrx_word' id='word_1_377' title='bbox 1936 3370 2030 3424; x_wconf 90' lang='lat' dir='ltr'><strong>sed</strong></span> <span class='ocrx_word' id='word_1_378' title='bbox 2068 3371 2204 3428; x_wconf 85' lang='lat' dir='ltr'><strong>alio-</strong></span> 
     </span>
    </p>
   </div>
   <div class='ocr_carea' id='block_1_50' title="bbox 623 3443 2206 3534">
    <p class='ocr_par' dir='ltr' id='par_1_50' title="bbox 623 3443 2206 3534">
     <span class='ocr_line' id='line_1_50' title="bbox 623 3443 2206 3534; baseline 0.014 -36"><span class='ocrx_word' id='word_1_379' title='bbox 623 3458 742 3498; x_wconf 85' lang='lat' dir='ltr'><strong>rum</strong></span> <span class='ocrx_word' id='word_1_380' title='bbox 793 3443 1019 3500; x_wconf 86' lang='lat' dir='ltr'><strong>facinori</strong></span> <span class='ocrx_word' id='word_1_381' title='bbox 1065 3463 1219 3503; x_wconf 90' lang='lat' dir='ltr'><strong>suam</strong></span> <span class='ocrx_word' id='word_1_382' title='bbox 1254 3455 1686 3511; x_wconf 85' lang='lat' dir='ltr'><strong>communionem</strong></span> <span class='ocrx_word' id='word_1_383' title='bbox 1736 3460 1968 3516; x_wconf 85' lang='lat' dir='ltr'><strong>miscuit.</strong></span> <span class='ocrx_word' id='word_1_384' title='bbox 2020 3462 2206 3534; x_wconf 86' lang='lat' dir='ltr'><strong>Itaque</strong></span> 
     </span>
    </p>
   </div>
   <div class='ocr_carea' id='block_1_51' title="bbox 594 3531 2202 3618">
    <p class='ocr_par' dir='ltr' id='par_1_51' title="bbox 594 3531 2202 3618">
     <span class='ocr_line' id='line_1_51' title="bbox 594 3531 2202 3618; baseline 0.019 -34"><span class='ocrx_word' id='word_1_385' title='bbox 594 3531 844 3588; x_wconf 77' lang='lat' dir='ltr'><strong>necesse</strong></span> <span class='ocrx_word' id='word_1_386' title='bbox 887 3546 974 3591; x_wconf 91' lang='lat' dir='ltr'><strong>est</strong></span> <span class='ocrx_word' id='word_1_387' title='bbox 1015 3547 1076 3592; x_wconf 89' lang='lat' dir='ltr'><strong>ut</strong></span> <span class='ocrx_word' id='word_1_388' title='bbox 1106 3539 1158 3593; x_wconf 92' lang='lat' dir='ltr'><strong>in</strong></span> <span class='ocrx_word' id='word_1_389' title='bbox 1205 3541 1349 3596; x_wconf 88' lang='lat' dir='ltr'><strong>illam</strong></span> <span class='ocrx_word' id='word_1_390' title='bbox 1383 3546 1650 3603; x_wconf 77' lang='lat' dir='ltr'><strong>recideret</strong></span> <span class='ocrx_word' id='word_1_391' title='bbox 1689 3549 1837 3618; x_wconf 90' lang='lat' dir='ltr'><strong>justa</strong></span> <span class='ocrx_word' id='word_1_392' title='bbox 1868 3552 2042 3610; x_wconf 91' lang='lat' dir='ltr'><strong>lanice</strong></span> <span class='ocrx_word' id='word_1_393' title='bbox 2077 3572 2202 3612; x_wconf 91' lang='lat' dir='ltr'><strong>sen-</strong></span> 
     </span>
    </p>
   </div>
   <div class='ocr_carea' id='block_1_52' title="bbox 631 3625 2204 3716">
    <p class='ocr_par' dir='ltr' id='par_1_52' title="bbox 631 3625 2204 3716">
     <span class='ocr_line' id='line_1_52' title="bbox 631 3625 2204 3716; baseline 0.018 -40"><span class='ocrx_word' id='word_1_394' title='bbox 631 3625 854 3680; x_wconf 88' lang='lat' dir='ltr'><strong>tentiam</strong></span> <span class='ocrx_word' id='word_1_395' title='bbox 891 3643 1054 3698; x_wconf 89' lang='lat' dir='ltr'><strong>quam</strong></span> <span class='ocrx_word' id='word_1_396' title='bbox 1100 3645 1222 3685; x_wconf 89' lang='lat' dir='ltr'><strong>cum</strong></span> <span class='ocrx_word' id='word_1_397' title='bbox 1265 3635 1378 3691; x_wconf 90' lang='lat' dir='ltr'><strong>suis</strong></span> <span class='ocrx_word' id='word_1_398' title='bbox 1426 3642 1831 3699; x_wconf 86' lang='lat' dir='ltr'><strong>successoribus</strong></span> <span class='ocrx_word' id='word_1_399' title='bbox 1877 3661 1976 3716; x_wconf 88' lang='lat' dir='ltr'><strong>per</strong></span> <span class='ocrx_word' id='word_1_400' title='bbox 2015 3649 2204 3704; x_wconf 84' lang='lat' dir='ltr'><strong>conni-</strong></span> 
     </span>
    </p>
   </div>
   <div class='ocr_carea' id='block_1_53' title="bbox 622 3720 2204 3799">
    <p class='ocr_par' dir='ltr' id='par_1_53' title="bbox 622 3720 2204 3799">
     <span class='ocr_line' id='line_1_53' title="bbox 622 3720 2204 3799; baseline 0.02 -33"><span class='ocrx_word' id='word_1_401' title='bbox 622 3725 864 3772; x_wconf 80' lang='lat' dir='ltr'><strong>vcntiam</strong></span> <span class='ocrx_word' id='word_1_402' title='bbox 889 3720 1200 3790; x_wconf 89' lang='lat' dir='ltr'><strong>synodalem</strong></span> <span class='ocrx_word' id='word_1_403' title='bbox 1229 3740 1542 3799; x_wconf 90' lang='lat' dir='ltr'><strong>susceperat</strong></span> <span class='ocrx_word' id='word_1_404' title='bbox 1571 3744 1760 3789; x_wconf 89' lang='lat' dir='ltr'><strong>auctor</strong></span> <span class='ocrx_word' id='word_1_405' title='bbox 1785 3738 2010 3794; x_wconf 91' lang='lat' dir='ltr'><strong>erroris.</strong></span> <span class='ocrx_word' id='word_1_406' title='bbox 2039 3738 2204 3797; x_wconf 89' lang='lat' dir='ltr'><strong>Nobis</strong></span> 
     </span>
    </p>
   </div>
   <div class='ocr_carea' id='block_1_54' title="bbox 619 3816 2201 3899">
    <p class='ocr_par' dir='ltr' id='par_1_54' title="bbox 619 3816 2201 3899">
     <span class='ocr_line' id='line_1_54' title="bbox 619 3816 2201 3899; baseline 0.018 -41"><span class='ocrx_word' id='word_1_407' title='bbox 619 3817 895 3875; x_wconf 87' lang='lat' dir='ltr'><strong>opponunt</strong></span> <span class='ocrx_word' id='word_1_408' title='bbox 945 3826 1217 3880; x_wconf 78' lang='lat' dir='ltr'><strong>canones,</strong></span> <span class='ocrx_word' id='word_1_409' title='bbox 1263 3816 1390 3870; x_wconf 91' lang='lat' dir='ltr'><strong>dum</strong></span> <span class='ocrx_word' id='word_1_410' title='bbox 1434 3822 1684 3878; x_wconf 90' lang='lat' dir='ltr'><strong>nesciunt</strong></span> <span class='ocrx_word' id='word_1_411' title='bbox 1724 3826 1853 3895; x_wconf 91' lang='lat' dir='ltr'><strong>quid</strong></span> <span class='ocrx_word' id='word_1_412' title='bbox 1892 3828 2201 3899; x_wconf 89' lang='lat' dir='ltr'><strong>loquantur.</strong></span> 
     </span>
    </p>
   </div>
   <div class='ocr_carea' id='block_1_55' title="bbox 619 3899 2204 3989">
    <p class='ocr_par' dir='ltr' id='par_1_55' title="bbox 619 3899 2204 3989">
     <span class='ocr_line' id='line_1_55' title="bbox 619 3899 2204 3989; baseline 0.016 -39"><span class='ocrx_word' id='word_1_413' title='bbox 619 3899 820 3953; x_wconf 81' lang='lat' dir='ltr'><strong>Contra</strong></span> <span class='ocrx_word' id='word_1_414' title='bbox 843 3916 978 3970; x_wconf 91' lang='lat' dir='ltr'><strong>quos</strong></span> <span class='ocrx_word' id='word_1_415' title='bbox 1006 3903 1108 3959; x_wconf 92' lang='lat' dir='ltr'><strong>hoc</strong></span> <span class='ocrx_word' id='word_1_416' title='bbox 1148 3906 1248 3976; x_wconf 90' lang='lat' dir='ltr'><strong>ipsi</strong></span> <span class='ocrx_word' id='word_1_417' title='bbox 1273 3909 1454 3965; x_wconf 90' lang='lat' dir='ltr'><strong>venire</strong></span> <span class='ocrx_word' id='word_1_418' title='bbox 1487 3927 1546 3968; x_wconf 90' lang='lat' dir='ltr'><strong>se</strong></span> <span class='ocrx_word' id='word_1_419' title='bbox 1584 3917 1816 3982; x_wconf 90' lang='lat' dir='ltr'><strong>produnt</strong></span> <span class='ocrx_word' id='word_1_420' title='bbox 1845 3920 1987 3988; x_wconf 92' lang='lat' dir='ltr'><strong>quod</strong></span> <span class='ocrx_word' id='word_1_421' title='bbox 2019 3923 2204 3989; x_wconf 73' lang='lat' dir='ltr'><strong>prima:</strong></span> 
     </span>
    </p>
   </div>
   <div class='ocr_carea' id='block_1_56' title="bbox 617 3989 2201 4086">
    <p class='ocr_par' dir='ltr' id='par_1_56' title="bbox 617 3989 2201 4086">
     <span class='ocr_line' id='line_1_56' title="bbox 617 3989 2201 4086; baseline 0.02 -46"><span class='ocrx_word' id='word_1_422' title='bbox 617 3989 731 4042; x_wconf 85' lang='lat' dir='ltr'><strong>sedi</strong></span> <span class='ocrx_word' id='word_1_423' title='bbox 785 4006 918 4045; x_wconf 90' lang='lat' dir='ltr'><strong>sana</strong></span> <span class='ocrx_word' id='word_1_424' title='bbox 966 4003 1221 4066; x_wconf 87' lang='lat' dir='ltr'><strong>rectaque</strong></span> <span class='ocrx_word' id='word_1_425' title='bbox 1267 4001 1514 4056; x_wconf 89' lang='lat' dir='ltr'><strong>suadenti</strong></span> <span class='ocrx_word' id='word_1_426' title='bbox 1562 4020 1755 4074; x_wconf 90' lang='lat' dir='ltr'><strong>parere</strong></span> <span class='ocrx_word' id='word_1_427' title='bbox 1804 4009 2054 4079; x_wconf 87' lang='lat' dir='ltr'><strong>fugiunt;</strong></span> <span class='ocrx_word' id='word_1_428' title='bbox 2101 4016 2201 4086; x_wconf 90' lang='lat' dir='ltr'><strong>ipsi</strong></span> 
     </span>
    </p>
   </div>
   <div class='ocr_carea' id='block_1_57' title="bbox 618 4086 2198 4159">
    <p class='ocr_par' dir='ltr' id='par_1_57' title="bbox 618 4086 2198 4159">
     <span class='ocr_line' id='line_1_57' title="bbox 618 4086 2198 4159; baseline 0.018 -30"><span class='ocrx_word' id='word_1_429' title='bbox 618 4089 744 4132; x_wconf 89' lang='lat' dir='ltr'><strong>sunt</strong></span> <span class='ocrx_word' id='word_1_430' title='bbox 775 4094 1030 4145; x_wconf 86' lang='lat' dir='ltr'><strong>canones,</strong></span> <span class='ocrx_word' id='word_1_431' title='bbox 1063 4086 1156 4153; x_wconf 92' lang='lat' dir='ltr'><strong>qui</strong></span> <span class='ocrx_word' id='word_1_432' title='bbox 1203 4088 1593 4156; x_wconf 86' lang='lat' dir='ltr'><strong>appellationes</strong></span> <span class='ocrx_word' id='word_1_433' title='bbox 1631 4095 1795 4150; x_wconf 90' lang='lat' dir='ltr'><strong>totius</strong></span> <span class='ocrx_word' id='word_1_434' title='bbox 1843 4097 2104 4157; x_wconf 79' lang='lat' dir='ltr'><strong>Ecclesia:</strong></span> <span class='ocrx_word' id='word_1_435' title='bbox 2131 4106 2198 4159; x_wconf 91' lang='lat' dir='ltr'><strong>ad</strong></span> 
     </span>
    </p>
   </div>
   <div class='ocr_carea' id='block_1_58' title="bbox 616 4167 2201 4260">
    <p class='ocr_par' dir='ltr' id='par_1_58' title="bbox 616 4167 2201 4260">
     <span class='ocr_line' id='line_1_58' title="bbox 616 4167 2201 4260; baseline 0.017 -38"><span class='ocrx_word' id='word_1_436' title='bbox 616 4167 776 4236; x_wconf 88' lang='lat' dir='ltr'><strong>hujus</strong></span> <span class='ocrx_word' id='word_1_437' title='bbox 818 4173 961 4227; x_wconf 91' lang='lat' dir='ltr'><strong>sedis</strong></span> <span class='ocrx_word' id='word_1_438' title='bbox 1007 4190 1234 4230; x_wconf 81' lang='lat' dir='ltr'><strong>examen</strong></span> <span class='ocrx_word' id='word_1_439' title='bbox 1276 4179 1495 4236; x_wconf 86' lang='lat' dir='ltr'><strong>voluere</strong></span> <span class='ocrx_word' id='word_1_440' title='bbox 1533 4184 1752 4240; x_wconf 85' lang='lat' dir='ltr'><strong>deferri.</strong></span> <span class='ocrx_word' id='word_1_441' title='bbox 1799 4187 1882 4243; x_wconf 88' lang='lat' dir='ltr'><strong>Ab</strong></span> <span class='ocrx_word' id='word_1_442' title='bbox 1923 4190 2037 4260; x_wconf 87' lang='lat' dir='ltr'><strong>ipsa</strong></span> <span class='ocrx_word' id='word_1_443' title='bbox 2072 4208 2201 4249; x_wconf 91' lang='lat' dir='ltr'><strong>vero</strong></span> 
     </span>
    </p>
   </div>
   <div class='ocr_carea' id='block_1_59' title="bbox 617 4268 2200 4348">
    <p class='ocr_par' dir='ltr' id='par_1_59' title="bbox 617 4268 2200 4348">
     <span class='ocr_line' id='line_1_59' title="bbox 617 4268 2200 4348; baseline 0.017 -35"><span class='ocrx_word' id='word_1_444' title='bbox 617 4268 886 4329; x_wconf 84' lang='lat' dir='ltr'><strong>nusquam</strong></span> <span class='ocrx_word' id='word_1_445' title='bbox 942 4279 1167 4332; x_wconf 89' lang='lat' dir='ltr'><strong>prorsus</strong></span> <span class='ocrx_word' id='word_1_446' title='bbox 1213 4269 1472 4339; x_wconf 79' lang='lat' dir='ltr'><strong>appellari</strong></span> <span class='ocrx_word' id='word_1_447' title='bbox 1513 4274 1706 4330; x_wconf 87' lang='lat' dir='ltr'><strong>debere</strong></span> <span class='ocrx_word' id='word_1_448' title='bbox 1752 4291 2086 4348; x_wconf 82' lang='lat' dir='ltr'><strong>sanxerunt,</strong></span> <span class='ocrx_word' id='word_1_449' title='bbox 2136 4300 2200 4340; x_wconf 90' lang='lat' dir='ltr'><strong>ac</strong></span> 
     </span>
    </p>
   </div>
   <div class='ocr_carea' id='block_1_60' title="bbox 613 4352 2198 4441">
    <p class='ocr_par' dir='ltr' id='par_1_60' title="bbox 613 4352 2198 4441">
     <span class='ocr_line' id='line_1_60' title="bbox 613 4352 2198 4441; baseline 0.017 -38"><span class='ocrx_word' id='word_1_450' title='bbox 613 4363 712 4418; x_wconf 88' lang='lat' dir='ltr'><strong>per</strong></span> <span class='ocrx_word' id='word_1_451' title='bbox 755 4352 857 4407; x_wconf 92' lang='lat' dir='ltr'><strong>hoc</strong></span> <span class='ocrx_word' id='word_1_452' title='bbox 899 4353 1043 4408; x_wconf 90' lang='lat' dir='ltr'><strong>illam</strong></span> <span class='ocrx_word' id='word_1_453' title='bbox 1081 4358 1148 4413; x_wconf 91' lang='lat' dir='ltr'><strong>de</strong></span> <span class='ocrx_word' id='word_1_454' title='bbox 1181 4368 1290 4414; x_wconf 91' lang='lat' dir='ltr'><strong>tota</strong></span> <span class='ocrx_word' id='word_1_455' title='bbox 1330 4361 1570 4420; x_wconf 87' lang='lat' dir='ltr'><strong>Ecclesia</strong></span> <span class='ocrx_word' id='word_1_456' title='bbox 1601 4366 1883 4436; x_wconf 89' lang='lat' dir='ltr'><strong>judicare,</strong></span> <span class='ocrx_word' id='word_1_457' title='bbox 1925 4371 2098 4441; x_wconf 89' lang='lat' dir='ltr'><strong>ipsam</strong></span> <span class='ocrx_word' id='word_1_458' title='bbox 2131 4376 2198 4430; x_wconf 89' lang='lat' dir='ltr'><strong>ad</strong></span> 
     </span>
    </p>
   </div>
   <div class='ocr_carea' id='block_1_61' title="bbox 614 4441 2196 4534">
    <p class='ocr_par' dir='ltr' id='par_1_61' title="bbox 614 4441 2196 4534">
     <span class='ocr_line' id='line_1_61' title="bbox 614 4441 2196 4534; baseline 0.016 -39"><span class='ocrx_word' id='word_1_459' title='bbox 614 4441 814 4498; x_wconf 87' lang='lat' dir='ltr'><strong>nullius</strong></span> <span class='ocrx_word' id='word_1_460' title='bbox 852 4459 1157 4502; x_wconf 88' lang='lat' dir='ltr'><strong>commeare</strong></span> <span class='ocrx_word' id='word_1_461' title='bbox 1197 4448 1456 4518; x_wconf 88' lang='lat' dir='ltr'><strong>judicium</strong></span> <span class='ocrx_word' id='word_1_462' title='bbox 1483 4494 1499 4518; x_wconf 94' lang='lat'><strong>,</strong></span> <span class='ocrx_word' id='word_1_463' title='bbox 1544 4471 1645 4511; x_wconf 90' lang='lat' dir='ltr'><strong>nec</strong></span> <span class='ocrx_word' id='word_1_464' title='bbox 1684 4460 1750 4514; x_wconf 93' lang='lat' dir='ltr'><strong>de</strong></span> <span class='ocrx_word' id='word_1_465' title='bbox 1791 4461 1910 4531; x_wconf 88' lang='lat' dir='ltr'><strong>ejus</strong></span> <span class='ocrx_word' id='word_1_466' title='bbox 1963 4479 2196 4534; x_wconf 90' lang='lat' dir='ltr'><strong>unquam</strong></span> 
     </span>
    </p>
   </div>
   <div class='ocr_carea' id='block_1_62' title="bbox 616 4535 2199 4622">
    <p class='ocr_par' dir='ltr' id='par_1_62' title="bbox 616 4535 2199 4622">
     <span class='ocr_line' id='line_1_62' title="bbox 616 4535 2199 4622; baseline 0.016 -37"><span class='ocrx_word' id='word_1_467' title='bbox 616 4546 990 4604; x_wconf 74' lang='lat' dir='ltr'><strong>przeceperuut</strong></span> <span class='ocrx_word' id='word_1_468' title='bbox 1017 4535 1224 4605; x_wconf 90' lang='lat' dir='ltr'><strong>judicio</strong></span> <span class='ocrx_word' id='word_1_469' title='bbox 1267 4541 1523 4612; x_wconf 86' lang='lat' dir='ltr'><strong>judicari,</strong></span> <span class='ocrx_word' id='word_1_470' title='bbox 1577 4551 2006 4622; x_wconf 89' lang='lat' dir='ltr'><strong>sententiamque</strong></span> <span class='ocrx_word' id='word_1_471' title='bbox 2055 4555 2199 4612; x_wconf 88' lang='lat' dir='ltr'><strong>illius</strong></span> 
     </span>
    </p>
   </div>
   <div class='ocr_carea' id='block_1_63' title="bbox 612 4629 2197 4717">
    <p class='ocr_par' dir='ltr' id='par_1_63' title="bbox 612 4629 2197 4717">
     <span class='ocr_line' id='line_1_63' title="bbox 612 4629 2197 4717; baseline 0.017 -41"><span class='ocrx_word' id='word_1_472' title='bbox 612 4629 1012 4681; x_wconf 88' lang='lat' dir='ltr'><strong>constituerunt</strong></span> <span class='ocrx_word' id='word_1_473' title='bbox 1080 4645 1187 4684; x_wconf 93' lang='lat' dir='ltr'><strong>non</strong></span> <span class='ocrx_word' id='word_1_474' title='bbox 1245 4643 1496 4702; x_wconf 88' lang='lat' dir='ltr'><strong>oportere</strong></span> <span class='ocrx_word' id='word_1_475' title='bbox 1563 4638 1827 4707; x_wconf 86' lang='lat' dir='ltr'><strong>dissolvi,</strong></span> <span class='ocrx_word' id='word_1_476' title='bbox 1899 4644 2052 4712; x_wconf 89' lang='lat' dir='ltr'><strong>cujus</strong></span> <span class='ocrx_word' id='word_1_477' title='bbox 2104 4663 2197 4717; x_wconf 88' lang='lat' dir='ltr'><strong>po-</strong></span> 
     </span>
    </p>
   </div>
   <div class='ocr_carea' id='block_1_64' title="bbox 613 4712 2194 4803">
    <p class='ocr_par' dir='ltr' id='par_1_64' title="bbox 613 4712 2194 4803">
     <span class='ocr_line' id='line_1_64' title="bbox 613 4712 2194 4803; baseline 0.015 -38"><span class='ocrx_word' id='word_1_478' title='bbox 613 4712 720 4767; x_wconf 91' lang='lat' dir='ltr'><strong>tius</strong></span> <span class='ocrx_word' id='word_1_479' title='bbox 737 4714 953 4771; x_wconf 78' lang='lat' dir='ltr'><strong>decreta</strong></span> <span class='ocrx_word' id='word_1_480' title='bbox 988 4721 1260 4787; x_wconf 84' lang='lat' dir='ltr'><strong>sequenda</strong></span> <span class='ocrx_word' id='word_1_481' title='bbox 1287 4725 1632 4781; x_wconf 89' lang='lat' dir='ltr'><strong>mandarunt.</strong></span> <span class='ocrx_word' id='word_1_482' title='bbox 1667 4729 1724 4783; x_wconf 90' lang='lat' dir='ltr'><strong>ln</strong></span> <span class='ocrx_word' id='word_1_483' title='bbox 1761 4731 1862 4786; x_wconf 91' lang='lat' dir='ltr'><strong>hac</strong></span> <span class='ocrx_word' id='word_1_484' title='bbox 1891 4732 2002 4803; x_wconf 90' lang='lat' dir='ltr'><strong>ipsa</strong></span> <span class='ocrx_word' id='word_1_485' title='bbox 2036 4712 2194 4790; x_wconf 80' lang='lat' dir='ltr'><strong>causa</strong></span> 
     </span>
    </p>
   </div>
   <div class='ocr_carea' id='block_1_65' title="bbox 611 4803 2194 4891">
    <p class='ocr_par' dir='ltr' id='par_1_65' title="bbox 611 4803 2194 4891">
     <span class='ocr_line' id='line_1_65' title="bbox 611 4803 2194 4891; baseline 0.016 -36"><span class='ocrx_word' id='word_1_486' title='bbox 611 4803 924 4860; x_wconf 84' lang='lat' dir='ltr'><strong>Timotheus</strong></span> <span class='ocrx_word' id='word_1_487' title='bbox 973 4806 1387 4880; x_wconf 76' lang='lat' dir='ltr'><strong>Alexandrinus,</strong></span> <span class='ocrx_word' id='word_1_488' title='bbox 1431 4825 1487 4870; x_wconf 89' lang='lat' dir='ltr'><strong>et</strong></span> <span class='ocrx_word' id='word_1_489' title='bbox 1541 4817 1735 4875; x_wconf 87' lang='lat' dir='ltr'><strong>Petrus</strong></span> <span class='ocrx_word' id='word_1_490' title='bbox 1787 4819 2194 4891; x_wconf 67' lang='lat' dir='ltr'><strong>Autioclmnus,</strong></span> 
     </span>
    </p>
   </div>
   <div class='ocr_carea' id='block_1_66' title="bbox 569 4893 2192 4985">
    <p class='ocr_par' dir='ltr' id='par_1_66' title="bbox 569 4893 2192 4985">
     <span class='ocr_line' id='line_1_66' title="bbox 569 4893 2192 4985; baseline 0.017 -39"><span class='ocrx_word' id='word_1_491' title='bbox 569 4963 574 4970; x_wconf 26' lang='grc' dir='ltr'><strong><em>η</em></strong></span> <span class='ocrx_word' id='word_1_492' title='bbox 609 4893 822 4962; x_wconf 86' lang='lat' dir='ltr'><strong>Petrus,</strong></span> <span class='ocrx_word' id='word_1_493' title='bbox 854 4897 1072 4962; x_wconf 90' lang='lat' dir='ltr'><strong>Paulus,</strong></span> <span class='ocrx_word' id='word_1_494' title='bbox 1110 4898 1369 4971; x_wconf 85' lang='lat' dir='ltr'><strong>Joannes,</strong></span> <span class='ocrx_word' id='word_1_495' title='bbox 1397 4915 1452 4960; x_wconf 89' lang='lat' dir='ltr'><strong>et</strong></span> <span class='ocrx_word' id='word_1_496' title='bbox 1488 4910 1668 4964; x_wconf 64' lang='lat' dir='ltr'><strong>caeteri</strong></span> <span class='ocrx_word' id='word_1_497' title='bbox 1702 4926 1805 4966; x_wconf 91' lang='lat' dir='ltr'><strong>non</strong></span> <span class='ocrx_word' id='word_1_498' title='bbox 1829 4913 2002 4970; x_wconf 92' lang='lat' dir='ltr'><strong>solum</strong></span> <span class='ocrx_word' id='word_1_499' title='bbox 2033 4931 2192 4985; x_wconf 88' lang='lat' dir='ltr'><strong>unus,</strong></span> 
     </span>
    </p>
   </div>
   <div class='ocr_carea' id='block_1_67' title="bbox 609 4986 2189 5075">
    <p class='ocr_par' dir='ltr' id='par_1_67' title="bbox 609 4986 2189 5075">
     <span class='ocr_line' id='line_1_67' title="bbox 609 4986 2189 5075; baseline 0.017 -37"><span class='ocrx_word' id='word_1_500' title='bbox 609 4986 704 5039; x_wconf 90' lang='lat' dir='ltr'><strong>sed</strong></span> <span class='ocrx_word' id='word_1_501' title='bbox 767 4987 950 5056; x_wconf 88' lang='lat' dir='ltr'><strong>plures</strong></span> <span class='ocrx_word' id='word_1_502' title='bbox 1018 5006 1212 5049; x_wconf 90' lang='lat' dir='ltr'><strong>nomen</strong></span> <span class='ocrx_word' id='word_1_503' title='bbox 1273 4999 1563 5055; x_wconf 90' lang='lat' dir='ltr'><strong>sacerdotii</strong></span> <span class='ocrx_word' id='word_1_504' title='bbox 1634 5003 2024 5075; x_wconf 83' lang='lat' dir='ltr'><strong>praeferentes,</strong></span> <span class='ocrx_word' id='word_1_505' title='bbox 2077 5011 2189 5065; x_wconf 86' lang='lat' dir='ltr'><strong>sola</strong></span> 
     </span>
    </p>
   </div>
   <div class='ocr_carea' id='block_1_68' title="bbox 608 5073 2187 5169">
    <p class='ocr_par' dir='ltr' id='par_1_68' title="bbox 608 5073 2187 5169">
     <span class='ocr_line' id='line_1_68' title="bbox 608 5073 2187 5169; baseline 0.02 -42"><span class='ocrx_word' id='word_1_506' title='bbox 608 5073 752 5129; x_wconf 89' lang='lat' dir='ltr'><strong>sedis</strong></span> <span class='ocrx_word' id='word_1_507' title='bbox 778 5079 1087 5147; x_wconf 79' lang='lat' dir='ltr'><strong>apostolicae</strong></span> <span class='ocrx_word' id='word_1_508' title='bbox 1115 5093 1241 5139; x_wconf 87' lang='lat' dir='ltr'><strong>sunt</strong></span> <span class='ocrx_word' id='word_1_509' title='bbox 1280 5090 1607 5148; x_wconf 87' lang='lat' dir='ltr'><strong>auctoritate</strong></span> <span class='ocrx_word' id='word_1_510' title='bbox 1651 5095 1844 5164; x_wconf 91' lang='lat' dir='ltr'><strong>dejecti</strong></span> <span class='ocrx_word' id='word_1_511' title='bbox 1872 5137 1886 5162; x_wconf 90' lang='lat'><strong>,</strong></span> <span class='ocrx_word' id='word_1_512' title='bbox 1928 5073 2083 5169; x_wconf 87' lang='lat' dir='ltr'><strong>cujus</strong></span> <span class='ocrx_word' id='word_1_513' title='bbox 2110 5104 2187 5158; x_wconf 85' lang='lat' dir='ltr'><strong>rei</strong></span> 
     </span>
    </p>
   </div>
   <div class='ocr_carea' id='block_1_69' title="bbox 607 5253 2190 5350">
    <p class='ocr_par' dir='ltr' id='par_1_69' title="bbox 607 5253 2190 5350">
     <span class='ocr_line' id='line_1_69' title="bbox 607 5253 2190 5350; baseline 0.021 -43"><span class='ocrx_word' id='word_1_514' title='bbox 607 5253 768 5323; x_wconf 88' lang='lat' dir='ltr'><strong>hujus</strong></span> <span class='ocrx_word' id='word_1_515' title='bbox 793 5259 1001 5314; x_wconf 82' lang='lat' dir='ltr'><strong>exstitit</strong></span> <span class='ocrx_word' id='word_1_516' title='bbox 1024 5275 1327 5322; x_wconf 82' lang='lat' dir='ltr'><strong>exsecutor.</strong></span> <span class='ocrx_word' id='word_1_517' title='bbox 1353 5269 1503 5337; x_wconf 85' lang='lat' dir='ltr'><strong>Quod</strong></span> <span class='ocrx_word' id='word_1_518' title='bbox 1543 5253 1728 5346; x_wconf 80' lang='lat' dir='ltr'><strong>utique</strong></span> <span class='ocrx_word' id='word_1_519' title='bbox 1761 5253 1902 5334; x_wconf 79' lang='lat' dir='ltr'><strong>sicut</strong></span> <span class='ocrx_word' id='word_1_520' title='bbox 1936 5253 2190 5350; x_wconf 80' lang='lat' dir='ltr'><strong>apostoli-</strong></span> 
     </span>
    </p>
   </div>
   <div class='ocr_carea' id='block_1_70' title="bbox 606 5347 2187 5436">
    <p class='ocr_par' dir='ltr' id='par_1_70' title="bbox 606 5347 2187 5436">
     <span class='ocr_line' id='line_1_70' title="bbox 606 5347 2187 5436; baseline 0.02 -37"><span class='ocrx_word' id='word_1_521' title='bbox 606 5360 725 5400; x_wconf 90' lang='lat' dir='ltr'><strong>cam</strong></span> <span class='ocrx_word' id='word_1_522' title='bbox 750 5347 933 5405; x_wconf 88' lang='lat' dir='ltr'><strong>sedem</strong></span> <span class='ocrx_word' id='word_1_523' title='bbox 965 5350 1120 5421; x_wconf 75' lang='lat' dir='ltr'><strong>justa</strong></span> <span class='ocrx_word' id='word_1_524' title='bbox 1177 5357 1405 5417; x_wconf 87' lang='lat' dir='ltr'><strong>formam</strong></span> <span class='ocrx_word' id='word_1_525' title='bbox 1439 5368 1752 5436; x_wconf 87' lang='lat' dir='ltr'><strong>synodicam</strong></span> <span class='ocrx_word' id='word_1_526' title='bbox 1791 5372 1983 5428; x_wconf 87' lang='lat' dir='ltr'><strong>fecisse</strong></span> <span class='ocrx_word' id='word_1_527' title='bbox 2010 5376 2187 5430; x_wconf 86' lang='lat' dir='ltr'><strong>mani-</strong></span> 
     </span>
    </p>
   </div>
   <div class='ocr_carea' id='block_1_71' title="bbox 606 5436 2186 5531">
    <p class='ocr_par' dir='ltr' id='par_1_71' title="bbox 606 5436 2186 5531">
     <span class='ocr_line' id='line_1_71' title="bbox 606 5436 2186 5531; baseline 0.022 -41"><span class='ocrx_word' id='word_1_528' title='bbox 606 5436 803 5494; x_wconf 90' lang='lat' dir='ltr'><strong>festum</strong></span> <span class='ocrx_word' id='word_1_529' title='bbox 835 5450 938 5508; x_wconf 84' lang='lat' dir='ltr'><strong>est,</strong></span> <span class='ocrx_word' id='word_1_530' title='bbox 978 5445 1056 5499; x_wconf 90' lang='lat' dir='ltr'><strong>sic</strong></span> <span class='ocrx_word' id='word_1_531' title='bbox 1081 5451 1348 5508; x_wconf 91' lang='lat' dir='ltr'><strong>neminem</strong></span> <span class='ocrx_word' id='word_1_532' title='bbox 1382 5458 1648 5515; x_wconf 89' lang='lat' dir='ltr'><strong>resultare</strong></span> <span class='ocrx_word' id='word_1_533' title='bbox 1673 5463 1914 5531; x_wconf 90' lang='lat' dir='ltr'><strong>potuisse</strong></span> <span class='ocrx_word' id='word_1_534' title='bbox 1939 5468 2186 5524; x_wconf 88' lang='lat' dir='ltr'><strong>certissi-</strong></span> 
     </span>
    </p>
   </div>
   <div class='ocr_carea' id='block_1_72' title="bbox 609 5529 2189 5614">
    <p class='ocr_par' dir='ltr' id='par_1_72' title="bbox 609 5529 2189 5614">
     <span class='ocr_line' id='line_1_72' title="bbox 609 5529 2189 5614; baseline 0.023 -35"><span class='ocrx_word' id='word_1_535' title='bbox 609 5542 777 5582; x_wconf 91' lang='lat' dir='ltr'><strong>mum.</strong></span> <span class='ocrx_word' id='word_1_536' title='bbox 816 5529 930 5588; x_wconf 83' lang='lat' dir='ltr'><strong>Hoc</strong></span> <span class='ocrx_word' id='word_1_537' title='bbox 960 5534 1122 5606; x_wconf 86' lang='lat' dir='ltr'><strong>igitur</strong></span> <span class='ocrx_word' id='word_1_538' title='bbox 1151 5543 1306 5598; x_wconf 90' lang='lat' dir='ltr'><strong>modo</strong></span> <span class='ocrx_word' id='word_1_539' title='bbox 1331 5548 1574 5605; x_wconf 90' lang='lat' dir='ltr'><strong>recidens</strong></span> <span class='ocrx_word' id='word_1_540' title='bbox 1597 5551 1649 5606; x_wconf 91' lang='lat' dir='ltr'><strong>in</strong></span> <span class='ocrx_word' id='word_1_541' title='bbox 1675 5529 2014 5612; x_wconf 74' lang='lat' dir='ltr'><strong>consortium</strong></span> <span class='ocrx_word' id='word_1_542' title='bbox 2037 5559 2189 5614; x_wconf 91' lang='lat' dir='ltr'><strong>dam-</strong></span> 
     </span>
    </p>
   </div>
   <div class='ocr_carea' id='block_1_73' title="bbox 607 5625 2187 5715">
    <p class='ocr_par' dir='ltr' id='par_1_73' title="bbox 607 5625 2187 5715">
     <span class='ocr_line' id='line_1_73' title="bbox 607 5625 2187 5715; baseline 0.025 -46"><span class='ocrx_word' id='word_1_543' title='bbox 607 5626 856 5697; x_wconf 86' lang='lat' dir='ltr'><strong>natorum</strong></span> <span class='ocrx_word' id='word_1_544' title='bbox 887 5634 969 5679; x_wconf 91' lang='lat' dir='ltr'><strong>est</strong></span> <span class='ocrx_word' id='word_1_545' title='bbox 995 5625 1283 5688; x_wconf 87' lang='lat' dir='ltr'><strong>damnatus</strong></span> <span class='ocrx_word' id='word_1_546' title='bbox 1321 5635 1549 5695; x_wconf 89' lang='lat' dir='ltr'><strong>Aeacius</strong></span> <span class='ocrx_word' id='word_1_547' title='bbox 1569 5683 1583 5708; x_wconf 95' lang='lat'><strong>,</strong></span> <span class='ocrx_word' id='word_1_548' title='bbox 1620 5645 1711 5715; x_wconf 88' lang='lat' dir='ltr'><strong>qui</strong></span> <span class='ocrx_word' id='word_1_549' title='bbox 1741 5660 1929 5702; x_wconf 90' lang='lat' dir='ltr'><strong>eorum</strong></span> <span class='ocrx_word' id='word_1_550' title='bbox 1959 5650 2187 5706; x_wconf 83' lang='lat' dir='ltr'><strong>damna-</strong></span> 
     </span>
    </p>
   </div>
   <div class='ocr_carea' id='block_1_74' title="bbox 609 5707 2186 5810">
    <p class='ocr_par' dir='ltr' id='par_1_74' title="bbox 609 5707 2186 5810">
     <span class='ocr_line' id='line_1_74' title="bbox 609 5707 2186 5810; baseline 0.025 -49"><span class='ocrx_word' id='word_1_551' title='bbox 609 5707 807 5767; x_wconf 88' lang='lat' dir='ltr'><strong>tionem</strong></span> <span class='ocrx_word' id='word_1_552' title='bbox 881 5725 1166 5791; x_wconf 89' lang='lat' dir='ltr'><strong>antequam</strong></span> <span class='ocrx_word' id='word_1_553' title='bbox 1222 5732 1605 5796; x_wconf 77' lang='lat' dir='ltr'><strong>przevaricator</strong></span> <span class='ocrx_word' id='word_1_554' title='bbox 1665 5738 1964 5810; x_wconf 76' lang='lat' dir='ltr'><strong>existeret,</strong></span> <span class='ocrx_word' id='word_1_555' title='bbox 2013 5744 2186 5801; x_wconf 88' lang='lat' dir='ltr'><strong>fuerat</strong></span> 
     </span>
    </p>
   </div>
   <div class='ocr_carea' id='block_1_75' title="bbox 2313 1889 3865 1968">
    <p class='ocr_par' dir='ltr' id='par_1_75' title="bbox 2313 1889 3865 1968">
     <span class='ocr_line' id='line_1_75' title="bbox 2313 1889 3865 1968; baseline 0.013 -26"><span class='ocrx_word' id='word_1_556' title='bbox 2313 1889 2608 1956; x_wconf 90' lang='lat' dir='ltr'><strong>antistites,</strong></span> <span class='ocrx_word' id='word_1_557' title='bbox 2639 1901 2693 1946; x_wconf 92' lang='lat' dir='ltr'><strong>et</strong></span> <span class='ocrx_word' id='word_1_558' title='bbox 2715 1894 2885 1948; x_wconf 75' lang='lat' dir='ltr'><strong>tertia:</strong></span> <span class='ocrx_word' id='word_1_559' title='bbox 2913 1897 3206 1968; x_wconf 81' lang='lat' dir='ltr'><strong>caeterique</strong></span> <span class='ocrx_word' id='word_1_560' title='bbox 3238 1899 3375 1955; x_wconf 85' lang='lat' dir='ltr'><strong>bene</strong></span> <span class='ocrx_word' id='word_1_561' title='bbox 3416 1901 3527 1958; x_wconf 90' lang='lat' dir='ltr'><strong>sibi</strong></span> <span class='ocrx_word' id='word_1_562' title='bbox 3572 1908 3772 1961; x_wconf 87' lang='lat' dir='ltr'><strong>conscii</strong></span> <span class='ocrx_word' id='word_1_563' title='bbox 3807 1924 3865 1961; x_wconf 78' lang='lat' dir='ltr'><strong>sa-</strong></span> 
     </span>
    </p>
   </div>
   <div class='ocr_carea' id='block_1_76' title="bbox 2311 1982 3864 2065">
    <p class='ocr_par' dir='ltr' id='par_1_76' title="bbox 2311 1982 3864 2065">
     <span class='ocr_line' id='line_1_76' title="bbox 2311 1982 3864 2065; baseline 0.01 -30"><span class='ocrx_word' id='word_1_564' title='bbox 2311 1983 2556 2037; x_wconf 85' lang='lat' dir='ltr'><strong>cerdotes</strong></span> <span class='ocrx_word' id='word_1_565' title='bbox 2606 1982 2946 2052; x_wconf 89' lang='lat' dir='ltr'><strong>debuerunt,</strong></span> <span class='ocrx_word' id='word_1_566' title='bbox 3005 1999 3058 2042; x_wconf 87' lang='lat' dir='ltr'><strong>et</strong></span> <span class='ocrx_word' id='word_1_567' title='bbox 3106 1989 3198 2060; x_wconf 92' lang='lat' dir='ltr'><strong>qui</strong></span> <span class='ocrx_word' id='word_1_568' title='bbox 3245 1991 3533 2065; x_wconf 79' lang='lat' dir='ltr'><strong>religionis</strong></span> <span class='ocrx_word' id='word_1_569' title='bbox 3571 1995 3754 2049; x_wconf 75' lang='lat' dir='ltr'><strong>existit</strong></span> <span class='ocrx_word' id='word_1_570' title='bbox 3790 1997 3864 2052; x_wconf 74' lang='lat' dir='ltr'><strong>ini~</strong></span> 
     </span>
    </p>
   </div>
   <div class='ocr_carea' id='block_1_77' title="bbox 2309 2071 3846 2154">
    <p class='ocr_par' dir='ltr' id='par_1_77' title="bbox 2309 2071 3846 2154">
     <span class='ocr_line' id='line_1_77' title="bbox 2309 2071 3846 2154; baseline 0.011 -28"><span class='ocrx_word' id='word_1_571' title='bbox 2309 2071 2504 2137; x_wconf 87' lang='lat' dir='ltr'><strong>micus,</strong></span> <span class='ocrx_word' id='word_1_572' title='bbox 2531 2074 2724 2143; x_wconf 85' lang='lat' dir='ltr'><strong>depelli</strong></span> <span class='ocrx_word' id='word_1_573' title='bbox 2750 2090 2857 2130; x_wconf 90' lang='lat' dir='ltr'><strong>non</strong></span> <span class='ocrx_word' id='word_1_574' title='bbox 2881 2078 3111 2132; x_wconf 79' lang='lat' dir='ltr'><strong>debuit?</strong></span> <span class='ocrx_word' id='word_1_575' title='bbox 3145 2081 3387 2136; x_wconf 80' lang='lat' dir='ltr'><strong>Viderint</strong></span> <span class='ocrx_word' id='word_1_576' title='bbox 3407 2099 3547 2154; x_wconf 87' lang='lat' dir='ltr'><strong>ergo</strong></span> <span class='ocrx_word' id='word_1_577' title='bbox 3575 2085 3622 2140; x_wconf 93' lang='lat' dir='ltr'><strong>si</strong></span> <span class='ocrx_word' id='word_1_578' title='bbox 3652 2087 3775 2142; x_wconf 84' lang='lat' dir='ltr'><strong>alios</strong></span> <span class='ocrx_word' id='word_1_579' title='bbox 3796 2089 3846 2143; x_wconf 79' lang='lat' dir='ltr'><strong>ha</strong></span> 
     </span>
    </p>
   </div>
   <div class='ocr_carea' id='block_1_78' title="bbox 2311 2159 3864 2245">
    <p class='ocr_par' dir='ltr' id='par_1_78' title="bbox 2311 2159 3864 2245">
     <span class='ocr_line' id='line_1_78' title="bbox 2311 2159 3864 2245; baseline 0.013 -33"><span class='ocrx_word' id='word_1_580' title='bbox 2311 2159 2440 2215; x_wconf 88' lang='lat' dir='ltr'><strong>bent</strong></span> <span class='ocrx_word' id='word_1_581' title='bbox 2489 2175 2724 2217; x_wconf 88' lang='lat' dir='ltr'><strong>canones</strong></span> <span class='ocrx_word' id='word_1_582' title='bbox 2750 2204 2765 2229; x_wconf 91' lang='lat'><strong>,</strong></span> <span class='ocrx_word' id='word_1_583' title='bbox 2809 2166 3007 2235; x_wconf 89' lang='lat' dir='ltr'><strong>quibus</strong></span> <span class='ocrx_word' id='word_1_584' title='bbox 3049 2182 3178 2224; x_wconf 90' lang='lat' dir='ltr'><strong>suas</strong></span> <span class='ocrx_word' id='word_1_585' title='bbox 3221 2171 3453 2241; x_wconf 87' lang='lat' dir='ltr'><strong>ineptias</strong></span> <span class='ocrx_word' id='word_1_586' title='bbox 3505 2188 3864 2245; x_wconf 75' lang='lat' dir='ltr'><strong>exsequantur.</strong></span> 
     </span>
    </p>
   </div>
   <div class='ocr_carea' id='block_1_79' title="bbox 2311 2248 3864 2340">
    <p class='ocr_par' dir='ltr' id='par_1_79' title="bbox 2311 2248 3864 2340">
     <span class='ocr_line' id='line_1_79' title="bbox 2311 2248 3864 2340; baseline 0.013 -37"><span class='ocrx_word' id='word_1_587' title='bbox 2311 2248 2579 2306; x_wconf 67' lang='lat' dir='ltr'><strong>Caeterum</strong></span> <span class='ocrx_word' id='word_1_588' title='bbox 2611 2253 2702 2307; x_wconf 89' lang='lat' dir='ltr'><strong>isti</strong></span> <span class='ocrx_word' id='word_1_589' title='bbox 2724 2256 2814 2323; x_wconf 93' lang='lat' dir='ltr'><strong>qui</strong></span> <span class='ocrx_word' id='word_1_590' title='bbox 2845 2258 3009 2324; x_wconf 86' lang='lat' dir='ltr'><strong>sacri,</strong></span> <span class='ocrx_word' id='word_1_591' title='bbox 3035 2260 3128 2328; x_wconf 87' lang='lat' dir='ltr'><strong>qui</strong></span> <span class='ocrx_word' id='word_1_592' title='bbox 3149 2261 3538 2331; x_wconf 91' lang='lat' dir='ltr'><strong>ecclesiastici,</strong></span> <span class='ocrx_word' id='word_1_593' title='bbox 3562 2268 3659 2335; x_wconf 87' lang='lat' dir='ltr'><strong>qui</strong></span> <span class='ocrx_word' id='word_1_594' title='bbox 3682 2267 3864 2340; x_wconf 83' lang='lat' dir='ltr'><strong>legitimi</strong></span> 
     </span>
    </p>
   </div>
   <div class='ocr_carea' id='block_1_80' title="bbox 2309 2342 3864 2428">
    <p class='ocr_par' dir='ltr' id='par_1_80' title="bbox 2309 2342 3864 2428">
     <span class='ocr_line' id='line_1_80' title="bbox 2309 2342 3864 2428; baseline 0.01 -30"><span class='ocrx_word' id='word_1_595' title='bbox 2309 2342 2675 2413; x_wconf 85' lang='lat' dir='ltr'><strong>celebrantur,</strong></span> <span class='ocrx_word' id='word_1_596' title='bbox 2719 2362 2826 2402; x_wconf 90' lang='lat' dir='ltr'><strong>non</strong></span> <span class='ocrx_word' id='word_1_597' title='bbox 2855 2349 3027 2404; x_wconf 88' lang='lat' dir='ltr'><strong>solum</strong></span> <span class='ocrx_word' id='word_1_598' title='bbox 3054 2351 3236 2408; x_wconf 90' lang='lat' dir='ltr'><strong>sedem</strong></span> <span class='ocrx_word' id='word_1_599' title='bbox 3268 2356 3632 2426; x_wconf 86' lang='lat' dir='ltr'><strong>apostolicam</strong></span> <span class='ocrx_word' id='word_1_600' title='bbox 3667 2363 3730 2414; x_wconf 87' lang='lat' dir='ltr'><strong>ad</strong></span> <span class='ocrx_word' id='word_1_601' title='bbox 3752 2361 3864 2428; x_wconf 88' lang='lat' dir='ltr'><strong>judi-</strong></span> 
     </span>
    </p>
   </div>
   <div class='ocr_carea' id='block_1_81' title="bbox 2310 2436 3865 2522">
    <p class='ocr_par' dir='ltr' id='par_1_81' title="bbox 2310 2436 3865 2522">
     <span class='ocr_line' id='line_1_81' title="bbox 2310 2436 3865 2522; baseline 0.011 -32"><span class='ocrx_word' id='word_1_602' title='bbox 2310 2436 2450 2491; x_wconf 89' lang='lat' dir='ltr'><strong>cium</strong></span> <span class='ocrx_word' id='word_1_603' title='bbox 2489 2453 2684 2494; x_wconf 88' lang='lat' dir='ltr'><strong>vocare</strong></span> <span class='ocrx_word' id='word_1_604' title='bbox 2727 2456 2834 2494; x_wconf 91' lang='lat' dir='ltr'><strong>non</strong></span> <span class='ocrx_word' id='word_1_605' title='bbox 2881 2454 3136 2512; x_wconf 88' lang='lat' dir='ltr'><strong>possunt;</strong></span> <span class='ocrx_word' id='word_1_606' title='bbox 3193 2456 3248 2501; x_wconf 90' lang='lat' dir='ltr'><strong>et</strong></span> <span class='ocrx_word' id='word_1_607' title='bbox 3289 2447 3865 2522; x_wconf 75' lang='lat' dir='ltr'><strong>Constantinopolitana:</strong></span> 
     </span>
    </p>
   </div>
   <div class='ocr_carea' id='block_1_82' title="bbox 2309 2517 3868 2608">
    <p class='ocr_par' dir='ltr' id='par_1_82' title="bbox 2309 2517 3868 2608">
     <span class='ocr_line' id='line_1_82' title="bbox 2309 2517 3868 2608; baseline 0.01 -28"><span class='ocrx_word' id='word_1_608' title='bbox 2309 2517 2545 2584; x_wconf 84' lang='lat' dir='ltr'><strong>civitatis</strong></span> <span class='ocrx_word' id='word_1_609' title='bbox 2592 2529 2900 2601; x_wconf 90' lang='lat' dir='ltr'><strong>episcopus,</strong></span> <span class='ocrx_word' id='word_1_610' title='bbox 2947 2547 3068 2601; x_wconf 84' lang='lat' dir='ltr'><strong>quae</strong></span> <span class='ocrx_word' id='word_1_611' title='bbox 3113 2536 3299 2606; x_wconf 90' lang='lat' dir='ltr'><strong>utique</strong></span> <span class='ocrx_word' id='word_1_612' title='bbox 3334 2543 3432 2608; x_wconf 82' lang='lat' dir='ltr'><strong>per</strong></span> <span class='ocrx_word' id='word_1_613' title='bbox 3473 2517 3720 2596; x_wconf 73' lang='lat' dir='ltr'><strong>canones</strong></span> <span class='ocrx_word' id='word_1_614' title='bbox 3761 2544 3868 2596; x_wconf 72' lang='lat' dir='ltr'><strong>inter</strong></span> 
     </span>
    </p>
   </div>
   <div class='ocr_carea' id='block_1_83' title="bbox 2309 2619 3864 2700">
    <p class='ocr_par' dir='ltr' id='par_1_83' title="bbox 2309 2619 3864 2700">
     <span class='ocr_line' id='line_1_83' title="bbox 2309 2619 3864 2700; baseline 0.011 -27"><span class='ocrx_word' id='word_1_615' title='bbox 2309 2619 2466 2675; x_wconf 90' lang='lat' dir='ltr'><strong>sedes</strong></span> <span class='ocrx_word' id='word_1_616' title='bbox 2534 2622 2741 2677; x_wconf 89' lang='lat' dir='ltr'><strong>nullum</strong></span> <span class='ocrx_word' id='word_1_617' title='bbox 2811 2640 3006 2682; x_wconf 90' lang='lat' dir='ltr'><strong>nomen</strong></span> <span class='ocrx_word' id='word_1_618' title='bbox 3066 2631 3295 2700; x_wconf 87' lang='lat' dir='ltr'><strong>accepit,</strong></span> <span class='ocrx_word' id='word_1_619' title='bbox 3341 2633 3394 2686; x_wconf 91' lang='lat' dir='ltr'><strong>in</strong></span> <span class='ocrx_word' id='word_1_620' title='bbox 3459 2636 3864 2690; x_wconf 85' lang='lat' dir='ltr'><strong>communionem</strong></span> 
     </span>
    </p>
   </div>
   <div class='ocr_carea' id='block_1_84' title="bbox 2310 2713 3866 2784">
    <p class='ocr_par' dir='ltr' id='par_1_84' title="bbox 2310 2713 3866 2784">
     <span class='ocr_line' id='line_1_84' title="bbox 2310 2713 3866 2784; baseline 0.012 -20"><span class='ocrx_word' id='word_1_621' title='bbox 2310 2713 2555 2769; x_wconf 88' lang='lat' dir='ltr'><strong>recidens</strong></span> <span class='ocrx_word' id='word_1_622' title='bbox 2625 2715 2955 2784; x_wconf 82' lang='lat' dir='ltr'><strong>perﬁdorum</strong></span> <span class='ocrx_word' id='word_1_623' title='bbox 3013 2735 3120 2774; x_wconf 91' lang='lat' dir='ltr'><strong>non</strong></span> <span class='ocrx_word' id='word_1_624' title='bbox 3183 2723 3363 2778; x_wconf 89' lang='lat' dir='ltr'><strong>debuit</strong></span> <span class='ocrx_word' id='word_1_625' title='bbox 3425 2727 3779 2783; x_wconf 81' lang='lat' dir='ltr'><strong>submoveri?</strong></span> <span class='ocrx_word' id='word_1_626' title='bbox 3807 2732 3866 2782; x_wconf 83' lang='lat' dir='ltr'><strong>An</strong></span> 
     </span>
    </p>
   </div>
   <div class='ocr_carea' id='block_1_85' title="bbox 2309 2804 3864 2893">
    <p class='ocr_par' dir='ltr' id='par_1_85' title="bbox 2309 2804 3864 2893">
     <span class='ocr_line' id='line_1_85' title="bbox 2309 2804 3864 2893; baseline 0.014 -36"><span class='ocrx_word' id='word_1_627' title='bbox 2309 2804 2400 2874; x_wconf 80' lang='lat' dir='ltr'><strong>qui</strong></span> <span class='ocrx_word' id='word_1_628' title='bbox 2434 2805 2636 2861; x_wconf 90' lang='lat' dir='ltr'><strong>homini</strong></span> <span class='ocrx_word' id='word_1_629' title='bbox 2685 2810 2942 2866; x_wconf 88' lang='lat' dir='ltr'><strong>mentitus</strong></span> <span class='ocrx_word' id='word_1_630' title='bbox 2994 2813 3209 2887; x_wconf 83' lang='lat' dir='ltr'><strong>dicitur</strong></span> <span class='ocrx_word' id='word_1_631' title='bbox 3241 2816 3590 2886; x_wconf 90' lang='lat' dir='ltr'><strong>imperatori,</strong></span> <span class='ocrx_word' id='word_1_632' title='bbox 3636 2830 3691 2876; x_wconf 90' lang='lat' dir='ltr'><strong>et</strong></span> <span class='ocrx_word' id='word_1_633' title='bbox 3731 2822 3864 2893; x_wconf 81' lang='lat' dir='ltr'><strong>impe-</strong></span> 
     </span>
    </p>
   </div>
   <div class='ocr_carea' id='block_1_86' title="bbox 2310 2898 3864 2979">
    <p class='ocr_par' dir='ltr' id='par_1_86' title="bbox 2310 2898 3864 2979">
     <span class='ocr_line' id='line_1_86' title="bbox 2310 2898 3864 2979; baseline 0.01 -29"><span class='ocrx_word' id='word_1_634' title='bbox 2310 2906 2542 2952; x_wconf 85' lang='lat' dir='ltr'><strong>ratorem</strong></span> <span class='ocrx_word' id='word_1_635' title='bbox 2616 2898 2817 2956; x_wconf 71' lang='lat' dir='ltr'><strong>laesisse</strong></span> <span class='ocrx_word' id='word_1_636' title='bbox 2877 2903 3229 2973; x_wconf 88' lang='lat' dir='ltr'><strong>perhibentur</strong></span> <span class='ocrx_word' id='word_1_637' title='bbox 3289 2908 3486 2979; x_wconf 89' lang='lat' dir='ltr'><strong>depelli</strong></span> <span class='ocrx_word' id='word_1_638' title='bbox 3559 2913 3864 2976; x_wconf 85' lang='lat' dir='ltr'><strong>debuerunt,</strong></span> 
     </span>
    </p>
   </div>
   <div class='ocr_carea' id='block_1_87' title="bbox 2307 2987 3864 3070">
    <p class='ocr_par' dir='ltr' id='par_1_87' title="bbox 2307 2987 3864 3070">
     <span class='ocr_line' id='line_1_87' title="bbox 2307 2987 3864 3070; baseline 0.011 -31"><span class='ocrx_word' id='word_1_639' title='bbox 2307 2987 2453 3042; x_wconf 90' lang='lat' dir='ltr'><strong>etin</strong></span> <span class='ocrx_word' id='word_1_640' title='bbox 2505 2989 2673 3043; x_wconf 89' lang='lat' dir='ltr'><strong>Deum</strong></span> <span class='ocrx_word' id='word_1_641' title='bbox 2719 2992 2809 3060; x_wconf 88' lang='lat' dir='ltr'><strong>qui</strong></span> <span class='ocrx_word' id='word_1_642' title='bbox 2863 3008 3109 3050; x_wconf 90' lang='lat' dir='ltr'><strong>summus</strong></span> <span class='ocrx_word' id='word_1_643' title='bbox 3163 3006 3248 3051; x_wconf 89' lang='lat' dir='ltr'><strong>est</strong></span> <span class='ocrx_word' id='word_1_644' title='bbox 3296 2998 3606 3070; x_wconf 87' lang='lat' dir='ltr'><strong>imperator</strong></span> <span class='ocrx_word' id='word_1_645' title='bbox 3652 3003 3864 3058; x_wconf 77' lang='lat' dir='ltr'><strong>Acacium</strong></span> 
     </span>
    </p>
   </div>
   <div class='ocr_carea' id='block_1_88' title="bbox 2308 3077 3864 3157">
    <p class='ocr_par' dir='ltr' id='par_1_88' title="bbox 2308 3077 3864 3157">
     <span class='ocr_line' id='line_1_88' title="bbox 2308 3077 3864 3157; baseline 0.01 -25"><span class='ocrx_word' id='word_1_646' title='bbox 2308 3077 2709 3149; x_wconf 89' lang='lat' dir='ltr'><strong>delinquentem</strong></span> <span class='ocrx_word' id='word_1_647' title='bbox 2775 3083 3148 3157; x_wconf 85' lang='lat' dir='ltr'><strong>sinceramque</strong></span> <span class='ocrx_word' id='word_1_648' title='bbox 3217 3092 3665 3148; x_wconf 89' lang='lat' dir='ltr'><strong>communionem</strong></span> <span class='ocrx_word' id='word_1_649' title='bbox 3734 3097 3864 3149; x_wconf 88' lang='lat' dir='ltr'><strong>divini</strong></span> 
     </span>
    </p>
   </div>
   <div class='ocr_carea' id='block_1_89' title="bbox 2231 3171 3865 3249">
    <p class='ocr_par' dir='ltr' id='par_1_89' title="bbox 2231 3171 3865 3249">
     <span class='ocr_line' id='line_1_89' title="bbox 2231 3171 3865 3249; baseline 0.009 -27"><span class='ocrx_word' id='word_1_650' title='bbox 2231 3174 2278 3238; x_wconf 74' lang='grc' dir='ltr'>ο</span> <span class='ocrx_word' id='word_1_651' title='bbox 2309 3171 2638 3225; x_wconf 88' lang='lat' dir='ltr'><strong>sacramenti</strong></span> <span class='ocrx_word' id='word_1_652' title='bbox 2678 3173 2982 3229; x_wconf 89' lang='lat' dir='ltr'><strong>studentem</strong></span> <span class='ocrx_word' id='word_1_653' title='bbox 3011 3177 3242 3232; x_wconf 90' lang='lat' dir='ltr'><strong>miscere</strong></span> <span class='ocrx_word' id='word_1_654' title='bbox 3268 3194 3391 3233; x_wconf 91' lang='lat' dir='ltr'><strong>cum</strong></span> <span class='ocrx_word' id='word_1_655' title='bbox 3440 3181 3637 3238; x_wconf 86' lang='lat' dir='ltr'><strong>infidis</strong></span> <span class='ocrx_word' id='word_1_656' title='bbox 3664 3225 3678 3249; x_wconf 96' lang='lat'><strong>,</strong></span> <span class='ocrx_word' id='word_1_657' title='bbox 3709 3200 3865 3239; x_wconf 84' lang='lat' dir='ltr'><strong>secun-</strong></span> 
     </span>
    </p>
   </div>
   <div class='ocr_carea' id='block_1_90' title="bbox 2311 3259 3862 3342">
    <p class='ocr_par' dir='ltr' id='par_1_90' title="bbox 2311 3259 3862 3342">
     <span class='ocr_line' id='line_1_90' title="bbox 2311 3259 3862 3342; baseline 0.011 -31"><span class='ocrx_word' id='word_1_658' title='bbox 2311 3259 2435 3312; x_wconf 84' lang='lat' dir='ltr'><strong>dum</strong></span> <span class='ocrx_word' id='word_1_659' title='bbox 2461 3261 2723 3332; x_wconf 83' lang='lat' dir='ltr'><strong>synodum</strong></span> <span class='ocrx_word' id='word_1_660' title='bbox 2751 3277 2854 3332; x_wconf 90' lang='lat' dir='ltr'><strong>qua</strong></span> <span class='ocrx_word' id='word_1_661' title='bbox 2886 3274 2968 3319; x_wconf 93' lang='lat' dir='ltr'><strong>est</strong></span> <span class='ocrx_word' id='word_1_662' title='bbox 2988 3265 3243 3321; x_wconf 82' lang='lat' dir='ltr'><strong>damnata</strong></span> <span class='ocrx_word' id='word_1_663' title='bbox 3273 3267 3504 3337; x_wconf 82' lang='lat' dir='ltr'><strong>perﬁdia</strong></span> <span class='ocrx_word' id='word_1_664' title='bbox 3537 3287 3648 3327; x_wconf 91' lang='lat' dir='ltr'><strong>non</strong></span> <span class='ocrx_word' id='word_1_665' title='bbox 3687 3284 3862 3342; x_wconf 55' lang='lat' dir='ltr'><strong>operte;</strong></span> 
     </span>
    </p>
   </div>
   <div class='ocr_carea' id='block_1_91' title="bbox 2307 3347 3863 3432">
    <p class='ocr_par' dir='ltr' id='par_1_91' title="bbox 2307 3347 3863 3432">
     <span class='ocr_line' id='line_1_91' title="bbox 2307 3347 3863 3432; baseline 0.008 -31"><span class='ocrx_word' id='word_1_666' title='bbox 2307 3347 2400 3402; x_wconf 93' lang='lat' dir='ltr'><strong>bat</strong></span> <span class='ocrx_word' id='word_1_667' title='bbox 2426 3349 2640 3404; x_wconf 80' lang='lat' dir='ltr'><strong>excludi</strong></span> <span class='ocrx_word' id='word_1_668' title='bbox 2666 3351 2689 3404; x_wconf 90' lang='lat'><strong>?</strong></span> <span class='ocrx_word' id='word_1_669' title='bbox 2716 3349 2823 3406; x_wconf 90' lang='lat' dir='ltr'><strong>Sed</strong></span> <span class='ocrx_word' id='word_1_670' title='bbox 2854 3353 3022 3407; x_wconf 89' lang='lat' dir='ltr'><strong>velint</strong></span> <span class='ocrx_word' id='word_1_671' title='bbox 3051 3355 3221 3410; x_wconf 89' lang='lat' dir='ltr'><strong>nolint</strong></span> <span class='ocrx_word' id='word_1_672' title='bbox 3248 3358 3418 3428; x_wconf 86' lang='lat' dir='ltr'><strong>ipsius</strong></span> <span class='ocrx_word' id='word_1_673' title='bbox 3443 3359 3665 3428; x_wconf 89' lang='lat' dir='ltr'><strong>judicio</strong></span> <span class='ocrx_word' id='word_1_674' title='bbox 3685 3364 3863 3432; x_wconf 79' lang='lat' dir='ltr'><strong>antiqua</strong></span> 
     </span>
    </p>
   </div>
   <div class='ocr_carea' id='block_1_92' title="bbox 2308 3443 3861 3524">
    <p class='ocr_par' dir='ltr' id='par_1_92' title="bbox 2308 3443 3861 3524">
     <span class='ocr_line' id='line_1_92' title="bbox 2308 3443 3861 3524; baseline 0.01 -32"><span class='ocrx_word' id='word_1_675' title='bbox 2308 3452 2576 3493; x_wconf 89' lang='lat' dir='ltr'><strong>canonum</strong></span> <span class='ocrx_word' id='word_1_676' title='bbox 2625 3443 3014 3499; x_wconf 90' lang='lat' dir='ltr'><strong>constitutione</strong></span> <span class='ocrx_word' id='word_1_677' title='bbox 3062 3444 3442 3504; x_wconf 83' lang='lat' dir='ltr'><strong>firmabuntur.</strong></span> <span class='ocrx_word' id='word_1_678' title='bbox 3497 3450 3616 3508; x_wconf 84' lang='lat' dir='ltr'><strong>Sed</strong></span> <span class='ocrx_word' id='word_1_679' title='bbox 3672 3454 3861 3524; x_wconf 83' lang='lat' dir='ltr'><strong>religiosi</strong></span> 
     </span>
    </p>
   </div>
   <div class='ocr_carea' id='block_1_93' title="bbox 2307 3529 3860 3603">
    <p class='ocr_par' dir='ltr' id='par_1_93' title="bbox 2307 3529 3860 3603">
     <span class='ocr_line' id='line_1_93' title="bbox 2307 3529 3860 3603; baseline 0.01 -20"><span class='ocrx_word' id='word_1_680' title='bbox 2307 3529 2408 3584; x_wconf 90' lang='lat' dir='ltr'><strong>viri</strong></span> <span class='ocrx_word' id='word_1_681' title='bbox 2469 3540 2634 3601; x_wconf 91' lang='lat' dir='ltr'><strong>atque</strong></span> <span class='ocrx_word' id='word_1_682' title='bbox 2686 3533 2912 3603; x_wconf 88' lang='lat' dir='ltr'><strong>perfecti</strong></span> <span class='ocrx_word' id='word_1_683' title='bbox 2971 3539 3266 3594; x_wconf 86' lang='lat' dir='ltr'><strong>secumlum</strong></span> <span class='ocrx_word' id='word_1_684' title='bbox 3307 3556 3551 3598; x_wconf 89' lang='lat' dir='ltr'><strong>canones</strong></span> <span class='ocrx_word' id='word_1_685' title='bbox 3587 3559 3860 3600; x_wconf 79' lang='lat' dir='ltr'><strong>concessam</strong></span> 
     </span>
    </p>
   </div>
   <div class='ocr_carea' id='block_1_94' title="bbox 2307 3622 3858 3708">
    <p class='ocr_par' dir='ltr' id='par_1_94' title="bbox 2307 3622 3858 3708">
     <span class='ocr_line' id='line_1_94' title="bbox 2307 3622 3858 3708; baseline 0.01 -32"><span class='ocrx_word' id='word_1_686' title='bbox 2307 3622 2422 3676; x_wconf 89' lang='lat' dir='ltr'><strong>sedi</strong></span> <span class='ocrx_word' id='word_1_687' title='bbox 2446 3623 2754 3692; x_wconf 69' lang='lat' dir='ltr'><strong>apostolica:</strong></span> <span class='ocrx_word' id='word_1_688' title='bbox 2768 3635 3088 3695; x_wconf 87' lang='lat' dir='ltr'><strong>potestatem</strong></span> <span class='ocrx_word' id='word_1_689' title='bbox 3107 3632 3359 3687; x_wconf 89' lang='lat' dir='ltr'><strong>nimirum</strong></span> <span class='ocrx_word' id='word_1_690' title='bbox 3375 3647 3652 3694; x_wconf 88' lang='lat' dir='ltr'><strong>conantur</strong></span> <span class='ocrx_word' id='word_1_691' title='bbox 3673 3641 3858 3708; x_wconf 73' lang='lat' dir='ltr'><strong>eripere,</strong></span> 
     </span>
    </p>
   </div>
   <div class='ocr_carea' id='block_1_95' title="bbox 2306 3715 3862 3798">
    <p class='ocr_par' dir='ltr' id='par_1_95' title="bbox 2306 3715 3862 3798">
     <span class='ocr_line' id='line_1_95' title="bbox 2306 3715 3862 3798; baseline 0.01 -29"><span class='ocrx_word' id='word_1_692' title='bbox 2306 3715 2596 3771; x_wconf 90' lang='lat' dir='ltr'><strong>etsibimet</strong></span> <span class='ocrx_word' id='word_1_693' title='bbox 2613 3732 2731 3772; x_wconf 90' lang='lat' dir='ltr'><strong>eam</strong></span> <span class='ocrx_word' id='word_1_694' title='bbox 2756 3729 2946 3776; x_wconf 91' lang='lat' dir='ltr'><strong>contra</strong></span> <span class='ocrx_word' id='word_1_695' title='bbox 2973 3738 3207 3780; x_wconf 88' lang='lat' dir='ltr'><strong>canones</strong></span> <span class='ocrx_word' id='word_1_696' title='bbox 3233 3741 3503 3798; x_wconf 89' lang='lat' dir='ltr'><strong>usurpare</strong></span> <span class='ocrx_word' id='word_1_697' title='bbox 3529 3733 3862 3787; x_wconf 81' lang='lat' dir='ltr'><strong>contendunt?</strong></span> 
     </span>
    </p>
   </div>
   <div class='ocr_carea' id='block_1_96' title="bbox 2305 3806 3853 3889">
    <p class='ocr_par' dir='ltr' id='par_1_96' title="bbox 2305 3806 3853 3889">
     <span class='ocr_line' id='line_1_96' title="bbox 2305 3806 3853 3889; baseline 0.01 -27"><span class='ocrx_word' id='word_1_698' title='bbox 2305 3806 2349 3862; x_wconf 92' lang='grc' dir='ltr'><strong>Ο</strong></span> <span class='ocrx_word' id='word_1_699' title='bbox 2373 3824 2640 3864; x_wconf 88' lang='lat' dir='ltr'><strong>canonum</strong></span> <span class='ocrx_word' id='word_1_700' title='bbox 2670 3813 2954 3882; x_wconf 83' lang='lat' dir='ltr'><strong>magistros</strong></span> <span class='ocrx_word' id='word_1_701' title='bbox 2979 3826 3142 3886; x_wconf 89' lang='lat' dir='ltr'><strong>atque</strong></span> <span class='ocrx_word' id='word_1_702' title='bbox 3164 3821 3416 3875; x_wconf 85' lang='lat' dir='ltr'><strong>custodes</strong></span> <span class='ocrx_word' id='word_1_703' title='bbox 3435 3863 3451 3889; x_wconf 94' lang='lat'><strong>,</strong></span> <span class='ocrx_word' id='word_1_704' title='bbox 3480 3826 3644 3880; x_wconf 90' lang='lat' dir='ltr'><strong>nobis</strong></span> <span class='ocrx_word' id='word_1_705' title='bbox 3686 3828 3853 3881; x_wconf 84' lang='lat' dir='ltr'><strong>nullum</strong></span> 
     </span>
    </p>
   </div>
   <div class='ocr_carea' id='block_1_97' title="bbox 2310 3897 3858 3971">
    <p class='ocr_par' dir='ltr' id='par_1_97' title="bbox 2310 3897 3858 3971">
     <span class='ocr_line' id='line_1_97' title="bbox 2310 3897 3858 3971; baseline 0.012 -21"><span class='ocrx_word' id='word_1_706' title='bbox 2310 3897 2391 3952; x_wconf 86' lang='lat' dir='ltr'><strong>fas</strong></span> <span class='ocrx_word' id='word_1_707' title='bbox 2415 3907 2501 3954; x_wconf 87' lang='lat' dir='ltr'><strong>est</strong></span> <span class='ocrx_word' id='word_1_708' title='bbox 2531 3900 2669 3956; x_wconf 90' lang='lat' dir='ltr'><strong>inire</strong></span> <span class='ocrx_word' id='word_1_709' title='bbox 2705 3913 2985 3960; x_wconf 83' lang='lat' dir='ltr'><strong>certamen</strong></span> <span class='ocrx_word' id='word_1_710' title='bbox 3008 3924 3131 3962; x_wconf 86' lang='lat' dir='ltr'><strong>cum</strong></span> <span class='ocrx_word' id='word_1_711' title='bbox 3161 3911 3472 3969; x_wconf 90' lang='lat' dir='ltr'><strong>hominibus</strong></span> <span class='ocrx_word' id='word_1_712' title='bbox 3503 3917 3858 3971; x_wconf 85' lang='lat' dir='ltr'><strong>communionis</strong></span> 
     </span>
    </p>
   </div>
   <div class='ocr_carea' id='block_1_98' title="bbox 2305 3989 3855 4072">
    <p class='ocr_par' dir='ltr' id='par_1_98' title="bbox 2305 3989 3855 4072">
     <span class='ocr_line' id='line_1_98' title="bbox 2305 3989 3855 4072; baseline 0.012 -31"><span class='ocrx_word' id='word_1_713' title='bbox 2305 3989 2522 4055; x_wconf 75' lang='lat' dir='ltr'><strong>alienze,</strong></span> <span class='ocrx_word' id='word_1_714' title='bbox 2581 3991 2764 4046; x_wconf 88' lang='lat' dir='ltr'><strong>divina</strong></span> <span class='ocrx_word' id='word_1_715' title='bbox 2841 3995 3120 4067; x_wconf 88' lang='lat' dir='ltr'><strong>Scriptura</strong></span> <span class='ocrx_word' id='word_1_716' title='bbox 3186 4004 3569 4072; x_wconf 69' lang='lat' dir='ltr'><strong>prazdicante,</strong></span> <span class='ocrx_word' id='word_1_717' title='bbox 3627 4009 3855 4062; x_wconf 81' lang='lat' dir='ltr'><strong>hominem</strong></span> 
     </span>
    </p>
   </div>
   <div class='ocr_carea' id='block_1_99' title="bbox 2304 4081 3853 4169">
    <p class='ocr_par' dir='ltr' id='par_1_99' title="bbox 2304 4081 3853 4169">
     <span class='ocr_line' id='line_1_99' title="bbox 2304 4081 3853 4169; baseline 0.01 -34"><span class='ocrx_word' id='word_1_718' title='bbox 2304 4081 2616 4138; x_wconf 64' lang='lat' dir='ltr'><strong>hmreticum</strong></span> <span class='ocrx_word' id='word_1_719' title='bbox 2645 4096 2769 4154; x_wconf 89' lang='lat' dir='ltr'><strong>post</strong></span> <span class='ocrx_word' id='word_1_720' title='bbox 2805 4089 3032 4157; x_wconf 90' lang='lat' dir='ltr'><strong>primam</strong></span> <span class='ocrx_word' id='word_1_721' title='bbox 3070 4101 3128 4147; x_wconf 91' lang='lat' dir='ltr'><strong>et</strong></span> <span class='ocrx_word' id='word_1_722' title='bbox 3167 4097 3461 4150; x_wconf 88' lang='lat' dir='ltr'><strong>secundam</strong></span> <span class='ocrx_word' id='word_1_723' title='bbox 3493 4101 3853 4169; x_wconf 85' lang='lat' dir='ltr'><strong>correptionem</strong></span> 
     </span>
    </p>
   </div>
   <div class='ocr_carea' id='block_1_100' title="bbox 2303 4173 3854 4262">
    <p class='ocr_par' dir='ltr' id='par_1_100' title="bbox 2303 4173 3854 4262">
     <span class='ocr_line' id='line_1_100' title="bbox 2303 4173 3854 4262; baseline 0.01 -37"><span class='ocrx_word' id='word_1_724' title='bbox 2303 4173 2503 4228; x_wconf 89' lang='lat' dir='ltr'><strong>devita.</strong></span> <span class='ocrx_word' id='word_1_725' title='bbox 2535 4173 2727 4230; x_wconf 90' lang='lat' dir='ltr'><strong>Sciens</strong></span> <span class='ocrx_word' id='word_1_726' title='bbox 2755 4179 2900 4246; x_wconf 87' lang='lat' dir='ltr'><strong>quod</strong></span> <span class='ocrx_word' id='word_1_727' title='bbox 2930 4179 3232 4250; x_wconf 91' lang='lat' dir='ltr'><strong>hujusmodi</strong></span> <span class='ocrx_word' id='word_1_728' title='bbox 3269 4185 3775 4262; x_wconf 80' lang='lat' dir='ltr'><strong>delinquatproprio</strong></span> <span class='ocrx_word' id='word_1_729' title='bbox 3790 4189 3854 4258; x_wconf 55' lang='lat' dir='ltr'><strong>ju.</strong></span> 
     </span>
    </p>
   </div>
   <div class='ocr_carea' id='block_1_101' title="bbox 2302 4267 3852 4352">
    <p class='ocr_par' dir='ltr' id='par_1_101' title="bbox 2302 4267 3852 4352">
     <span class='ocr_line' id='line_1_101' title="bbox 2302 4267 3852 4352; baseline 0.009 -30"><span class='ocrx_word' id='word_1_730' title='bbox 2302 4267 2445 4324; x_wconf 91' lang='lat' dir='ltr'><strong>dicio</strong></span> <span class='ocrx_word' id='word_1_731' title='bbox 2466 4271 2875 4328; x_wconf 91' lang='lat' dir='ltr'><strong>condemnatus.</strong></span> <span class='ocrx_word' id='word_1_732' title='bbox 2901 4275 3041 4332; x_wconf 88' lang='lat' dir='ltr'><strong>Ecce</strong></span> <span class='ocrx_word' id='word_1_733' title='bbox 3065 4291 3417 4349; x_wconf 86' lang='lat' dir='ltr'><strong>cognoscant,</strong></span> <span class='ocrx_word' id='word_1_734' title='bbox 3443 4285 3571 4352; x_wconf 87' lang='lat' dir='ltr'><strong>quia</strong></span> <span class='ocrx_word' id='word_1_735' title='bbox 3595 4301 3698 4339; x_wconf 87' lang='lat' dir='ltr'><strong>non</strong></span> <span class='ocrx_word' id='word_1_736' title='bbox 3720 4284 3852 4340; x_wconf 86' lang='lat' dir='ltr'><strong>solum</strong></span> 
     </span>
    </p>
   </div>
   <div class='ocr_carea' id='block_1_102' title="bbox 2301 4361 3849 4440">
    <p class='ocr_par' dir='ltr' id='par_1_102' title="bbox 2301 4361 3849 4440">
     <span class='ocr_line' id='line_1_102' title="bbox 2301 4361 3849 4440; baseline 0.013 -27"><span class='ocrx_word' id='word_1_737' title='bbox 2301 4361 2371 4415; x_wconf 90' lang='lat' dir='ltr'><strong>ab</strong></span> <span class='ocrx_word' id='word_1_738' title='bbox 2388 4361 2517 4427; x_wconf 90' lang='lat' dir='ltr'><strong>alio,</strong></span> <span class='ocrx_word' id='word_1_739' title='bbox 2547 4362 2640 4418; x_wconf 79' lang='lat' dir='ltr'><strong>sed</strong></span> <span class='ocrx_word' id='word_1_740' title='bbox 2667 4379 2696 4418; x_wconf 92' lang='lat' dir='ltr'><strong>a</strong></span> <span class='ocrx_word' id='word_1_741' title='bbox 2718 4379 2775 4418; x_wconf 92' lang='lat' dir='ltr'><strong>se</strong></span> <span class='ocrx_word' id='word_1_742' title='bbox 2796 4367 3012 4436; x_wconf 90' lang='lat' dir='ltr'><strong>proprie</strong></span> <span class='ocrx_word' id='word_1_743' title='bbox 3029 4385 3240 4440; x_wconf 85' lang='lat' dir='ltr'><strong>quoque</strong></span> <span class='ocrx_word' id='word_1_744' title='bbox 3267 4372 3559 4430; x_wconf 89' lang='lat' dir='ltr'><strong>damnetur</strong></span> <span class='ocrx_word' id='word_1_745' title='bbox 3588 4377 3849 4433; x_wconf 70' lang='lat' dir='ltr'><strong>haereticus.</strong></span> 
     </span>
    </p>
   </div>
   <div class='ocr_carea' id='block_1_103' title="bbox 2301 4449 3850 4534">
    <p class='ocr_par' dir='ltr' id='par_1_103' title="bbox 2301 4449 3850 4534">
     <span class='ocr_line' id='line_1_103' title="bbox 2301 4449 3850 4534; baseline 0.012 -31"><span class='ocrx_word' id='word_1_746' title='bbox 2301 4449 2431 4506; x_wconf 87' lang='lat' dir='ltr'><strong>illud</strong></span> <span class='ocrx_word' id='word_1_747' title='bbox 2456 4461 2636 4507; x_wconf 90' lang='lat' dir='ltr'><strong>autem</strong></span> <span class='ocrx_word' id='word_1_748' title='bbox 2668 4455 2829 4511; x_wconf 89' lang='lat' dir='ltr'><strong>nimis</strong></span> <span class='ocrx_word' id='word_1_749' title='bbox 2860 4467 2943 4512; x_wconf 88' lang='lat' dir='ltr'><strong>est</strong></span> <span class='ocrx_word' id='word_1_750' title='bbox 2976 4459 3258 4531; x_wconf 90' lang='lat' dir='ltr'><strong>impudens</strong></span> <span class='ocrx_word' id='word_1_751' title='bbox 3278 4504 3292 4530; x_wconf 95' lang='lat'><strong>,</strong></span> <span class='ocrx_word' id='word_1_752' title='bbox 3329 4466 3472 4534; x_wconf 91' lang='lat' dir='ltr'><strong>quod</strong></span> <span class='ocrx_word' id='word_1_753' title='bbox 3505 4470 3757 4524; x_wconf 84' lang='lat' dir='ltr'><strong>Acacium</strong></span> <span class='ocrx_word' id='word_1_754' title='bbox 3784 4484 3850 4521; x_wconf 64' lang='lat' dir='ltr'><strong>ve</strong></span> 
     </span>
    </p>
   </div>
   <div class='ocr_carea' id='block_1_104' title="bbox 2303 4542 3844 4623">
    <p class='ocr_par' dir='ltr' id='par_1_104' title="bbox 2303 4542 3844 4623">
     <span class='ocr_line' id='line_1_104' title="bbox 2303 4542 3844 4623; baseline 0.011 -27"><span class='ocrx_word' id='word_1_755' title='bbox 2303 4542 2446 4596; x_wconf 88' lang='lat' dir='ltr'><strong>niam</strong></span> <span class='ocrx_word' id='word_1_756' title='bbox 2486 4546 2786 4612; x_wconf 89' lang='lat' dir='ltr'><strong>postulasse</strong></span> <span class='ocrx_word' id='word_1_757' title='bbox 2825 4549 3173 4623; x_wconf 87' lang='lat' dir='ltr'><strong>confingunt,</strong></span> <span class='ocrx_word' id='word_1_758' title='bbox 3213 4565 3268 4611; x_wconf 91' lang='lat' dir='ltr'><strong>et</strong></span> <span class='ocrx_word' id='word_1_759' title='bbox 3319 4573 3418 4612; x_wconf 92' lang='lat' dir='ltr'><strong>nos</strong></span> <span class='ocrx_word' id='word_1_760' title='bbox 3458 4564 3741 4618; x_wconf 80' lang='lat' dir='ltr'><strong>exstitisse</strong></span> <span class='ocrx_word' id='word_1_761' title='bbox 3774 4560 3844 4614; x_wconf 87' lang='lat' dir='ltr'><strong>dif-</strong></span> 
     </span>
    </p>
   </div>
   <div class='ocr_carea' id='block_1_105' title="bbox 2304 4633 2495 4690">
    <p class='ocr_par' dir='ltr' id='par_1_105' title="bbox 2304 4633 2495 4690">
     <span class='ocr_line' id='line_1_105' title="bbox 2304 4633 2495 4690; baseline 0.026 -5"><span class='ocrx_word' id='word_1_762' title='bbox 2304 4633 2495 4690; x_wconf 84' lang='lat' dir='ltr'><strong>ticiles.</strong></span> 
     </span>
    </p>
   </div>
   <div class='ocr_carea' id='block_1_106' title="bbox 2373 4725 3844 4802">
    <p class='ocr_par' dir='ltr' id='par_1_106' title="bbox 2373 4725 3844 4802">
     <span class='ocr_line' id='line_1_106' title="bbox 2373 4725 3844 4802; baseline 0.013 -23"><span class='ocrx_word' id='word_1_763' title='bbox 2373 4725 2548 4782; x_wconf 90' lang='lat' dir='ltr'><strong>Testis</strong></span> <span class='ocrx_word' id='word_1_764' title='bbox 2591 4738 2674 4784; x_wconf 90' lang='lat' dir='ltr'><strong>est</strong></span> <span class='ocrx_word' id='word_1_765' title='bbox 2717 4730 2882 4788; x_wconf 88' lang='lat' dir='ltr'><strong>frater</strong></span> <span class='ocrx_word' id='word_1_766' title='bbox 2920 4745 3101 4792; x_wconf 84' lang='lat' dir='ltr'><strong>vester</strong></span> <span class='ocrx_word' id='word_1_767' title='bbox 3151 4739 3235 4794; x_wconf 85' lang='lat' dir='ltr'><strong>vir</strong></span> <span class='ocrx_word' id='word_1_768' title='bbox 3279 4741 3507 4800; x_wconf 88' lang='lat' dir='ltr'><strong>illustris</strong></span> <span class='ocrx_word' id='word_1_769' title='bbox 3551 4747 3692 4802; x_wconf 83' lang='lat' dir='ltr'><strong>filius</strong></span> <span class='ocrx_word' id='word_1_770' title='bbox 3730 4762 3844 4802; x_wconf 82' lang='lat' dir='ltr'><strong>meus</strong></span> 
     </span>
    </p>
   </div>
   <div class='ocr_carea' id='block_1_107' title="bbox 2299 4817 3842 4894">
    <p class='ocr_par' dir='ltr' id='par_1_107' title="bbox 2299 4817 3842 4894">
     <span class='ocr_line' id='line_1_107' title="bbox 2299 4817 3842 4894; baseline 0.012 -23"><span class='ocrx_word' id='word_1_771' title='bbox 2299 4817 2724 4886; x_wconf 87' lang='lat' dir='ltr'><strong>Andromachus,</strong></span> <span class='ocrx_word' id='word_1_772' title='bbox 2759 4825 2848 4894; x_wconf 92' lang='lat' dir='ltr'><strong>qui</strong></span> <span class='ocrx_word' id='word_1_773' title='bbox 2879 4837 2930 4881; x_wconf 91' lang='lat' dir='ltr'><strong>et</strong></span> <span class='ocrx_word' id='word_1_774' title='bbox 2974 4843 3002 4882; x_wconf 94' lang='lat' dir='ltr'><strong>a</strong></span> <span class='ocrx_word' id='word_1_775' title='bbox 3035 4831 3190 4886; x_wconf 73' lang='lat' dir='ltr'><strong>nobis</strong></span> <span class='ocrx_word' id='word_1_776' title='bbox 3220 4832 3563 4891; x_wconf 90' lang='lat' dir='ltr'><strong>abundanter</strong></span> <span class='ocrx_word' id='word_1_777' title='bbox 3591 4839 3842 4893; x_wconf 87' lang='lat' dir='ltr'><strong>instructus</strong></span> 
     </span>
    </p>
   </div>
   <div class='ocr_carea' id='block_1_108' title="bbox 2297 4915 3843 4995">
    <p class='ocr_par' dir='ltr' id='par_1_108' title="bbox 2297 4915 3843 4995">
     <span class='ocr_line' id='line_1_108' title="bbox 2297 4915 3843 4995; baseline 0.012 -31"><span class='ocrx_word' id='word_1_778' title='bbox 2297 4921 2398 4977; x_wconf 91' lang='lat' dir='ltr'><strong>est,</strong></span> <span class='ocrx_word' id='word_1_779' title='bbox 2441 4923 2499 4966; x_wconf 92' lang='lat' dir='ltr'><strong>ut</strong></span> <span class='ocrx_word' id='word_1_780' title='bbox 2532 4915 2911 4972; x_wconf 87' lang='lat' dir='ltr'><strong>cohortaretur</strong></span> <span class='ocrx_word' id='word_1_781' title='bbox 2933 4919 3186 4976; x_wconf 86' lang='lat' dir='ltr'><strong>Acacium</strong></span> <span class='ocrx_word' id='word_1_782' title='bbox 3226 4925 3467 4995; x_wconf 81' lang='lat' dir='ltr'><strong>deposita</strong></span> <span class='ocrx_word' id='word_1_783' title='bbox 3521 4931 3843 4985; x_wconf 82' lang='lat' dir='ltr'><strong>obstinatione</strong></span> 
     </span>
    </p>
   </div>
   <div class='ocr_carea' id='block_1_109' title="bbox 2299 5004 3840 5085">
    <p class='ocr_par' dir='ltr' id='par_1_109' title="bbox 2299 5004 3840 5085">
     <span class='ocr_line' id='line_1_109' title="bbox 2299 5004 3840 5085; baseline 0.013 -29"><span class='ocrx_word' id='word_1_784' title='bbox 2299 5004 2636 5073; x_wconf 87' lang='lat' dir='ltr'><strong>resipiscere,</strong></span> <span class='ocrx_word' id='word_1_785' title='bbox 2666 5017 2721 5064; x_wconf 91' lang='lat' dir='ltr'><strong>et</strong></span> <span class='ocrx_word' id='word_1_786' title='bbox 2758 5011 2825 5064; x_wconf 91' lang='lat' dir='ltr'><strong>ad</strong></span> <span class='ocrx_word' id='word_1_787' title='bbox 2863 5014 3006 5068; x_wconf 91' lang='lat' dir='ltr'><strong>sedis</strong></span> <span class='ocrx_word' id='word_1_788' title='bbox 3046 5018 3350 5085; x_wconf 73' lang='lat' dir='ltr'><strong>apostolica:</strong></span> <span class='ocrx_word' id='word_1_789' title='bbox 3387 5037 3636 5081; x_wconf 85' lang='lat' dir='ltr'><strong>remeare</strong></span> <span class='ocrx_word' id='word_1_790' title='bbox 3661 5039 3840 5080; x_wconf 83' lang='lat' dir='ltr'><strong>consor-</strong></span> 
     </span>
    </p>
   </div>
   <div class='ocr_carea' id='block_1_110' title="bbox 2300 5095 3837 5184">
    <p class='ocr_par' dir='ltr' id='par_1_110' title="bbox 2300 5095 3837 5184">
     <span class='ocr_line' id='line_1_110' title="bbox 2300 5095 3837 5184; baseline 0.012 -36"><span class='ocrx_word' id='word_1_791' title='bbox 2300 5095 2448 5160; x_wconf 91' lang='lat' dir='ltr'><strong>tium,</strong></span> <span class='ocrx_word' id='word_1_792' title='bbox 2476 5099 2672 5168; x_wconf 86' lang='lat' dir='ltr'><strong>quique</strong></span> <span class='ocrx_word' id='word_1_793' title='bbox 2705 5116 2762 5155; x_wconf 92' lang='lat' dir='ltr'><strong>se</strong></span> <span class='ocrx_word' id='word_1_794' title='bbox 2797 5103 2896 5158; x_wconf 90' lang='lat' dir='ltr'><strong>sub</strong></span> <span class='ocrx_word' id='word_1_795' title='bbox 2912 5102 3265 5175; x_wconf 84' lang='lat' dir='ltr'><strong>jurejurando</strong></span> <span class='ocrx_word' id='word_1_796' title='bbox 3298 5115 3508 5184; x_wconf 86' lang='lat' dir='ltr'><strong>magnis</strong></span> <span class='ocrx_word' id='word_1_797' title='bbox 3537 5131 3659 5170; x_wconf 91' lang='lat' dir='ltr'><strong>cum</strong></span> <span class='ocrx_word' id='word_1_798' title='bbox 3686 5112 3837 5170; x_wconf 83' lang='lat' dir='ltr'><strong>eodem</strong></span> 
     </span>
    </p>
   </div>
   <div class='ocr_carea' id='block_1_111' title="bbox 2299 5187 3834 5274">
    <p class='ocr_par' dir='ltr' id='par_1_111' title="bbox 2299 5187 3834 5274">
     <span class='ocr_line' id='line_1_111' title="bbox 2299 5187 3834 5274; baseline 0.012 -35"><span class='ocrx_word' id='word_1_799' title='bbox 2299 5187 2664 5245; x_wconf 89' lang='lat' dir='ltr'><strong>molitionibus</strong></span> <span class='ocrx_word' id='word_1_800' title='bbox 2710 5192 2885 5263; x_wconf 87' lang='lat' dir='ltr'><strong>egisse</strong></span> <span class='ocrx_word' id='word_1_801' title='bbox 2923 5204 3168 5264; x_wconf 87' lang='lat' dir='ltr'><strong>testatur,</strong></span> <span class='ocrx_word' id='word_1_802' title='bbox 3219 5216 3318 5256; x_wconf 91' lang='lat' dir='ltr'><strong>nec</strong></span> <span class='ocrx_word' id='word_1_803' title='bbox 3357 5204 3425 5256; x_wconf 89' lang='lat' dir='ltr'><strong>ad</strong></span> <span class='ocrx_word' id='word_1_804' title='bbox 3462 5221 3526 5259; x_wconf 87' lang='lat' dir='ltr'><strong>ea</strong></span> <span class='ocrx_word' id='word_1_805' title='bbox 3573 5222 3689 5274; x_wconf 64' lang='lat' dir='ltr'><strong>quae</strong></span> <span class='ocrx_word' id='word_1_806' title='bbox 3724 5214 3834 5260; x_wconf 73' lang='lat' dir='ltr'><strong>recta</strong></span> 
     </span>
    </p>
   </div>
   <div class='ocr_carea' id='block_1_112' title="bbox 2297 5281 3832 5365">
    <p class='ocr_par' dir='ltr' id='par_1_112' title="bbox 2297 5281 3832 5365">
     <span class='ocr_line' id='line_1_112' title="bbox 2297 5281 3832 5365; baseline 0.008 -33"><span class='ocrx_word' id='word_1_807' title='bbox 2297 5287 2421 5332; x_wconf 88' lang='lat' dir='ltr'><strong>sunt</strong></span> <span class='ocrx_word' id='word_1_808' title='bbox 2442 5281 2683 5349; x_wconf 84' lang='lat' dir='ltr'><strong>potuisse</strong></span> <span class='ocrx_word' id='word_1_809' title='bbox 2717 5282 2928 5340; x_wconf 83' lang='lat' dir='ltr'><strong>deﬂecti</strong></span> <span class='ocrx_word' id='word_1_810' title='bbox 2952 5327 2964 5351; x_wconf 89' lang='lat'><strong>,</strong></span> <span class='ocrx_word' id='word_1_811' title='bbox 2997 5287 3134 5344; x_wconf 92' lang='lat' dir='ltr'><strong>sicut</strong></span> <span class='ocrx_word' id='word_1_812' title='bbox 3163 5305 3338 5346; x_wconf 91' lang='lat' dir='ltr'><strong>rerum</strong></span> <span class='ocrx_word' id='word_1_813' title='bbox 3369 5296 3630 5361; x_wconf 89' lang='lat' dir='ltr'><strong>probatur</strong></span> <span class='ocrx_word' id='word_1_814' title='bbox 3649 5295 3832 5365; x_wconf 72' lang='lat' dir='ltr'><strong>effectu.</strong></span> 
     </span>
    </p>
   </div>
   <div class='ocr_carea' id='block_1_113' title="bbox 2297 5367 3833 5458">
    <p class='ocr_par' dir='ltr' id='par_1_113' title="bbox 2297 5367 3833 5458">
     <span class='ocr_line' id='line_1_113' title="bbox 2297 5367 3833 5458; baseline 0.012 -37"><span class='ocrx_word' id='word_1_815' title='bbox 2297 5367 2456 5423; x_wconf 89' lang='lat' dir='ltr'><strong>Certe</strong></span> <span class='ocrx_word' id='word_1_816' title='bbox 2483 5372 2787 5440; x_wconf 88' lang='lat' dir='ltr'><strong>proferatur</strong></span> <span class='ocrx_word' id='word_1_817' title='bbox 2813 5375 3077 5444; x_wconf 86' lang='lat' dir='ltr'><strong>judicium</strong></span> <span class='ocrx_word' id='word_1_818' title='bbox 3119 5381 3330 5450; x_wconf 86' lang='lat' dir='ltr'><strong>quando</strong></span> <span class='ocrx_word' id='word_1_819' title='bbox 3377 5387 3609 5454; x_wconf 86' lang='lat' dir='ltr'><strong>miserit,</strong></span> <span class='ocrx_word' id='word_1_820' title='bbox 3659 5386 3833 5458; x_wconf 78' lang='lat' dir='ltr'><strong>quando</strong></span> 
     </span>
    </p>
   </div>
   <div class='ocr_carea' id='block_1_114' title="bbox 2292 5459 3832 5547">
    <p class='ocr_par' dir='ltr' id='par_1_114' title="bbox 2292 5459 3832 5547">
     <span class='ocr_line' id='line_1_114' title="bbox 2292 5459 3832 5547; baseline 0.012 -36"><span class='ocrx_word' id='word_1_821' title='bbox 2292 5459 2504 5513; x_wconf 83' lang='lat' dir='ltr'><strong>veniam</strong></span> <span class='ocrx_word' id='word_1_822' title='bbox 2536 5463 2822 5530; x_wconf 84' lang='lat' dir='ltr'><strong>postularit</strong></span> <span class='ocrx_word' id='word_1_823' title='bbox 2849 5471 3352 5542; x_wconf 83' lang='lat' dir='ltr'><strong>correptionemque</strong></span> <span class='ocrx_word' id='word_1_824' title='bbox 3387 5490 3539 5530; x_wconf 88' lang='lat' dir='ltr'><strong>suam</strong></span> <span class='ocrx_word' id='word_1_825' title='bbox 3568 5479 3717 5533; x_wconf 90' lang='lat' dir='ltr'><strong>nobis</strong></span> <span class='ocrx_word' id='word_1_826' title='bbox 3737 5491 3832 5547; x_wconf 82' lang='lat' dir='ltr'><strong>pro-</strong></span> 
     </span>
    </p>
   </div>
   <div class='ocr_carea' id='block_1_115' title="bbox 2295 5549 3830 5641">
    <p class='ocr_par' dir='ltr' id='par_1_115' title="bbox 2295 5549 3830 5641">
     <span class='ocr_line' id='line_1_115' title="bbox 2295 5549 3830 5641; baseline 0.016 -40"><span class='ocrx_word' id='word_1_827' title='bbox 2295 5549 2501 5605; x_wconf 87' lang='lat' dir='ltr'><strong>miserit</strong></span> <span class='ocrx_word' id='word_1_828' title='bbox 2542 5553 2921 5624; x_wconf 80' lang='lat' dir='ltr'><strong>exhibendam,</strong></span> <span class='ocrx_word' id='word_1_829' title='bbox 2970 5562 3070 5615; x_wconf 91' lang='lat' dir='ltr'><strong>nisi</strong></span> <span class='ocrx_word' id='word_1_830' title='bbox 3098 5561 3237 5618; x_wconf 88' lang='lat' dir='ltr'><strong>forte</strong></span> <span class='ocrx_word' id='word_1_831' title='bbox 3262 5565 3405 5622; x_wconf 90' lang='lat' dir='ltr'><strong>hunc</strong></span> <span class='ocrx_word' id='word_1_832' title='bbox 3446 5571 3678 5624; x_wconf 89' lang='lat' dir='ltr'><strong>animum</strong></span> <span class='ocrx_word' id='word_1_833' title='bbox 3699 5569 3830 5641; x_wconf 77' lang='lat' dir='ltr'><strong>gessit</strong></span> 
     </span>
    </p>
   </div>
   <div class='ocr_carea' id='block_1_116' title="bbox 2291 5649 3826 5726">
    <p class='ocr_par' dir='ltr' id='par_1_116' title="bbox 2291 5649 3826 5726">
     <span class='ocr_line' id='line_1_116' title="bbox 2291 5649 3826 5726; baseline 0.01 -32"><span class='ocrx_word' id='word_1_834' title='bbox 2291 5655 2448 5710; x_wconf 89' lang='lat' dir='ltr'><strong>quem</strong></span> <span class='ocrx_word' id='word_1_835' title='bbox 2472 5658 2811 5702; x_wconf 89' lang='lat' dir='ltr'><strong>successores</strong></span> <span class='ocrx_word' id='word_1_836' title='bbox 2837 5649 2953 5719; x_wconf 90' lang='lat' dir='ltr'><strong>ejus</strong></span> <span class='ocrx_word' id='word_1_837' title='bbox 2977 5651 3175 5708; x_wconf 90' lang='lat' dir='ltr'><strong>habere</strong></span> <span class='ocrx_word' id='word_1_838' title='bbox 3199 5657 3568 5726; x_wconf 89' lang='lat' dir='ltr'><strong>perspicimus.</strong></span> <span class='ocrx_word' id='word_1_839' title='bbox 3597 5659 3661 5716; x_wconf 89' lang='lat' dir='ltr'><strong>Ut</strong></span> <span class='ocrx_word' id='word_1_840' title='bbox 3687 5670 3826 5713; x_wconf 82' lang='lat' dir='ltr'><strong>tamen</strong></span> 
     </span>
    </p>
   </div>
   <div class='ocr_carea' id='block_1_117' title="bbox 2291 5731 3823 5817">
    <p class='ocr_par' dir='ltr' id='par_1_117' title="bbox 2291 5731 3823 5817">
     <span class='ocr_line' id='line_1_117' title="bbox 2291 5731 3823 5817; baseline 0.011 -32"><span class='ocrx_word' id='word_1_841' title='bbox 2291 5731 2336 5787; x_wconf 89' lang='lat' dir='ltr'><strong>si</strong></span> <span class='ocrx_word' id='word_1_842' title='bbox 2371 5733 2578 5790; x_wconf 87' lang='lat' dir='ltr'><strong>veniam</strong></span> <span class='ocrx_word' id='word_1_843' title='bbox 2606 5737 2904 5806; x_wconf 88' lang='lat' dir='ltr'><strong>postularet</strong></span> <span class='ocrx_word' id='word_1_844' title='bbox 2945 5743 3198 5813; x_wconf 82' lang='lat' dir='ltr'><strong>impendi,</strong></span> <span class='ocrx_word' id='word_1_845' title='bbox 3227 5747 3305 5802; x_wconf 91' lang='lat' dir='ltr'><strong>sic</strong></span> <span class='ocrx_word' id='word_1_846' title='bbox 3332 5750 3432 5804; x_wconf 84' lang='lat' dir='ltr'><strong>sibi</strong></span> <span class='ocrx_word' id='word_1_847' title='bbox 3479 5752 3647 5817; x_wconf 87' lang='lat' dir='ltr'><strong>vellet,</strong></span> <span class='ocrx_word' id='word_1_848' title='bbox 3682 5762 3729 5806; x_wconf 93' lang='lat' dir='ltr'><strong>ut</strong></span> <span class='ocrx_word' id='word_1_849' title='bbox 3760 5751 3823 5804; x_wconf 88' lang='lat' dir='ltr'><strong>ni-</strong></span> 
     </span>
    </p>
   </div>
  </div>
