3974 6432
67 327 185 382 957

1265 321 1758 381 DECRETALIUM
1793 320 2178 380 COLLECTIO

3244 336 3348 393 958

63 436 379 493 hilominus
412 434 463 488 in
499 447 684 489 errore
705 439 1062 504 persrsteret;
1095 434 1183 488 ubi
1207 435 1392 505 utique
1415 451 1518 490 non
1556 444 1662 489 tam
1695 444 1740 500 Λ
1769 440 1884 486 ster
1914 441 1968 486 et
1993 432 2272 489 lliremeus
2298 434 2398 489 viri
2434 437 2744 494 consulares
2773 449 2935 510 atque
2967 457 3156 498 eorum
3186 451 3354 502 comi-

62 545 108 582 a
135 527 298 583 nobis
344 526 508 596 recipi
543 526 833 592 videretur,
861 541 1022 595 quant
1070 541 1168 580 nos
1194 528 1371 597 potius
1418 529 1477 582 in.
1511 545 1662 582 suam
1693 565 1695 568 ι

63 620 371 674 traducere
391 617 732 687 pravitatem.
768 617 936 683 Quem
966 626 1173 672 reatum
1205 632 1264 672 se
1288 618 1660 673 confessurum

59 709 314 763 asseruit
343 719 469 762 ante
503 708 811 762 certamen?
851 707 908 761 Si
939 717 1120 763 reatus
1149 715 1253 774 est,
1279 707 1466 778 utique
1494 709 1662 764 corri-

55 802 310 871 picndus
355 808 456 854 est.
503 798 558 853 Si
596 799 968 869 corrigendum
1003 813 1106 852 non
1141 808 1360 869 putant,
1400 799 1664 855 fallaciter

57 906 130 944 se
175 899 389 944 reatum
427 889 714 958 perhibent
743 887 981 957 profiteri
1008 903 1022 952 ;
1071 888 1175 942 nisi
1205 889 1344 957 quod
1373 899 1453 944 est
1483 889 1661 943 infeli-

58 981 217 1044 Cius,
250 994 374 1034 cum
410 987 464 1032 et
489 977 728 1031 fatentur
763 985 988 1038 reatum,
1023 986 1080 1030 et
1107 992 1212 1031 non
1240 980 1510 1032 aestimant
1537 994 1658 1033 cor-

61 1069 388 1139 rigendum.
435 1067 566 1122 Illud
591 1081 805 1136 quoque
833 1081 920 1120 me
950 1066 1124 1120 ridere
1169 1067 1345 1132 libuit,
1374 1068 1517 1137 quod
1546 1069 1656 1124 ait:

59 1159 128 1213 Si
169 1173 398 1212 necesse
439 1155 607 1211 fuerit
641 1156 855 1210 veniam
897 1155 1208 1226 postulare,
1249 1165 1304 1210 et
1345 1157 1662 1212 existimans

57 1251 336 1304 nimirum
377 1259 503 1303 tunc
541 1263 599 1302 se
633 1247 841 1317 peccati
884 1247 1093 1301 veniam
1137 1247 1444 1302 necessario
1473 1259 1658 1317 postu-

57 1343 213 1406 lare,
260 1341 307 1395 si
353 1342 404 1396 ei
442 1339 804 1396 concedamus
856 1352 926 1392 ne
979 1352 1203 1408 peccare
1251 1337 1496 1403 desistat,
1553 1338 1662 1393 imo

59 1434 241 1488 etiam
283 1432 448 1504 (quod
493 1431 653 1502 absit)
689 1439 835 1486 certe
872 1445 996 1484 cum
1027 1431 1216 1484 eodem
1259 1430 1661 1484 consentianms

57 1541 171 1579 nos
193 1539 411 1595 quoque
427 1536 678 1592 peccare.
697 1519 890 1577 Nescio
914 1521 1056 1576 inter
1076 1535 1195 1590 qua
1216 1520 1396 1574 mundi
1420 1520 1660 1592 prodigia

59 1619 192 1671 [nec
225 1630 331 1669 vox
361 1614 528 1684 possit
560 1613 794 1667 admitti.
836 1611 1061 1665 Remitti
1101 1610 1258 1680 culpa
1288 1612 1355 1666 de
1387 1614 1660 1682 praeterito

57 1717 254 1780 potest
292 1707 630 1762 correctione
670 1706 787 1761 sine
821 1705 986 1760 dubio
1022 1705 1404 1772 subsequente.
1451 1702 1582 1756 Nam
1613 1703 1658 1758 si

57 1802 328 1870 deinceps
363 1793 558 1853 sinitur
594 1811 848 1852 mansura
875 1794 1224 1866 perversitas,
1262 1809 1366 1849 non
1401 1804 1483 1848 est
1511 1793 1658 1848 beni-
1687 1818 1734 1877 Β

57 1893 250 1960 gnitas
296 1889 639 1954 remittentis,
671 1888 765 1943 sed
795 1885 1187 1942 consentientis
1233 1885 1492 1938 assensio.
1541 1882 1655 1937 Non

59 1981 270 2034 mirum
299 1980 342 2034 si
370 1979 458 2032 isti
481 1978 662 2032 sedem
692 1977 830 2032 beati
856 1975 998 2029 Petri
1030 1974 1256 2044 apostoli
1285 1975 1657 2044 blasplicmare

59 2078 428 2140 praesumunt,
461 2069 551 2137 qui
585 2067 708 2120 talia
739 2074 985 2136 portenta
1025 2064 1106 2118 vel
1137 2065 1299 2119 corde
1330 2073 1541 2136 gerunt,
1572 2065 1654 2119 vel

55 2175 163 2215 ore
191 2157 528 2223 diﬂ‘undunt,
561 2167 616 2212 et
651 2173 748 2212 nos
787 2159 1006 2227 insuper
1044 2158 1305 2228 superbos
1357 2172 1478 2212 esse
1523 2171 1654 2227 pro-

57 2251 341 2315 nuntiant,
358 2265 478 2303 cum
504 2250 584 2304 eis
607 2251 780 2319 prima
810 2250 986 2314 sedes,
1013 2249 1273 2320 quidquid
1299 2257 1380 2304 est
1407 2249 1652 2318 pietatis,

59 2359 180 2399 non
213 2344 439 2398 desistat
480 2341 696 2407 offerre,
730 2343 804 2396 illi
832 2357 954 2397 eam
1006 2334 1124 2412 ipso
1170 2352 1425 2412 protervo
1466 2341 1659 2410 spiritu

57 2436 364 2505 subjugare
410 2448 568 2503 posse
612 2434 902 2488 confidant.
936 2432 1041 2488 Sed
1093 2441 1280 2502 captos
1339 2440 1518 2485 mente
1578 2430 1657 2484 fa-

55 2540 194 2580 cere
224 2526 325 2578 ista
353 2537 457 2578 non
484 2524 681 2578 mirum
707 2532 808 2578 est.
843 2522 901 2578 Si
941 2523 1238 2593 phrenetici
1273 2521 1451 2577 solent
1482 2521 1652 2575 medi-

53 2626 256 2671 cantes
279 2629 489 2685 quoque
511 2615 656 2669 velut
684 2616 866 2670 hostes
891 2624 1082 2685 putare
1103 2613 1187 2668 vel
1209 2614 1434 2669 caedere.
1461 2613 1656 2679 Quaem

59 2720 250 2765 tamen
289 2709 552 2777 judicium
592 2710 660 2762 ab
695 2709 776 2762 his
818 2709 960 2778 quod
992 2708 1361 2776 pnetendunt,
1396 2706 1485 2759 ubi
1529 2720 1653 2759 nam

57 2803 239 2873 possit
271 2803 460 2872 agitari
494 2818 508 2856 :
541 2817 609 2855 an
651 2801 790 2871 apud
824 2803 965 2870 ipsos
1001 2809 1060 2852 ut
1100 2799 1260 2854 iidem
1303 2798 1411 2852 sint
1450 2796 1652 2850 inimici

57 2905 122 2949 ct
157 2902 326 2948 testes
370 2901 426 2948 et
462 2892 712 2963 judices?
756 2891 860 2946 Sed
913 2892 1004 2946 tali
1047 2891 1250 2960 judicio
1289 2905 1389 2945 nec
1421 2890 1654 2944 humana

56 2986 268 3039 debent
298 2984 558 3038 committi
586 2983 816 3051 negotia,
851 2982 1044 3035 nedum
1095 2981 1290 3035 divina:
1342 2979 1476 3049 legis
1515 2979 1656 3033 inte-

56 3077 255 3148 gritas.
303 3075 359 3130 Si
391 3084 654 3145 quanttnn
681 3075 748 3127 ad
781 3073 1091 3141 religionem
1127 3071 1383 3142 pertinet,
1414 3086 1518 3124 non
1550 3069 1652 3124 nisi

1768 528 1848 577 tes
1860 523 2068 592 publica
2085 523 2370 594 legatione,
2387 527 2672 598 fungentes
2692 531 2761 586 ad
2787 531 2981 587 Urbem
3002 536 3229 603 reversi,
3244 538 3352 594 cle-

1766 612 2026 665 mentiam
2055 623 2285 668 vestram
2315 619 2572 685 qumsisse
2596 619 2868 685 dicuntur,
2891 637 2989 676 cur
3010 625 3078 680 ad
3101 641 3194 682 vos
3215 643 3350 684 mea:

1765 701 2099 758 salutationis
2125 705 2324 774 scripta
2354 708 2458 761 non
2488 708 2745 763 miserim.
2776 709 2892 764 Non
2917 728 3036 768 meo
3062 713 3238 772 fateor
3261 719 3344 772 in-

1764 791 1974 846 stituto.
2055 793 2160 848 Sed
2239 811 2364 850 cum
2431 798 2623 853 directi
2696 800 2892 854 dudum
2965 803 3030 858 de
3099 809 3344 874 partibus

1765 879 2004 937 Orientis
2031 884 2112 936 vel
2155 885 2368 939 videndi
2409 903 2494 940 me
2523 887 2796 943 licentiam
2841 891 2943 946 sibi
2984 896 3176 949 vestris
3206 912 3345 966 prmo

1763 973 2100 1041 ceptionbus
2121 975 2467 1046 abnegatam,
2503 986 2611 1032 tota
2646 979 2784 1034 Urbe
2813 982 3165 1051 disperscrint
3195 1004 3224 1039 a
3258 987 3346 1040 lit-

1765 1061 1896 1114 teris
1923 1063 2127 1116 credidi
2161 1067 2572 1132 temperandum
2599 1082 2666 1122 ne
2693 1084 2954 1124 onerosus
2980 1075 3157 1143 potius
3181 1091 3344 1145 quam

1763 1151 2031 1207 officiosus
2062 1154 2368 1209 existerent.
2424 1155 2624 1212 Videtis
2676 1160 2838 1228 igitur
2871 1178 2979 1216 non
3011 1180 3131 1218 mea
3182 1168 3343 1222 dissi-

1762 1243 2058 1297 mulatione
2096 1247 2430 1313 provenisse,
2473 1249 2567 1301 sed
2601 1253 2956 1320 competentis
3015 1254 3179 1310 fuisse
3219 1273 3346 1312 cau-

1765 1333 1905 1399 telas,
1932 1349 2002 1388 ne
2027 1339 2408 1405 respuentihus
2446 1340 2642 1395 animis
2681 1343 2979 1399 molestiam
3025 1350 3341 1419 irrogarem.

1764 1423 1869 1480 Sed
1912 1427 2000 1481 ubi
2029 1430 2340 1484 serenitatis
2364 1439 2479 1484 tuae
2513 1432 2886 1489 benevolentia
2929 1443 3187 1507 comperi,
3211 1456 3346 1510 prte-

1762 1515 1890 1571 fatis
1917 1517 2304 1585 indicantibus,
2325 1521 2653 1578 humilitatis
2699 1541 2832 1580 mete
2858 1527 3154 1584 clementer
3181 1547 3346 1602 expc-

1764 1609 1893 1664 tisse
1918 1626 2220 1666 sermonem
2255 1611 2366 1680 jam
2416 1630 2602 1669 revera
2665 1619 2922 1686 perpendi
2973 1619 3346 1690 imputandum

1763 1713 1870 1753 non
1913 1700 2180 1756 immerito
2204 1704 2330 1756 mihi
2361 1704 2406 1758 si
2437 1715 2692 1771 tacerem,
2727 1708 2874 1775 quia,
2905 1709 3138 1777 gloriose
3168 1711 3260 1776 lili,
3293 1723 3344 1768 te

1762 1788 1901 1843 sicut
1927 1789 2111 1844 Roma:
2143 1802 2302 1870 natus
2333 1793 2636 1848 Rullianum
2667 1799 2988 1866 principem,
3029 1815 3173 1864 amo,
3203 1801 3341 1867 colo,

1760 1883 2018 1952 suscipio,
2046 1894 2100 1938 et
2127 1885 2263 1940 sicut
2289 1887 2632 1942 Christianus
2673 1903 2795 1943 cum
2823 1905 2888 1943 eo
2915 1891 3005 1960 qui
3036 1891 3208 1946 zelum
3246 1891 3343 1946 Dei

1758 1975 1945 2042 habet,
1997 1980 2292 2046 secundum
2341 1980 2623 2034 scientiam
2668 1982 2911 2036 veritatis
2949 1985 3146 2040 habere
3194 1985 3340 2039 desi-

1757 2064 1916 2132 dero,
1971 2076 2026 2122 et
2075 2070 2466 2138 qualiscunque
2524 2073 2830 2139 apostolicae
2882 2075 3025 2128 sedis
3079 2077 3340 2142 vicarius,

1757 2157 2112 2228 quodcunque
2135 2160 2306 2228 plena:
2332 2159 2453 2215 fidei
2485 2163 2765 2217 catholicae
2788 2164 2976 2218 deesse
3003 2181 3338 2238 comperero,

1757 2262 1854 2316 pro
1883 2263 2004 2302 meo
2035 2250 2248 2304 modulo
2281 2251 2712 2320 suggestionibus
2743 2255 3063 2322 opportunis
3093 2257 3344 2327 supplere

1756 2341 2044 2396 contendo.
2093 2342 2433 2410 Dispensatio
2461 2345 2660 2398 etenim
2692 2344 2824 2398 mihi
2874 2346 3040 2400 divini
3072 2349 3342 2403 sermonis

1755 2429 1996 2499 injuncta
2029 2449 2042 2484 :
2078 2433 2165 2486 Vze
2196 2434 2325 2487 mihi
2356 2443 2458 2498 est,
2488 2436 2533 2488 si
2563 2452 2668 2488 non
2700 2436 3165 2506 evangelizavero.
3186 2440 3339 2505 Quod

1755 2536 1878 2576 cum
1903 2536 1996 2575 vas
2021 2520 2300 2576 electionis
2325 2523 2518 2578 beatus
2547 2523 2739 2578 Paulus
2765 2527 3038 2592 apostolus
3061 2527 3336 2595 formidet,

1754 2613 1972 2678 clamet,
2018 2613 2186 2668 multo
2235 2616 2406 2686 magis
2448 2616 2578 2669 mihi
2617 2617 2812 2686 exiguo
2854 2621 3204 2672 metuendum
3253 2629 3338 2674 est

1755 2705 1800 2759 si
1827 2706 2082 2760 divinitus
2127 2705 2481 2775 inspiratam,
2510 2717 2564 2760 et
2588 2719 2814 2776 paterna
2848 2709 3131 2764 devotione
3164 2720 3341 2766 trans-

1755 2801 1980 2855 missum
2008 2801 2334 2853 subtraxero
2367 2799 2733 2853 ministerium
2766 2800 3116 2868 praedicandi.
3159 2802 3336 2856 Pieta-

1756 2901 1863 2947 tem
1908 2903 2053 2946 tuam
2093 2906 2305 2961 precor,
2359 2905 2427 2946 ne
2476 2891 2840 2961 arrogantiam
2884 2890 3096 2959 judiees
3144 2893 3338 2947 divin-.8

1755 2984 1982 3039 rationis
2005 2981 2263 3037 officium.
2295 2983 2472 3048 Absit,
2505 2998 2710 3051 quzeso,
2744 2999 2773 3036 a
2807 2983 3050 3037 Romano
3071 2984 3338 3053 principe,

1755 3085 1814 3130 ut
1845 3077 2149 3130 intimatam
2194 3074 2305 3129 suis
2336 3075 2554 3128 sedibus
2586 3075 2870 3128 veritatem
2919 3076 3217 3128 arbitretur
3252 3075 3338 3128 itt-

58 3167 380 3238 apostolica:
409 3167 520 3222 sedi
553 3165 710 3236 juxta
751 3177 988 3218 canones
1017 3162 1243 3216 debetur
1273 3176 1483 3215 summa
1504 3159 1652 3229 judi-

1753 3167 1807 3238 ju
1817 3167 1970 3221 riam.

59 3258 136 3313 cii
211 3259 392 3312 totius.
443 3255 500 3312 Si
545 3264 804 3326 quantum
849 3253 916 3308 ad
965 3251 1145 3306 swculi
1191 3260 1515 3322 potestatem
1562 3248 1652 3303 ille

65 3366 100 3403 a
125 3348 493 3419 pontificibus,
522 3356 577 3403 et
603 3346 868 3417 praecipue
887 3361 914 3397 a
943 3343 1084 3398 beati
1110 3341 1252 3398 Petri
1274 3344 1477 3396 vicario
1494 3341 1652 3396 debet

63 3455 402 3513 cognoscere
442 3454 560 3509 qua:
598 3438 778 3492 divina
807 3445 954 3501 sunt,
987 3450 1092 3490 non
1121 3443 1299 3505 potest
1327 3435 1437 3506 ipse
1461 3434 1652 3488 eadem

49 3534 331 3604 judicare,
364 3545 460 3586 nec
502 3530 604 3585 sihi
645 3529 745 3583 hoc
777 3528 1061 3598 quisquam
1100 3526 1508 3596 potentissimus
1547 3538 1645 3578 seco

56 3622 303 3690 culi,qui
336 3629 513 3674 tamen
543 3618 883 3673 Christianus
904 3625 1004 3681 est,
1036 3616 1309 3670 vindicare
1339 3622 1648 3684 prmsutnat,

60 3712 172 3768 nisi
191 3711 502 3782 religionem
531 3709 753 3762 forsitan
775 3716 1180 3777 persequentes.
1201 3704 1337 3774 Quid
1367 3717 1543 3761 tamen
1572 3707 1652 3760 di-

54 3813 275 3870 cerent,
312 3803 358 3858 si
398 3818 504 3857 non
534 3802 736 3857 chartis
761 3801 872 3855 suis
910 3800 961 3853 in
988 3800 1237 3854 omnibus
1267 3799 1650 3853 vincerentur?

55 3899 302 3968 Ineptias
351 3896 534 3965 utique
578 3910 704 3950 suas
753 3893 853 3948 sibi
889 3902 1129 3958 servent,
1163 3891 1265 3947 nisi
1309 3892 1647 3961 resipiscam,

54 3993 246 4061 potius
271 3989 568 4056 cogitantes
593 3984 794 4040 Christi
828 4000 1010 4041 vocem
1043 3998 1148 4037 non
1175 3997 1293 4038 esse
1328 3982 1648 4053 superfluam

53 4097 184 4152 quze
208 4079 550 4135 confessione
594 4078 740 4133 beati
760 4077 904 4132 Petri
952 4076 1176 4147 apostoli
1225 4075 1418 4129 inferni
1464 4085 1650 4146 portas

55 4172 308 4243 nunquid
349 4171 722 4241 prmvalituras
760 4171 1012 4224 asseruit.
1059 4168 1394 4238 Quapropter
1422 4184 1526 4221 non
1559 4183 1650 4222 ve-

51 4279 270 4328 remur,
291 4279 354 4316 ne
369 4261 660 4332 apostolica
679 4262 943 4316 sententia
966 4260 1282 4324 resolvatur,
1303 4275 1460 4327 quam
1478 4267 1646 4312 etvox
1679 4271 1686 4278 ‘

51 4356 287 4422 Christi,
305 4366 358 4410 et
385 4355 646 4426 majorum
679 4354 911 4419 traditio,
931 4361 985 4406 et
1006 4367 1272 4407 canonum
1291 4350 1440 4405 fulcit
1463 4361 1649 4405 aucto-

54 4453 217 4515 ritas,
235 4457 293 4502 ut
317 4457 482 4502 totum
507 4448 679 4518 potius
695 4447 988 4501 Ecclesiam
1015 4461 1228 4515 semper
1243 4445 1352 4515 ipsa
1367 4445 1639 4516 dijudicet.

1825 3259 1940 3314 Duo
1965 3259 2161 3329 quippe
2191 3266 2334 3320 sunt,
2365 3256 2658 3326 imperator
2677 3254 2938 3326 Auguste,
2969 3257 3164 3324 quibus
3192 3257 3330 3326 prin-

1753 3350 1996 3421 cipaliter
2025 3351 2257 3403 mundus
2282 3348 2368 3401 hic
2398 3349 2623 3417 regitur,
2653 3348 2949 3402 auctoritas
2975 3362 3128 3401 sacra
3159 3347 3340 3417 ponti-

1753 3445 1930 3508 licmn,
1971 3451 2026 3497 et
2065 3442 2260 3512 regalis
2297 3447 2558 3512 potestas.
2606 3439 2662 3493 In
2705 3440 2904 3510 quibus
2937 3449 3087 3493 tanto
3117 3439 3338 3510 gravius

1751 3546 1835 3592 est
1873 3535 2081 3606 pondus
2119 3535 2484 3595 sacerdotum,
2515 3542 2716 3602 quanto
2746 3533 2910 3586 etiam
2942 3547 3040 3602 pro
3082 3531 3213 3599 ipsis
3251 3545 3337 3584 re-

1751 3627 1904 3698 gibus
1927 3626 2197 3682 hominem
2229 3627 2281 3679 in
2312 3625 2495 3678 divino
2524 3623 2784 3678 reddituri
2815 3633 2941 3676 sunt
2973 3623 3221 3677 examine
3250 3637 3338 3676 ra-

1754 3719 1976 3776 tionem.
2007 3715 2157 3770 Nosti
2185 3715 2406 3780 etenim,
2445 3714 2516 3767 fili
2545 3712 2989 3778 clementissime,
3026 3712 3168 3782 quod
3208 3711 3336 3766 licet

1749 3808 2043 3879 praesideas
2090 3808 2327 3861 lnunano
2368 3804 2549 3876 generi
2593 3803 2875 3874 dignitate,
2925 3819 3104 3857 rerum
3157 3812 3334 3858 tamen

1747 3901 2070 3970 prwsulibus
2097 3899 2400 3954 divinarum
2428 3899 2652 3952 devotus
2682 3896 2817 3951 colla
2847 3896 3140 3961 submittis,
3171 3905 3336 3966 atque

1750 3991 1820 4070 ab
1844 3991 1923 4044 eis
1947 4005 2142 4044 causas
2177 4002 2276 4044 tua:
2302 3989 2490 4044 salutis
2521 3998 2822 4058 exspectas,
2857 3987 3019 4057 inque
3055 3990 3334 4042 sumendis

1748 4083 2056 4138 cwlestibus
2077 4081 2454 4146 sacramentis,
2482 4081 2690 4150 eisque,
2715 4091 2773 4133 ut
2820 4079 3100 4148 competit,
3147 4081 3333 4150 dispo-

1748 4175 1957 4240 nendis,
1985 4173 2140 4228 subdi
2173 4183 2223 4227 te
2251 4175 2448 4248 debere
2491 4173 2777 4242 cognoscis
2820 4172 3096 4240 religionis
3141 4173 3335 4226 ordine

1747 4269 1927 4336 potius
1967 4279 2127 4332 quam
2167 4277 2420 4333 praeesse.
2464 4261 2647 4332 Itaque
2690 4264 2832 4317 inter
2869 4265 2981 4318 hanc
3025 4264 3235 4320 illorum
3279 4273 3333 4318 te

1746 4355 1981 4425 pendere
2013 4353 2240 4424 judicio.
2289 4351 2403 4406 Non
2433 4352 2550 4406 illos
2581 4353 2648 4405 ad
2681 4361 2829 4405 tuam
2858 4354 2994 4406 velle
3026 4355 3196 4424 redigi
3229 4369 3327 4408 vo-

1745 4447 2026 4502 luntatem.
2080 4444 2136 4500 Si
2185 4445 2328 4499 enim
2379 4455 2639 4515 quantum
2688 4445 2757 4498 ad
2799 4447 3040 4500 ordinem
3093 4450 3330 4516 pertinet

49 4542 166 4597 Sed
206 4539 443 4610 cogitent
494 4540 688 4607 magis,
735 4538 779 4592 si
831 4537 953 4608 quis
1000 4537 1053 4591 in
1102 4538 1218 4607 ejus
1248 4536 1522 4609 religionis
1559 4545 1642 4593 est
1675 4531 1722 4590 D
1747 4540 1974 4612 publica:
2002 4539 2318 4610 disciplinae,
2346 4548 2734 4608 cognoscentes
2759 4541 3056 4609 imperium
3100 4541 3192 4595 tibi
3239 4556 3330 4594 su-

48 4647 273 4696 scnsus,
307 4645 374 4686 ne
413 4631 732 4702 pravitatem
776 4645 926 4686 suam
974 4628 1280 4684 nullatenus
1318 4631 1644 4700 deponentes

40 4727 196 4800 apud
229 4725 395 4781 Deum
441 4725 792 4795 hominesque
837 4723 980 4778 sedis
1027 4724 1337 4794 apostolica:
1378 4733 1640 4795 perpetua

43 4818 451 4876 constitutione
482 4817 825 4872 danmentur.
879 4816 969 4870 Sic
1004 4824 1185 4869 autem
1233 4815 1428 4869 dicitur
1477 4816 1643 4870 fuisse

39 4909 364 4975 definitum,
392 4917 449 4963 ut
477 4908 730 4978 deinceps
757 4907 824 4962 de
853 4907 1068 4977 negotio
1091 4906 1224 4960 nihil
1251 4907 1460 4962 dicatur
1489 4909 1648 4977 quasi

39 5003 134 5057 vel
175 5019 319 5058 nunc
347 5017 440 5058 eos
472 4999 942 5074 (quemadmodum
979 4999 1172 5071 nostis)
1220 5016 1341 5056 meo
1393 5002 1638 5056 duxerim

45 5093 279 5148 nomine
320 5091 628 5164 specialiter
674 5091 1043 5160 alloquendos.
1093 5088 1277 5160 Neque
1326 5091 1482 5162 plane
1517 5106 1639 5146 cum

47 5186 176 5241 istis
210 5200 312 5237 non
340 5183 736 5254 corrigentibus
787 5183 1016 5236 ineunda
1068 5186 1401 5253 congressio,
1448 5199 1633 5253 quem-

48 5275 344 5330 admodum
373 5289 492 5328 cum
521 5273 750 5327 aliarum
788 5286 1001 5342 quoque
1028 5272 1311 5328 haeresium
1353 5275 1638 5328 sectatori-

47 5367 158 5421 bus
189 5363 461 5419 dimicatio
492 5363 783 5417 renuenda.
835 5360 941 5417 Vos
966 5362 1351 5418 autem'salvos
1379 5373 1435 5418 et
1461 5355 1634 5435 sospi-

51 5473 140 5516 tes
176 5460 537 5530 quantocltius
571 5459 674 5514 huc
720 5457 940 5524 reverti,
989 5458 1258 5514 continuis
1299 5459 1632 5514 divinitatem

53 5555 198 5609 votis
225 5553 542 5622 expetimus.

221 5646 455 5718 Epislala
486 5643 679 5700 Gelasii
708 5647 775 5700 ad
801 5646 1134 5702 Annstasium
1160 5646 1471 5720 Augustum.

125 5741 336 5797 Famali
369 5749 560 5797 vestra:
604 5741 838 5811 pietatis,
871 5739 961 5794 filii
993 5741 1118 5808 mei,
1143 5739 1431 5798 Faustinus
1464 5744 1629 5813 magi-

1743 4648 1908 4704 pcrna
1935 4632 2284 4701 dispositione
2309 4632 2562 4686 collatum
2590 4632 2796 4702 legibus
2829 4633 2954 4696 tuis,
2987 4631 3086 4700 ipsi
3113 4646 3330 4701 quoque

1742 4732 1936 4798 parent
1966 4723 2239 4792 religionis
2265 4723 2556 4788 antistites,
2589 4737 2656 4777 ne
2687 4722 2765 4775 vel
2796 4738 2848 4775 ιιι
2875 4723 3036 4777 rebus
3065 4724 3322 4778 humanis

1742 4816 1976 4870 exclusa:
2019 4814 2306 4868 videantur
2351 4814 2572 4868 obviare
2613 4814 2913 4875 sententiae,
2943 4829 3049 4882 quo
3093 4828 3223 4884 rogo
3281 4827 3316 4868 lt

1744 4907 1895 4961 decet
1917 4904 2110 4958 affectu
2139 4905 2219 4958 eis
2239 4905 2477 4967 obedire,
2506 4903 2596 4973 qui
2619 4905 2974 4974 prorogandis
3002 4905 3325 4960 venerabili-

1744 4999 1842 5054 bus
1869 5004 1994 5051 sunt
2021 4995 2263 5050 attributi
2291 4995 2598 5066 mysteriis?
2638 4993 2870 5050 Proinde
2901 4998 3041 5051 sicut
3070 5013 3176 5051 non
3212 4996 3327 5050 leve

1742 5089 2034 5144 discrimen
2051 5085 2310 5140 incumbit
2323 5084 2666 5156 pontificibus
2683 5085 2897 5140 siluisse
2911 5102 3008 5156 pro
3025 5087 3189 5141 divini
3201 5089 3327 5141 tatis

1740 5182 1882 5254 cultu
1912 5197 2032 5252 quae
2068 5183 2334 5252 congruit,
2377 5182 2449 5234 ita
2486 5180 2569 5234 his
2598 5181 2760 5250 (quod
2785 5181 2946 5248 absit)
2975 5197 3080 5236 non
3114 5181 3322 5235 medio-

1740 5289 1832 5330 cre
1876 5273 2172 5344 periculum
2206 5274 2294 5344 qui
2325 5289 2446 5328 cum
2477 5286 2670 5343 parere
2695 5273 2943 5340 debeant,
2991 5273 3322 5344 despiciunt.

1740 5365 1808 5420 Et
1833 5365 1877 5421 si
1906 5364 2118 5420 cunctis
2151 5363 2476 5435 generaliter
2524 5364 2896 5420 sacerdotibus
2939 5374 3089 5420 recte
3137 5361 3320 5424 divina

1742 5460 2101 5516 tractantibus
2121 5458 2355 5513 fidelium
2380 5457 2630 5514 convenit
2651 5458 2813 5514 corda
2837 5458 3101 5523 submitti,
3119 5465 3322 5528 quanto

1679 5545 1683 5554 ’
1742 5553 1916 5623 potius
1947 5551 2090 5608 sedis
2117 5551 2258 5605 illius
2279 5549 2493 5622 praesuli
2529 5564 2826 5606 consensus
2849 5559 2934 5604 est
2957 5548 3318 5611 adhibendus,

1740 5661 1900 5717 quem
1944 5645 2153 5700 cunctis
2187 5643 2558 5700 sacerdotibus
2586 5651 2640 5698 et
2667 5642 2923 5698 divinitas
2970 5655 3179 5696 summa
3231 5652 3320 5692 vo-

1738 5738 1836 5795 luit
1866 5737 2170 5808 pervenire,
2203 5745 2258 5792 et
2295 5736 2628 5806 subsequens
2655 5733 2910 5791 Ecclesiae
2938 5731 3202 5805 generalis
3224 5728 3315 5798 ju—
