3974 6430
614 348 718 406 959

1415 342 1698 398 APPEND.
1739 354 1829 396 λυ
1870 340 2045 395 δΑΞΕ.
2084 339 2173 394 ix.
2213 322 2278 376 —'
2313 332 2561 391 tsmont
2601 333 3045 390 MERCATORIS
3774 343 3853 396 sco

616 441 755 511 giter
807 446 978 509 pietas
1025 435 1358 492 celebravit?
1404 435 1504 490 Ubi
1558 435 1732 505 pietas
1783 443 1871 488 tua
1925 433 2208 488 evidenter
2235 436 2284 493 Λ
2312 427 2459 484 nulla
2495 427 2632 482 rima
2659 428 2980 498 pravitatis,
3012 425 3154 483 nulla
3182 441 3405 500 prorsus
3430 437 3744 501 contagione
3764 448 3855 487 rna-

616 529 852 597 advertit
887 540 1162 596 nunquam
1208 524 1450 593 quolibet
1477 533 1532 578 et
1561 523 1776 594 penitus
1801 523 2037 576 humano
2069 537 2198 576 con-

615 622 738 676 silio
783 621 996 676 elevare
1042 633 1102 673 se
1147 633 1474 688 quemquam
1522 631 1680 687 posse
1720 616 1863 671 illius
1915 615 2198 684 privilegio

614 712 699 766 vel
739 709 1063 768 confessioni
1093 724 1253 779 quem
1276 707 1477 762 Christi
1507 722 1613 762 vox
1635 697 1878 776 praetulit
1905 704 2192 760 universis.

614 804 742 871 Quae
764 802 1001 860 Ecclesia
1030 800 1336 856 veneranda
1365 798 1613 854 confessa
1644 807 1909 867 superest,
1942 807 1995 853 et
2034 798 2198 851 habet

612 896 802 949 devota
829 894 1137 964 primatum.
1172 889 1360 960 lmpeti
1393 905 1496 944 non
1524 897 1749 959 possunt
1778 887 2030 943 humanis
2054 902 2192 956 prie-

611 984 1009 1054 sumptionibus
1059 995 1178 1051 quae
1226 982 1409 1034 divino
1456 989 1582 1034 sunt
1623 979 1829 1047 judicio
1877 978 2190 1033 constituta.

611 1075 765 1130 Vinci
801 1083 894 1129 aut
923 1072 1286 1143 quorumlibet
1315 1079 1580 1141 potestate
1615 1085 1718 1125 non
1747 1078 1989 1139 possunt.
2019 1069 2196 1138 Atque

610 1171 815 1224 utinam
847 1169 926 1224 sic
952 1175 1139 1222 contra
1185 1165 1482 1219 nitentibus
1515 1163 1817 1234 perniciosa
1858 1177 1963 1216 non
1997 1162 2069 1216 sit
2095 1177 2193 1215 au-

611 1261 788 1326 dacia,
827 1257 1282 1329 quemadmodum
1304 1256 1446 1325 quod
1485 1256 1552 1309 ab
1578 1255 1692 1325 ipso
1721 1268 1890 1308 sacrae
1917 1251 2195 1323 religionis

609 1359 831 1405 auctore
870 1347 1149 1419 praeﬁxum
1183 1354 1289 1410 est,
1330 1360 1436 1399 non
1477 1350 1655 1413 potest
1688 1341 1796 1396 ulla
1825 1341 2026 1395 virtute
2060 1356 2191 1396 con-

607 1441 754 1496 velli.
807 1440 1237 1493 Firmamentum
1289 1436 1437 1489 enim
1491 1433 1587 1488 Dei
1631 1442 1759 1488 stat.
1810 1431 2198 1511 Nunquidnam

610 1547 732 1586 cum
754 1530 1020 1600 aliquibus
1042 1527 1235 1582 infesta
1258 1525 1444 1593 religio
1464 1533 1566 1590 est,
1583 1531 1997 1594 quantacunque
2016 1523 2195 1592 potuit

608 1623 846 1677 novitate
874 1619 1135 1690 superari,
1159 1627 1213 1673 et
1241 1633 1349 1671 non
1375 1616 1550 1687 magis
1571 1616 1687 1670 haec
1721 1614 1919 1670 invicta
1946 1628 2194 1684 perman-

609 1714 708 1776 sit,
742 1728 849 1782 quo
893 1711 1155 1765 aestimata
1183 1720 1267 1764 est
1291 1723 1450 1777 posse
1497 1706 1888 1762 succumbere?
1931 1705 2192 1759 Desinant

2310 520 2542 574 culetur.
2581 519 2727 574 Nam
2758 519 2825 585 si,
2853 520 2998 590 quod
3024 519 3167 576 Deus
3193 531 3422 589 avertat,
3451 522 3600 592 quod
3638 522 3750 578 ﬁeri
3772 541 3853 581 non

2300 622 2462 678 posse
2492 607 2847 674 conﬁdimus,
2894 609 3004 664 tale
3034 609 3234 679 aliquid
3263 613 3594 681 proveniret,
3624 612 3710 666 vel
3745 616 3854 670 unde

2300 699 2555 770 cuiquam
2600 700 2857 756 resistere
2895 701 3218 757 auderemus
3262 704 3457 769 errori,
3483 705 3569 758 vel
3599 705 3738 759 unde
3761 721 3852 760 mr-

2303 792 2607 861 reptionem
2640 793 2951 848 errantibus
2979 796 3359 863 posceremus?
3385 795 3623 852 Proinde
3652 796 3697 850 si
3719 796 3853 866 pietas

2302 890 2395 936 tua
2439 883 2598 938 unius
2636 883 2878 938 civitatis
2916 883 3169 954 populum
3211 895 3372 955 negat
3395 901 3554 956 posse
3581 900 3712 956 pace
3735 901 3851 942 com-

2297 973 2450 1042 poni,
2479 973 2621 1043 quod
2653 988 2757 1028 nos
2787 974 2852 1027 de
2891 974 3058 1028 totius
3080 975 3228 1029 orbis
3258 983 3527 1030 terrarum
3556 991 3740 1029 sumus
3762 979 3853 1030 uni-

2298 1064 2560 1119 versitate
2602 1063 2824 1130 facturi,
2858 1064 2904 1118 si
2935 1066 3100 1136 (quod
3129 1065 3292 1136 absit)
3333 1074 3515 1121 nostra
3561 1065 3720 1120 fuerit
3751 1083 3853 1138 pne

2296 1152 2634 1208 varicatione
2657 1153 2954 1222 deceptus?
2975 1152 3031 1208 Si
3059 1162 3204 1210 totus
3227 1165 3502 1210 correctus
3529 1165 3619 1210 est
3641 1157 3852 1221 mundus,

2299 1241 2529 1311 profana
2578 1242 2811 1312 primum
2858 1258 3080 1299 suorum
3127 1245 3415 1300 traditione
3449 1245 3853 1316 despceta,quo-

2295 1333 2458 1389 modo
2486 1347 2594 1388 non
2624 1333 2932 1404 corrigatur
2957 1335 3116 1391 unius
3139 1336 3374 1391 civitatis
3397 1336 3648 1408 populus,
3679 1339 3721 1391 si
3747 1353 3851 1406 pra-

2295 1421 2498 1478 dicatio
2528 1423 2650 1478 fidei
2685 1424 2971 1479 succedat?
2992 1425 3156 1497 Ergo,
3183 1425 3416 1496 gloriose
3445 1428 3852 1496 imperator,nela

2293 1525 2394 1582 ego
2418 1511 2783 1567 Ecclesiarum
2809 1528 3022 1584 pacem,
3047 1531 3209 1584 quam
3234 1516 3448 1571 etiamsi
3471 1532 3604 1572 cum
3636 1519 3734 1572 mei
3756 1535 3852 1573 san-

2295 1602 2474 1671 guinis
2505 1601 2778 1671 impendio
2826 1605 3137 1673 provenisse
3179 1614 3380 1674 posset,
3421 1605 3739 1676 amplector.
3776 1607 3852 1661 Sed

2297 1709 2492 1764 precor
2529 1691 2829 1763 cujusm’odi
2860 1695 3056 1750 debeat
3081 1711 3201 1752 esse
3238 1713 3342 1766 pax
3375 1698 3513 1768 ipsa,
3549 1713 3658 1752 non
3703 1711 3852 1753 utuin-

607 1781 966 1872 ergo’humO
989 1810 1061 1866 ιθ,
1094 1799 1424 1868 temporibus
1452 1796 1558 1850 mis
1583 1796 1802 1865 quidam
1828 1809 1925 1865 per
1946 1794 2193 1848 occasio-
2223 1805 2269 1864 Β
2298 1795 2405 1851 que
2452 1781 2663 1836 scilicet
2709 1782 2978 1837 veraciter
3021 1783 3330 1860 Christiana
3376 1796 3570 1841 mente
3617 1787 3851 1842 libremus.

607 1905 729 1947 nem
752 1891 1213 1963 perturbationum
1241 1888 1604 1944 ecclesiastica
1635 1887 2040 1957 praecipitanter
2068 1901 2188 1940 am-

609 1985 729 2039 bire
778 1999 898 2054 quae
951 1999 1056 2038 non
1100 1983 1246 2048 licet,
1291 1995 1359 2036 ne
1394 1988 1450 2036 et
1490 1980 1580 2035 illa
1606 1994 1725 2049 qme
1757 1979 1898 2033 male
1931 1986 2192 2049 appetunt

607 2075 914 2131 nullatenus
979 2075 1409 2146 apprehendant,
1441 2082 1496 2130 et
1549 2073 1766 2128 modum
1834 2087 1990 2126 suum
2047 2071 2189 2142 apud

608 2167 778 2223 Deum
810 2176 865 2223 et
888 2167 1131 2223 homines
1159 2181 1265 2222 non
1292 2173 1530 2221 teneant.
1567 2165 1902 2235 Quapropter
1928 2164 2028 2219 sub
2059 2178 2191 2218 con-

609 2274 792 2334 spectu
819 2264 911 2320 Dei
933 2265 1143 2318 sincere
1168 2263 1422 2333 pietatem
1450 2270 1592 2316 tuam
1617 2261 1896 2330 deprecor,
1922 2260 2188 2325 obtestor,

608 2363 662 2410 et
688 2355 967 2420 exhortor,
999 2363 1058 2408 ut
1103 2353 1420 2424 petitionem
1467 2367 1641 2407 meam
1691 2367 1797 2405 non
1845 2350 2192 2420 indignanter

610 2447 878 2516 accipias;
900 2448 1083 2518 rogoin
1099 2461 1259 2517 quam
1285 2455 1341 2500 ut
1364 2460 1451 2500 me
1474 2445 1524 2500 in
1543 2446 1644 2500 hac
1665 2445 1773 2500 vita
1799 2444 1978 2514 potius
2001 2443 2191 2498 audias

606 2537 1009 2608 deprecantem,
1061 2553 1221 2608 quam
1275 2538 1439 2609 (quod
1467 2537 1629 2610 absit)
1677 2539 1728 2592 in
1767 2538 1948 2592 divino
1985 2537 2190 2607 judicio

607 2632 811 2686 sentias
831 2629 1304 2686 accusantemﬂec
1330 2646 1415 2685 me
1441 2631 1594 2700 latet,
1618 2632 1910 2700 imperator
1931 2629 2190 2700 Auguste,

607 2721 751 2789 quod
801 2720 1018 2789 pietatis
1065 2729 1169 2773 tua:
1217 2719 1452 2773 studium
1499 2719 1660 2774 fuerit
1710 2720 1762 2773 in
1808 2719 2018 2788 privata
2054 2719 2188 2773 vita.

605 2810 812 2880 Optasti
841 2807 1050 2879 semper
1079 2809 1192 2864 ﬁeri
1244 2811 1511 2880 particeps
1556 2809 1927 2880 promissionis
1956 2816 2190 2865 aeternze.

681 2899 1020 2969 Quapropter
1057 2899 1162 2954 noli
1197 2899 1380 2965 irasci,
1413 2899 1458 2955 si
1491 2908 1541 2954 te
1583 2909 1762 2954 tamen
1803 2899 1986 2971 diligo,
2015 2909 2074 2954 ut
2105 2915 2190 2954 re—

611 2994 948 3063 gnumquod
982 2992 1351 3062 temporaliter
1391 3001 1673 3049 assecutus
1700 3009 1786 3059 es,
1820 2993 1982 3048 velim
2014 3001 2064 3046 te
2097 2993 2191 3047 ha-

607 3082 738 3138 bere
774 3091 1124 3154 perpetuum,
1159 3092 1211 3138 et
1241 3084 1332 3153 qui
1373 3084 1605 3154 imperas
1645 3085 1863 3141 saeculo.
1904 3085 2080 3164 possis
2112 3101 2191 3139 re-

609 3188 776 3242 gnare
817 3188 936 3228 cum
959 3173 1198 3228 Christo.
1250 3174 1378 3230 Tuis
1419 3185 1566 3230 certe
1610 3176 1838 3246 legibus,
1873 3176 2189 3246 imperator,

607 3262 811 3332 pateris
845 3263 977 3318 nihil
1018 3265 1228 3334 perire;
1260 3264 1505 3321 Romano
1549 3267 1751 3322 nomini
1789 3267 1920 3321 nulli
1949 3267 2189 3323 admittis

608 3355 856 3424 ingerere
910 3354 1312 3422 detrimentum,
1371 3355 1516 3411 itane
1557 3373 1743 3412 verum
1782 3367 1884 3425 est,
1940 3359 2189 3430 princeps

609 3445 838 3516 egregie,
868 3445 1010 3514 quod
1042 3459 1146 3500 non
1172 3445 1342 3500 solum
1369 3449 1650 3516 prtesentia
1679 3447 1877 3504 Christi
1903 3449 2185 3516 beneﬁcia,

607 3535 702 3589 sed
725 3535 1000 3590 desideras
1018 3545 1072 3590 et
1097 3536 1295 3603 futura,
1313 3546 1370 3590 ut
1389 3538 1657 3609 religioni,
1677 3549 1736 3594 ut
1753 3541 1988 3607 veritati,
2006 3541 2184 3596 utsin-

610 3624 822 3679 ceritati
863 3625 1147 3681 catholica:
1196 3629 1585 3684 communionis
1609 3638 1663 3684 et
1691 3630 1812 3685 ﬁdei
1859 3632 2188 3702 temporibus

609 3716 845 3771 tuis-non
867 3717 1089 3787 patiaris
1109 3734 1430 3789 quemquam
1454 3719 1653 3777 inferre
1677 3721 2052 3792 dispendium?
2072 3724 2187 3790 Qua

607 3806 825 3872 ﬁducia,
859 3824 985 3878 rogo
1016 3817 1084 3875 te,
1116 3809 1226 3863 illic
1245 3811 1360 3880 ejus
1390 3814 1608 3881 praemia
1637 3814 1900 3883 petiturus
1926 3829 2007 3880 es,
2034 3813 2187 3883 cujus

607 3899 696 3954 hic
722 3901 916 3955 damna
966 3917 1073 3956 non
1117 3904 1417 3973 prohibes?
1457 3904 1572 3960 Non
1621 3906 1730 3960 sint
1772 3907 1975 3977 gravia,
2005 3923 2186 3977 quaeso

608 3997 680 4055 te,
713 4005 832 4058 qum
858 4007 955 4060 pro
992 4000 1096 4046 tua:
1138 3993 1326 4048 salutis
1356 3996 1663 4050 aeternitate
1709 3998 1979 4052 dicuntur.
2033 3997 2186 4054 Scri-

604 4087 755 4148 ptum
817 4080 991 4151 legisti
1037 4098 1049 4134 :
1101 4081 1321 4138 Meliora
1375 4093 1502 4140 sunt
1546 4087 1768 4143 vulnera
1818 4090 1974 4145 amici
2024 4106 2184 4160 quam

602 4169 786 4224 oscula
819 4170 1040 4226 inimici.
1069 4173 1261 4240 Quaeso
1288 4175 1543 4245 pietatem
1577 4184 1740 4244 luam,
1777 4188 1834 4234 ut
1857 4195 1964 4250 quo
1991 4180 2184 4236 aﬁ‘ectu

604 4258 858 4313 dicuntur
897 4277 926 4314 a
963 4277 1069 4329 me,
1111 4279 1176 4318 eo
1209 4264 1314 4320 tuis
1354 4266 1601 4323 sensibus
1629 4268 1966 4327 intimentur.
2017 4271 2186 4328 Nemo

603 4348 856 4419 pietatem
909 4359 1054 4406 tuam
1097 4353 1267 4421 fallat,
1298 4371 1487 4412 verum
1521 4368 1605 4415 est
1644 4361 1786 4431 quod
1838 4361 2184 4432 singulariter

601 4452 698 4506 per
762 4442 1082 4512 prophetam
1145 4443 1425 4517 Scriptura
1478 4457 1760 4505 testatur:
1847 4471 1866 4504 σ
1941 4452 2056 4508 Una
2104 4464 2186 4509 est

602 4533 850 4590 columba
877 4551 1020 4603 mea,
1062 4551 1165 4590 una
1192 4546 1275 4592 est
1300 4540 1537 4607 perfecta
1584 4557 1702 4597 mea
1747 4543 1922 4614 (Cum.
1950 4560 2024 4610 vi,
2057 4546 2133 4614 8),
2160 4566 2178 4597 ι
2211 4543 2240 4601 Ι

603 4639 708 4678 una
738 4636 821 4681 est
851 4627 1157 4684 Christiana
1205 4630 1357 4696 ﬁdes,
1387 4647 1546 4702 quam
1595 4647 1887 4692 veneratur
1930 4640 2180 4694 universa

601 4712 842 4770 Ecclesia
866 4717 1149 4783 catholica;
1177 4720 1441 4776 catholica
1471 4731 1650 4778 autem
1669 4728 1932 4782 veraciter
1963 4728 2050 4782 illa
2077 4740 2182 4797 est,

603 4821 722 4874 qua:
761 4807 828 4862 ab
859 4809 1099 4864 omnium
1138 4811 1465 4880 perﬁdorum
1514 4823 1677 4887 atque
1724 4819 1792 4873 ah
1822 4832 2011 4874 eorum
2061 4837 2185 4877 suc-

603 4899 909 4955 cessoribus
945 4909 1105 4970 atque
1141 4903 1504 4971 consortibus,
1535 4907 1770 4974 sincera,
1800 4926 1954 4980 pura,
1987 4912 2181 4966 innua-

601 4986 780 5041 culata
827 4993 1204 5049 communione
1247 4995 1417 5051 divisa
1467 5009 1570 5054 est.
1621 5000 1872 5073 Alioquin
1924 5021 2028 5060 non
2079 5010 2182 5064 erit

601 5077 858 5136 divinitus
886 5086 1133 5140 mandata
1160 5087 1436 5157 discretio,
1465 5092 1558 5147 sed
1585 5093 1886 5150 tniseranda
1915 5100 2178 5156 confusio.

599 5169 709 5226 Nec
757 5172 863 5227 ulla
909 5191 1069 5232 causa
1110 5179 1222 5249 jam
1277 5193 1542 5252 superest,
1595 5187 1639 5242 si
1688 5188 1791 5244 hoc
1841 5190 1894 5244 in
1945 5194 2183 5262 quolibet

600 5265 850 5336 contagio
887 5267 1216 5328 voluerimus
1259 5275 1563 5344 admittere,
1603 5294 1670 5334 ne
1705 5284 1914 5339 cunctis
1963 5287 2182 5344 lueresi-

599 5355 700 5411 bus
725 5358 926 5413 aditum
949 5359 1277 5434 januamque
1297 5367 1613 5436 pandemus.
1646 5394 1664 5427 ε
1693 5373 1793 5443 Qui
1822 5378 1965 5434 enim
1996 5379 2048 5434 in
2080 5397 2185 5440 uno

598 5450 901 5522 offenderit,
933 5458 1174 5513 omnium
1207 5476 1330 5518 reus
1360 5473 1462 5532 est,
1491 5476 1545 5522 et
1577 5469 1667 5539 qui
1699 5471 1919 5529 minima
1951 5478 2176 5546 spernit,

599 5547 858 5616 paulatim
907 5549 1104 5606 decidit
1135 5553 1273 5624 (Jac.
1306 5573 1368 5623 ll,
1397 5558 1490 5624 lO;
1534 5560 1698 5617 Eccli.
1729 5581 1844 5633 xix,
1877 5567 1949 5637 l),
1995 5588 2014 5622 ι
2074 5572 2176 5626 hoc

599 5646 700 5705 est,
739 5641 879 5710 quod
930 5642 1086 5698 sedes
1130 5648 1424 5715 apostolica
1481 5667 1675 5723 magno
1721 5662 2063 5732 przetaxavit,
2117 5674 2174 5719 ut

599 5731 724 5800 quia
766 5735 963 5791 mundo
1010 5738 1158 5794 radix
1204 5743 1546 5816 cstApostoli
1601 5750 1830 5817 gloriosa
1877 5758 2164 5822 confessio,

2297 1872 2454 1940 Quod
2485 1873 2631 1928 enim
2669 1881 2846 1943 potest
2881 1888 3003 1930 esse
3029 1890 3134 1945 pax
3161 1893 3309 1943 vera,
3338 1879 3424 1933 cui
3466 1879 3714 1934 charitas
3751 1881 3852 1936 iste-

2296 1973 2505 2017 merata
2528 1961 2796 2018 defuerit?
2822 1963 3074 2035 Charitas
3095 1976 3276 2023 autem
3300 1969 3538 2038 qualiter
3560 1984 3684 2025 esse
3704 1971 3853 2025 debeat

2296 2052 2451 2108 nobis
2471 2054 2750 2108 evidenter
2770 2053 3059 2123 Apostolus
3085 2057 3363 2124 praedicat,
3391 2058 3482 2127 qui
3515 2059 3599 2113 ait
3624 2077 3637 2112 :
3665 2077 3682 2110 ι
3707 2059 3852 2114 Charl-

2295 2152 2376 2200 tas
2409 2143 2488 2220 de.
2515 2147 2679 2199 corde
2715 2160 2851 2216 puro
2886 2155 2942 2200 et
2976 2149 3308 2204 conscientia
3350 2149 3516 2215 bona,
3563 2159 3621 2204 et
3652 2151 3748 2205 ﬁde
3776 2168 3851 2206 non

2301 2231 2426 2287 ﬁcta
2460 2232 2509 2303 (ι
2544 2232 2680 2286 Tim.
2717 2249 2756 2298 ι,
2795 2233 2874 2303 5).
2910 2253 2930 2287 ι
2981 2235 3287 2315 Quomodo,
3319 2253 3504 2306 quaeso
3537 2247 3613 2304 te,
3645 2245 3709 2294 de
3730 2240 3851 2295 corde

2295 2321 2462 2392 238
2489 2323 2594 2376 erit
2621 2339 2776 2393 puro,
2801 2324 2848 2379 si
2873 2328 3124 2395 contagio
3152 2328 3427 2383 inﬁciatur
3457 2331 3722 2386 externo?
3745 2331 3852 2398 Quo-

2291 2411 2453 2466 modo
2480 2413 2547 2466 de
2572 2413 2906 2468 conscientia
2946 2415 3087 2470 bona
3119 2417 3165 2470 si
3193 2418 3373 2486 pravis
3417 2417 3590 2474 fuerit
3633 2420 3851 2490 malisque

2299 2500 2623 2556 commista?
2651 2501 3115 2567 Quemadmodum
3142 2506 3246 2562 ﬁde
3286 2523 3393 2563 non
3438 2509 3577 2565 ﬁcta
3606 2511 3651 2566 si
3677 2525 3851 2567 maneat

2292 2589 2496 2644 sociata
2541 2605 2665 2645 cum
2713 2593 2971 2662 perﬁdis?
3020 2595 3151 2662 Quae
3197 2613 3322 2653 cum
3353 2614 3384 2653 a
3415 2601 3581 2656 nobis
3617 2601 3851 2672 saepeiam

2296 2678 2442 2734 dicta
2483 2680 2615 2746 sint,
2649 2697 2870 2736 necesse
2900 2692 3190 2740 esttamen
3236 2688 3643 2744 incessabiliter
3681 2693 3850 2754 iterari,

2301 2780 2356 2825 et
2410 2771 2596 2826 tandiu
2647 2788 2752 2827 non
2817 2782 2998 2830 tacere
3022 2777 3258 2845 quandiu
3301 2795 3498 2835 nomen
3527 2784 3680 2853 pacis
3702 2785 3852 2838 obten-

2295 2861 2460 2925 ditur,
2489 2871 2548 2914 ut
2579 2870 2824 2916 nostrum
2864 2878 2968 2918 non
2989 2866 3080 2932 sit,
3113 2868 3491 2931 ut,'invidiose
3514 2871 3764 2942 jactatur,
3788 2873 3850 2926 fa-

2296 2966 2422 3007 cere
2448 2967 2657 3023 pacem.
2687 2952 2793 3009 Sed
2826 2954 2988 3010 talem
3015 2957 3150 3013 velle
3173 2958 3468 3016 doceamus
3493 2963 3674 3032 qualis
3697 2972 3748 3017 et
3768 2964 3851 3017 sola

2297 3058 2398 3112 pax
2425 3058 2565 3109 esse,
2591 3053 2646 3099 ct
2690 3053 3049 3117 praeterquam
3076 3064 3183 3119 pax
3210 3051 3355 3104 nulla
3380 3067 3504 3107 esse
3539 3064 3848 3110 monstratur.

2222 3166 2267 3228 Ο
2300 3133 2694 3205 Euthycianum
2715 3134 2908 3207 dogma
2926 3145 3112 3192 contra
3127 3140 3437 3209 apostolicae
3449 3143 3617 3197 sedes
3631 3143 3850 3198 cautelam

2298 3226 2608 3296 pervigilat,
2659 3227 2704 3282 si
2752 3229 2994 3283 creditur
3035 3229 3182 3284 salva
3234 3231 3357 3286 ﬁdei
3409 3233 3695 3289 catholica:
3730 3248 3849 3305 posse

2293 3318 2520 3373 veritate
2553 3329 2830 3385 constare,
2864 3329 3162 3390 promatur,
3190 3331 3490 3389 asseratur,
3518 3333 3579 3380 et
3607 3324 3848 3396 quantiin-

2293 3409 2385 3464 bet
2429 3411 2636 3465 viribus
2683 3419 2980 3476 astruatur,
3030 3421 3091 3468 ut
3134 3429 3241 3468 non
3290 3414 3464 3470 solum
3510 3431 3616 3486 per
3656 3417 3846 3486 seipsum

2291 3513 2453 3568 quam
2493 3498 2773 3554 inimicum
2811 3500 2884 3555 sit
2911 3499 3034 3556 ﬁdei
3069 3501 3393 3558 Christianae
3430 3507 3614 3576 possit
3654 3506 3846 3568 ostendi,

2291 3590 2386 3644 sed
2417 3601 2633 3660 quantae
2655 3600 2710 3646 ct
2731 3607 2893 3660 quam
2920 3592 3147 3650 lethales
3171 3596 3470 3653 haeresesin
3495 3615 3597 3663 sua
3623 3601 3846 3655 contineat

2289 3677 2593 3734 colluvione
2644 3682 2956 3736 monstrari.
3011 3681 3069 3737 Si
3116 3695 3318 3752 autem,
3358 3696 3418 3742 ut
3444 3691 3624 3760 magis
3667 3688 3844 3744 conﬁdi-

2290 3782 2433 3833 mus,
2465 3783 2495 3821 a
2526 3767 2808 3825 catholicis
2846 3770 3104 3841 judicatis
3154 3776 3426 3832 mentibus
3463 3778 3843 3838 excludendum.

2288 3873 2468 3928 quaeso
2513 3867 2584 3925 te,
2634 3875 2734 3914 cur
2773 3875 2878 3915 non
2928 3863 3176 3935 contagia
3226 3865 3387 3920 simul
3425 3882 3622 3923 eorum
3662 3870 3743 3939 qui
3771 3869 3844 3924 hac

2287 3947 2586 4018 probantur
2614 3964 2734 4004 esse
2762 3949 2970 4019 polluti,
2995 3951 3290 4010 decernitis
3317 3955 3630 4024 refutanda,
3647 3975 3757 4016 cum
3784 3958 3844 4012 di-

2288 4047 2376 4094 cat
2399 4039 2684 4109 Apostolus
2714 4058 2728 4093 :
2761 4042 2861 4109 Qui
2899 4059 3003 4099 non
3049 4045 3222 4100 solum
3250 4063 3356 4103 non
3398 4047 3655 4106 facienda
3679 4050 3841 4107 faciunt

2288 4145 2410 4185 reos
2437 4131 2640 4196 videri,
2672 4133 2766 4187 sed
2796 4134 2959 4189 etiam
2998 4136 3092 4206 qui
3137 4122 3491 4195 conSentiunt
3539 4142 3837 4198 facientibus.

2287 4219 2521 4277 Proinde
2541 4223 2684 4278 sicut
2707 4223 3006 4294 non'potest
3027 4231 3401 4296 perversitatis
3421 4234 3840 4290 communicatos:

2287 4323 2538 4384 suscepto
2568 4329 2673 4369 non
2715 4316 2922 4384 pariter
2946 4320 3279 4387 perversitas
3324 4323 3643 4390 approbari,
3667 4325 3738 4378 sic
3763 4338 3839 4376 non

2288 4412 2465 4473 potest
2511 4403 2737 4460 refutari
2781 4410 3154 4476 perversitas,
3201 4401 3466 4483 complice
3508 4414 3838 4485 perversitatis

2288 4495 2548 4551 admisso.
2582 4495 2818 4568 Legibus
2861 4508 3032 4567 certe,
3077 4499 3298 4569 fratres,
3347 4506 3639 4563 criminum
3677 4506 3837 4563 constii

2285 4596 2732 4658 susceptoresque
2768 4589 3200 4648 latrocinantium
3226 4598 3344 4666 pari
3362 4595 3690 4666 judiciorum
3712 4612 3835 4670 ptem

2287 4680 2752 4750 constringuntur,
2785 4696 2884 4738 nec
2906 4697 3098 4753 expers
3127 4684 3384 4744 facinoris
3411 4691 3727 4754 :estimatur,
3748 4691 3833 4759 qui,

2289 4768 2415 4823 licet
2442 4769 2554 4840 ipse
2585 4785 2689 4824 non
2723 4769 2935 4840 fecerit,
2961 4772 3216 4832 facientes
3246 4784 3422 4834 tamen
3451 4778 3833 4837 familiaritatem

2289 4859 2571 4930 foedusque
2599 4864 2886 4932 receperit.

2360 4951 2594 5008 Proinde
2644 4970 2767 5009 cum
2793 4954 3231 5016 Cbalcedonense
3257 4965 3549 5020 concilium
3602 4982 3694 5038 pro
3739 4963 3830 5020 ﬁdei

2290 5045 2570 5100 catholicae
2594 5055 2756 5117 atque
2785 5051 3092 5120 apostolica:
3126 5053 3350 5109 veritate
3385 5060 3828 5125 communioueque

2295 5135 2626 5193 celebratum
2653 5139 3317 5216 damnaveratEutychem
3345 5150 3646 5205 detestandi
3673 5147 3827 5203 furoris

2293 5235 2715 5294 auctorem,non
2749 5231 2879 5285 satis
2907 5233 3113 5298 habuit,
3144 5237 3247 5290 nisi
3278 5247 3334 5293 ut
3363 5240 3570 5309 pariter
3596 5241 3704 5310 ejus
3728 5254 3826 5308 quo-

2293 5335 2398 5388 que
2441 5330 2746 5378 consortem
2803 5325 3119 5383 Dioscorum
3155 5339 3488 5404 caeterosque
3525 5333 3822 5406 propelleret.

2299 5407 2408 5464 lloc
2459 5409 2621 5481 igitur
2664 5414 2823 5469 modo
2862 5417 3003 5472 sicut
3059 5419 3110 5474 in
3162 5436 3488 5496 unaquaque
3543 5425 3722 5481 haeresi
3762 5421 3821 5474 vel

2287 5497 2485 5554 factum
2502 5515 2716 5572 semper
2744 5504 2825 5559 vel
2855 5506 2971 5561 ﬁeri
3004 5524 3106 5564 non
3136 5511 3365 5568 habetur
3389 5517 3705 5587 ambiguum,
3728 5527 3820 5569 suc-

2279 5604 2522 5647 cessores
2551 5608 2736 5648 eorum
2761 5595 3100 5653 Timotheum
3118 5641 3132 5667 ,
3159 5599 3402 5671 Petrum,
3450 5618 3608 5677 atque
3635 5607 3818 5661 alterum

2278 5681 2670 5740 Antiochenam
2710 5685 2925 5743 Petrum
2975 5707 3082 5747 non
3113 5694 3314 5750 viritim
3347 5710 3566 5770 propter
3619 5697 3817 5770 singulos

2275 5777 2532 5846 quosquis
2587 5795 2774 5837 rursus
2807 5780 2950 5839 facto
3007 5787 3236 5844 concilio
3266 5830 3281 5858 ,
3329 5792 3424 5847 s‘ed
3467 5794 3645 5865 synodi
3684 5785 3813 5846 smud
