3974 6430
186 423 288 481 961

1414 403 1903 474 censentium
1936 354 2333 471 causatio.

3321 408 3428 464 962

176 532 328 605 jacta
394 524 573 603 regula
620 536 1011 604 consctIuct‘tte'r
1077 528 1240 587 elisit.
1288 525 1749 594 Quemadmodum
1781 530 1823 585 Α
1856 522 2031 576 Taceo
2046 538 2180 593 quos
2204 522 2270 575 ab
2284 521 2484 577 eisdem
2517 517 2646 591 ipsis
2669 519 2935 575 damnatis
2954 518 3431 589 prasulibus,qui-

186 637 322 693 ergo
364 637 475 677 non
516 620 795 677 evidenter
839 629 1060 691 apparet
1102 619 1267 674 etiam
1325 628 1548 672 cunctos
1590 612 1750 669 simili

182 721 379 769 tenore
410 711 731 782 constringi,
757 721 811 767 et
833 711 925 780 qui
955 725 1142 765 eorum
1185 708 1674 764 communicatores
1700 712 1755 758 et

178 802 474 872 con-plices
500 801 846 866 exstiterunt,
867 807 1029 869 atque
1057 812 1245 854 omnes
1268 796 1490 850 omnino
1515 810 1544 848 a
1569 795 1754 848 catho-

178 889 289 945 lica
315 898 476 960 atque
517 888 813 958 apostolica
854 888 1049 944 merito
1089 886 1467 942 communione
1496 882 1751 938 discerni.

172 978 322 1036 Binc
342 980 598 1039 Acacium
622 994 833 1050 quoque
846 979 971 1049 jure
988 978 1259 1035 dieimusa
1283 986 1468 1031 nostro
1478 974 1754 1030 consortio

175 1068 607 1123 submovendum
635 1068 727 1136 qui
756 1068 943 1123 maluit
964 1067 1018 1122 in
1040 1076 1239 1121 sortem
1257 1065 1485 1120 transire
1512 1064 1752 1134 perﬁdia

174 1175 346 1228 quam
398 1161 452 1215 in
479 1159 759 1215 catholica
802 1170 967 1229 atque
1006 1157 1319 1229 apostolica
1359 1156 1755 1211 communionis

170 1249 493 1305 sinceritate
511 1260 779 1312 constare,
797 1264 923 1305 cum
946 1249 1060 1304 fere
1073 1248 1364 1304 triennium
1383 1262 1448 1303 ne
1464 1247 1522 1301 id
1543 1247 1756 1302 veniret

172 1342 489 1411 apostolica
515 1343 660 1398 sedis
692 1342 938 1413 epistolis
982 1342 1241 1398 doceatur
1277 1349 1643 1410 competenter
1673 1340 1769 1395 in-'

171 1441 440 1488 structus.
488 1428 779 1503 Postquam
824 1447 954 1489 vero
1000 1431 1396 1489 communionis
1447 1439 1531 1485 est
1582 1428 1754 1484 factus

170 1523 390 1588 aliena,
414 1539 518 1580 non
545 1523 720 1594 potuit
749 1538 853 1580 non
904 1522 1183 1579 catholica
1207 1530 1262 1577 et
1288 1520 1598 1591 apostolica
1628 1534 1749 1574 mox

171 1615 445 1669 societate
468 1613 711 1684 praecidi,
742 1628 809 1668 ne
860 1627 956 1683 per
984 1628 1107 1667 eum
1137 1612 1180 1668 si
1212 1612 1294 1667 vel
1321 1609 1597 1680 paululum
1634 1624 1754 1664 ces-

168 1719 446 1770 saremus,
492 1719 593 1760 nos
637 1719 852 1775 quoque
894 1705 1203 1761 videremur
1258 1702 1469 1758 subisse
1504 1701 1750 1772 contagia

170 1793 525 1862 perﬁdorum.
582 1792 689 1848 Sed
740 1808 926 1849 revera
982 1793 1068 1847 vel
1122 1790 1214 1848 tali
1256 1805 1547 1861 percussus
1593 1802 1751 1859 pana

1856 610 1956 665 bus
1977 610 2227 680 baptizati
2249 608 2461 665 fuerant
2486 609 2539 664 in
2566 609 2671 665 ﬁde
2695 605 2959 667 catholica
2980 616 3257 664 manentes
3282 608 3424 663 nulla

1855 702 2345 773 sintexagitatione
2365 701 2583 756 turbati.
2608 700 2784 756 Taceo
2820 698 2963 770 quod
2998 702 3160 756 rebus
3203 698 3423 754 ludicris

1854 790 2045 860 popula
2053 805 2139 844 res
2153 788 2427 855 tumultus,
2445 806 2589 845 nunc
2601 799 2684 845 est
2695 802 2889 845 vestra
2901 790 3117 860 pietatis
3131 793 3428 845 auctoritas

1853 877 2157 943 refrenavit,
2171 879 2466 948 atqueideo
2477 880 2822 951 multomagis
2835 894 2932 950 pro
2946 878 3115 936 salute
3128 880 3429 935 animarum

1855 982 2074 1024 suarum
2104 971 2406 1025 necessario
2433 971 2586 1025 nobis
2612 970 3214 1040 Constantinopolitana
3234 970 3424 1025 civita-

1856 1058 1926 1112 tis
1953 1058 2327 1127 obtemperare
2348 1060 2653 1124 multitudo,
2682 1060 2725 1114 si
2753 1075 2870 1113 eam
2913 1060 2978 1114 ad
3009 1059 3328 1115 catholicam
3376 1068 3431 1113 et

1853 1147 2197 1215 apostolicam
2239 1150 2666 1205 connmmiouem
2708 1166 2802 1217 vos
2852 1150 3428 1220 principesreducatis.

1854 1236 2086 1303 Etenim,
2119 1239 2411 1309 imperator
2430 1241 2686 1312 Auguste,
2716 1241 2762 1295 si
2787 1253 2972 1294 contra
3004 1241 3150 1312 leges
3187 1241 3430 1311 publicas

1854 1328 2054 1397 aliquid
2086 1329 2250 1400 (quod
2276 1330 2435 1401 absit)
2464 1331 2726 1401 quispiam
2753 1328 2979 1387 fortasse
3002 1340 3258 1397 tentaret,
3278 1330 3425 1385 nulla

1853 1418 1965 1489 pati
1992 1429 2202 1474 ratione
2221 1421 2490 1489 potuisses
2504 1422 2571 1476 ad
2600 1423 2823 1477 unitatis
2836 1438 3027 1492 puram
3051 1415 3430 1494 sinceramque

1854 1507 2216 1563 devotionem.
2262 1507 2334 1564 Ut
2385 1510 2478 1565 tibi
2534 1510 2686 1580 plebs
2719 1512 2931 1567 subdita
2978 1515 3252 1585 redigatur
3301 1530 3432 1570 con-

1852 1599 2090 1656 scientia
2119 1609 2222 1656 tua
2240 1617 2345 1656 non
2370 1611 2527 1670 putas
2552 1604 2830 1661 interesse.
2880 1604 3182 1671 Postremo,
3214 1606 3259 1662 si
3290 1623 3431 1662 unus

1850 1691 2032 1762 populi
2091 1692 2328 1747 civitatis
2382 1694 2595 1748 aninms
2638 1711 2746 1750 non
2793 1702 3016 1765 putatur
3071 1697 3290 1764 oil'endi,
3363 1716 3431 1754 ne

1854 1779 2055 1845 divina,
2100 1788 2160 1833 ut
2204 1795 2296 1836 res
2342 1782 2594 1851 postulat,
2624 1785 2987 1855 corrigantur,
3038 1796 3241 1856 quanto
3262 1789 3432 1859 magis

170 1883 427 1953 resipuit,
449 1883 838 1941 correctionem
864 1881 1132 1952 promisit,
1158 1879 1467 1936 emendavit
1490 1892 1753 1934 errorem.
1784 1885 1830 1947 κ
1857 1882 1927 1923 ne
1982 1868 2163 1923 divina
2216 1866 2557 1926 oﬁ‘endantur
2590 1874 2844 1928 catholici
2901 1875 3137 1932 nominis
3188 1879 3428 1933 universi

168 1973 285 2027 Aut
314 1972 403 2029 ille
451 1981 714 2029 tractatus
760 1972 933 2029 lenius
956 1972 1135 2027 valeat
1156 1970 1416 2032 coerceri,
1448 1971 1540 2040 qui
1587 1970 1751 2025 etiam

170 2065 406 2118 verbera
437 2064 571 2119 dura
615 2079 724 2119 non
764 2063 969 2120 sensit?
1014 2062 1133 2130 Quo
1186 2061 1249 2116 in
1298 2075 1394 2117 sua
1440 2059 1666 2129 perﬁdia
1697 2068 1753 2114 et

169 2154 527 2210 damnatione
554 2162 827 2219 manente,
860 2161 966 2207 tam
1004 2150 1120 2221 ejus
1156 2151 1208 2205 in
1252 2149 1624 2206 ecclesiastica
1664 2166 1751 2203 re—

168 2241 436 2297 citatione
466 2257 572 2299 non
600 2250 779 2311 potest
822 2255 1015 2297 nomen
1057 2240 1282 2305 ascribi,
1311 2254 1471 2309 quam
1515 2248 1753 2294 externa

172 2332 487 2402 contagium
543 2332 935 2389 communionis
982 2331 1211 2387 admitti.
1249 2331 1593 2401 Quapropter
1663 2339 1754 2384 aut

172 2422 518 2478 doceaturab
532 2423 783 2479 baretica
796 2423 1210 2494 participatione
1233 2424 1496 2488 sincerus,
1522 2438 1752 2493 quorum

174 2516 229 2570 si
254 2515 345 2571 ille
373 2515 736 2571 communioni
771 2516 1107 2586 permiscuit,
1134 2525 1229 2570 aut
1250 2531 1378 2571 cum
1414 2515 1605 2571 iisdem
1646 2530 1751 2570 non

175 2616 359 2675 potest
384 2622 489 2663 non
512 2606 716 2676 repelli.
742 2604 800 2661 Si
826 2614 920 2661 aut
937 2614 1226 2661 susurrant
1253 2605 1490 2663 Orientis
1510 2604 1753 2676 episcopi

173 2695 250 2750 ad
306 2709 401 2751 eos
456 2696 614 2752 sedes
664 2696 959 2767 apostolica
1012 2712 1121 2753 non
1176 2698 1281 2753 ista
1331 2698 1750 2768 conscripserit,

173 2786 335 2856 quasi
362 2787 444 2842 vel
474 2788 575 2857 ipsi
619 2788 687 2843 de
732 2788 1042 2859 recipiendo
1069 2789 1309 2862 legitime
1354 2789 1517 2845 Petro
1570 2791 1753 2845 sedem

172 2876 656 2945 apostolicamsuis
684 2877 879 2934 litteris
904 2877 1127 2934 fecerint
1150 2879 1453 2942 certiorem,
1486 2878 1569 2933 vel
1601 2877 1756 2948 muns

176 2967 508 3037 receptionis
554 2968 841 3025 incondita
893 2984 999 3025 non
1050 2968 1161 3040 iam
1210 2970 1415 3040 pariter
1464 2970 1754 3041 complices

169 3056 535 3123 exstitissent,
565 3072 722 3127 quem
751 3057 894 3113 sicut
922 3073 1048 3114 vere
1072 3073 1176 3113 non
1205 3068 1431 3130 possunt
1466 3060 1660 3115 docere
1683 3059 1755 3115 ab

173 3147 434 3203 baretiea
450 3148 712 3218 pravitate
725 3148 890 3205 fuisse
903 3158 1207 3222 purgatum,
1223 3151 1294 3205 ita
1309 3150 1757 3221 sebareticorum

1851 1958 1996 2029 piam
2045 1958 2226 2024 ﬁdem,
2257 1974 2361 2014 nec
2391 1960 2585 2017 ladere
2630 1963 2888 2019 debemus
2915 1967 3154 2032 omnino,
3184 1984 3287 2023 nec
3307 1984 3427 2039 pns—

1850 2051 2079 2107 sumns?
2105 2051 2171 2105 Et
2202 2060 2384 2107 tamen
2417 2052 2559 2108 idem
2586 2063 2771 2109 nostra
2811 2070 2871 2111 se
2898 2065 3132 2125 poscunt
3155 2059 3428 2113 voluntate

1851 2140 2059 2197 sanari.
2094 2139 2536 2210 Competentibus
2574 2157 2702 2213 ergo
2746 2143 2929 2199 sinant
2955 2145 3133 2199 curari
3183 2160 3242 2201 se
3264 2142 3431 2216 posse

1851 2230 2124 2286 remediis.
2149 2229 2400 2300 Alioquin
2416 2230 2582 2303 (quod
2608 2232 2767 2302 absit)
2809 2233 2862 2287 in
2887 2248 3074 2288 eorum
3105 2236 3430 2290 transeundo

1852 2324 2149 2394 perniciem
2184 2339 2308 2379 cum
2352 2324 2465 2379 illis
2527 2325 2707 2395 perire
2746 2342 3062 2397 possumus;
3104 2330 3248 2400 ipsos
3303 2346 3432 2386 vero

1853 2414 2067 2481 salvare
2110 2430 2215 2470 non
2242 2430 2547 2484 possumus.
2578 2415 2696 2471 Jam
2749 2417 2837 2472 hic
2866 2419 2993 2488 quid
3041 2420 3114 2474 sit
3144 2421 3317 2490 magis
3346 2436 3430 2476 sc-

1856 2506 2131 2576 quendum
2160 2508 2262 2561 sub
2286 2507 2470 2561 divino
2488 2506 2695 2575 judicio
2724 2517 2913 2564 vestra
2939 2511 3284 2567 conscientia
3338 2511 3433 2566 de-

1856 2598 2103 2668 relinquo
2130 2607 2309 2652 utrum
2331 2598 2474 2654 sicut
2524 2614 2622 2655 nos
2650 2608 2898 2670 optamus
2941 2600 3193 2659 similiter
3239 2618 3430 2661 omnes

1854 2696 2060 2742 certam
2090 2689 2370 2743 redeamus
2390 2689 2456 2744 ad
2479 2688 2664 2756 vitam,
2689 2706 2756 2745 an
2783 2688 2921 2746 sicut
2945 2691 3017 2748 illi
3048 2701 3292 2764 poscunt,
3316 2709 3429 2749 ma-

1856 2780 2107 2836 nifestam
2163 2781 2449 2838 redeamus
2503 2783 2571 2839 ad
2617 2794 2864 2841 mortem.
2913 2783 3021 2843 Sed
3074 2786 3251 2844 adhuc
3301 2803 3430 2858 apo-

1855 2871 2099 2927 stolicam
2130 2871 2286 2928 ﬁdem
2315 2873 2418 2930 sibi
2455 2875 2793 2933 medicinalis
2820 2887 3221 2949 suggerentem,
3251 2894 3432 2950 super.

1855 2961 1976 3017 bam
2003 2979 2198 3021 vocare
2224 2977 2672 3041 arrogantcmque
2706 2973 3058 3027 contendunt.
3104 2970 3276 3028 Habet
3332 2973 3433 3027 hoc

1851 3054 2087 3124 qualitas
2140 3071 2283 3129 sape
2328 3058 2716 3130 languentium,
2783 3070 2853 3116 ut
2891 3072 3147 3118 accusent
3197 3062 3435 3119 medicos

1856 3148 2110 3220 congruis
2175 3149 2644 3207 observationibus
2692 3153 2759 3206 ad
2809 3153 3046 3207 salubria
3097 3164 3433 3218 revocantes,

174 3240 491 3297 nullatenus
535 3249 790 3311 poterunt
832 3255 1095 3297 excusare
1146 3251 1447 3298 consortes.
1497 3241 1651 3311 Quod
1707 3239 1827 3303 siC
1858 3254 2019 3310 quam
2050 3247 2109 3294 ut
2162 3237 2436 3329 ipsi.suos
2463 3241 2653 3296 noxios
2702 3242 2969 3312 appetitus
3013 3241 3331 3313 depromere
3355 3245 3436 3296 νιιι

174 3328 432 3386 τυπωθεὶς
455 3331 781 3398 astrinxerint
820 3330 964 3402 quod
991 3332 1057 3387 ad
1104 3331 1452 3402 apostolicam
1479 3333 1660 3389 sedem
1687 3334 1754 3388 de

174 3420 526 3490 susceptione
548 3419 693 3476 Petri
738 3436 835 3491 per
859 3421 1117 3478 Acacium
1148 3430 1338 3479 cuncta
1363 3438 1598 3481 consona
1624 3440 1755 3483 voce

182 3510 469 3567 retulerint
514 3526 616 3581 per
660 3512 912 3569 eumdem
953 3513 1173 3570 sibimet
1221 3530 1409 3573 onmes
1457 3518 1573 3589 pari
1639 3516 1756 3573 vice

174 3601 425 3657 sentiunt
450 3601 613 3658 fuisse
636 3603 979 3675 rescriptum,
1003 3605 1310 3677 apostolica
1334 3621 1461 3664 vero
1481 3608 1628 3664 sedis
1662 3624 1758 3662 au-

174 3692 433 3759 ctoritas,
460 3693 605 3764 quod
631 3695 843 3750 cunctis
860 3696 1112 3754 secundis
1136 3697 1463 3755 Christianis
1483 3708 1540 3755 et
1568 3695 1756 3754 Eccle-

180 3784 285 3839 sia
309 3784 529 3857 praelata
561 3787 635 3841 sit
659 3787 925 3844 universa
938 3798 994 3844 et
1021 3803 1287 3846 canonum
1315 3791 1484 3848 series
1508 3801 1754 3861 paterno-

187 3888 311 3926 rum
353 3882 409 3928 et
448 3874 729 3946 multiplici
790 3878 1077 3936 traditione
1153 3880 1418 3937 ﬁrmatur.
1477 3881 1583 3938 Sed
1634 3881 1760 3939 licet

185 3969 317 4023 hinc
347 3968 430 4024 vel
459 3980 636 4026 utrum
662 3971 764 4027 sibi
815 3974 1043 4045 quisque
1067 3985 1263 4030 contra
1310 3974 1543 4032 Nicana
1571 3976 1758 4048 synodi

185 4061 479 4116 constituta
506 4063 778 4134 quippiam
814 4064 986 4121 valeat
1013 4082 1298 4137 usurpare,
1327 4068 1551 4140 collegio
1584 4075 1760 4139 potest

186 4167 330 4207 unus
372 4155 764 4210 communionis
809 4157 1019 4211 ostendi
1052 4172 1155 4212 non
1207 4158 1474 4212 mentibus
1523 4166 1761 4213 externa

183 4242 463 4297 societatis
490 4244 708 4316 aperiri.
758 4245 913 4316 Apud
962 4246 1081 4302 illos
1134 4247 1178 4301 si
1206 4247 1330 4317 quis
1356 4247 1581 4304 conﬁdit
1604 4262 1756 4319 egre-

190 4332 379 4387 diatur
405 4333 457 4387 in
504 4335 698 4399 medio,
734 4344 791 4390 et
831 4336 1177 4407 apostolicam
1228 4337 1412 4393 sedem
1441 4337 1507 4393 de
1536 4345 1761 4407 utraque

182 4433 348 4493 parte
383 4410 623 4479 revineat
662 4435 716 4480 et
745 4426 997 4482 instruat.
1040 4426 1276 4482 Tollatur
1322 4442 1453 4499 ergo
1502 4443 1694 4483 nomen
1730 4443 1762 4484 e

182 4516 369 4593 medio
416 4518 558 4586 quod
608 4517 969 4574 Ecclesiarum
1007 4519 1332 4575 discretione
1377 4520 1561 4591 procul
1601 4536 1630 4575 a
1673 4538 1754 4576 ca-

1861 3332 2151 3403 reprobare
2186 3333 2551 3389 consentiant.
2585 3332 2643 3389 Si
2703 3348 2802 3389 nos
2840 3333 3058 3402 superbi
3095 3349 3281 3388 sumus
3344 3335 3436 3403 qui

1860 3408 2162 3481 animarum
2201 3426 2440 3482 remedia
2474 3425 2847 3482 convenientia
2890 3425 3278 3490 ministramus,
3313 3427 3442 3497 quit

1863 3517 2088 3572 vocandi
2134 3525 2264 3573 sunt
2304 3519 2399 3589 qui
2448 3516 2745 3575 resultant?
2771 3513 2830 3575 Si
2878 3534 2977 3575 nos
3006 3519 3223 3590 superbi
3255 3534 3442 3575 smmis

1860 3603 1953 3674 qui
2013 3604 2371 3662 obedientium
2405 3607 2647 3678 paternis
2702 3608 2932 3664 dicamus
2985 3608 3280 3674 institutis,
3341 3609 3432 3679 qui

1861 3694 2200 3767 refragantur
2227 3712 2335 3766 quo
2356 3697 2656 3769 appellandi
2695 3707 2821 3755 sunt
2844 3699 3091 3754 nomine?
3115 3698 3172 3753 Si
3195 3713 3292 3754 nos
3311 3699 3436 3755 elati

1860 3797 2071 3849 sumus,
2102 3786 2193 3854 qui
2223 3784 2461 3841 divinmn
2491 3782 2691 3842 eultum
2738 3802 2875 3857 puro
2905 3796 3066 3858 atque
3113 3787 3318 3844 illibato
3348 3807 3441 3846 cu-

1862 3877 2039 3948 pimus
2064 3886 2250 3932 tenore
2272 3890 2508 3943 :ervare,
2526 3878 2616 3947 qui
2643 3886 2830 3933 contra
2857 3876 3195 3933 divinitatem
3225 3895 3440 3949 quoque

1862 3967 2124 4032 sentiunt,
2156 3965 2339 4023 dicant
2384 3967 2616 4038 qualiter
2669 3969 3195 4039 nuncupentur?Sic
3243 3978 3300 4027 et
3348 3988 3446 4026 nos

1862 4056 2153 4130 caterique
2194 4057 2286 4128 qui
2356 4058 2411 4112 in
2468 4069 2653 4114 errore
2715 4067 2841 4113 sunt
2873 4098 2889 4124 ,
2964 4059 3234 4116 astimant
3297 4064 3440 4131 quod

1862 4167 2051 4208 eorum
2083 4168 2191 4207 non
2243 4152 2646 4208 consentiamus
2678 4150 2923 4218 insania,
2949 4151 3039 4207 ubi
3091 4162 3282 4213 tamen.
3320 4153 3441 4225 Spi-

1864 4244 2001 4300 ritus
2028 4244 2293 4315 superbia
2320 4245 2581 4300 veraciter
2603 4244 2864 4300 consistat
2903 4253 2958 4301 et
2987 4255 3211 4325 pugnet,
3241 4247 3441 4302 vetitas

1865 4332 1979 4405 ipsa
2003 4336 2168 4391 dicat.

1865 4424 1997 4481 Item
2026 4425 2266 4482 Gelasius
2287 4425 2356 4481 ad
2383 4424 2645 4497 episcopos
2671 4424 2958 4483 Dardania:
2988 4427 3237 4486 Acacium
3267 4446 3298 4483 a
3327 4430 3447 4485 sede

2061 4499 2348 4566 apostolica
2368 4509 2714 4564 competenter
2737 4498 2899 4569 fuisse
2918 4500 3247 4554 damnatum.

186 4586 387 4662 tholica
423 4608 798 4665 communione
832 4620 1107 4680 operatur,
1141 4618 1200 4665 ut
1225 4586 1436 4667 sincera
1482 4627 1588 4683 pax
1610 4595 1615 4600 ’
1638 4611 1757 4667 ﬁdei
1792 4586 1840 4644 υ
1938 4606 2309 4664 Dilectissimis
2338 4606 2593 4664 fratribus
2606 4608 2875 4666 universis
2898 4607 3165 4679 episcopis
3184 4623 3282 4679 per
3309 4607 3449 4663 Dar-

186 4696 692 4769 communionisque
746 4710 1110 4770 repararetur,
1142 4708 1198 4755 et
1246 4701 1448 4756 unitas.
1505 4701 1571 4757 Et
1634 4712 1763 4759 tunc

186 4786 435 4855 quisquis
457 4796 701 4843 nostrum
733 4799 919 4844 contra
945 4790 1308 4846 venerandam
1334 4788 1416 4846 vel
1445 4790 1759 4860 insurrcxit,

189 4877 273 4931 vel
330 4878 532 4933 nitatur
581 4880 859 4952 insurgere
908 4890 1248 4946 vetustatem,
1298 4892 1669 4954 competenter
1710 4894 1765 4939 et

189 4968 429 5038 legitime
457 4970 822 5040 perquiratur.
848 4972 914 5026 Et
942 4973 1048 5028 illic
1075 4973 1353 5044 apparebit
1379 4974 1499 5043 quis
1520 4974 1765 5030 modesto

190 5058 470 5128 proposito
483 5061 989 5118 custodiatformam
1017 5064 1465 5135 traditionemque
1481 5064 1769 5134 majorum,

191 5149 318 5216 quis
346 5164 505 5219 supra
535 5152 651 5206 hac
681 5152 1039 5210 irreverenter
1076 5153 1343 5221 insiliens,
1376 5156 1501 5225 quis
1530 5158 1771 5227 rapinam

191 5238 642 5310 aqualemgposse
673 5243 784 5298 ﬁeri
809 5244 1120 5299 arbitretur.
1158 5245 1311 5312 Quod
1342 5247 1388 5302 si
1431 5247 1560 5302 mihi
1588 5251 1768 5320 populi

196 5327 777 5403 Constantinopolitani
822 5348 1051 5404 persona
1094 5338 1428 5406 proponitur,
1467 5353 1566 5410 per
1609 5356 1773 5411 quam

198 5417 412 5475 dicatur
438 5436 633 5478 nomen
667 5423 925 5492 scandali,
957 5424 1009 5480 id
1031 5436 1137 5493 est,
1169 5427 1350 5483 Acacii
1369 5444 1472 5485 non
1501 5445 1657 5500 posse
1683 5448 1772 5487 re-

196 5511 425 5577 moveri,
460 5511 510 5567 id
532 5522 637 5578 est,
675 5522 827 5570 taceo
870 5516 993 5585 quia
1023 5524 1078 5571 et
1126 5517 1379 5574 baretico
1403 5521 1632 5590 quodam
1663 5520 1772 5576 Ma-

197 5602 427 5658 cedonio
463 5603 638 5674 pulso,
668 5612 725 5659 et
753 5603 1001 5662 Nestorio
1031 5621 1201 5678 nuper
1249 5608 1420 5677 eiecto
1455 5610 1605 5681 plebs
1626 5602 1769 5668 Con-

195 5692 673 5764 stantinopolitana
691 5694 953 5750 catholica
970 5711 1289 5767 permanere
1301 5697 1579 5770 delegerit,
1608 5714 1768 5770 quam

195 5781 460 5853 majorum
490 5785 777 5856 pra-sudum
801 5786 1176 5848 damnatorum
1205 5789 1487 5847 aﬂ‘ectione
1519 5793 1763 5848 retineri.

674 5899 943 5963 Ριτιιοι..
992 5898 1253 5969 CXXX.

1869 4699 2081 4755 daniam
2114 4700 2418 4755 constitutis
2445 4699 2731 4758 Gsusws.

1942 4789 2107 4846 Valde
2129 4789 2305 4846 mirati
2335 4807 2543 4859 sumus,
2566 4793 2707 4863 quod
2735 4801 2911 4848 vestra
2936 4792 3151 4849 dilectio
3176 4790 3326 4864 quasi
3354 4804 3447 4844 no.

1870 4898 1990 4938 vam
2016 4892 2072 4938 et
2101 4883 2264 4938 veluti
2304 4881 2571 4940 difﬁcilem
2606 4886 2988 4954 quaestionem,
3034 4893 3088 4941 et
3125 4886 3299 4941 adhuc
3332 4894 3447 4938 tan—

1869 4988 2032 5044 quam
2051 4973 2347 5029 inauditum
2365 4975 2637 5046 quidpiam
2653 4991 2811 5032 nosse
2824 4977 3163 5042 desideratis,
3180 4976 3322 5047 quod
3346 4976 3452 5033 Eu-

1876 5064 2125 5120 tichiana
2153 5064 2469 5137 pestilentia
2497 5067 2985 5123 communicatorcs
3004 5108 3019 5134 ,
3056 5084 3163 5123 non
3196 5068 3453 5123 habentes

1873 5155 2015 5224 quod
2029 5168 2126 5224 pro
2138 5170 2246 5210 suae
2260 5156 2962 5226 perditionisobservatione
2978 5159 3338 5229 respondeant
3351 5158 3454 5213 fre-

1875 5244 2058 5318 quenti
2079 5242 2192 5314 jam
2217 5248 2424 5303 ratione
2440 5250 2666 5305 convicti
2697 5252 2811 5306 sola
2832 5253 3180 5307 contentione
3202 5254 3453 5308 sulnnm-

1878 5348 2111 5404 murant,
2128 5354 2233 5393 non
2256 5340 2381 5409 quia
2399 5341 2469 5395 sit
2492 5340 2717 5410 alicujus
2740 5344 2995 5400 momenti
3018 5345 3158 5414 quod
3188 5344 3452 5416 garriunt.

1877 5444 1979 5484 nec
2014 5428 2290 5483 inveniant
2319 5432 2531 5500 penitus
2556 5432 2684 5501 quid
2715 5433 3020 5502 loquantur,
3048 5434 3135 5489 ubi
3166 5434 3337 5503 magis
3361 5447 3458 5487 eas

1876 5521 1966 5591 qui
1982 5521 2262 5577 catholicis
2276 5524 2523 5579 sensibus
2540 5524 2766 5580 instituti
2785 5536 2931 5592 sunt,
2946 5527 3117 5581 adhuc
3135 5527 3342 5582 harere
3356 5527 3457 5579 mi-

1878 5624 2081 5676 ramur,
2097 5625 2256 5680 quam
2273 5610 2392 5666 illos
2406 5612 2539 5681 quia
2560 5614 2784 5670 veritate
2801 5617 3139 5681 exciderunt,
3155 5624 3212 5670 et
3231 5614 3298 5669 ab
3314 5616 3457 5669 anti-

1875 5717 1978 5772 qua
1995 5701 2245 5758 Ecclesia
2264 5703 2549 5758 traditione
2566 5713 2693 5760 sunt
2707 5706 2868 5772 devii,
2883 5705 3138 5777 profanas
3153 5721 3340 5761 vocum
3360 5720 3457 5760 nn-

1878 5793 1982 5848 vita
1993 5802 2072 5849 tes
2091 5803 2148 5849 et
2174 5793 2383 5865 ineptas
2404 5794 2620 5851 caduca:
2636 5796 3007 5870 perversitatis
3027 5795 3322 5854 obtendere
3338 5794 3459 5869 quiv-

2984 5913 3056 5977 31
