3974 6432
529 419 677 478 963,

1436 418 1727 476 APPEND.
1776 419 1868 473 AD
1896 416 2068 474 SJEC.
2109 413 2198 471 IX.
2228 414 2578 496 —.lSlDOR|
2617 412 3059 471 MERCATORIS

3692 415 3785 472 968

542 540 643 595 bus
680 551 774 593 eos
802 534 1177 591 retulitvestra
1210 532 1427 590 dilectio
1448 531 1675 601 jactare.
1709 531 1831 587 ldco
1861 529 2116 584 Acacium
2147 530 2193 591 Α
2222 527 2408 583 sti‘tuta
2433 534 2746 584 temerasse.
2778 527 2895 583 Non
2918 537 3102 583 autem
3124 540 3222 583 nos
3241 525 3378 582 latet
3393 526 3446 582 in
3476 536 3788 597 tempestate

540 644 648 682 non
677 634 865 697 putare
879 624 1002 695 jure
1022 624 1356 689 damnatum,
1374 623 1515 692 quod
1539 636 1645 676 non
1672 618 1888 690 speciali
1915 616 2120 689 synodo

541 720 791 773 videatur
817 717 983 771 fuisse
1024 716 1280 787 dejectus,
1312 722 1368 769 et
1395 715 1614 783 insuper
1641 711 1966 768 dementiam
2009 723 2121 764 sua:

541 806 800 861 vanitatis
841 804 1214 861 accumulatur
1241 804 1523 875 pueriliter
1550 803 1806 865 dicentes,
1853 799 2121 871 praecipue

539 896 851 967 pontiﬁcem
912 896 1072 966 regiae
1138 894 1392 951 civitatis.
1445 894 1786 963 Quapropter
1834 890 2119 945 stultitiam

541 996 863 1058 respuentes
929 986 1171 1041 inanium
1228 984 1614 1055 querelarum,
1664 995 1982 1053 percurrere
2024 993 2123 1034 vos

538 1085 773 1149 oportet,
812 1076 880 1132 ab
906 1076 1036 1146 ipsis
1061 1075 1235 1130 beatis
1264 1074 1520 1146 apostolis
1546 1083 1601 1129 et
1624 1071 1972 1128 considerare
1991 1084 2123 1139 pru-

535 1171 766 1234 denter,
817 1168 1072 1240 quoniam
1126 1166 1318 1222 Patres
1360 1166 1533 1221 nostri
1577 1161 2122 1227 catholici,videlicet

537 1262 679 1317 docti
706 1262 993 1333 pontiﬁces
1017 1263 1069 1317 in
1107 1275 1430 1332 unaquaque
1472 1258 1662 1314 hmresi
1694 1256 1935 1327 quolibet
1983 1260 2120 1309 tem-

539 1372 669 1427 pore
718 1358 998 1423 suscitata,
1036 1356 1295 1427 quidquid
1321 1370 1419 1425 pro
1454 1352 1580 1416 ﬁde,
1612 1364 1711 1422 pro
1742 1349 1991 1409 veritate,
2021 1359 2121 1417 pro

539 1451 918 1505 communione
953 1448 1216 1504 catholica
1267 1456 1431 1517 atque
1483 1441 1775 1515 apostolica
1826 1438 2122 1495 secundum

543 1538 950 1610 Scripturarum
983 1540 1252 1594 tramitem
1274 1535 1824 1606 praedicationemque
1852 1527 2121 1598 majorum

541 1630 687 1687 facta
718 1630 884 1687 semel
909 1628 1326 1700 congregatione
1378 1633 1695 1690 sanxerunt,
1726 1620 2119 1677 ’inconvulsum

539 1721 829 1779 voluerunt
854 1719 1110 1789 deinceps
1148 1718 1360 1773 ﬁrmum
1388 1726 1668 1781 constare;
1703 1728 1806 1769 nec
1848 1713 1902 1767 in
1933 1712 2120 1766 eadem

540 1812 645 1867 hac
672 1826 836 1867 causa
861 1812 1038 1867 denuo
1079 1824 1198 1880 quae
1253 1809 1472 1880 praeﬁxa
1526 1804 1779 1869 fuerant,
1837 1798 2119 1858 retractari

2222 618 2615 689 persecutionis
2641 617 2856 672 Ariona:
2881 617 3141 687 plurimos
3171 617 3455 687 pontiﬁces
3478 619 3546 673 de
3573 620 3786 684 exsiliis,

2224 723 2354 780 pace
2381 709 2612 773 reddita,
2645 710 2978 778 respirantes
3013 722 3110 778 per
3130 716 3311 762 certas
3334 709 3648 778 provincias
3673 726 3790 766 eoa-

2222 797 2456 869 gregatis
2480 811 2664 853 secum
2691 797 2952 853 fratribus
2990 795 3260 852 Ecclesias
3286 800 3659 867 composuisse
3687 809 3789 854 tur-

2220 890 2397 946 batas.
2423 889 2536 946 Non
2564 898 2743 946 tamen
2770 890 2954 947 utilius
2979 891 3169 962 synodi
3189 890 3418 946 Nicmuze
3442 891 3708 962 quidquid
3735 895 3791 949 de

2222 979 2328 1036 ﬁde
2376 989 2431 1036 et
2463 981 2840 1037 communione
2881 981 3143 1036 catholica
3181 980 3519 1046 deﬁnieram,
3554 979 3791 1036 immuta-

2224 1077 2369 1135 rent,
2410 1083 2511 1126 nec
2548 1085 2683 1124 nova
2730 1083 3052 1141 quemquam
3102 1069 3412 1140 prolapsum
3456 1070 3795 1126 damnatione

2222 1157 2595 1228 percellerent.
2620 1158 2724 1214 Sed
2755 1159 2898 1215 illius
2922 1169 3129 1215 terrore
3156 1160 3379 1225 decreti,
3407 1160 3509 1214 nisi
3545 1162 3794 1230 resipuis—

2222 1259 2359 1309 sent.
2380 1247 2560 1317 judico
2570 1262 2688 1305 rent
2712 1250 2995 1305 damnatos
3016 1264 3159 1316 esse,
3181 1251 3377 1322 quibus
3394 1252 3794 1317 convenienter,

2223 1348 2282 1395 ut
2305 1340 2505 1395 dictum
2546 1349 2651 1405 est,
2672 1353 2739 1395 ex
2769 1350 2991 1410 paterna
3016 1341 3306 1396 traditione
3342 1340 3652 1411 perpensis,
3676 1356 3795 1396 eon-

2223 1429 2437 1485 ﬁdimus
2457 1430 2601 1500 quod
2616 1430 2793 1485 nullus
2814 1429 2927 1498 jam
2941 1430 3212 1487 veraciter
3236 1430 3585 1486 Christianus
3599 1431 3797 1502 ignoret

2222 1520 2642 1591 uniuscujusque
2684 1522 2873 1592 synodi
2901 1520 3277 1586 constitutum,
3308 1521 3438 1592 quid
3481 1522 3797 1577 universalis

2222 1614 2480 1670 Ecclesia:
2522 1613 2769 1683 probavit
2815 1628 3094 1679 assensus,
3144 1613 3345 1668 nullam
3384 1614 3566 1685 magis
3595 1618 3793 1684 assequi

2221 1706 2401 1760 sedem
2433 1718 2545 1773 pra:
2573 1705 2784 1759 ueteris
2822 1715 3074 1775 Oportere
3116 1718 3278 1774 quam
3305 1704 3567 1774 primam,
3605 1720 3721 1774 quae
3750 1715 3797 1760 et

2224 1808 2659 1865 unamquamque
2681 1794 2941 1865 synodum
2970 1808 3066 1850 sua
3090 1793 3412 1848 auctoritate
3437 1792 3741 1851 conﬁrmat.
3752 1806 3797 1847 et

541 1902 782 1972 qualibet
815 1901 1016 1957 recenti
1049 1878 1466 1971 priesumptione
1494 1894 1863 1968 permiserint,
1907 1892 2123 1962 sapien-
2149 1878 2200 1940 B
2226 1887 2540 1943 continuata
2601 1885 2973 1941 moderatione
3026 1884 3281 1950 custodit,
3317 1897 3416 1954 pro
3473 1898 3582 1939 suo
3610 1884 3797 1939 scilicet

542 1994 752 2051 tissime
799 1992 1164 2065 providentes,
1189 1989 1443 2061 quoniam
1481 1987 1527 2043 si
1573 1987 1789 2043 decreta
1832 1981 2123 2039 salubriter

542 2088 794 2158 cuiquam
857 2083 1047 2138 liceret
1118 2082 1316 2136 iterare
1378 2077 1578 2133 nullum
1640 2082 1826 2130 contra
1884 2068 2124 2141 singulos

540 2188 785 2244 quosque
815 2187 1037 2244 prorsus
1060 2184 1276 2225 errores
1313 2165 1503 2223 stabile
1526 2163 1842 2236 persisteret
1866 2158 2122 2215 Ecclesia:

541 2265 922 2323 constitutum.
971 2276 1036 2316 ac
1082 2273 1245 2331 super
1298 2257 1491 2313 iisdem
1545 2253 1820 2309 furoribus
1875 2246 2123 2305 recldivis

541 2354 720 2410 omnis
746 2353 956 2422 integra
982 2348 1226 2406 deﬁnitio
1256 2347 1588 2403 turbaretur.
1622 2342 1755 2399 Nam
1788 2342 1835 2397 si
1858 2340 2122 2395 limitibus

540 2449 705 2505 etiam
752 2445 988 2519 prteﬁxis
1016 2443 1313 2516 positarum
1369 2437 1535 2497 semel
1587 2434 1924 2509 synodalium
1966 2447 2126 2504 regu-

540 2548 713 2601 larum
731 2560 837 2600 non
865 2550 1047 2599 essent
1063 2540 1211 2597 elisae
1222 2546 1407 2611 pestes
1421 2532 1713 2607 resumptis
1733 2530 2125 2588 certaminibus

542 2648 733 2693 contra
788 2636 1196 2690 fundamentum
1256 2644 1377 2686 sese
1423 2626 1667 2684 veritatis
1721 2623 1968 2679 attollere
1999 2662 2014 2688 ,
2068 2630 2125 2676 et

543 2729 809 2799 simplicia
854 2738 1081 2796 quaeque
1125 2723 1292 2779 corda
1344 2727 1645 2792 percutere.
1679 2716 1817 2784 Quid
1873 2715 2046 2779 ﬁeret,
2077 2714 2122 2769 si

543 2822 774 2876 subinde
814 2817 907 2873 fas
953 2826 1098 2872 esset
1147 2813 1366 2886 perﬁdis
1421 2811 1558 2866 inire
1606 2806 1936 2863 concilium?
1989 2804 2122 2860 Cum

543 2912 797 2983 riualith
814 2908 886 2963 illi
909 2904 1191 2962 manifesta
1208 2904 1278 2959 sit
1293 2901 1513 2967 veritas,
1538 2915 1813 2969 nunquam
1834 2895 2127 2966 desitquod

546 3002 849 3075 perniciosa
931 2999 1212 3069 depromat
1260 2992 1467 3048 falsitas
1519 2989 1729 3047 tametsi
1778 2988 1985 3043 ratione
2041 2984 2124 3040 vel

547 3095 870 3152 auctoritate
923 3090 1214 3154 deﬁciens,
1266 3086 1376 3143 sola
1431 3094 1605 3140 tamen
1670 3081 1965 3137 intentione
2018 3093 2125 3133 non

546 3187 778 3244 euidens.
841 3182 971 3250 Qua:
1017 3179 1250 3249 majores
1308 3177 1479 3232 nostri
1534 3174 1714 3230 divina
1770 3170 2122 3242 inspiratione

544 3286 850 3342 cernentes,
875 3272 1177 3329 necessarie
1211 3273 1600 3340 praecaverunt,
1633 3272 1903 3336 ne_contra
1936 3276 2125 3316 unam-

543 3384 815 3443 quamque
841 3366 1090 3423 hinrcsim
1124 3362 1265 3433 quod
1295 3368 1411 3415 acta
1434 3357 1597 3414 semel
1623 3356 1859 3428 synodus
1884 3368 1982 3425 pro
2000 3351 2124 3417 ﬁde,

544 3461 943 3525 communione,
971 3467 1027 3512 et
1055 3456 1285 3511 veritate
1329 3450 1595 3507 catholica
1642 3457 1803 3518 atque
1831 3443 2127 3516 apostolica

542 3551 1094 3627 promulgasset,uon
1140 3545 1381 3601 sinerent
1429 3540 1581 3597 novis
1629 3546 1749 3610 post
1785 3537 1899 3592 haec
1927 3535 2126 3592 reeita-

547 3643 782 3701 tionibus
807 3639 1023 3706 mutari,
1060 3652 1125 3693 ne
1155 3635 1336 3708 pravis
1380 3632 1593 3689 occasio
1625 3629 1978 3701 praeberetur,
2009 3640 2128 3699 quae

544 3733 941 3792 mediciualiter
987 3730 1201 3785 fuerant
1246 3733 1445 3783 statuta
1472 3723 1740 3796 pulsandi,
1779 3721 1872 3776 sed
1908 3729 2129 3775 auctore

544 3826 829 3899 cujuslibet
856 3822 1080 3879 insanim
1094 3837 1157 3876 ac
1174 3820 1377 3891 pariter
1402 3829 1589 3872 errore
1605 3815 1860 3869 damnato
1882 3809 2127 3867 suﬁicere

538 3922 896 3994 iudicarunt,
953 3927 1011 3971 ut
1064 3914 1308 3986 quisquis
1362 3911 1653 3981 aliquando
1709 3907 1866 3977 hujus
1923 3905 2128 3961 erroris

543 4012 971 4072 communicator
1003 4009 1282 4071 existeret,
1319 4002 1601 4077 principali
1649 3999 1914 4056 sententia
1973 4000 2125 4054 :lam-

544 4103 780 4160 nationis
830 4098 950 4168 ejus
1001 4107 1149 4154 esset
1197 4095 1511 4159 obstrictus,
1546 4093 1801 4164 quoniam
1845 4089 2127 4144 manifeste

544 4190 774 4264 quilibet
806 4188 890 4243 vel
933 4186 1265 4258 professione
1315 4198 1411 4239 sua
1444 4181 1527 4238 vel
1553 4179 1931 4237 comnmuionc
1960 4178 2129 4249 possit

545 4279 819 4356 cognosci.
864 4279 932 4335 Et
977 4287 1035 4333 ut
1067 4275 1350 4333 brevitatis
1398 4289 1558 4331 causa
1603 4274 1784 4344 priora
1834 4280 2125 4334 taceamus,

545 4388 667 4443 qua:
697 4372 925 4443 diligens
953 4368 1241 4440 inquisitor
1264 4365 1420 4422 facile
1448 4364 1650 4437 poterit
1676 4361 2001 4432 investigare
2027 4360 2129 4415 Sa-

544 4466 766 4523 bellium
789 4461 1066 4520 damnavit
1085 4461 1340 4532 synodus,
1370 4472 1515 4513 nunc
1534 4456 1639 4511 fuit
1668 4470 1910 4519 necesse,
1931 4463 1992 4509 ut
2013 4452 2130 4523 ejus

546 4567 846 4617 sectatores
885 4562 1068 4627 postea
1101 4553 1512 4615 damnarentur,
1542 4547 1781 4618 singulas
1808 4546 2008 4601 viritim
2041 4560 2130 4617 sy-

546 4649 717 4705 nodos
764 4644 1047 4708 celebrari,
1094 4642 1189 4698 sed
1220 4655 1315 4718 pro
1346 4648 1530 4694 tenore
1560 4634 1959 4693 constitutionis
1987 4635 2127 4690 auti-

546 4754 690 4812 quze,
738 4744 962 4793 cunctos
996 4731 1088 4803 qui
1121 4729 1203 4786 vel
1230 4727 1514 4801 pravitatis
1552 4725 1698 4782 illius
1747 4723 1833 4782 vel
1883 4739 2125 4781 commu-

547 4828 726 4885 nionis
789 4826 1048 4884 exstitere
1104 4820 1396 4892 participes
1427 4857 1445 4883 ,
1506 4814 1831 4872 universalis
1881 4812 2124 4870 Ecclesia

549 4923 686 4978 dixit
710 4934 831 4976 esse
868 4914 1198 4974 refutandus.
1235 4910 1327 4968 Sic
1369 4916 1591 4980 propter
1616 4905 1982 4978 blasphemias
2010 4902 2126 4960 Arii

548 5013 721 5070 forma
741 5010 859 5067 ﬁdei
875 5004 1375 5074 communionisque
1389 4999 1669 5058 catholicae
1682 4997 1900 5054 Nicaeae
1919 4995 2128 5068 prolata

550 5109 838 5166 conventu,
878 5099 1108 5154 Arianos
1133 5109 1345 5161 oumcs,
1382 5092 1469 5147 vel
1495 5089 1743 5163 quisquis
1782 5089 1834 5144 in
1864 5088 2003 5145 hanc
2041 5103 2133 5160 pe-

549 5206 687 5248 stem
729 5190 842 5247 sive
869 5202 1159 5251 cousensu,
1181 5185 1295 5241 sive
1325 5180 1704 5239 communione
1730 5178 1991 5236 deciderit
2017 5180 2133 5236 sine

550 5284 934 5344 retractatione
948 5280 1228 5338 conclusit.
1263 5277 1355 5335 Sic
1381 5275 1721 5342 Eunomium,
1739 5272 2132 5339 Macedoniam,

553 5380 857 5438 Nestorium
885 5375 1121 5448 synodus
1150 5372 1315 5429 semel
1341 5380 1493 5443 gesta
1515 5370 1883 5426 condemnans
1909 5365 2134 5421 ulterius

549 5477 619 5532 ad
668 5490 805 5530 nova
853 5468 1080 5528 concilia
1123 5466 1294 5525 veniri
1330 5480 1438 5521 non
1493 5462 1658 5528 sinat,
1712 5460 1805 5517 sed
1854 5460 2136 5516 universos

552 5580 873 5637 quocunque
901 5560 1062 5617 modo
1111 5559 1162 5614 in
1189 5559 1289 5614 has
1314 5553 1675 5627 blasphemias
1706 5550 2007 5608 recidentes
2027 5557 2137 5604 tra-

555 5656 779 5713 ditosibi
797 5652 964 5709 limite
980 5649 1246 5723 synodali,
1264 5643 1767 5702 refutavitEcclesia
1782 5656 1881 5697 nec
1897 5654 2132 5711 unquam

555 5760 704 5805 recte
737 5746 965 5803 cessisse
1013 5739 1361 5797 manifestum
1389 5746 1491 5800 est,
1522 5734 1760 5807 qualibet
1816 5732 2135 5788 necessitate

561 5848 786 5910 cogente
834 5836 987 5892 novis
1032 5832 1253 5888 ausibus
1280 5844 1399 5900 qum
1439 5827 1649 5882 fuerant
1688 5825 1974 5882 salubriter
2002 5839 2132 5879 con-

2150 3221 2198 3288 C

2222 1979 2547 2050 principatu,
2582 1992 2743 2048 quem
2788 1977 2978 2033 beatus
3022 1975 3221 2032 Petrus
3266 1975 3550 2047 apostolus
3604 1974 3794 2030 Domini

2225 2086 2353 2128 voce
2404 2079 2752 2142 praeceptum.
2778 2070 3016 2126 Ecclesia
3046 2068 3397 2124 nihilominus
3419 2067 3790 2137 subsequente,

2223 2174 2278 2222 et
2308 2168 2479 2221 tenuit
2503 2179 2736 2235 semper,
2766 2171 2822 2218 et
2849 2162 3066 2218 retinet.
3096 2160 3223 2217 Hice
3242 2161 3368 2216 dum
3391 2160 3633 2216 Aeacius
3648 2159 3795 2215 certis

2224 2256 2578 2326 comperisset
2632 2253 2848 2309 indiciis
2880 2266 2911 2307 a
2959 2252 3189 2308 veritate
3219 2250 3519 2320 apostolica
3568 2250 3791 2305 deviasse

2225 2348 2426 2404 diutius
2448 2347 2548 2402 ista
2577 2361 2681 2400 non
2709 2345 2956 2407 credens,
2976 2345 3176 2416 quippe
3200 2358 3363 2414 quem
3391 2350 3630 2398 noverat
3655 2356 3794 2398 exse-

2224 2444 2465 2492 cutorem
2510 2449 2654 2506 stepe
2708 2435 3030 2491 necessariae
3087 2432 3458 2504 dispositionis
3510 2446 3577 2489 se
3627 2441 3791 2489 contra

2226 2529 2507 2585 haereticos
2536 2528 2828 2594 exstitisse,
2860 2541 2957 2598 per
2984 2527 3274 2582 triennium
3306 2525 3422 2580 fere
3472 2522 3675 2579 litteris
3714 2525 3790 2578 de-

2225 2618 2439 2676 stinatis
2477 2618 2722 2674 eunnlem
2775 2632 2995 2673 monere
3040 2630 3149 2672 non
3179 2616 3407 2681 destitit,
3433 2614 3580 2671 sicut
3607 2629 3700 2685 per
3718 2613 3791 2666 di-

2229 2725 2410 2766 versos
2461 2709 2623 2764 missa
2672 2709 3011 2763 familiariter
3036 2708 3240 2777 scripta
3286 2713 3582 2761 testantur.
3607 2705 3792 2773 Quibus

2226 2801 2316 2857 ille
2337 2802 2462 2855 dum
2494 2800 2728 2870 primum
2775 2808 3031 2871 tanquam
3060 2797 3242 2855 debito
3283 2797 3523 2862 silentio,
3563 2796 3693 2851 nihil
3717 2809 3788 2849 rc-

2225 2892 2494 2962 spondcre
2542 2901 2890 2962 proponeret,
2920 2890 3136 2945 tandem
3178 2881 3469 2959 aliquando
3503 2888 3687 2943 missis
3713 2886 3789 2940 lit-

2227 2984 2678 3055 teris-proﬁtetur,
2706 2983 2799 3039 sed
2823 2980 3186 3038 Alexandrino
3203 2980 3365 3037 Petro
3378 2994 3545 3051 quem
3574 2979 3790 3049 expetita

2227 3073 2538 3144 apostolica).
2571 3071 2732 3128 Sedis
2763 3071 3087 3128 auctoritate
3133 3072 3425 3127 exsecutor
3453 3068 3575 3140 ipse
3601 3082 3791 3138 quoque

2228 3164 2592 3229 damnaverat,
2622 3163 2824 3233 absque
2868 3161 3023 3218 Sedis
3057 3161 3365 3232 apostolicae
3410 3160 3607 3215 uetitia
3665 3172 3792 3212 com-

2230 3255 2485 3310 munione
2513 3255 2853 3327 permistum,
2894 3252 3037 3309 beati
3068 3262 3247 3308 autem
3276 3251 3422 3307 Petri
3472 3253 3636 3307 sedes
3689 3265 3789 3321 qua:

2228 3345 2649 3402 Alexandrinum
2665 3343 2884 3400 Petrum
2906 3357 2964 3398 se
2989 3342 3362 3397 tantummodo
3386 3341 3679 3397 damnose
3700 3354 3788 3393 non

2228 3439 2393 3494 etiam
2413 3437 2640 3493 solvisse
2654 3444 2900 3498 noverat,
2925 3450 3031 3489 non
3049 3434 3275 3503 recepit,
3292 3441 3456 3502 atque
3482 3433 3608 3487 idco
3628 3446 3693 3486 ne
3707 3445 3789 3500 per

2228 3528 2393 3600 239
2416 3527 2672 3583 Acacium
2696 3527 2748 3582 in
2772 3526 2916 3581 Petri
2944 3523 3278 3581 consortium
3299 3524 3621 3586 duceretur,
3639 3524 3786 3591 ipsum

2228 3635 2444 3693 quoque
2471 3637 2502 3676 a
2531 3635 2624 3676 sua
2639 3618 3018 3675 communione
3045 3614 3317 3670 submovit
3341 3623 3398 3670 et
3424 3614 3613 3668 multis
3639 3610 3787 3667 man

2228 3711 2714 3784 transgressionem
2763 3725 2793 3765 a
2837 3723 2932 3765 sua
2963 3706 3224 3765 societate
3262 3704 3387 3761 fecit
3420 3703 3677 3760 alienum.
3708 3700 3787 3755 llic

2227 3805 2270 3861 si
2303 3802 2629 3859 examinatio
2658 3799 2936 3870 qtucritur,
2958 3798 3070 3868 jam
3110 3796 3318 3866 judicio
3346 3811 3454 3854 non
3503 3796 3613 3853 erit
3656 3806 3784 3864 opus,

2228 3904 2514 3968 postquam
2540 3892 2736 3947 litteris
2758 3891 2871 3946 suis
2903 3890 3017 3960 ipse
3042 3888 3324 3945 confessus
3351 3896 3454 3942 est.
3478 3886 3542 3942 Si
3569 3883 3785 3942 auctori-

2231 3988 2356 4044 tatis
2370 3987 2583 4058 pondus
2604 3984 2897 4055 inquiritur
2923 3981 3376 4038 Chalcedonensis
3399 3980 3596 4052 synodi
3627 3986 3787 4033 tenore

2230 4081 2263 4135 il
2291 4080 2372 4135 ius
2423 4076 2753 4133 deﬁnitionis
2795 4074 3072 4131 exsecutio
3117 4072 3407 4143 reperitur,
3439 4086 3552 4141 quo
3576 4067 3785 4125 damnati

2230 4168 2340 4223 illic
2393 4166 2597 4223 erroris
2646 4164 3075 4221 communicator
3097 4161 3343 4226 effectus,
3369 4159 3598 4231 przeﬁxe
3619 4156 3786 4213 nihilo-

2232 4258 2411 4314 minus
2456 4256 2730 4328 particeps
2782 4252 3147 4309 damnationis
3191 4252 3507 4317 existeret,
3556 4249 3782 4321 quoniam

2231 4350 2375 4408 idem
2428 4349 2543 4420 ipse
2600 4362 2757 4403 error
2782 4347 2875 4416 qui
2914 4343 3081 4401 semel
3125 4352 3209 4400 est
3264 4358 3388 4400 cum
3442 4356 3546 4399 suo
3594 4350 3784 4397 auctore

2231 4443 2518 4499 damnatus
2546 4441 2600 4495 in
2637 4439 2898 4510 participe
2938 4436 3175 4507 quolibet
3202 4449 3385 4506 prava:
3414 4430 3786 4491 communionis

2233 4536 2508 4602 eﬁ'ectum,
2535 4542 2590 4591 et
2633 4531 3064 4589 exsecrationem
3123 4528 3205 4585 sui
3254 4536 3430 4598 gestat
3465 4537 3525 4583 et
3575 4538 3781 4600 pinnam.

2235 4630 2352 4698 Quo
2379 4638 2566 4685 tenore
2590 4626 2905 4683 Timotheus
2922 4626 3085 4681 etiam
3105 4631 3266 4695 atque
3289 4624 3404 4695 ipse
3420 4623 3785 4680 Alexandrinus

2233 4718 2443 4784 Petrus,
2467 4718 2557 4790 qui
2580 4719 2871 4774 secundam
2902 4725 3051 4772 certe
3076 4717 3256 4773 sedem
3282 4716 3523 4773 tenuisse
3539 4715 3782 4773 videbant,

2232 4827 2340 4869 non
2390 4811 2584 4883 repetit
2625 4823 2655 4864 a
2690 4808 2914 4882 synodo,
2950 4809 3045 4865 sed
3071 4808 3393 4863 auctoritate
3440 4805 3783 4864 tantummodo

2234 4904 2379 4962 sedis
2406 4901 2735 4977 apostolicae,
2768 4903 2886 4973 ipso
2929 4913 3146 4972 quoque
3169 4900 3369 4955 Acacio
3397 4900 3696 4971 postulante
3716 4893 3783 4948 vel

2234 5005 2562 5067 exsequente
2589 4994 2890 5067 probantur
2922 5006 3045 5049 esse
3069 4990 3329 5047 damnati.
3358 4989 3516 5058 Quod
3558 4989 3605 5048 si
3630 4996 3780 5045 utrum

2239 5087 2412 5145 errori
2443 5086 2530 5143 vel
2581 5082 3011 5156 prtevarieationi
3046 5082 3534 5146 communicarent,
3584 5077 3781 5137 Aeacius

2239 5178 2465 5236 forsitan
2490 5176 2703 5233 dicatur
2737 5174 3041 5245 oportuisse
3070 5181 3342 5237 constare,
3383 5171 3621 5228 breviter
3664 5179 3778 5239 prte-

2239 5272 2433 5329 bemus
2478 5267 2545 5325 ad
2594 5268 2696 5323 ista
2746 5280 3085 5337 responsum.
3116 5262 3225 5318 Aut
3257 5261 3401 5319 enim
3435 5261 3539 5334 ipsi
3589 5262 3779 5317 doceant

2240 5362 2463 5418 Petrum
2490 5359 2727 5432 legitime
2753 5355 3128 5425 veraciterque
3150 5362 3459 5425 purgatum,
3482 5362 3539 5407 et
3563 5351 3629 5406 ab
3659 5345 3776 5403 omni

2240 5454 2564 5526 contagione
2612 5448 2993 5507 haereticorum
3039 5447 3144 5501 rite
3194 5444 3529 5508 discretum,
3589 5453 3698 5497 cum
3738 5434 3775 5488 ci

2238 5543 2658 5607 communicavit
2708 5540 2940 5597 Aeacius
2968 5578 2983 5605 ,
3037 5537 3083 5594 si
3133 5534 3251 5607 ejus
3300 5533 3773 5592 communicatorcm

2236 5645 2431 5711 putant
2455 5633 2709 5689 Acacium
2742 5632 3083 5702 aliquatenus
3114 5626 3508 5689 excusandum,
3539 5630 3628 5677 aut
3654 5618 3693 5673 si
3730 5622 3775 5669 ut

2237 5730 2409 5800 magis
2429 5737 2512 5783 est
2533 5742 2719 5782 verum
2746 5723 3132 5779 convenienter
3155 5729 3316 5791 atque
3333 5717 3567 5790 legitime
3588 5713 3769 5768 Petrum

2238 5838 2344 5879 non
2375 5820 2719 5892 probaverim
2748 5816 3039 5887 expiatum.
