3974 6432
157 417 263 480 ssi
1318 410 1811 476 DECRETAU'UM
1848 415 2248 481 COLLECTIO.
3318 429 3423 487 nos

229 533 419 589 Restat
442 539 502 588 ut
529 520 647 601 ejus
690 528 1052 601 lnexpiatiow
1077 529 1258 595 fuerit,
1289 540 1344 586 et
1386 531 1474 601 qui
1504 531 1553 585 ei
1587 546 1735 587 com-
1761 541 1808 599 Α
1837 534 1990 591 sione
2036 534 2348 606 supposuit?
2395 532 2511 604 Qua
2571 535 2775 608 synodo
2818 543 2898 593 tot
2928 534 3101 594 aliena
3142 540 3420 614 privilegia

153 624 456 681 municavit
486 624 737 679 infectus.
766 621 874 677 Nec
905 620 1064 693 plano
1090 631 1352 687 tacemus,
1381 622 1525 692 quod
1545 631 1741 678 cuncta
1845 624 2109 681 nefandus
2132 625 2415 696 populator
2448 627 2742 685 invaserit?
2779 627 2885 684 Sed
2920 629 3043 686 libri
3079 645 3186 686 non
3213 630 3425 689 suillae-

151 732 255 787 per
285 714 543 770 mundum
588 713 738 770 novit
772 713 1032 776 Ecclesia,
1066 713 1320 781 quoniam
1351 728 1456 767 non
1484 727 1744 783 quorum-
1841 724 1982 781 rent,
2033 715 2080 771 si
2130 718 2423 789 tragtndias
2467 718 2585 788 ejus
2611 731 2747 789 quas
2797 733 2894 790 per
2944 718 3216 777 Ecclesiae
3257 723 3422 779 totius

150 807 292 861 libet
341 804 607 860 sententia
661 803 823 873 ligata
866 803 1178 873 pontiﬁcum
1229 802 1357 857 sede
1405 802 1548 857 beati
1598 802 1743 857 l’etri
1808 796 2079 861 Orientis
2105 808 2349 862 exercuit
2373 807 2647 877 sigillatim
2670 808 2977 864 describere
3001 809 3308 866 moliamur.
3335 816 3420 867 An

150 896 384 968 apostoli
430 895 514 950 vis
571 894 768 949 habeat
819 893 1036 958 resolvi,
1086 902 1270 964 utpote
1316 908 1437 963 qua:
1482 896 1548 949 de
1591 898 1740 953 omni
1840 899 1971 955 illud
2003 900 2172 972 ipsius
2202 911 2575 972 argumentum
2618 904 2775 958 nobis
2814 902 3102 961 aestimavit
3148 920 3422 978 opponen-

148 986 400 1043 Ecclesia
444 986 529 1040 fas
575 985 774 1040 habeat
799 983 1101 1054 judicaudi,
1150 998 1326 1052 neque
1370 984 1626 1053 cuiquam
1673 984 1743 1039 de
1840 990 2003 1058 dum,
2063 1006 2173 1063 quo
2217 992 2459 1050 facinora
2508 1010 2603 1050 sua
2658 995 2712 1050 in
2766 996 3094 1068 imperialem
3147 1000 3298 1056 visos
3337 1009 3423 1057 est

148 1078 275 1146 ejus
309 1076 467 1132 liceat
508 1076 754 1146 judicare
788 1075 1016 1145 judicio.
1063 1075 1337 1145 Siquidem
1381 1076 1449 1132 ad
1497 1076 1641 1131 illam
1675 1076 1742 1131 de
1832 1080 2043 1153 jactare
2064 1099 2372 1155 personam.
2401 1085 2512 1143 Cur
2536 1087 2718 1159 igitur,
2748 1090 2964 1158 quando
2991 1089 3179 1155 voluit,
3203 1091 3423 1146 obsistit

147 1164 398 1235 qualibet
443 1165 627 1219 tnundi
660 1174 817 1234 parte
850 1177 1087 1219 canones
1123 1164 1395 1233 appellare
1432 1163 1740 1231 voluerunt,
1837 1173 2100 1231 Basilisco
2126 1185 2356 1246 ιγηηηο
2392 1184 2542 1233 certe
2568 1185 2623 1232 ei
2654 1175 2909 1234 ικω-ριίοο
2945 1180 3296 1235 vehementer
3330 1180 3417 1234 ίη.

146 1257 226 1311 ob
264 1256 354 1311 illa
397 1266 581 1310 autem
623 1268 782 1311 nemo
815 1255 890 1312 sit
937 1256 1209 1325 appellare
1239 1256 1555 1326 permissus.
1597 1255 1735 1324 Qua-

1837 1264 2011 1322 festo?
2028 1266 2139 1323 (iur
2166 1267 2265 1339 ipsi
2290 1269 2597 1340 imperatori
2625 1269 2852 1336 Zenoni,
2880 1273 3004 1343 quia
3029 1272 3208 1345 palam
3234 1276 3420 1333 Antio-

148 1356 379 1417 propter
417 1346 549 1401 satis
600 1353 812 1401 constet
853 1345 1112 1400 Acacium
1158 1346 1362 1401 nullum
1401 1344 1765 1416 pontiﬁcium-
1835 1356 2012 1414 ebeno
2048 1356 2213 1416 Petro
2257 1361 2662 1418 communicare
2715 1362 2905 1429 noluit,
2962 1344 3114 1421 suam
3162 1367 3419 1423 nimirum

148 1437 411 1493 habuisse
437 1437 733 1491 sententias
774 1436 920 1492 sedis
963 1434 1274 1505 apostolica!
1315 1436 1436 1491 sine
1472 1435 1577 1490 Ulla
1621 1437 1741 1507 eius
1837 1447 2078 1504 subdidit
2102 1449 2453 1507 voluntatem.
2481 1451 2622 1509 Ecce
2648 1456 2823 1524 potuit
2861 1456 2918 1511 in
2966 1455 3087 1514 aliis
3132 1458 3420 1523 resultare.

149 1529 377 1584 notione
411 1527 671 1583 solvendi.
720 1527 836 1594 Qua
866 1536 1032 1619 certe
1082 1526 1288 1619 synodo
1323 1527 1436 1619 hoc;
1470 1526 1559 1582 ille
1595 1541 1736 1619 prm-
1837 1537 1933 1592 sed
1956 1536 2147 1593 noluit.
2177 1539 2372 1595 Annon
2397 1541 2685 1612 Apostolus
2709 1543 2844 1600 dixit
2874 1561 2889 1599 :
2926 1562 2945 1597 ι
2983 1544 3098 1602 Non
3124 1548 3300 1604 solum
3327 1550 3418 1619 qui

147 1619 405 1688 sumpsit,
432 1619 574 1688 quod
606 1631 705 1672 nec
730 1620 802 1709 sit
826 1618 895 1672 ab
923 1617 1217 1688 apostolica
1265 1618 1391 1673 aede
1416 1616 1497 1672 fas
1520 1617 1736 1688 quidem
1836 1623 2063 1691 faciunt,
2091 1626 2185 1682 sed
2217 1628 2381 1683 etiam
2406 1630 2499 1700 qui
2527 1632 2873 1687 consentiunt
2893 1632 3218 1692 facientibus
3241 1616 3416 1709 (Rom.

148 1712 383 1766 haberet
428 1709 658 1774 eﬁicere,
708 1708 861 1779 cujus
906 1712 1050 1765 sedis
1083 1710 1389 1782 episcopus,
1437 1711 1591 1781 cujus
1628 1726 1740 1768 me-
1837 1729 1878 1780 t,
1912 1716 2005 1787 32)
2039 1734 2058 1767 ι
2094 1726 2245 1773 reatu
2276 1720 2478 1788 pariter
2506 1731 2626 1775 sttut
2670 1723 2884 1779 irrctiti.
2937 1725 3043 1781 Sed
3085 1737 3145 1781 ιιι
3185 1708 3259 1782 ea
3300 1743 3421 1798 quae

149 1798 493 1873 tropolitana:
522 1802 755 1857 civitatis
779 1802 1027 1858 antistes.
1059 1801 1251 1857 Nonne
1280 1802 1551 1873 parocbize
1578 1802 1738 1857 Erra-
1838 1802 2001 1861 latius
2041 1807 2358 1877 explicanda
2408 1819 2533 1866 sunt
2582 1814 2927 1879 omittamus,
2993 1817 3251 1887 quidquid
3305 1819 3439 1889 ipset

147 1896 357 1951 clensis
386 1894 675 1950 Ecclesiae?
700 1895 756 1949 Si
786 1894 862 1949 illi
891 1903 1037 1951 certe
1062 1894 1215 1949 licuit
1239 1896 1359 1950 sine
1382 1894 1590 1966 synodo
1609 1910 1738 1951 sen-
1768 1921 1813 1981 Β
1837 1894 1987 1954 Zeno
2022 1897 2317 1969 imperator
2343 1901 2456 1957 suis
2486 1901 2680 1958 litteris
2707 1903 2993 1974 proﬁtetur
3027 1916 3221 1963 cuncta
3251 1923 3311 1964 se
3349 1925 3419 1965 ex

145 1988 379 2042 tentiam
420 1986 728 2056 apostolica:
776 1985 935 2042 Sedis
986 1987 1339 2057 abrumpere,
1383 1987 1529 2041 nulla
1575 1988 1736 2044 citius

145 2078 555 2134 consultatione
580 2079 830 2148 qna-sita,
859 2079 933 2133 ita
961 2092 1033 2134 no
1073 2093 1202 2135 vero
1229 2095 1341 2136 non
1370 2079 1523 2136 licuit
1551 2082 1739 2152 prima;

142 2170 268 2223 sedi
316 2168 746 2224 (ibalcedoncnsi
781 2170 970 2241 synodi
1014 2169 1333 2236 constituta,
1373 2172 1518 2227 sicut
1558 2172 1740 2229 decuit

142 2261 483 2331 exsequendi
514 2260 820 2332 huiusmodi
857 2262 1324 2334 prmvaricatorem
1353 2277 1417 2320 se
1446 2266 1739 2321 auctorita-

142 2361 260 2407 tem
293 2353 615 2408 detrudere?
643 2351 750 2408 Sed
794 2367 897 2409 nec
940 2352 1030 2408 illa
1074 2354 1413 2424 praeterimus
1432 2355 1575 2426 quod
1604 2371 1735 2428 apo-

138 2443 361 2500 stolicze
406 2443 531 2500 Sedi
562 2444 873 2515 frequenter
913 2446 1099 2501 datum
1126 2455 1212 2502 est
1249 2461 1401 2504 more
1447 2447 1734 2518 majorum,

136 2534 316 2589 etiam
351 2534 472 2588 sine
518 2533 625 2589 ulla
653 2535 861 2607 synodo
900 2536 1225 2607 praecidente
1252 2536 1562 2593 exsolvendi
1594 2541 1736 2609 quod

138 2625 393 2698 synodus
441 2625 624 2696 iniqua
688 2628 1082 2693 damnaverat,
1131 2635 1188 2682 et
1231 2628 1524 2685 damnandi
1588 2628 1736 2684 nulla

137 2717 406 2774 existenti
432 2719 659 2790 synodo,
685 2732 822 2788 quos
846 2720 1104 2789 oportuit,
1133 2720 1382 2775 habuerit
1402 2719 1735 2787 facultatem,

145 2820 364 2867 sanctae
386 2811 661 2867 memoria:
682 2812 880 2884 quippe
903 2810 1261 2867 Athanasium
1283 2812 1522 2883 synodus
1542 2812 1737 2869 Orien-

141 2902 279 2957 talis
311 2902 608 2958 addixerat.
636 2902 805 2970 Quem
843 2912 1021 2957 tamen
1068 2914 1353 2973 exceptum
1401 2905 1557 2959 sedes
1607 2920 1735 2976 apo-

138 2992 366 3057 stolica,
410 2993 535 3062 quia
580 2991 1243 3049 datunationiGrzccorum
1276 3008 1384 3047 non
1433 2995 1731 3061 consensit,

138 3084 407 3140 absolvit.
462 3084 675 3141 Sancta:
722 3086 996 3140 memoria:
1059 3084 1412 3141 nihilominus
1469 3083 1732 3141 Joannem

140 3176 810 3248 Constantinopolitanum
855 3176 1096 3249 synodus
1136 3177 1300 3231 etiam
1344 3175 1733 3232 catholicorum

1838 1985 2021 2044 Acacii
2050 1990 2284 2060 gessisse
2307 1992 2556 2059 concilio,
2596 2008 2698 2049 nec
2735 1996 2841 2052 hoc
2882 1997 3026 2052 enim
3074 1998 3271 2055 litteris
3305 2000 3419 2054 suis

1837 2074 2026 2133 fallere
2075 2079 2191 2148 ipse
2229 2093 2444 2150 quoque
2492 2090 2722 2138 testatur
2762 2085 3011 2142 Aeacius.
3054 2087 3157 2155 Qui
3193 2098 3249 2144 et
3294 2102 3419 2143 eum

1837 2166 2186 2223 nihilominus
2226 2170 2479 2227 universa
2523 2180 2669 2228 recta
2718 2175 2954 2245 gessisse
2991 2176 3333 2248 conscripsit,
3367 2189 3422 2233 et

1837 2274 1937 2317 suo
1957 2260 2190 2317 concilio
2214 2262 2331 2319 haec
2352 2265 2544 2320 eadem
2566 2273 2720 2336 gesta
2751 2280 2857 2322 non
2884 2268 3068 2323 tacuit.
3095 2268 3261 2337 Quasi
3290 2285 3437 2326 vero

1839 2360 2048 2407 tantum
2090 2351 2144 2407 in
2190 2351 2544 2410 Alexandrini
2582 2355 2728 2411 l’etri
2774 2360 3157 2414 communione
3189 2359 3422 2417 Aeacius

1836 2440 2223 2511 praevaricator
2239 2443 2528 2509 exstiterit,
2548 2452 2606 2500 et
2625 2460 2732 2501 non
2756 2445 2811 2500 in
2832 2448 3086 2505 omnibus
3105 2462 3242 2519 quos
3268 2445 3419 2516 fecit,

1836 2531 1921 2587 vel
1939 2532 2178 2603 depulsis
2201 2533 2487 2591 catholicis
2506 2536 2872 2609 pontiﬁcibus,
2899 2553 3136 2609 unquam
3160 2547 3420 2612 tyrannos

1836 2622 2097 2680 Ecclesiis
2157 2626 2394 2696 praeponi
2456 2635 2517 2682 ut
2575 2626 2756 2683 taliter
2811 2630 3117 2700 praepositis
3163 2644 3420 2702 perversa

1836 2715 2214 2772 communione
2249 2718 2542 2788 permistus
2575 2728 2679 2774 est.
2713 2718 2815 2786 Qui
2847 2719 2950 2776 hoc
2985 2722 3100 2793 ipso
3128 2723 3419 2778 secundum

1835 2822 2071 2864 canones
2106 2807 2319 2864 fuerant
2366 2809 2436 2865 ab
2473 2809 2840 2867 ecclesiastica
2890 2813 3268 2869 communione
3309 2816 3422 2883 pcl-

1835 2896 1978 2953 lendi
2003 2898 2145 2969 quod
2173 2911 2234 2954 se
2256 2899 2397 2969 passi
2428 2911 2554 2955 sunt
2589 2914 2933 2957 successores
2959 2902 3095 2959 vivis
3121 2904 3419 2958 sacerdoti-

1834 2989 1937 3045 bus
1955 2991 2219 3046 adhiberi.
2246 2989 2380 3058 Quis
2406 3000 2587 3046 autem
2611 3007 2716 3047 non
2761 2994 3053 3064 perspiciat
3080 2993 3423 3050 Christianos

1835 3086 1950 3159 qui,
1999 3086 2278 3143 catholicis
2348 3086 2693 3158 pontiﬁcibus
2739 3086 2954 3156 propria
3014 3087 3141 3142 sede
3180 3086 3418 3159 deiectis,

1838 3175 2053 3233 nonnisi
2083 3175 2319 3231 haeretici
2348 3185 2636 3245 potuerunt
2664 3175 2976 3231 introduci?
3001 3176 3205 3244 Quibus
3242 3186 3421 3234 tamen

139 3267 438 3341 pmsulum
472 3278 620 3325 certe
648 3272 1020 3336 damnaverat,
1051 3284 1212 3341 quem
1238 3268 1399 3345 simili
1441 3268 1600 3324 modo
1653 3283 1735 3324 se-
1763 3270 1809 3335 C
1838 3269 2049 3325 cunctis
2071 3267 2156 3325 vel
2185 3278 2374 3323 auctor
2395 3267 2497 3323 fuit
2520 3267 2768 3329 Aeacius,
2799 3269 3158 3339 subrogandis
3186 3270 3267 3325 vel
3294 3272 3421 3326 sub-

138 3364 248 3418 des
290 3364 583 3434 apostolica
612 3365 776 3419 etiam
823 3363 960 3429 sola,
989 3364 1115 3435 quia
1153 3378 1262 3419 non
1309 3360 1604 3425 consensit,
1645 3361 1738 3417 ab-

140 3451 330 3507 solvit.
360 3450 490 3508 ltem
522 3461 768 3507 sanctum
816 3452 1157 3517 Flavianum,
1184 3453 1493 3523 pontiﬁcem
1522 3450 1738 3507 Grtnco-

140 3560 296 3610 rnm,
326 3547 742 3618 congregatione
770 3546 1082 3602 damnatum
1105 3545 1219 3615 pari
1247 3554 1454 3610 tenore,
1480 3543 1735 3615 quoniam

136 3635 266 3691 sola
306 3636 466 3692 sedes
494 3636 788 3707 apostolica
813 3652 921 3693 non
961 3637 1261 3702 consensit,
1302 3635 1530 3691 absolvit
1560 3633 1740 3706 potius

140 3744 313 3798 quam
343 3728 451 3784 illic
479 3738 726 3800 receptus
748 3729 942 3785 fuerat.
969 3729 1280 3786 Dioscorum
1319 3731 1568 3785 secundae
1594 3726 1739 3783 sedis

144 3817 437 3889 praesulem
465 3832 560 3873 sua
597 3819 919 3874 auctoritate
946 3818 1259 3885 damnavit,
1290 3829 1347 3874 et
1382 3819 1605 3891 impiam
1643 3830 1736 3888 sy-

149 3910 357 3967 nodum
383 3924 486 3965 non
508 3912 899 3967 consentiendo
916 3912 1187 3968 submovit
1209 3912 1322 3969 sola
1342 3921 1392 3969 et
1415 3915 1738 3971 auctoritate

147 4013 212 4057 ut
246 4003 485 4074 synodus
523 4003 981 4060 Chalcedonensis
1028 4004 1182 4061 ﬁeret
1228 4006 1341 4063 sola
1389 4007 1647 4064 decrevit.
1679 4008 1737 4064 ln

146 4110 262 4166 qua
307 4108 437 4163 ergo
482 4104 539 4149 ut
589 4094 700 4151 sola
747 4095 828 4150 vis
873 4095 1061 4150 habuit
1101 4096 1414 4153 absolvendi
1466 4113 1561 4154 eos
1602 4113 1739 4169 quos

147 4172 411 4259 synodica
438 4187 652 4243 decreta
685 4187 1042 4258 protulerant,
1073 4188 1152 4245 sic
1187 4191 1349 4244 etiam
1385 4193 1504 4245 sine
1529 4193 1737 4263 synodo

148 4280 207 4334 in
241 4279 343 4334 hac
372 4280 559 4333 eadem
597 4294 760 4334 causa
790 4280 1049 4350 plurimos
1093 4281 1258 4337 etiam
1295 4285 1736 4354 metzopolitanos

149 4373 442 4426 damnasse
467 4373 828 4439 cognoscitur.
867 4372 1018 4438 Quod
1049 4371 1095 4426 si
1136 4371 1259 4442 quis
1285 4371 1398 4428 btcc
1427 4376 1496 4429 ab
1522 4384 1737 4445 aposto-

151 4463 256 4518 lica
297 4462 446 4529 sede,
472 4471 530 4517 ut
557 4474 746 4519 sancta
778 4466 984 4537 synodo
1014 4476 1132 4521 acta
1157 4466 1518 4537 reprehendit,
1543 4477 1738 4539 praeter

149 4554 297 4624 quod
340 4554 513 4623 prisca
550 4570 727 4608 rerum
773 4556 1091 4625 probatione
1132 4557 1491 4613 convincitur.
1534 4558 1734 4615 lterum

1839 3360 2040 3430 rogatis
2099 3359 2527 3417 communicator
2578 3361 2839 3426 accessit;
2897 3360 2982 3415 his
3040 3360 3242 3431 itaque,
3295 3362 3422 3432 quia

1838 3449 2220 3506 communione
2266 3449 2644 3506 haereticorum
2686 3450 2988 3505 nullatenus
3029 3450 3421 3521 discrepabunt.

1838 3540 1948 3597 Cur
1975 3541 2139 3609 igitur
2167 3540 2247 3597 vel
2275 3556 2399 3597 cum
2442 3541 2557 3598 haec
2587 3540 2703 3597 ﬁeri
2735 3541 2951 3608 viderit,
3000 3557 3105 3596 non
3142 3544 3282 3597 sicut
3321 3543 3425 3598 sub

1836 3632 2097 3691 Basilisco
2116 3632 2231 3704 jam
2264 3633 2488 3701 fecerat,
2519 3635 2585 3691 ad
2611 3633 2962 3705 apostolicam
2993 3634 3186 3690 Sedem
3218 3634 3425 3690 referre

1838 3725 2071 3790 curavit,
2104 3734 2165 3779 ιιι
2190 3726 2234 3781 si
2264 3725 2413 3782 solus
2436 3725 2553 3796 ipse
2582 3741 2689 3782 non
2727 3734 2940 3796 poterat
2963 3724 3265 3794 conjunctis
3299 3741 3422 3782 cum

1836 3819 2024 3873 eodem
2052 3816 2291 3873 consiliis
2314 3825 2476 3888 atque
2500 3818 2820 3874 tractatibus
2848 3818 2987 3888 apud
3018 3819 3418 3888 imperatorem,

1837 3922 1959 3978 qua:
1984 3908 2188 3980 regioni
2237 3919 2624 3981 competerent,
2659 3909 2929 3981 allegaret.
2986 3906 3119 3965 Nam
3157 3912 3202 3965 si
3235 3910 3423 3966 Basili-

1838 4014 1961 4056 scus
2009 4008 2093 4073 (ιιι
2143 4001 2344 4057 dictum
2389 4001 2782 4075 est)tyrannus
2833 4003 3151 4070 haereticus,
3206 4005 3424 4074 scriptis

1836 4094 2145 4166 apostoliczn
2172 4094 2327 4151 Sedis
2356 4096 2701 4153 vehementer
2729 4094 2979 4161 infestus,
3008 4111 3036 4150 τι
3063 4096 3310 4167 pluribus
3339 4112 3423 4152 re-

1837 4198 2059 4244 vocatus
2094 4189 2161 4243 ad
2192 4203 2315 4243 eum
2368 4189 2701 4253 accessibus,
2724 4198 2927 4259 quanto
2957 4191 3126 4259 magis
3154 4188 3428 4261 legitimus

1838 4280 2133 4349 itnpetator
2160 4282 2251 4349 qui
2296 4296 2354 4335 se
2382 4279 2705 4336 catholicum
2756 4280 2924 4335 videri
2969 4280 3203 4346 volebat,
3251 4281 3429 4352 potuit

1836 4388 1958 4427 cum
1985 4372 2275 4442 apostolica
2320 4373 2448 4427 sede
2492 4379 2808 4427 cunctorum
2846 4387 3062 4443 quoque
3108 4372 3422 4443 pontiﬁcum

1838 4462 2112 4518 moderata
2160 4462 2500 4534 suggestione
2535 4463 2789 4534 mitigari,
2828 4465 3096 4535 praecipue
3124 4478 3247 4519 cum
3278 4462 3423 4533 ejus-

1840 4558 1961 4612 dem
2007 4554 2188 4610 Acacii
2233 4563 2377 4612 esset
2423 4554 2671 4627 specialis
2696 4555 2873 4611 fautor
2897 4564 2951 4610 et
2982 4564 3212 4622 amator,
3252 4563 3306 4611 et
3333 4556 3426 4625 qui

152 4645 324 4699 nmlto
354 4644 525 4715 magis
558 4643 815 4701 Acacium
864 4662 970 4701 non
1002 4647 1218 4704 licuisse
1268 4648 1541 4705 fatebitur.
1587 4652 1738 4707 Dicat
1764 4619 1815 4679 Ῑ)
1841 4649 2035 4703 litteris
2066 4648 2199 4713 suis,
2238 4657 2345 4702 tam
2369 4649 2542 4719 ipsum
2569 4648 2827 4704 Acacium
2856 4662 3018 4719 quam
3059 4657 3305 4703 sanctum
3332 4661 3427 4716 pa-

150 4750 284 4806 ergo
337 4750 439 4806 qua
488 4736 600 4806 ipse
648 4739 855 4808 synodo
908 4741 1158 4793 secunda”:
1216 4740 1360 4793 sedis
1413 4742 1735 4810 antistitem,

152 4826 586 4898 qualemcunque
611 4839 758 4883 certe
788 4828 1111 4885 catholicum
1137 4841 1192 4886 et
1220 4846 1249 4886 a
1283 4832 1560 4888 catholicis
1585 4834 1735 4889 ordi-

154 4923 364 4981 natum,
392 4931 491 4971 nec
523 4917 588 4972 de
611 4918 875 4975 catholica
912 4918 1017 4975 ﬁde
1045 4928 1096 4973 et
1129 4922 1507 4976 communione
1532 4921 1739 4993 aliqua-

155 5016 316 5063 tenus
343 5008 643 5079 impetitum
670 5009 879 5064 duxerit
902 5010 1313 5075 excludendum,
1338 5020 1395 5067 et
1419 5012 1731 5067 hatreticnm

154 5096 501 5154 manifestum
526 5098 744 5156 Petrum
771 5116 864 5157 sua
888 5116 1102 5172 quoque
1136 5105 1482 5159 exsecutione
1506 5105 1733 5159 damna-

154 5198 289 5255 tum,
321 5192 557 5262 pontiﬁci
585 5193 853 5248 catholico
894 5195 1136 5264 permisit
1170 5196 1587 5266 subrogandum.
1619 5195 1733 5264 Qua

154 5282 360 5354 synodo
405 5284 573 5340 tertia:
612 5283 757 5340 sedis
793 5285 1101 5355 apostolicae
1139 5286 1445 5357 episcopum
1490 5297 1733 5341 sanetum

155 5374 534 5430 Calendio..cm
570 5375 697 5430 fecit
721 5376 935 5446 expelli,
960 5390 1025 5431 ac
1059 5376 1406 5431 nihilominus
1428 5377 1601 5432 eidem
1631 5377 1731 5432 l‘e-

157 5475 299 5520 trum
341 5476 451 5521 tam
486 5468 793 5523 Ittcreticum
848 5467 1215 5532 manifestum,
1249 5478 1308 5522 ut
1351 5468 1523 5522 eidem
1554 5469 1730 5538 palam

154 5570 258 5611 nec
289 5574 346 5611 se
374 5560 752 5616 coinmunione
782 5561 1134 5631 przetcndcrcl
1174 5576 1268 5616 sua
1300 5561 1473 5632 passis
1500 5560 1733 5632 disposi-

156 5646 303 5702 tione
343 5649 609 5703 substitni.
653 5650 768 5718 Qua
815 5651 1045 5723 denique
1097 5667 1191 5722 per
1240 5661 1408 5706 totum
1458 5651 1731 5709 Orientem

157 5741 362 5811 synodo
393 5741 578 5811 ejectis
614 5745 948 5810 orthodoxis,
983 5744 1126 5798 nullo
1160 5743 1387 5799 crimine
1429 5744 1730 5811 maculatis,

158 5850 355 5907 pravos
380 5851 621 5906 quosque
650 5849 702 5892 et
744 5838 1060 5893 criminibus
1096 5837 1362 5895 involutos
1405 5860 1498 5899 sua
1550 5845 1729 5915 provi.

1838 4755 1964 4811 pum
2010 4739 2348 4812 Simplicium
2400 4741 2612 4813 magnis
2662 4740 2908 4796 laudibus
2937 4739 3238 4803 extulisset,
3281 4739 3425 4808 quod

1838 4832 2108 4888 hazrcticis
2136 4833 2575 4889 constantissime
2604 4833 2944 4888 restitissent.
2972 4831 3082 4888 Cur
3110 4839 3260 4887 tanto
3293 4839 3424 4886 tem-

1837 4937 1969 4993 pore
1990 4924 2219 4979 Aeacius
2249 4923 2387 4979 inter
2412 4924 2515 4979 ista
2542 4924 2825 4988 conticuit,
2852 4924 2955 4979 nisi
2983 4923 3106 4994 quia
3135 4922 3425 4992 prohibere

1842 5013 2059 5069 nolebat
2087 5012 2353 5070 ullatenus
2383 5028 2504 5085 qute
2537 5014 2877 5070 desiderabat
2899 5014 3126 5086 expleri.
3154 5013 3424 5072 Γίττδιιιυε
3475 5008 3493 5024 ⁸

1840 5114 2020 5161 tamen
2059 5106 2245 5170 etiam,
2296 5106 2339 5161 si
2389 5105 2533 5161 nulla
2569 5107 2803 5177 synodus
2840 5106 3245 5178 praacessissct,
3274 5121 3427 5175 cujus

1841 5200 2132 5272 apostolica
2161 5200 2317 5256 sedes
2349 5210 2493 5256 recte
2530 5198 2685 5254 fieret
2713 5201 3042 5255 cxsecutrix.
3068 5197 3201 5255 Cum
3230 5200 3425 5270 quibus

1840 5300 1956 5347 erat
1983 5294 2047 5346 de
2077 5291 2273 5345 Acacio
2315 5291 2551 5362 synodus
2594 5290 2865 5347 incumin?
2910 5278 3158 5362 Nunquid
3185 5305 3307 5344 cum
3340 5291 3425 5345 his

1841 5385 1930 5456 qui
1953 5383 2066 5453 iam
2096 5384 2383 5457 participes
2409 5385 2727 5440 tenebantur
2756 5385 2980 5448 Acacio,
3011 5397 3063 5440 et
3103 5399 3198 5455 per
3233 5382 3423 5440 Oricu-

1841 5485 1948 5531 tctn
1983 5484 2150 5530 totum
2189 5473 2483 5530 catholicos
2526 5476 2834 5529 sacerdotes
2860 5474 3123 5528 violenter
3162 5472 3424 5528 exclusis-

1840 5576 1980 5623 sent.
2027 5565 2131 5623 Per
2170 5567 2361 5624 exsilia
2401 5567 2612 5625 diversa
2662 5568 2911 5640 relegatis
2956 5567 3117 5622 sociis
3146 5566 3424 5620 evidenter

1839 5645 2145 5715 existebant
2178 5659 2572 5716 communionis
2623 5670 2854 5725 a‘tcrnze,
2910 5675 3009 5715 nec
3052 5658 3205 5728 prius
3249 5672 3307 5712 se
3354 5676 3418 5712 ac.

1841 5754 1957 5809 haec
1991 5754 2259 5809 consortia
2292 5752 2705 5819 transferentes,
2737 5768 2900 5824 quam
2938 5751 3081 5807 sedis
3114 5750 3417 5822 apostolica

1842 5846 1973 5901 scita
2007 5845 2365 5902 consulerent.
2390 5844 2524 5901 Cum
2550 5847 2744 5916 quibus
2770 5861 2899 5916 ergo
2924 5851 3033 5899 erat
3069 5845 3301 5905 svnodus
3336 5843 3416 5895 iu-
