3882 5316
145 260 234 322 969
1275 251 1451 312 DECR
1461 251 1760 309 ETALIUM
1794 243 2193 308 COLLEC‘TIO.
3245 241 3352 296 970

144 373 302 433 cessit.
330 369 609 426 Postremo
633 384 731 426 cur
774 378 924 428 tanto
962 379 1200 443 tempore
1241 387 1363 426 cum
1394 373 1496 426 ista
1527 385 1680 441 gerc-
1711 369 1758 429 Α
1787 373 2172 437 constrtngt,ct
2195 363 2264 418 ob
2285 363 2387 418 hoc
2401 361 2568 416 videri
2596 375 2718 414 eum
2747 367 2996 414 noteoant
3019 358 3351 418 damnatum,

147 472 326 522 rentur.
355 460 441 514 lex
478 461 710 530 gerenda
754 471 1120 532 cognosceret,
1159 470 1212 517 et
1263 477 1368 517 non
1402 461 1468 515 ad
1503 460 1684 514 sedem
1787 456 1911 524 quia
1977 469 2036 509 se
2088 454 2482 526 cognoscebant
2549 452 2602 506 in
2671 451 2860 506 eadem
2918 446 3356 520 praevaricatione

147 549 486 622 apostolicam,
519 565 548 603 a
577 565 682 620 qua
710 551 810 606 sibi
839 565 1025 607 curam
1056 552 1266 606 illarum
1292 552 1567 619 regionum
1593 564 1688 604 no-
1788 547 2089 609 damaatos,
2115 547 2166 600 in
2196 560 2300 615 qua
2321 545 2478 600 hodie
2499 559 2718 598 manere
2743 543 3057 614 persistunt.
3086 539 3192 594 Sed
3221 539 3357 594 sicut

148 651 280 698 verat
301 641 596 711 delegatam
627 641 830 697 referre
859 644 1148 698 curaverit.
1178 643 1283 698 Sed
1322 643 1474 714 prius
1505 642 1692 696 lauda-
1789 635 1844 692 bi
1877 635 2037 690 simili
2064 633 2675 690 conditione'constricti
2712 632 3028 703 complicem
3068 645 3222 686 suum
3252 643 3358 683 non

149 743 222 788 tor
243 731 404 787 factus
428 740 512 787 est
539 733 654 802 ipse
699 740 994 804 gestorum,
1042 734 1169 805 quia
1205 735 1291 790 lex
1334 717 1694 806 praemoneret
1788 736 2012 798 possunt
2049 726 2313 797 judicare,
2361 742 2466 781 non
2507 726 2630 796 jure
2667 726 3017 790 damnatum,
3066 736 3243 790 neque
3284 719 3359 775 rei

149 823 260 877 talia
288 837 386 877 non
413 837 532 879 esse
560 824 811 878 tentanda
833 823 916 879 vel
933 837 1004 880 ne
1029 833 1366 880 tentarentur
1383 824 1692 887 obsisteret,
1793 833 1946 874 reum
1986 827 2208 889 possunt
2256 826 2622 889 competenter
2661 814 2938 872 absolvere
2975 814 3054 870 sic
3107 812 3195 867 ille
3237 810 3361 878 jure

146 913 270 970 sicut
291 911 385 970 sub
412 911 672 970 Basilisco
686 913 800 985 jam
825 912 1045 971 fecerat.
1071 914 1184 972 Cur
1206 914 1312 970 illis
1326 914 1534 973 caeteris
1548 927 1696 971 com-
1791 907 2206 980 praavaricatore
2231 907 2505 971 damnato,
2529 905 2615 961 isti
2643 919 2853 976 quoque
2876 904 2991 975 pari
3013 903 3191 975 jacent
3214 903 3364 955 dam-

151 1002 405 1059 municare
431 1003 724 1072 consensit,
763 1003 854 1075 qui
885 1003 1121 1075 depulsis
1145 1004 1428 1061 catholicis
1454 1002 1698 1059 sacerdo.
1793 996 2011 1052 natione
2033 996 2302 1066 prostrati,
2338 1009 2511 1066 neque
2531 994 2632 1050 nisi
2661 994 3034 1065 resipiscentes
3064 991 3186 1049 inde
3210 999 3364 1061 pote-

145 1094 273 1148 tibus
309 1091 672 1148 indubitanter
699 1093 936 1150 lucretici
979 1093 1202 1165 singulis
1229 1093 1454 1150 urbibus
1483 1091 1698 1148 fuerant
1794 1097 1920 1144 runt
1953 1101 2173 1156 prorsus
2201 1085 2428 1152 absolvi,
2461 1085 2586 1155 quia
2619 1093 2757 1140 SlClll.
2797 1099 2892 1154 per
2929 1098 3093 1137 unum
3125 1081 3366 1136 scriben«

143 1181 420 1239 substituti.
448 1181 750 1249 Postremo,
782 1183 828 1239 si
858 1182 947 1238 ille
984 1182 1151 1241 deluit
1193 1185 1308 1239 suis
1334 1183 1594 1253 partibus,
1643 1191 1700 1237 et
1797 1187 1904 1234 tem
1931 1191 2116 1233 eorum
2145 1175 2383 1231 omnium
2413 1175 2627 1244 vulgata
2663 1172 3016 1244 transgressio
3049 1179 3132 1224 est
3165 1169 3256 1238 qui
3300 1168 3356 1221 in

143 1285 252 1342 quae
300 1269 569 1327 sacerdoti
630 1271 896 1330 catholico
940 1280 1329 1343 competerent,
1375 1285 1534 1344 agere
1591 1287 1698 1328 non
1795 1267 2038 1322 eamdem
2068 1265 2305 1336 perﬁdiae
2333 1264 2634 1321 reciderant
2661 1263 2946 1326 actionem,
2986 1260 3064 1315 sic
3109 1260 3160 1313 in
3203 1272 3368 1312 unum

140 1359 352 1426 curavit,
383 1359 507 1416 ideo
535 1359 692 1418 sedes
724 1361 1015 1432 apostolica
1045 1360 1189 1431 quod
1215 1363 1280 1417 ad
1308 1375 1426 1416 eam
1465 1360 1700 1430 pertinea
1796 1357 2152 1426 eamdemque
2181 1356 2270 1427 qui
2298 1370 2394 1425 pro
2422 1355 2670 1412 omnibus
2697 1354 2987 1424 scripserat
3013 1350 3096 1406 vel
3125 1348 3368 1404 scriben-

144 1452 226 1506 bat
260 1465 362 1506 non
399 1450 594 1520 potuit,
625 1465 726 1508 nec
764 1451 945 1508 debuit
980 1454 1279 1524 praeterire.
1309 1451 1560 1520 Quolibet
1589 1467 1702 1508 mo-
1799 1453 1868 1507 do
1895 1451 2206 1522 prodiderat
2234 1449 2535 1504 voluntates
2562 1445 2990 1518 transgressione
3018 1441 3204 1512 punita
3244 1454 3375 1494 cnn-

139 1542 203 1597 do
228 1541 608 1598 haereticorum
647 1543 961 1614 compliccm
994 1543 1250 1600 refutavit
1295 1555 1352 1600 et
1396 1553 1701 1600 consortem
1801 1552 2008 1597 ctorum
2055 1555 2173 1611 quae
2200 1539 2266 1594 ad
2288 1537 2694 1594 instructionem
2723 1543 2917 1592 vestrae
2947 1531 3246 1589 dilectionis
3292 1528 3375 1582 fas

136 1632 522 1688 communionis
555 1642 791 1689 externae
829 1650 858 1688 a
901 1650 1001 1691 sua
1049 1636 1426 1690 communione
1455 1635 1698 1693 dimovit.
1804 1635 1936 1689 satis
1960 1633 2276 1699 abundeque
2305 1626 2892 1698 sufﬁeerejudieamus.
2918 1624 3165 1696 quamvis
3186 1621 3377 1677 eadem

201 1723 302 1779 Nec
325 1739 464 1794 opus
492 1723 593 1780 fuit
623 1739 758 1780 nova
785 1723 988 1796 synodo
1027 1740 1151 1782 cum
1194 1726 1393 1782 veteris
1425 1725 1699 1780 constituti
1733 1703 1776 1760 Β
1803 1726 1986 1790 latius,
2012 1723 2056 1779 si
2088 1723 2345 1777 Dominus
2373 1721 2698 1776 concesserit
2728 1718 3034 1774 facultatem
3065 1715 3378 1769 Studeamus

137 1814 454 1870 sullicienter
494 1817 606 1870 haec
653 1815 820 1870 forma
854 1819 1248 1885 praescriberet,
1284 1832 1383 1872 nec
1427 1832 1561 1887 opus
1602 1815 1703 1870 fuit
1801 1828 2092 1885 exponere,
2123 1820 2388 1882 quatenus
2429 1820 2483 1867 et
2511 1811 2744 1866 ﬁdelium
2797 1809 3024 1879 quisque
3064 1811 3397 1874 cognoscat...

138 1908 240 1961 inec
273 1905 519 1962 facienda
570 1906 834 1976 episcopis
873 1905 1111 1966 Orientis
1155 1909 1422 1974 intimare,
1467 1924 1603 1979 quos
1650 1917 1704 1964 et
1802 1906 1933 1962 nihil
1969 1903 2316 1975 apostolicam
2341 1903 2542 1966 sedem,
2592 1901 2732 1971 quod
2764 1899 2923 1964 absit,
2975 1909 3202 1967 prepere
3245 1907 3377 1947 cen-

134 1994 436 2062 expnlsione
461 1995 853 2054 catholicorum
882 2040 898 2063 ,
948 2014 1068 2068 qua:
1108 2000 1404 2069 agebantur
1442 1999 1494 2052 in
1540 2011 1702 2054 causa
1803 1999 1994 2053 suisse.
2023 1995 2154 2062 Qua:
2184 2003 2360 2049 tamen
2396 1992 2660 2049 sententia
2689 1993 2742 2045 in
2769 1991 2968 2045 Acacio
2995 1987 3282 2048 destinata,
3325 1994 3383 2038 et-

136 2083 246 2139 tidei
273 2100 380 2144 non
416 2084 694 2154 ignorasse
727 2088 1069 2143 manifestum
1102 2097 1195 2153 snt,
1221 2099 1273 2142 et
1299 2088 1702 2144 communican-
1801 2091 1847 2145 si
1876 2091 2091 2144 nomine
2112 2085 2484 2143 tantummodo
2513 2085 2757 2154 prmsulis
2785 2081 3061 2153 apostolici
3091 2077 3242 2144 cujus
3262 2086 3382 2130 erat

137 2174 201 2231 do
243 2178 512 2234 lnereticis
553 2178 856 2250 subrogatis
899 2179 1042 2235 facto
1075 2180 1166 2234 tali
1217 2180 1556 2235 consensisse
1598 2195 1703 2235 non
1803 2189 2030 2250 utroque
2057 2178 2341 2249 potestatis
2369 2177 2610 2247 legitime
2632 2177 2889 2246 probatus
2921 2189 3043 2230 esse
3065 2173 3382 2242 deprompta

136 2269 345 2323 dubium
390 2278 497 2335 est,
542 2270 702 2328 etiam
745 2281 982 2326 externa:
1034 2270 1426 2326 communionis
1465 2270 1703 2336 eﬁ‘ectos,
1803 2271 2067 2341 praecipue
2092 2285 2212 2326 cum
2231 2268 2477 2324 secretim
2497 2267 2772 2337 dirigenda
2793 2266 3082 2325 videretur,
3109 2277 3176 2317 ne
3201 2269 3385 2314 osten-

137 2368 287 2428 atque
319 2359 445 2414 ideo
475 2375 596 2416 cum
624 2360 705 2416 eis
733 2375 829 2414 nec
851 2359 962 2428 jam
995 2361 1233 2430 potuisse
1261 2401 1276 2426 ,
1308 2376 1409 2416 nec
1456 2360 1706 2416 debuisse
1807 2377 1863 2418 sa
1896 2361 2092 2430 ubique
2131 2360 2414 2431 praesentis
2445 2358 2721 2429 dispositio
2763 2357 3013 2412 salutaris
3059 2354 3387 2426 quibuslibet

134 2448 268 2502 sedis
300 2448 612 2518 apostolica
659 2449 794 2504 scita
835 2450 1074 2505 tractari.
1109 2449 1244 2505 Ecce
1277 2461 1612 2520 agnoverunt
1653 2450 1704 2504 in
1806 2453 2213 2509 difﬁcultatibus
2234 2451 2484 2522 impedita
2517 2450 2874 2504 necessarium
2905 2449 3103 2502 habere
3131 2462 3234 2502 non
3259 2461 3385 2515 pos-

133 2555 313 2595 θοῐυῐη
347 2540 706 2610 Ρτοΐεεδῖοιιθ,
740 2541 829 2610 (ιιιὶ
859 2541 1294 2596 οοηειειηιίδεῖιιιθ
1325 2541 1704 2610 Ρεΐάιππυηι,
1806 2555 1890 2600 set
1919 2543 2190 2609 eﬂectum,
2240 2552 2415 2598 tamen
2464 2541 2586 2610 quia
2621 2539 2938 2612 orthodoxis
2985 2537 3182 2606 ubique
3224 2536 3386 2605 disje-

134 2631 253 2699 quid
282 2630 404 2684 ﬁdei
435 2631 904 2700 communionique
929 2630 1206 2687 catholica:
1237 2631 1538 2686 deberetur.
1572 2631 1710 2687 Ecce
1808 2637 1909 2694 etis
1935 2643 1991 2692 et
2017 2633 2282 2690 haereticis
2312 2631 2702 2693 tantummodo,
2731 2643 3023 2698 eorumque
3045 2627 3386 2682 consortibus

133 2728 502 2788 agnoverunt,
546 2720 996 2788 quemadmodum
1044 2735 1074 2774 a
1126 2720 1319 2775 talibus
1372 2719 1706 2786 rccedendo,
1803 2726 1914 2794 jam
1945 2725 2147 2782 relictis
2175 2724 2225 2779 in
2251 2723 2468 2780 Oriente
2505 2722 2753 2779 catholici
2801 2720 3080 2791 pontiﬁces
3123 2727 3216 2774 aut
3257 2715 3391 2771 resi-i

135 2808 237 2861 imo
262 2808 464 2864 talibus
483 2808 755 2865 contraria
774 2809 1058 2875 moliendo,
1081 2824 1110 2863 a
1136 2809 1237 2865 [ide
1259 2817 1313 2865 et
1335 2811 1710 2865 communione
1810 2818 1900 2874 dui
1930 2817 2149 2876 οηιηῑηο
2179 2829 2284 2870 non
2313 2821 2512 2878 essent,
2553 2820 2645 2866 aut
2669 2811 2866 2865 “uuam
2892 2816 3143 2880 gererem
3173 2808 3392 2864 liberta-

127 2898 391 2954 catholica
417 2906 585 2966 atque
601 2899 889 2968 apostolica
905 2899 1392 2967 deviaritAcaeius,
1410 2916 1570 2970 seque
1587 2917 1709 2957 cum
1813 2916 1920 2963 tem
1954 2907 2306 2977 plurimorum
2335 2903 2560 2958 inltalia
2603 2902 2992 2958 catholicorum
3047 2899 3394 2969 congregatio

131 2987 314 3041 eodem
345 2987 562 3056 pariter
589 2989 758 3045 errori
785 2990 1157 3045 subdiderunt.
1195 2990 1333 3046 Ecce
1374 3003 1708 3062 agnoverunt
1739 3045 1779 3062 η
1816 2996 2155 3050 sacerdotum
2180 2991 2572 3048 rationabiliter
2593 2990 2842 3061 cognovit
2867 2989 2919 3043 in
2944 2987 3197 3042 Acacium
3227 2984 3392 3041 fuisse

128 3093 284 3145 quam
301 3076 478 3148 justis
508 3093 574 3134 ex
615 3080 793 3135 causis
815 3096 911 3150 pro
934 3081 1034 3136 ﬁde
1053 3091 1110 3136 et
1130 3045 1504 3138 communione
1526 3085 1709 3140 catho-
1734 3045 1780 3107 Β
1812 3087 2095 3158 prolatam.
2148 3086 2276 3151 Qua:
2325 3045 2689 3153 congregatiov
2735 3081 2875 3134 facta
2924 3079 3237 3149 pontiﬁcum
3287 3091 3393 3130 non

129 3165 225 3220 lica
247 3179 414 3237 atque
438 3169 758 3238 apostolica,
779 3170 1020 3226 cuietilli
1048 3171 1137 3240 qui
1167 3171 1218 3226 in
1246 3187 1310 3228 ea
1340 3173 1708 3244 perstiterant,
1810 3186 1996 3234 contra
2026 3175 2535 3237 Chalcedonensem,
2563 3188 2666 3226 non
2697 3180 2948 3240 tanquam
2991 3184 3126 3223 nova
3158 3169 3394 3238 synodus

123 3261 526 3328 congruebant,
549 3268 602 3316 et
625 3258 698 3315 illi
724 3261 813 3330 qui
837 3261 1200 3330 perstantibus
1227 3262 1513 3318 obviabant
1535 3264 1602 3318 ab
1621 3279 1651 3319 e

1855 3276 1996 3324 )ntra
2025 3275 2260 3322 veterem
2291 3264 2624 3334 primamque
2653 3261 2920 3322 convenit,
2953 3261 3044 3313 sed
3075 3260 3256 3328 potius
3302 3273 3388 3312 se-

127 3348 246 3403 dem
265 3342 610 3406 docebantur
630 3351 787 3406 alieui
809 3351 950 3407 sedis
973 3352 1276 3422 apostolicae
1298 3354 1619 3410 auctoritate
1643 3355 1714 3411 sit
1813 3357 2045 3412 cundum
2075 3365 2317 3410 tenorem
2345 3352 2544 3407 veteris
2574 3349 2858 3405 constituti
2879 3348 3147 3418 particeps
3172 3355 3391 3415 aposto—

130 3449 368 3496 remotus
387 3440 647 3506 Aeacius,
669 3440 892 3510 eiusque
913 3443 1117 3511 pariter
1139 3444 1445 3514 quicunque
1486 3445 1710 3515 compli-
1813 3449 1930 3503 liete
1953 3445 2311 3502 exsecrationis
2339 3440 2524 3498 elfecta
2552 3450 2658 3505 est,
2688 3448 2747 3494 ut
2772 3438 2904 3494 satis
2932 3445 3189 3508 appareat
3209 3435 3394 3490 Eccle-

123 3543 212 3585 ces
235 3533 578 3597 exstiterint,
602 3541 762 3604 atque
783 3533 851 3588 ab
869 3533 1076 3588 illorum
1101 3537 1293 3592 merito
1313 3551 1433 3592 eum
1457 3537 1541 3593 his
1565 3552 1712 3593 eom-
1813 3538 1950 3592 siam
1975 3535 2262 3604 sedemque
2291 3529 2659 3602 apostolicam,
2691 3528 2817 3597 quia
2855 3525 2978 3581 alibi
3013 3523 3125 3592 jam
3167 3521 3390 3577 omnino

125 3622 388 3678 munione
412 3623 702 3689 discretus,
744 3642 774 3681 a
811 3641 915 3696 qua
949 3643 1008 3684 se
1037 3630 1150 3698 ipse
1175 3632 1406 3700 primum
1437 3647 1556 3687 cum
1602 3634 1715 3688 suis
1815 3643 1920 3681 non
1951 3633 2130 3696 posset
2160 3622 2249 3678 ubi
2288 3621 2481 3694 potuit,
2530 3628 2586 3675 ει
2627 3633 2749 3673 cum
2794 3615 2988 3686 ιιυιδυε
3035 3613 3208 3684 Dom“
3254 3611 3390 3666 nihil

122 3715 477 3770 consortibus
521 3716 802 3773 catholicis
839 3720 1181 3788 pontiﬁcibus
1226 3723 1578 3792 discrepando
1621 3739 1715 3780 co-
1815 3719 2027 3789 penitus
2054 3715 2302 3772 omisisse
2343 3712 2483 3784 quod
2515 3711 2580 3766 ad
2628 3709 2924 3764 fraternum
2956 3709 3252 3775 pertineret
3297 3716 3395 3770 pro

118 3807 1394 3881 gnosciturseparasse,jurequesententiamille
1421 3815 1718 3870 damnatio—
1818 3809 2137 3864 intemerata
2169 3805 2270 3860 ﬁde
2303 3812 2358 3860 et
2397 3802 2605 3858 sincera
2653 3797 3028 3855 communione
3075 3801 3387 3881 tractatum.

117 3895 201 3952 nis
223 3897 449 3969 excepit
460 3899 682 3955 caeteris
705 3880 1036 3956 consortibus
1052 3902 1490 3973 promulgandam
1519 3905 1650 3973 quis

1861 3897 1960 3960 uid
1998 3910 2125 3967 ergo
2163 3894 2252 3949 isti
2301 3892 2590 3964 prudentes
2631 3889 2730 3945 viri
2769 3895 2825 3944 et
2868 3885 3073 3958 argutis
3125 3880 3394 3965 mentibus

121 3985 598 4057 lusproomnibus
612 3988 1146 4047 suiseonsortibusiu
1160 3993 1536 4049 communione
1559 4009 1615 4048 se
1639 4009 1723 4049 re-
1822 3991 1987 4046 totius
2018 3987 2252 4059 regionis
2281 3987 2487 4041 interna
2518 3984 2775 4040 rimantes
2801 3980 2853 4034 in
2885 3976 3120 4035 Orientis
3150 3973 3394 4046 partibus

115 4078 321 4135 cidisse
344 4079 598 4151 perﬁdiae
621 4081 686 4135 ad
707 4082 1055 4152 apostolicam
1085 4070 1266 4141 sedem
1290 4087 1470 4141 missis
1497 4096 1576 4143 est
1599 4103 1725 4157 pro-
1821 4082 2093 4137 constituti
2121 4122 2135 4146 ,
2174 4080 2216 4135 si
2250 4085 2610 4149 cognoverunt
2657 4071 2956 4142 bujusmodi
3005 4083 3288 4142 personam
3341 4067 3394 4120 in

117 4170 314 4228 fessus.
359 4172 468 4233 Cui
494 4172 543 4228 si
581 4175 1113 4232 communicaverant
1156 4176 1459 4233 Orientales
1481 4179 1721 4250 episcopi
1821 4175 2156 4230 Antiochena
2202 4172 2437 4228 Ecclesia
2461 4169 2828 4225 constitutam.
2855 4164 2962 4220 Cur
2985 4160 3392 4250 communican—

115 4273 418 4334 antequam
437 4262 740 4320 referretur
759 4264 884 4332 huc,
910 4268 1022 4336 pari
1039 4267 1220 4337 utique
1237 4280 1381 4322 reatu
1411 4270 1528 4325 sine
1554 4249 1718 4326 dubio
1824 4267 1950 4322 dum
1986 4264 2179 4318 talibus
2202 4260 2477 4330 przcbucre
2502 4270 2841 4314 consensum.
2871 4255 2979 4310 Cur
3003 4267 3107 4306 non
3132 4249 3272 4304 illico
3301 4261 3387 4300 re-

113 4357 508 4425 probabantur
533 4356 750 4422 involvi,
781 4358 1008 4430 jureque
1033 4373 1130 4428 per
1158 4359 1303 4413 illum
1347 4361 1722 4432 transgressio-
1747 4398 1798 4456 D
1825 4353 2229 4412 elamaverunt?
2259 4353 2365 4406 Cur
2393 4366 2494 4406 non
2519 4363 2576 4404 se
2605 4347 2692 4401 tali
2713 4345 2964 4456 contagio
2986 4340 3392 4456 submove'runti.

113 4447 198 4501 nis
215 4447 570 4503 sententiam
587 4425 955 4518 susceperunt,
976 4425 1230 4520 tanquam
1250 4425 1712 4508 facticunieodem
1747 4425 1798 4456 υ
1824 4461 1945 4500 cum
1969 4443 2241 4497 evidenter
2268 4440 2606 4496 adverterent
2645 4437 2763 4492 ideo
2803 4431 3180 4520 Calendionem
3218 4425 3404 4520 depul-

113 4536 538 4592 commnnionis
574 4515 831 4593 externze.
869 4536 970 4604 Qui
1003 4515 1187 4608 utique
1216 4554 1324 4594 non
1363 4540 1564 4594 consuli
1597 4549 1716 4594 tan-
1825 4550 1964 4598 sum,
2004 4542 2062 4588 ut
2093 4531 2359 4586 haereticis
2399 4529 2726 4600 panderetur
2774 4524 3040 4580 introitus.
3088 4519 3266 4608 Quare
3314 4515 3405 4570 hic

111 4641 278 4696 quam
323 4637 545 4683 nostra:
571 4628 960 4682 communionis
1010 4629 1256 4686 homines
1296 4630 1407 4700 jam
1440 4632 1715 4686 deberent.
1827 4623 1958 4679 nihil
1989 4623 2053 4676 de
2083 4620 2310 4692 synodo,
2337 4619 2470 4675 nihil
2493 4618 2556 4673 de
2579 4632 2658 4681 re,
2686 4613 2816 4668 nihil
2847 4612 2914 4668 de
2945 4611 3048 4666 ﬁde
3071 4607 3402 4700 Christiana,

112 4719 222 4775 Sed
250 4729 531 4791 tanquam
565 4718 617 4774 in
659 4722 929 4776 contrario
971 4722 1128 4792 positi
1161 4723 1432 4777 consortio
1477 4723 1645 4778 refota

1869 4714 1962 4772 iliil
2018 4715 2083 4768 de
2137 4725 2484 4780 personarum
2531 4705 2931 4761 examinatione
2983 4705 3302 4755 tractarunt.
3346 4694 3402 4748 Si

110 4809 170 4864 Si
197 4825 336 4867 vero
359 4784 475 4866 non
504 4784 1034 4866 communicaverant
1055 4820 1336 4880 antequam
1360 4811 1590 4866 Aeacius
1616 4812 1719 4865 huc
1833 4821 1960 4862 vero
1991 4802 2077 4856 ille
2103 4817 2160 4856 se
2188 4795 2548 4856 communioni
2588 4793 2890 4848 voluntarie
2937 4788 3307 4887 subdiderunt,
3340 4784 3408 4887 ηιξ

112 4901 429 4958 referretur
451 4941 468 4966 ,
525 4909 582 4954 et
618 4901 1103 4956 communicantem
1149 4876 1339 4956 notare
1383 4902 1676 4956 debuerant
1699 4941 1714 4965 ,
1832 4893 2120 4967 apostolica
2145 4889 2269 4945 sede
2297 4899 2445 4945 certe
2479 4885 2713 4952 separa“
2746 4893 2872 4938 sunt
2915 4897 3037 4940 cum
3093 4876 3286 4932 talibus
3312 4913 3327 4938 ,
3357 4880 3414 4924 ct

113 4991 229 5060 ipse
265 4992 336 5047 de
365 4989 573 5048 eodem
606 4989 782 5060 potius
812 4989 912 5045 huc
943 4991 1172 5055 referre,
1220 4999 1381 5060 atque
1419 4991 1718 5063 apostolica:
1834 4987 1972 5059 apud
2000 4983 2128 5037 tales
2157 4981 2201 5035 si
2232 4991 2378 5035 esset
2403 4975 2705 5034 necessarie
2752 4975 2869 5031 ﬁeri
2909 4975 3052 5032 nulla
3085 4974 3266 5040 posset
3282 4979 3411 5063 put—

108 5083 258 5139 sedis
288 5083 492 5152 vigore
522 5077 829 5150 perculsum
855 5083 1046 5137 merito
1073 5082 1441 5151 comprobare.
1481 5081 1715 5150 Cumque
1839 5082 1962 5136 nino
1989 5072 2221 5146 synodus
2246 5069 2551 5139 provenire.
2582 5063 2738 5129 (ὶιιοιὶ
2776 5066 2819 5120 εἰ
2852 5067 3129 5142 ignorasse
3161 5070 3220 5110 δε
3264 5055 3418 5152 ὧιος

110 5172 233 5194 --Δ-
272 5168 593 5194 -..ι-σηιῖιιη
631 5168 896 5194 ιη.ιιεη.ο...η
926 5172 1030 5194 21Ιέ-
1065 5172 1404 5194 --_a!ﬂ_!l._,-
1446 5173 1579 5194 ,A.--!
1641 5186 1643 5194 Α

1894 5179 1938 5194 ..ι
1999 5163 2165 5194 ,ηπ-κο
2194 5160 2244 5194 in
2284 5155 2562 5194 Ausim-hin
2590 5163 2706 5194 nnel
2736 5155 3117 5194 Pnlnndimmm
3163 5150 3427 5194 ειιςρρεειι
