3974 6470
538 323 631 379 971

1333 330 1623 386 APPEND.
1652 333 1743 386 AD
1775 333 1945 388 NEC.
1979 333 2068 386 IX.
2111 362 2182 372 —
2221 332 2469 386 lSlDOllI
2500 332 2940 387 MERCATORIS

3686 341 3780 394 972

538 445 708 506 tutus,
738 449 845 492 non
873 437 988 508 ejus
1015 439 1286 498 consortia
1325 451 1640 512 respuerent
1687 444 1960 500 continuo.
1999 444 2104 498 Cur
2131 443 2185 502 Α
2209 441 2441 497 dentlam
2476 458 2627 499 suam
2673 452 3015 511 mentemque
3044 457 3295 500 vesanam
3333 447 3585 503 lnauibus
3615 452 3781 518 potius

537 529 935 590 excusationem
965 529 1032 584 de
1058 530 1370 600 Ignorantia:
1399 533 1578 590 colore
1601 536 1959 604 praetendunt,
1986 552 2106 591 cum

538 620 699 674 hodie
719 628 776 674 et
801 619 1082 675 manifesta
1106 623 1352 692 contagio
1396 623 1744 693 perﬁdorum,
1783 634 1836 681 et
1881 642 1911 681 a
1958 626 2110 682 nobis

537 714 731 780 sa‘pius
755 712 1072 783 exprobrata
1103 723 1401 770 sectantur.
1425 715 1540 783 Quo
1559 717 1690 772 satis
1717 727 1955 789 apparet,
1985 718 2110 789 quia

535 814 635 856 nec
663 808 787 856 tunc
815 801 1062 870 quidem,
1081 803 1245 858 etiam
1272 805 1316 861 si
1346 816 1746 876 cognoscerent,
1791 808 2107 873 refutarent,

535 887 748 955 quando
771 905 913 945 nunc
934 891 1098 947 etiam
1133 892 1396 963 publicata
1430 911 1535 951 non
1583 906 1833 963 renuunt,
1887 913 2107 968 prorsus

539 976 590 1028 in
622 978 913 1046 quamlibet
931 994 992 1034 se
1013 989 1218 1050 partem
1241 985 1746 1055 excusationemque
1768 997 2106 1051 convertant,

538 1067 822 1122 manifeste
848 1070 1142 1136 veritati,si
1168 1072 1291 1128 talia
1318 1089 1436 1144 quae
1458 1075 1536 1130 eis
1555 1075 1902 1141 sutiocantur,
1923 1085 1979 1130 ut
1996 1077 2109 1132 suis

538 1156 636 1221 ipsi
674 1158 853 1214 verbis
882 1161 1089 1229 possint
1113 1163 1428 1233 actibusque
1453 1165 1718 1230 conetudi,
1749 1181 1848 1224 nec
1879 1167 1980 1222 nisi
2013 1183 2105 1223 so-

536 1244 640 1300 lam
660 1249 946 1317 perniciem
969 1252 1252 1308 obstinata:
1267 1255 1509 1324 perﬁdiae
1531 1257 1798 1312 residuum
1826 1258 2103 1313 ventilare.

609 1338 732 1394 llrec
779 1349 955 1396 autent
1001 1358 1121 1413 quae
1157 1343 1223 1399 de
1265 1343 1592 1401 Calendione
1628 1347 1914 1404 venerabili
1967 1349 2105 1404 dicta

539 1443 683 1495 sunt,
714 1442 766 1488 et
797 1434 849 1488 in
879 1433 1101 1490 Joannis
1122 1436 1468 1492 Alexandrini
1498 1434 1821 1495 cenveniunt
1845 1450 1991 1496 certa
2021 1455 2107 1496 ra-

539 1523 685 1580 tione
711 1539 1021 1594 personam,
1050 1526 1156 1582 imo
1190 1527 1235 1582 si
1259 1543 1423 1584 causa
1454 1529 1640 1584 eadem
1675 1529 1835 1585 latius
1870 1531 2107 1601 inquira-

540 1621 646 1677 tur,
677 1622 839 1668 tanta:
866 1615 974 1670 illic
1009 1617 1301 1685 tragoediae,
1335 1619 1465 1672 tanti
1497 1620 1838 1690 reperiuntur
1870 1635 2104 1685 errores,

537 1714 596 1758 ut
633 1707 677 1758 si
714 1705 811 1774 ipsi
852 1716 976 1761 sunt
1009 1707 1224 1776 jndices
1272 1709 1363 1777 qui
1399 1709 1514 1764 haec
1559 1719 1950 1781 perpetrarunt,
1985 1728 2105 1767 cum

2213 530 2408 587 fabulis
2433 532 2608 589 celare
2636 532 2869 589 letaliter
2907 549 3067 602 quant
3098 535 3367 604 perdendo
3393 539 3784 594 medicinaliter

2213 635 2408 677 sanare
2433 624 2806 678 contendant?
2831 622 2973 678 Nihil
2998 623 3140 678 enim
3165 625 3314 680 vobis
3340 642 3636 684 commune
3670 645 3784 685 cum

2212 707 2518 765 hominibus
2559 713 2953 768 communionis
2991 722 3247 768 externae.
3280 713 3402 770 Ideo
3447 725 3682 771 vocatur
3722 720 3782 771 ad

2205 799 2464 868 judicium
2487 811 2694 858 certum
2717 818 3049 873 quaacnnque
3071 819 3318 873 persona,
3348 815 3403 860 ut
3433 815 3531 860 aut
3559 805 3786 861 fateautr

2209 888 2436 958 objecta,
2469 900 2560 946 aut
2590 893 2942 950 convincatur
2963 893 3207 963 objectis.
3235 893 3361 951 Post
3387 895 3779 953 cmfessiouent

2209 996 2369 1050 porro
2398 981 2697 1039 litterarum
2731 992 2915 1040 tenore
2939 985 3276 1055 deprompta,
3309 1000 3405 1041 cur
3430 987 3499 1041 ad
3525 985 3782 1055 judicium

2209 1081 2494 1128 vocaretur
2529 1073 2761 1131 Aeacius
2787 1075 2878 1144 qui
2901 1090 2963 1132 se
2987 1076 3267 1132 confessus
3299 1085 3384 1131 est
3406 1077 3599 1140 Petro,
3635 1092 3781 1149 que

2209 1159 2362 1230 petiit
2387 1175 2416 1214 a
2443 1161 2587 1216 sedis
2623 1162 2929 1233 apostolica:
2970 1164 3329 1234 przcceptione
3366 1165 3620 1222 damnari
3650 1180 3782 1221 eom-

2208 1250 2461 1308 munione
2502 1252 2761 1319 sociasse,
2791 1268 2891 1309 nec
2935 1254 2985 1309 el
3027 1253 3137 1322 jam
3167 1256 3313 1310 credi
3359 1265 3611 1312 externa:
3649 1272 3782 1312 eom-

2208 1339 2480 1398 muttionis
2499 1339 2712 1402 effecto.
2736 1343 2819 1399 vel
2859 1358 2958 1414 pro
2985 1358 3107 1409 sua,
3151 1346 3232 1400 vel
3278 1359 3377 1415 pro
3420 1346 3666 1408 illorum,
3709 1348 3782 1400 vel

2209 1442 2306 1497 pro
2336 1428 2481 1483 Petri
2517 1429 2827 1488 defensione
2872 1429 2982 1499 jam
3018 1442 3218 1503 posset,
3244 1433 3397 1502 cujus
3437 1449 3504 1491 se
3547 1436 3784 1506 superius

2209 1520 2500 1575 miscuerat
2554 1521 2786 1577 nefando
2847 1524 3138 1579 consortio.
3183 1524 3523 1596 Feceratque
3568 1541 3630 1581 se
3671 1541 3782 1580 cum

2207 1611 2324 1680 ejus
2348 1627 2510 1667 causa
2539 1612 2658 1668 sine
2680 1613 3016 1668 dubitatione
3043 1629 3380 1670 communem
3403 1656 3417 1676 ,
3461 1617 3558 1670 cui
3589 1615 3780 1669 exami-

2211 1702 2426 1757 natione
2450 1704 2724 1773 przemissa
2746 1713 2800 1761 et
2828 1704 3061 1775 legitima
3107 1717 3268 1773 esset,
3295 1708 3338 1762 si
3371 1709 3443 1762 ita
3469 1708 3778 1778 purgatione

535 1793 810 1849 evidenter
826 1794 1474 1862 fuerintconfutati,asua
1493 1779 1954 1858 damnationenon
1967 1804 2113 1858 enim
2143 1779 2184 1837 Β
2214 1803 2457 1863 δυεεεριθ
2482 1794 2798 1866 regulariter
2816 1795 3152 1852 miscerelllr-
3182 1796 3286 1856 Sed
3315 1813 3436 1852 cum
3465 1799 3663 1854 eodem
3686 1814 3776 1851 ιεοη

536 1895 854 1954 temperent.
881 1887 1062 1943 Talem
1088 1889 1230 1944 enim
1251 1889 1358 1946 illic
1374 1900 1658 1961 antequam
1683 1903 2012 1951 monstratur
2033 1895 2110 1950 ni-

538 1975 610 2028 hil
639 1975 779 2031 aliud
816 1993 976 2046 qnatn
1003 1980 1281 2048 quzesitam
1309 1996 1524 2037 causam
1551 1985 1996 2052 quemadmodum
2021 2002 2111 2042 ca-

538 2065 736 2120 tholico
753 2067 1108 2137 qualicunque
1129 2070 1369 2140 deposito
1389 2072 1661 2141 pontifice,
1686 2072 1936 2129 heretico
1953 2074 2110 2131 Petro

534 2165 868 2210 reseraretur
905 2171 1176 2213 accessus.
1226 2158 1377 2214 Nune
1424 2160 1565 2216 istud
1607 2177 1766 2218 nemo
1790 2162 2111 2219 discntiebat

532 2245 795 2314 synodum
844 2262 1004 2302 nemo
1041 2249 1330 2318 poscebat,
1376 2251 1575 2321 passim
1607 2253 1786 2309 onmia
1816 2253 1964 2310 licito
1994 2254 2108 2310 ﬁeri

537 2351 567 2389 a
599 2336 1008 2410 quibuscuuque
1050 2340 1388 2407 videbantur,
1435 2343 1636 2398 nullum
1686 2345 1975 2400 discrimen
2021 2360 2107 2402 re-

535 2442 692 2493 rum,
723 2427 867 2482 nulla
909 2431 1238 2487 examinatio
1284 2432 1653 2502 postulabatur
1696 2433 1972 2500 Ecclesiae,
2015 2434 2110 2490 sed

531 2526 692 2586 prout
719 2518 1005 2588 unicuique
1038 2521 1274 2577 venisset
1317 2523 1371 2576 in
1408 2531 1666 2589 mentem,
1693 2524 1758 2578 de
1803 2523 1927 2580 ﬁliis
1964 2525 2112 2580 urbi-

493 2684 496 2686 _
531 2605 632 2662 bus
659 2608 937 2663 catholicis
984 2609 1283 2679 pellebatur
1310 2611 1614 2682 episcopus,
1646 2629 1750 2667 non
1793 2614 1966 2668 soluat
1997 2628 2112 2671 nte-

538 2697 919 2767 tropolitanus,
961 2702 1053 2757 sed
1085 2702 1247 2756 etiam
1281 2704 1451 2758 tertiae
1475 2713 1529 2758 et
1562 2706 1813 2760 secundae
1841 2706 1983 2762 sedis
2014 2721 2110 2760 an-

494 2779 496 2782 ’
533 2787 707 2843 tistes.
743 2789 797 2842 In
827 2789 911 2844 his
947 2791 1090 2846 nulla
1139 2807 1316 2847 rerum
1355 2793 1698 2864 investigatio
1744 2797 2106 2865 quaerebatur,

491 2954 494 2958 η
534 2878 676 2933 nulla
716 2878 960 2936 facienda
992 2883 1213 2938 consilia
1260 2869 1656 2952 tractabantur,
1685 2888 2111 2958 subrogabantur

491 3041 496 3048 ι
535 2970 795 3036 ha-retici,
826 2987 983 3028 nemo
1011 2973 1325 3039 resultahat,
1359 2975 1450 3030 sed
1487 2976 1630 3030 velut
1659 2986 1804 3032 muta
1836 2992 2027 3048 pecora
2055 2979 2110 3034 in

534 3060 837 3130 captionem
864 3061 1045 3128 ducta,
1073 3063 1298 3119 subditis
1331 3064 1696 3121 voluntatibus
1725 3065 2004 3137 perfidiam
2029 3082 2111 3123 se-

539 3117 844 3217 ctabantur,
869 3166 974 3205 non
995 3151 1439 3222 mirumquidem,
1461 3153 1508 3209 si
1535 3170 1677 3210 nunc
1705 3117 1800 3210 eros
1819 3153 2106 3210 defendere
2133 3117 2180 3182 Ο

536 3241 846 3307 moliantur,
862 3256 1090 3312 quorum
1104 3243 1457 3300 indiscussam
1475 3260 1506 3298 a
1522 3247 1721 3300 sanctis
1733 3246 2003 3303 mentibus
2023 3260 2108 3302 se-

534 3332 641 3386 cuti
663 3342 788 3387 sunt
816 3333 1096 3390 vilitatem.
1128 3333 1233 3391 Sed
1257 3335 1520 3390 miramur
1542 3351 1639 3392 cur
1660 3351 1755 3392 eos
1781 3351 1886 3392 non
1911 3338 2109 3407 pudeat

536 3422 587 3475 in
621 3423 844 3477 istorum
875 3424 1214 3481 damnatione
1247 3424 1316 3482 de
1342 3426 1546 3498 synodo
1585 3442 1690 3482 non
1714 3427 1850 3484 facta
1873 3429 2105 3496 causari,

535 3530 656 3568 cum
672 3515 840 3570 sciant
866 3524 938 3571 tot
965 3525 1246 3586 tantosque
1271 3519 1552 3586 pontiﬁces
1568 3518 1708 3574 nulla
1727 3519 1930 3590 synodo
1944 3520 2111 3576 fuisse

536 3604 804 3672 depulsos,
821 3605 873 3661 in
902 3605 1125 3663 istorum
1141 3609 1486 3680 rejectionem
1501 3609 1548 3666 si
1575 3609 1639 3666 de
1658 3626 1764 3666 non
1781 3611 1911 3666 inito
1929 3612 2115 3668 conci-

539 3698 606 3752 lio
623 3707 1024 3768 conqueruutur
1043 3708 1366 3771 cognoscant
1381 3715 1458 3766 se,
1477 3717 1575 3757 cur
1590 3717 1696 3758 non
1711 3709 1765 3756 et
1785 3702 1887 3758 hoc
1911 3703 1961 3757 in
1978 3702 2112 3759 alio—

536 3805 655 3843 rum
681 3790 973 3860 rejectione
999 3791 1356 3861 quaesiverunt
1379 3792 1641 3847 accusari.
1657 3791 1714 3847 Si
1733 3806 1861 3847 vero
1878 3793 1929 3846 in
1947 3801 2108 3849 caue-

541 3893 720 3932 rorum
751 3878 1040 3949 rejectione
1062 3881 1286 3936 concilia
1309 3881 1615 3936 necessaria
1635 3897 1738 3935 non
1756 3883 1998 3948 luerunt,
2014 3897 2112 3937 nec

535 3969 588 4021 in
615 3969 734 4023 istis
761 3971 1064 4025 necessaria
1087 3970 1250 4025 fuisse
1271 3979 1615 4039 cognoscant.
1637 3969 1720 4024 An
1744 3970 1794 4024 in
1815 3970 2110 4026 catholico-

539 4076 654 4112 rum
677 4059 975 4126 dejectione
1000 4076 1106 4115 non
1145 4060 1247 4115 fuit
1265 4076 1420 4129 opus,
1451 4069 1505 4115 et
1527 4059 1626 4114 fuit
1645 4075 1969 4132 magnopere
1982 4077 2113 4116 con-

537 4152 787 4220 gregandi
811 4152 862 4204 in
890 4152 1315 4221 prtevaricatoris
1339 4151 1678 4207 damnatione
1697 4152 1949 4207 confessi.
1975 4152 2116 4220 Quid

539 4238 701 4308 igitur
724 4248 912 4307 restat,
937 4241 1038 4295 nisi
1062 4250 1119 4296 ut
1147 4241 1327 4297 dicant
1346 4241 1626 4299 haareticos
1649 4256 1754 4298 non
1785 4241 1966 4298 fuisse.
1995 4241 2110 4298 Non

539 4347 668 4402 ergo
695 4333 760 4387 de
791 4334 993 4403 synodo
1020 4343 1440 4405 conquerantur,
1461 4334 1550 4405 qui
1578 4351 1636 4390 se.
1667 4335 1841 4406 palam
1864 4350 2110 4392 commu-

510 4427 715 4502 nionis
741 4435 977 4481 extorum
1002 4427 1282 4494 perhibent
1311 4426 1895 4497 scctatores.Curergo
1922 4427 2002 4481 cis
2024 4441 2112 4498 sy-
2139 4479 2189 4538 Β

541 4517 709 4538 “Aul---
729 4517 1024 4538 _.---_-._._!.-
1048 4515 1204 4538 fut--.‘
1223 4516 1463 4538 -.!cl.s..a--..
1501 4515 1584 4538 ...με
1606 4531 1657 4538 Α-
1682 4525 1857 4538 ,λυιηη
1886 4517 2083 4538 l‘l_-l_-

540 4517 712 4571 nodus
728 4517 1029 4572 necessaria
1046 4515 1207 4571 fuisse
1223 4516 1484 4580 videatur,
1497 4515 1586 4585 qui
1604 4531 1661 4572 se
1676 4525 1862 4572 contra
1885 4517 2113 4572 Chalce-

539 4609 833 4664 donensem
852 4609 1113 4680 synodum
1129 4608 1310 4663 venire
1325 4619 1672 4680 cognoscunt.
1689 4609 1824 4676 Quid
1842 4609 2116 4664 Eutichia-

540 4716 642 4757 nus
654 4717 808 4758 error
821 4717 943 4756 cum
963 4701 1074 4757 suis
1097 4701 1406 4756 auctoribus
1426 4700 1688 4771 generalis
1712 4700 1965 4756 Ecclesiae
1985 4716 2116 4757 voce

539 4796 824 4845 damnatus
856 4798 956 4845 est.
992 4793 1097 4847 Nec
1121 4790 1338 4845 dubium
1363 4789 1504 4860 quod
1534 4790 1672 4844 sicut
1701 4789 1753 4844 in
1798 4805 2118 4860 unaquaque

540 4881 752 4945 ltmresi,
785 4881 924 4951 quod
953 4882 1340 4937 incessabiliter
1367 4881 1708 4950 repetendum
1729 4889 1832 4946 est,
1859 4883 1982 4952 quia
2029 4881 2118 4936 lir-

507 5037 510 5040 l
541 4988 685 5026 mum
729 4989 848 5027 esse
880 4973 1053 5027 nullus
1083 4972 1304 5042 antbigit
1340 4970 1700 5035 Christianus,
1737 4986 1926 5025 omnes
1967 4987 2115 5024 com-

541 5065 707 5134 plices
758 5074 1054 5119 sectatores
1101 5064 1590 5118 eonmnmicatores
1639 5064 1905 5118 damnata:
1949 5062 2119 5118 semel

541 5157 821 5226 pravitatis
847 5157 961 5226 pari
986 5165 1134 5212 sorte
1178 5164 1488 5212 censentur.
1536 5153 1767 5225 Ideoque
1813 5155 1884 5210 sit
1931 5169 2121 5210 conse-

539 5263 730 5317 quens,
766 5256 822 5301 nt
848 5248 984 5303 sicut
1033 5247 1346 5304 Timotheus
1393 5255 1554 5316 atque
1591 5245 1781 5300 Petrus
1823 5244 2006 5299 tabum
2029 5260 2117 5301 sc-

541 5349 777 5394 ctatores
813 5338 1104 5393 secundum
1151 5337 1292 5392 illius
1331 5336 1520 5409 synodi
1570 5343 1811 5391 tenorem
1860 5336 1998 5390 nulla
2037 5353 2118 5389 re-

542 5433 681 5489 centi
699 5432 841 5486 facta
859 5430 1166 5502 pontificum
1189 5431 1600 5499 congregatione
1624 5428 1858 5483 damnati
1879 5438 2020 5490 sunt,
2044 5429 2121 5481 sic

541 5531 596 5578 et
639 5523 800 5577 Petro
837 5520 962 5590 quia
1012 5519 1431 5575 communicavit
1467 5519 1716 5584 Aeacius,
1773 5526 1830 5571 ut
1876 5517 2120 5593 eriptiuis

541 5617 830 5686 particeps,
866 5617 936 5670 ita
965 5630 1186 5670 consors
1215 5614 1283 5666 sit
1313 5611 1484 5667 factus
1525 5622 1578 5666 et
1604 5627 1794 5680 pinnae.
1840 5610 1979 5678 Quid
2021 5609 2119 5679 igi-

549 5720 634 5762 tur
663 5707 980 5779 ambagibus
1007 5714 1064 5759 et
1094 5703 1302 5760 nebulis
1347 5703 1447 5758 ista
1491 5712 1811 5775 prtrtexunt,
1857 5710 1912 5754 ut
1947 5702 2118 5770 impu-

2212 1881 2447 1950 legitimc
2473 1883 2718 1939 discusso
2750 1893 2913 1953 atque
2951 1893 3176 1956 purgato
3202 1886 3588 1941 communione
3628 1887 3778 1942 socia-

2213 1981 2319 2036 tus,
2349 1987 2509 2041 quam
2540 1974 2715 2028 adhuc
2741 1989 2834 2030 reo
2858 1990 2917 2029 se
2945 1975 3177 2039 miscuit,
3212 1985 3318 2031 tam
3338 1993 3435 2046 pro
3459 1978 3658 2033 eodem
3687 1995 3774 2032 non

2209 2061 2394 2117 habuit
2423 2061 2672 2132 loquendi
2719 2063 2987 2123 ﬁduciam.
3037 2063 3172 2120 Nam
3211 2067 3440 2122 Aeacius
3483 2083 3612 2122 cum
3651 2067 3778 2121 nullo

2211 2152 2490 2224 privilegio
2547 2153 2857 2218 fulciretur,
2914 2163 2973 2210 ut
3015 2155 3082 2211 de
3140 2157 3375 2212 secunda
3428 2158 3565 2211 sede
3616 2169 3775 2228 posset

2209 2243 2353 2299 ferre
2394 2241 2682 2311 judicium,
2722 2246 2897 2316 potuit
2936 2245 3059 2314 jure
3106 2247 3352 2302 da‘mnari
3392 2248 3562 2303 simili
3615 2249 3770 2310 modo.

2209 2335 2310 2391 nisi
2349 2337 2536 2406 prima:
2569 2337 2714 2392 sedis
2750 2338 3070 2392 auctoritate
3114 2348 3388 2408 percepta,
3439 2354 3546 2393 nec
3592 2341 3774 2392 exami-

2209 2427 2368 2482 nandi
2391 2425 2636 2498 Petrijus
2657 2426 2862 2494 habuit,
2888 2443 2986 2484 nec
3007 2428 3296 2498 recipiendi
3319 2430 3540 2499 penitus
3568 2438 3774 2499 potesta-

2211 2525 2340 2571 tem.
2381 2516 2514 2583 Quia
2549 2517 2864 2588 regulariter
2888 2519 3150 2585 constitit,
3193 2533 3291 2574 nec
3317 2519 3454 2588 apud
3490 2535 3592 2574 nos
3633 2519 3773 2574 Petra

2209 2611 2476 2668 ullatenus
2500 2612 2744 2668 absoluto
2769 2627 2928 2680 quem
2951 2613 3233 2668 damnasse
3260 2629 3356 2667 nos
3386 2616 3639 2668 novimus
3665 2629 3773 2669 exa-

2209 2703 2444 2760 minasse
2470 2703 2551 2759 vel
2577 2704 2871 2760 absolvisse
2900 2706 3186 2760 nescimus.
3221 2706 3410 2760 Restat
3439 2717 3496 2760 ut
3529 2707 3655 2761 illud
3693 2709 3773 2762 de-

2209 2795 2828 2850 tnonstremnsenmdem
2845 2795 3060 2850 Petrum
3078 2811 3236 2864 quem
3255 2811 3313 2849 se
3330 2807 3622 2866 purgatum
3639 2812 3771 2851 com-

2212 2883 2468 2939 munione
2511 2884 2780 2953 recepisse
2821 2885 3102 2955 prartendit
3141 2885 3680 2956 Acacitts,nunquam
3713 2887 3770 2940 ab

2209 2976 2477 3032 haeretica:
2506 2977 2898 3032 communionis
2927 2978 3248 3047 contagione
3262 2995 3530 3044 cessasse,
3554 2994 3651 3034 nec
3681 2995 3769 3031 non

2210 3066 2381 3123 solum
2400 3068 2514 3136 ipso
2530 3077 2767 3137 tempore
2785 3082 2892 3137 quo
2907 3068 3322 3123 communicavit
3339 3069 3387 3122 ei
3404 3069 3634 3124 Aeacius
3649 3083 3768 3119 sent.

2211 3171 2308 3228 per
2326 3156 2745 3212 Alexandrinum
2767 3157 3075 3222 Petrum,et
3100 3159 3150 3212 in
3171 3158 3548 3213 haereticorum
3572 3157 3771 3225 collegio

2207 3247 2527 3317 perdurasse
2557 3255 2717 3317 atque
2747 3246 2823 3301 ita
2864 3255 2921 3302 et
2955 3261 3051 3316 per
3097 3247 3242 3302 hunc
3283 3248 3542 3303 Acacium
3575 3246 3769 3318 perﬁda:

2207 3338 2600 3394 communionis
2645 3338 2944 3408 suscepisse
2987 3337 3317 3407 contagium,
3343 3346 3395 3393 et
3424 3353 3524 3408 per
3549 3337 3768 3392 eamdem

2209 3429 2315 3484 illis
2369 3429 2676 3494 hazreticis,
2723 3429 2920 3499 quibus
2977 3426 3170 3483 Petrus
3215 3428 3654 3483 communicabat
3693 3441 3746 3480 ea

2209 3519 2330 3575 dem
2360 3528 2510 3588 peste
2552 3519 2873 3574 convictum.
2908 3518 3007 3594 Qui
3051 3519 3388 3588 priesumpsit
3437 3533 3548 3572 non
3579 3523 3767 3572 servato

2208 3609 2394 3665 ordine
2419 3607 2637 3664 Petrum
2666 3608 2938 3679 suscipere
2967 3623 3064 3664 nec
3090 3609 3455 3663 examinatum
3501 3624 3644 3672 eunt,
3687 3621 3769 3660 nec

2209 3701 2517 3772 agnoscitur
2545 3701 2812 3770 recepisse
2840 3709 3146 3771 purgatum,
3173 3707 3229 3754 et
3253 3698 3372 3753 ideo
3411 3707 3611 3768 praeter
3649 3695 3767 3750 sedis

2211 3791 2516 3860 apostolicae
2544 3791 2834 3855 licentiam,
2867 3806 2972 3845 non
3005 3790 3296 3861 legitimam
3339 3790 3438 3844 sibi
3481 3789 3601 3859 ejus
3639 3803 3764 3840 rece-

2211 3884 2450 3952 ptionem
2476 3898 2734 3953 usurpare
2756 3882 3003 3945 voluisse,
3038 3890 3094 3935 ut
3121 3881 3576 3936 examinationcm
3607 3877 3709 3946 ejus
3723 3883 3764 3929 et

2211 3973 2584 4043 purgationem
2611 3981 2791 4043 posset
2813 3987 2910 4041 pro
2931 3987 3025 4026 sua
3058 3971 3330 4026 voluntate
3355 3971 3596 4031 mentiri.
3632 3978 3765 4037 atque

2213 4079 2335 4119 eum
2363 4079 2462 4118 nec
2488 4063 2873 4127 examinatum,
2915 4077 3015 4116 nec
3045 4061 3310 4130 reciperet
3342 4061 3569 4115 omnino
3595 4072 3766 4128 purga-

2214 4162 2348 4209 tum.
2381 4154 2548 4221 Quem
2571 4154 2612 4208 si
2639 4167 2822 4210 revera
2849 4152 3377 4207 velletexaminatum
3403 4159 3765 4220 purgatumque

2214 4243 2474 4313 recipere,
2496 4241 2734 4296 ordinem
2761 4241 2814 4296 in
2846 4241 2961 4311 ejus
2976 4240 3370 4295 examinatione
3402 4255 3464 4294 ac
3489 4236 3764 4306 receptionc

2214 4334 2391 4403 potius
2411 4333 2749 4394 custodisset,
2766 4332 2857 4386 sed
2883 4340 2940 4386 ιιι
2968 4330 3241 4386 videretur
3255 4330 3426 4400 magis
3447 4345 3608 4398 quam
3635 4339 3764 4380 vera-

2216 4425 2352 4478 citer
2387 4431 2530 4478 esset
2555 4423 2675 4492 jure
2705 4421 3007 4491 prorogari.
3045 4419 3198 4474 Sicut
3221 4435 3350 4490 ergo
3365 4428 3492 4473 ante
3517 4433 3619 4473 non
3640 4415 3763 4486 prius

2216 4513 2510 4578 damnavit,
2535 4528 2694 4582 quam
2721 4521 2776 4566 ct
2803 4510 3024 4567 referret
3049 4517 3103 4567 et
3128 4518 3375 4580 posceret
3405 4509 3472 4562 ab
3503 4505 3762 4577 apostolica

2216 4613 2481 4675 potestate
2507 4602 2893 4666 damnandum,
2921 4601 2999 4655 sic
3022 4608 3076 4653 et
3112 4598 3421 4668 recipiendo
3443 4599 3653 4652 modum
3673 4606 3762 4647 scr-

2217 4686 2346 4750 vare
2371 4694 2663 4758 debuisset,
2695 4701 2753 4746 ttt
2779 4692 3091 4761 priusquam
3120 4703 3178 4744 se
3205 4689 3254 4743 ei
3283 4685 3640 4742 communioni
3684 4679 3762 4735 tui-

2217 4793 2394 4841 scerct
2440 4799 2532 4852 per
2578 4784 2760 4838 sedem
2810 4781 3161 4851 apostolicam
3207 4786 3454 4848 posceret
3499 4769 3759 4830 examinari

2219 4891 2362 4939 eum,
2391 4887 2444 4932 et
2469 4876 2700 4946 legitima
2748 4875 2953 4928 ratione
2998 4871 3238 4943 purgari,
3284 4885 3406 4924 cum
3454 4885 3554 4925 nec
3596 4862 3760 4921 exami-

2224 4968 2383 5022 nandi
2452 4976 2543 5020 ant
2613 4950 2903 5034 recipiendi
2964 4979 3087 5018 cum
3158 4962 3381 5016 haberet
3442 4960 3558 5030 ipse
3615 4952 3760 5025 ponti-

2226 5059 2432 5119 ticimn,
2488 5066 2540 5110 et
2590 5055 2800 5110 nonnisi
2855 5069 2951 5125 per
3003 5053 3146 5108 illius
3214 5051 3360 5107 sedis
3421 5049 3757 5104 auctoritatem

2223 5146 2380 5218 24],
2413 5161 2840 5216 consensumque
2873 5145 2975 5200 hoc
3003 5150 3186 5213 posset
3209 5140 3430 5210 implere
3452 5179 3468 5205 ,
3500 5139 3613 5193 sine
3638 5131 3760 5200 cujus

2225 5239 2544 5294 auctoritate
2568 5253 2690 5292 eum
2721 5252 2826 5290 non
2855 5243 3065 5306 poterat
3101 5234 3216 5302 ipse
3254 5233 3510 5287 damnare
3531 5271 3546 5294 ,
3575 5238 3626 5283 et
3660 5238 3755 5278 cum

2225 5327 2505 5398 principali
2533 5327 2838 5397 diligentia,
2866 5335 2920 5383 ct
2943 5326 3136 5380 discuti
3166 5323 3354 5394 potuit,
3383 5331 3437 5376 et
3462 5317 3665 5391 purgari
3684 5320 3759 5378 ,ει

2227 5421 2293 5475 ad
2321 5418 2751 5474 communionem
2782 5417 3187 5471 convenientem
3218 5413 3448 5468 admitti.
3482 5411 3610 5466 Cum
3643 5403 3754 5458 enim

2224 5517 2434 5564 Constet
2469 5522 2630 5576 super
2653 5507 2972 5560 auctoritate
3001 5505 3141 5559 sedis
3169 5502 3470 5572 apostolica:
3496 5489 3752 5567 ltujusmmli

2227 5617 2505 5672 personas,
2534 5610 2625 5652 aut
2650 5598 2919 5652 discussus
2953 5597 3035 5650 vel
3063 5610 3182 5649 esse
3210 5602 3484 5665 purgatas,
3512 5599 3600 5643 aut
3618 5589 3681 5642 sic
3703 5581 3752 5634 ait

2227 5694 2344 5749 aliis
2392 5691 2586 5762 quibus
2640 5690 2976 5758 contpetebat
3046 5685 3309 5758 epismpis
3373 5682 3663 5742 absolutas,
3711 5678 3753 5722 ιιι
