3974 6428
573 284 681 344 975

1349 300 1636 364 APPEND.
1688 306 1780 365 AD
1809 307 1983 370 SAEC.
2018 308 2113 377 IX.
2155 342 2225 353 -
2262 311 2512 376 lSlDORI
2538 320 2979 390 MERCATORIS

3705 352 3793 406 976

572 388 719 499 reret
739 422 754 447 ,
787 390 847 438 ut
876 392 1116 443 rectores
1153 387 1252 461 ipsi
1280 392 1512 466 plebium
1555 401 1849 471 repentinis
1887 404 2149 465 incursio-
2181 407 2227 466 Α
2256 406 2394 465 facto
2421 387 2742 477 sacerdotali
2769 423 2998 481 concilio
3018 465 3033 490 ,
3063 425 3259 483 debere
3286 434 3483 490 curari.
3513 435 3621 495 Sed

569 474 729 530 uibus
750 488 849 546 pro
884 480 1165 538 mundanae
1206 487 1459 554 potentiae
1480 489 1753 549 voluntate
1781 496 1951 552 sacris
1975 495 2147 567 digni-

571 566 772 621 tatibus
807 568 1153 639 privarentur
1183 576 1422 631 ex~nulla
1463 582 1632 636 veteri
1663 596 1826 638 causa
1851 623 1867 647 ,
1903 602 1969 640 ex
1998 585 2147 641 nullo

565 655 791 727 collegio
829 668 1011 716 reatus
1053 678 1152 720 nec
1188 668 1599 739 participatione
1630 671 1912 742 cujuslibet
1943 677 2145 731 erroris

559 745 673 812 jam
719 759 845 805 ante
891 752 1173 812 damnatos
1208 761 1379 815 teneri
1415 778 1508 818 eos
1542 765 1898 841 convincique
1924 782 2144 822 consor—

569 849 649 893 tes
672 879 685 901 ,
718 848 776 893 ut
803 849 1061 914 tanquam
1093 862 1159 902 ex
1186 853 1456 918 praeterita
1486 855 1797 913 deﬁnitione
1830 857 2142 927 judicaren-

565 938 653 984 tur
672 932 941 990 obstricti.
973 935 1186 994 Et-ideo
1209 941 1335 1009 quia
1364 943 1542 1001 nullus
1567 956 1692 1001 ante
1718 950 2145 1018 prteccdvntibus

560 1021 741 1076 causis
770 1032 1017 1081 recentes
1039 1039 1222 1084 essent
1246 1071 1261 1097 ,
1289 1047 1387 1088 cur
1416 1031 1743 1102 ejicerentur
1771 1039 2019 1096 incursus
2049 1042 2141 1111 qui

556 1112 636 1185 illi
663 1124 847 1170 essent
879 1117 1077 1176 debent
1105 1126 1420 1191 monstrari,
1442 1135 1498 1181 et
1522 1129 1907 1187 ecclesiasticis
1935 1131 2142 1203 legibus

559 1211 620 1256 ut
662 1218 878 1275 semper
904 1210 1156 1279 oportere
1181 1223 1435 1270 constare
1477 1218 1664 1274 saltem
1698 1222 1783 1275 vel
1826 1237 1922 1292 pro
1959 1231 2141 1279 vestro

557 1292 676 1348 loco
702 1295 917 1353 illorum
948 1292 1219 1359 duceretis
1240 1306 1471 1364 miseriis
1498 1311 1883 1368 consulendum
1901 1355 1921 1380 ,
1951 1313 2139 1369 formi-

557 1383 751 1442 dantes
780 1387 832 1441 iu
864 1389 1019 1447 vobis
1053 1395 1196 1463 quod
1232 1395 1285 1451 in
1333 1395 1452 1455 aliis
1473 1403 1737 1466 cernitis,
1771 1413 1968 1474 praeter
1990 1404 2139 1460 illum

556 1489 761 1530 morem
791 1478 1061 1536 violenter
1083 1483 1332 1552 admitti,
1355 1487 1400 1542 si
1427 1490 1655 1546 crimine
1690 1495 1919 1562 respersi
1959 1503 2136 1550 erant.

561 1569 774 1639 Aliquid
802 1572 869 1627 de
897 1575 1265 1634 ecclesiastica
1294 1580 1477 1636 debuit
1506 1571 1906 1640 examinatione
1942 1602 2141 1657 cogno-

2248 502 2457 594 nesqul
2494 502 2547 558 in
2584 511 2908 567 contrariam
2944 523 3150 584 partem
3179 524 3293 574 tcto
3334 526 3607 594 proposito
3624 539 3678 586 et
3702 543 3797 589 ιυιο

2248 588 2564 648 rccidrratis
2588 596 2816 664 aﬂ‘ectu,
2846 603 3071 658 concilia
3110 608 3288 677 potius
3320 588 3618 672 necessaria
3655 588 3797 677 etiam

2245 679 2426 734 studio
2451 684 2783 756 declinastis,
2807 706 2874 747 ne
2886 706 2982 762 per
2999 682 3186 753 eadem
3213 700 3316 757 tale
3337 702 3540 776 aliquid
3565 721 3796 770 censere.

2247 774 2507 873 turaque.
2537 775 2688 873 vobis
2739 780 2900 837 rebus
2943 786 3224 844 evidenter
3256 774 3474 853 oﬂ‘ensis
3498 810 3555 854 et
3585 800 3798 873 legitime

2243 857 2558 943 confutatis,
2591 864 2643 919 in
2673 866 3046 927 haereticorum
3072 891 3180 930 non
3206 877 3369 936 licere
3393 887 3581 943 venire
3600 857 3798 948 consor-

2245 940 2398 1002 tium.
2427 948 2564 1016 Quid
2589 969 2720 1026 ergo
2747 957 2812 1013 de
2844 959 3146 1031 ignorantia
3178 940 3797 1051 prtetenditisrcum‘per

2243 1046 2413 1143 totum
2435 1043 2708 1106 Orientem
2749 1054 3066 1113 catholicam
3095 1060 3252 1116 fidem
3280 1043 3796 1145 communionemque

2241 1132 2508 1191 sinceram
2554 1141 2668 1197 sedi
2728 1147 3032 1214 apostolicae
3071 1164 3453 1225 congruentem
3496 1176 3608 1217 non
3647 1132 3795 1220 solum

2240 1227 2556 1294 cognovisse
2587 1238 2665 1287 tot
2708 1236 2989 1302 pontifices
3015 1240 3277 1301 videbatis
3301 1287 3317 1313 ,
3350 1249 3515 1306 etiam
3548 1268 3713 1324 usque
3740 1258 3795 1312 ad

2240 1326 2540 1375 extremum
2568 1329 3006 1388 constantissime
3029 1331 3350 1394 defendisse.
3384 1339 3441 1396 Si
3466 1358 3567 1413 vos
3597 1361 3697 1400 non
3717 1362 3797 1401 au-

2239 1408 2463 1508 dieratis
2499 1414 2627 1484 quid
2655 1418 2719 1471 de
2746 1419 2849 1475 fide
2876 1430 2929 1477 et
2956 1429 3331 1487 communione
3359 1408 3631 1491 catholica
3658 1449 3795 1508 atque

2240 1501 2527 1568 apostolica
2578 1522 2959 1577 censeremus,
3012 1515 3131 1571 illus
3176 1518 3419 1589 aspicere
3455 1501 3793 1584 debuistis-et

2239 1598 2345 1687 aut
2364 1595 2515 1662 sequi
2540 1596 2585 1650 si
2609 1598 2913 1657 credebatis
2936 1617 3057 1660 esse
3076 1607 3387 1677 catholicos,
3411 1621 3507 1668 aut
3526 1617 3667 1686 apud
3687 1631 3793 1687 apo-

559 1661 659 1725 sci,
697 1669 870 1731 taceo,
895 1673 956 1721 et
989 1668 1054 1722 ad
1075 1670 1257 1725 sedem
1282 1674 1629 1742 aposmlicam
1657 1691 1721 1730 ex
1745 1692 1896 1733 more
1922 1678 2139 1745 referri,
2170 1750 2210 1766 ﬁ
2237 1661 2482 1736 stolicam
2508 1687 2690 1741 sedem
2711 1691 2888 1759 potius
2913 1708 3190 1759 accusare.
3218 1701 3263 1755 si
3284 1661 3592 1761 credebatis
3606 1661 3791 1766 errasse

556 1767 622 1806 ne
644 1762 826 1808 nostra
852 1756 1131 1829 privilegia
1157 1774 1351 1816 curare
1378 1762 1673 1818 videamur.
1702 1765 1847 1821 Salis
1869 1766 1939 1822 sit
1957 1775 2132 1822 ostcn-
2169 1750 2211 1811 Β
2240 1770 2367 1838 quid
2414 1773 2533 1829 illus
2583 1787 2678 1831 aut
2711 1750 2810 1834 suo
2840 1750 3123 1853 proposito
3146 1750 3590 1852 ιιἰᾇιῖι”ιεῖιῖιῖξξὲ’

548 1841 679 1899 dere
704 1847 834 1914 quid
863 1849 1162 1904 secundum
1191 1851 1404 1922 regulas
1428 1852 1651 1909 Patrum
1691 1864 1747 1911 et
1779 1872 2018 1913 canones
2056 1858 2134 1912 fa-

551 1948 678 1990 cere
711 1935 1016 2004 deberetis,
1043 1940 1314 2011 praecipue
1344 1957 1469 1998 cum
1507 1944 1671 2000 etiam
1701 1944 1831 2016 ipsa:
1865 1946 2008 2018 leges
2036 1962 2137 2018 pu-

551 2022 696 2080 blice
728 2027 1154 2084 ecclesiasticam
1197 2032 1436 2103 regulam
1476 2045 1803 2105 sequentes,
1843 2036 1979 2092 tales
2013 2052 2134 2106 per-

550 2129 720 2172 sonas
758 2120 995 2176 nonnisi
1041 2122 1112 2177 ab
1139 2123 1408 2195 episcopis
1441 2137 1739 2183 sanxerunt
1776 2129 2030 2199 judicari.
2073 2130 2131 2185 Si

551 2223 685 2264 vero
753 2211 822 2267 de
890 2214 1133 2284 qualibet
1176 2216 1373 2273 hmrcsi
1412 2217 1616 2275 fuerint
1664 2219 1930 2290 iutpetiti,
1976 2229 2132 2276 tanto

550 2303 727 2372 magis
750 2318 844 2361 eos
872 2306 1053 2363 dec'rit
1087 2308 1189 2364 ista
1218 2323 1573 2381 cognoscere,
1603 2313 1694 2383 qui
1742 2321 1795 2368 et
1831 2314 2130 2369 secundum

551 2393 826 2465 religionis
853 2406 1093 2455 tenorem
1121 2410 1344 2471 possent
1386 2402 1487 2457 ista
1517 2403 1816 2471 discutere,
1858 2413 1915 2461 et
1955 2405 2127 2460 hahe-

551 2496 673 2543 reut
700 2490 1015 2559 pristinum,
1041 2508 1108 2548 ex
1136 2508 1243 2563 quo
1271 2503 1356 2550 est
1393 2495 1688 2551 christiana
1721 2496 1927 2567 religio,
1950 2498 2131 2568 ponti-

553 2578 731 2634 ficium
769 2581 1070 2653 judicandi,
1114 2594 1210 2641 aut
1237 2585 1485 2643 catholici
1513 2588 1655 2643 enim
1685 2598 1869 2655 erant,
1897 2598 1991 2644 aut
2019 2590 2131 2645 ine-

455 2723 460 2727 .
549 2672 701 2727 retici
729 2713 746 2741 ,
785 2674 852 2729 de
881 2676 1078 2744 quibus
1106 2677 1309 2747 passim
1337 2677 1426 2733 illa
1458 2678 1686 2735 ludibria
1726 2681 2053 2750 gerebantur
2074 2688 2130 2736 et

546 2760 830 2820 latrocinia
861 2766 1177 2823 detestanda
1217 2770 1548 2838 saeviebant;
1590 2771 1635 2827 si
1670 2772 1909 2829 haeretici
1937 2774 2126 2845 prodi,

543 2853 788 2923 discuti,
836 2866 893 2913 ct
946 2857 1185 2931 legitime
1230 2862 1478 2918 convinci
1515 2864 1688 2921 modis
1734 2866 1985 2923 munibus
2035 2867 2127 2924 de-

547 2947 776 3005 buerant
799 2990 814 3016 ,
843 2950 932 3005 vel
959 2951 1074 3008 suis
1100 2952 1528 3012 confessionibus
1548 2996 1564 3021 ,
1590 2956 1678 3011 vel
1714 2957 1939 3013 aliorum
1970 2960 2124 3014 voci-

484 3074 491 3079 -
542 3040 651 3096 bus
686 3041 995 3107 confutari,
1052 3054 1205 3101 taceo
1235 3046 1364 3116 quia
1415 3049 1481 3101 ad
1534 3064 1631 3104 nos
1677 3057 1902 3119 paterna
1944 3048 2121 3105 fuerat

544 3135 933 3190 consuetudine
991 3134 1373 3202 referendum,
1434 3148 1761 3211 tantumque
1801 3156 2119 3197 commoneo

541 3217 675 3292 quid
699 3224 814 3281 fieri
842 3226 1351 3297 ecclesiasticojure
1381 3242 1709 3288 convenerat
1734 3275 1749 3299 ,
1789 3233 1836 3288 si
1877 3248 2005 3288 vero
2029 3248 2125 3289 ca-

543 3316 725 3372 tholici
755 3319 1054 3388 probantur
1090 3336 1184 3376 vos
1224 3322 1315 3392 qui
1349 3337 1453 3378 non
1488 3323 1661 3379 solum
1712 3325 1766 3380 in
1795 3339 1983 3379 eorum
2022 3325 2119 3379 de-

542 3408 786 3478 puisione
804 3412 1048 3476 cessatis,
1073 3412 1167 3467 sed
1194 3414 1357 3468 etiam
1388 3414 1693 3486 subrogatis
1715 3413 2120 3470 communicare

540 3498 812 3569 delegistis
858 3501 1232 3557 indubitanter
1276 3503 1583 3569 haereticis,
1630 3505 1828 3576 quibus
1879 3505 2123 3575 depulsis

539 3591 822 3648 catholicis
848 3594 1271 3651 succedentibus
1290 3611 1393 3651 non
1415 3596 1701 3668 ignorastis
1729 3612 1945 3652 causam
1971 3594 2123 3662 fidei,

537 3685 1040 3757 conmuniouisque
1068 3688 1346 3743 catholicae
1373 3703 1467 3758 per
1489 3696 1670 3744 tantos
1703 3688 1977 3744 antistites
2003 3697 2119 3743 toto

537 3773 668 3829 orbe
693 3777 1008 3846 patefactos.
1043 3777 1148 3832 Sed
1173 3778 1332 3848 plane
1370 3779 1605 3835 scientes
1634 3779 1978 3849 volentesque
2003 3781 2119 3835 sine

542 3864 647 3919 ulla
674 3866 1005 3922 discussione
1038 3884 1216 3923 rerum
1239 3910 1252 3935 ,
1282 3870 1402 3924 sine
1429 3870 1531 3923 ulla
1564 3870 1805 3942 synodali
1833 3870 2118 3926 examina-

539 3957 703 4024 tione,
735 3959 851 4014 sine
879 3961 981 4015 ulla
1008 3962 1150 4017 sedis
1179 3962 1485 4031 apostolicae
1517 3963 1823 4018 reverentia
1850 3972 1905 4018 et
1930 3979 2120 4019 assen-

535 4051 685 4106 sistis
749 4051 1017 4107 lucreticis
1081 4053 1312 4108 libenter
1379 4053 1675 4119 habentes,
1739 4055 2118 4124 patienterquc

534 4143 776 4197 sinentes
804 4142 1109 4199 catholicos
1133 4144 1406 4200 antistites
1430 4145 1676 4201 inaudita
1699 4145 1854 4217 prius
1872 4154 1927 4199 et
1957 4146 2120 4201 misc-

536 4233 688 4289 rabili
718 4243 865 4291 sorte
891 4235 1321 4303 detrudi.Quos
1354 4236 1398 4291 si
1429 4252 1457 4291 a
1488 4237 1592 4293 [ide
1621 4238 1831 4309 integra
1874 4253 2118 4294 commu-

532 4324 803 4396 nioueque
835 4327 1099 4382 catholica
1126 4328 1390 4398 putaretis
1422 4344 1607 4385 errare
1644 4333 1711 4385 ad
1759 4331 2110 4402 apostolicam

2236 1862 2364 1917 tiam
2383 1904 2399 1928 ,
2430 1879 2524 1923 aut
2547 1876 2927 1938 cognoscendo
2951 1880 3080 1947 quid
3115 1882 3272 1937 sedes
3298 1885 3601 1956 apostolica
3624 1890 3791 1946 deﬁni-

2232 1961 2343 2019 ret,
2375 1965 2429 2012 et
2472 1968 2567 2014 aut
2604 1960 2764 2033 igitur
2801 1965 3030 2038 collegas
3060 1979 3115 2025 et
3145 1971 3343 2030 fratres
3369 1978 3437 2032 de
3470 1981 3717 2047 proximo
3747 1981 3791 2037 in

2232 2062 2524 2119 conspectu
2554 2064 2736 2111 vestro
2764 2058 2849 2113 vel
2877 2062 3172 2121 catholicos
3215 2070 3365 2138 sequi
3406 2069 3698 2140 debuistis,
3720 2076 3790 2130 vel

2234 2136 2493 2207 impetere
2541 2144 2586 2199 si
2643 2148 2948 2206 credebatis
2989 2167 3218 2222 errare;
3256 2136 3355 2214 nec
3390 2159 3512 2217 illos
3555 2176 3588 2217 a
3624 2136 3791 2232 quibus

2233 2230 2380 2285 nullo
2419 2233 2734 2293 discrimine
2784 2241 3119 2300 vexabantur
3167 2240 3407 2318 praebere
3453 2230 3786 2321 consensum,

2231 2319 2407 2377 donec
2456 2325 2657 2382 veritas
2688 2342 2753 2383 ex
2802 2333 3054 2389 omnibus
3091 2336 3359 2405 patefacta
3399 2354 3707 2411 constaret,
3746 2319 3791 2400 et

2233 2413 2548 2483 regulariter
2580 2418 2647 2474 de
2680 2420 2758 2476 eis
2789 2422 3144 2482 ecclesiastici
3185 2427 3371 2498 judicii
3417 2438 3595 2489 forma
3628 2450 3791 2505 prore-

2230 2505 2401 2561 deret.
2460 2507 2554 2563 Sin
2605 2527 2732 2567 vero
2779 2515 2924 2570 sedis
2963 2519 3270 2586 apostolica:
3329 2522 3572 2591 regulam
3623 2526 3789 2581 solnec-

2229 2598 2443 2664 quendo
2470 2602 2874 2672 perspiciebatis
2902 2605 3021 2662 illos
3051 2608 3190 2665 hanc
3212 2618 3398 2668 tenere
3423 2616 3787 2682 constantiam,

2228 2699 2618 2759 consequenter
2645 2707 2742 2762 per
2763 2693 2905 2760 illos,
2943 2706 2999 2752 et
3027 2698 3154 2767 quid
3183 2711 3367 2756 nostra
3399 2702 3649 2762 definitio
3672 2721 3785 2760 con-

2229 2777 2425 2835 tineret
2445 2819 2460 2845 ,
2493 2796 2596 2836 non
2627 2782 2886 2840 habuistis
2913 2787 3175 2843 incertum
3195 2831 3210 2857 ,
3234 2803 3288 2846 et
3321 2792 3535 2849 illorum
3562 2811 3788 2865 perseur

2230 2871 2436 2928 toribus
2462 2875 2746 2932 annuendo
2772 2891 2800 2931 a
2840 2877 2985 2934 sedis
3013 2879 3321 2951 apostolicae
3352 2900 3457 2939 non
3501 2886 3786 2958 ignorantes

2225 2963 2345 3032 ejus
2371 2966 2696 3023 sententiam
2720 2970 2996 3025 consortio
3026 2972 3359 3039 relraxistis,
3390 2984 3447 3031 et
3474 2978 3654 3034 adhuc
3675 2977 3787 3032 dici-

2229 3056 2298 3109 tis
2349 3057 2600 3128 ignorarc
2640 3073 2737 3113 vos
2775 3059 2905 3131 qttid
2939 3061 3096 3118 sedes
3144 3063 3437 3134 apostolica
3485 3068 3783 3121 censuisstt.

2226 3146 2358 3203 Cum
2390 3148 2494 3204 illis
2522 3151 2893 3208 sacerdotibus
2918 3153 3185 3209 catholica
3218 3154 3321 3211 fide
3344 3164 3402 3212 et
3425 3158 3786 3213 communione

2225 3239 2537 3297 nolentibus
2556 3244 2661 3297 non
2691 3244 2872 3302 verbis
2902 3254 2995 3301 ant
3019 3247 3234 3314 litteris,
3264 3248 3355 3304 sed
3382 3252 3631 3320 personis
3656 3264 3778 3321 prat-

2222 3328 2468 3389 sentibus
2496 3334 2793 3392 didiceritis
2816 3338 3064 3393 universa
3089 3379 3109 3405 ,
3157 3346 3212 3394 et
3238 3338 3305 3394 ab
3329 3340 3522 3395 eadem
3560 3356 3653 3395 vos
3679 3353 3782 3409 proo

2221 3424 2341 3495 prio
2370 3422 2575 3493 judicio
2613 3438 2898 3497 separasse
2938 3427 3260 3492 videamini,
3310 3439 3367 3485 et
3402 3431 3585 3487 adhuc
3626 3429 3781 3485 dicitis

2221 3518 2479 3588 synodum
2520 3517 2572 3572 in
2608 3517 2772 3574 unius
2813 3519 3047 3574 hominis
3081 3534 3367 3588 personam
3407 3520 3660 3576 debuisse
3692 3530 3782 3573 tra-

2218 3610 2352 3665 ctari
2375 3650 2389 3676 ,
2426 3625 2587 3681 quam
2630 3610 2682 3665 in
2705 3610 3025 3667 damnandis
3052 3612 3178 3666 totis
3211 3611 3564 3683 pontificibus
3585 3609 3781 3666 catholi-

2219 3701 2298 3756 cis
2322 3717 2427 3756 non
2478 3703 2769 3771 quresistis.
2813 3702 3019 3770 Quibus
3050 3710 3229 3759 autem
3258 3703 3419 3759 vultis
3439 3713 3501 3757 ut
3530 3704 3598 3758 de
3621 3702 3780 3757 talium

2218 3807 2502 3848 causarum
2532 3794 2794 3849 relatione
2819 3795 3110 3851 credamus
3127 3795 3411 3851 catholicis
3438 3811 3509 3851 an
3537 3792 3781 3850 hmreticis

2218 3880 2287 3936 ab
2313 3882 2458 3936 omni
2484 3883 2807 3954 contagione
2834 3883 3212 3939 haereticorum
3236 3884 3511 3947 discretis,
3536 3900 3605 3938 an
3632 3884 3781 3937 haere-

2220 3972 2447 4027 t’eo'um
2476 3974 2856 4029 communione
2879 3973 3143 4044 pollutis?
3181 3973 3315 4042 Quis
3348 3984 3533 4029 autem
3578 3989 3679 4028 non
3713 3971 3778 4023 vi-

2217 4065 2341 4120 deat
2379 4064 2497 4121 ‘llos
2534 4065 2790 4122 Ecclesia:
2823 4064 3157 4133 catholicos,
3181 4075 3238 4123 et
3269 4067 3337 4122 ab
3368 4065 3521 4121 omni
3548 4062 3779 4121 hzeretica

2218 4163 2367 4225 peste
2386 4195 2402 4219 ,
2431 4170 2655 4225 prorsus
2679 4156 2910 4221 alienos,
2942 4157 3037 4227 qui
3063 4156 3299 4228 propriis
3320 4155 3547 4211 urbibus
3576 4151 3778 4217 detrusi.

2216 4254 2270 4299 et
2311 4244 2363 4299 in
2390 4245 2638 4300 exsilium
2668 4255 2793 4301 sunt
2829 4246 3069 4313 redacti,
3101 4254 3159 4302 et
3184 4261 3280 4302 eos
3303 4245 3393 4317 qui
3423 4243 3777 4316 superstitibus

2216 4334 2504 4390 catholicis
2527 4349 2873 4392 successores
2903 4336 3021 4391 fieri
3049 4336 3166 4392 ausi
3189 4346 3333 4401 sunt,
3367 4334 3663 4392 catholicos
3680 4348 3777 4387 om—

529 4418 710 4470 sedem
734 4418 1028 4473 secundum
1058 4421 1193 4475 scita
1223 4421 1516 4493 majorum,
1538 4433 1590 4478 et
1612 4424 1753 4479 sicut
1783 4438 1999 4495 semper
2026 4435 2109 4481 est
2215 4427 2344 4481 nino
2388 4442 2495 4482 non
2530 4439 2681 4492 esse,
2727 4427 2819 4483 sed
2872 4437 2963 4483 aut
3006 4426 3313 4483 Eutichiani
3351 4425 3657 4491 manifesti,
3700 4429 3776 4477 aut

532 4507 731 4562 factum
765 4508 971 4565 referre
993 4510 1276 4578 debuistis,
1302 4514 1523 4569 sicutdc
1551 4513 1714 4570 Petro
1744 4514 2110 4569 Alexandrino

527 4597 610 4651 vel
662 4598 998 4657 Antioclteno
1041 4600 1207 4658 Petro
1241 4603 1307 4659 de
1354 4602 1561 4659 Joanne
1605 4604 1879 4675 Pauloquc
1916 4603 2110 4660 fecisse

531 4699 866 4746 monstratur
910 4692 1163 4752 Aeacius.
1211 4692 1317 4750 Sed
1368 4695 1497 4766 quia
1530 4696 1804 4751 noveratis
1846 4711 1944 4751 eos
1983 4712 2105 4751 cum

528 4780 824 4849 apostolica
862 4785 989 4841 sede
1018 4785 1239 4850 sentire,
1269 4792 1324 4840 et
1343 4786 1471 4856 quid
1498 4786 1653 4842 sedes
1682 4786 1978 4857 apostolica
2008 4803 2104 4843 sua

527 4870 842 4930 definitione
868 4884 1136 4942 censeret,
1165 4891 1265 4947 per
1300 4877 1419 4934 illos
1446 4886 1622 4933 tantos
1647 4895 1710 4934 ac
1733 4879 1870 4936 tales
1897 4879 2107 4951 episco-

526 4983 625 5037 pos
645 4980 856 5026 constat
877 4972 1182 5029 Orientales
1196 4974 1470 5030 antistites
1485 4973 1788 5030 nullatenus
1804 4974 2102 5046 ignorasse,

527 5068 584 5115 et
608 5075 705 5130 per
728 5061 848 5119 illos
872 5065 1150 5122 catholicae
1188 5075 1349 5138 atque
1391 5067 1700 5138 apostolica:
1738 5066 2104 5124 communioni

527 5153 794 5221 prodiisse
850 5158 1183 5224 contrarios,
1234 5167 1290 5215 et
1338 5159 1406 5215 ab
1444 5160 1635 5216 eadem
1676 5160 1937 5216 deiecisse
1976 5175 2100 5216 cum

527 5257 643 5298 non
663 5242 768 5300 illis
796 5246 928 5301 cStis
955 5249 1203 5317 passione
1232 5250 1540 5322 conjuncti,
1573 5253 1667 5309 sed
1713 5252 1893 5323 potius
1918 5267 2104 5323 perse-

524 5332 802 5391 cutoribus
831 5350 1019 5392 eorum
1059 5340 1315 5397 societate
1352 5342 1600 5397 connexi.
1637 5342 1733 5398 llic
1762 5343 1913 5397 vobis
1943 5356 2107 5413 syno-

526 5424 629 5481 dus
657 5444 929 5500 nunquam
960 5432 1107 5487 venit
1141 5433 1191 5488 in
1222 5444 1476 5500 mentem,
1500 5444 1555 5492 et
1582 5444 1730 5492 certe
1757 5436 1822 5492 de
1864 5436 2111 5506 persmis

526 5518 607 5584 (ut
658 5519 858 5576 dictum
907 5523 1010 5592 est)
1063 5522 1207 5578 nulla
1256 5526 1422 5581 veteri
1470 5527 1583 5595 lege
1634 5526 1959 5582 constrictis.
2010 5525 2109 5580 llic

526 5608 674 5664 nullo
699 5612 957 5678 c0ncilio,
995 5629 1101 5667 non
1127 5614 1284 5669 unius
1315 5617 1463 5671 urbis
1514 5618 1597 5671 vel
1640 5620 1798 5673 unius
1834 5618 2104 5688 episcopi,

526 5699 618 5755 sed
661 5705 820 5760 lotius
855 5708 1081 5761 or'cntis
1107 5706 1575 5764 Ecclesiantszzbiit
1601 5710 1836 5765 animum
1871 5724 2103 5765 vestrum

2213 4533 2400 4574 eorum
2428 4519 2793 4575 sectatoribus
2829 4520 3295 4576 communicantes
3319 4520 3435 4576 haec
3464 4519 3634 4590 pestis
3656 4517 3774 4584 3P“

2213 4621 2308 4664 eos
2335 4607 2602 4679 hodieque
2627 4610 2902 4680 perdurat.
2941 4609 3221 4682 Siquidem
3249 4618 3305 4666 et
3330 4625 3452 4666 cum
3487 4609 3647 4665 Petro
3670 4603 3773 4661 Ale-

2215 4697 2479 4752 xandrino
2510 4707 2564 4753 et
2589 4713 2711 4753 cum
2742 4697 3087 4755 Antiocheno
3117 4698 3283 4755 Petro
3319 4697 3690 4755 indifferenter
3723 4692 3772 4747 ltl

2213 4788 2303 4858 qui
2336 4787 2618 4844 catholicis
2657 4799 3073 4854 successerant,
3124 4789 3510 4845 communione
3548 4779 3769 4859 permitti

2214 4888 2377 4945 sunt,
2428 4887 2485 4936 et
2534 4881 2942 4936 successoribus
2984 4880 3269 4950 utriusque
3325 4878 3471 4934 Petri
3532 4878 3768 4944 hodieque

2217 4972 2531 5026 miscentur.
2563 4969 2660 5026 His
2693 4970 2832 5026 adde
2860 4970 3026 5027 etiam
3059 4970 3176 5026 illos
3203 4969 3295 5040 qui
3318 4968 3603 5026 catholicis
3623 4965 3768 5035 l,licet

2215 5077 2320 5117 non
2350 5070 2758 5128 successerunt,
2806 5061 2900 5117 sed
2928 5075 3056 5118 cum
3087 5059 3342 5117 catholici
3391 5059 3667 5132 pontifices
3689 5053 3768 5108 ha-

2213 5155 2471 5211 berentur
2512 5154 2695 5209 talium
2730 5168 2790 5210 se
2812 5152 3176 5210 communioni
3196 5152 3516 5223 junxerunt,
3555 5148 3665 5203 haec
3692 5142 3764 5198 illa

2215 5248 2460 5304 mistura.
2509 5247 2635 5303 Haec
2678 5255 2763 5302 est
2811 5246 2899 5301 illa
2941 5245 3189 5302 confusio
3219 5259 3339 5315 quas
3377 5259 3473 5315 per
3512 5239 3763 5299 Orientem

2212 5348 2384 5396 totum
2427 5339 2569 5394 inter
2596 5336 2950 5402 catholicam,
2985 5333 3434 5406 hzereticamque,
3459 5325 3764 5388 communio-

2211 5442 2445 5501 nemque
2472 5427 2616 5483 nulla
2651 5426 2912 5483 discretio
2936 5435 3040 5483 est.
3065 5426 3178 5481 ltno
3203 5426 3299 5497 qui
3344 5423 3571 5480 discerni
3617 5424 3763 5474 tenta-

2212 5522 2352 5577 verit
2394 5521 2571 5591 potius
2610 5519 2899 5575 haereticus
2943 5518 3211 5581 habetur,
3251 5516 3618 5589 persecutione
3653 5524 3757 5581 per-

2212 5628 2240 5667 c
2276 5611 2440 5676 llitnr,
2478 5609 2686 5665 exsiliis
2710 5618 2762 5663 ct
2790 5607 3082 5665 afﬂictione
3112 5606 3395 5663 multatur.

2285 5708 2466 5761 Restat
2496 5722 2621 5778 ergo
2654 5714 2705 5758 ut
2741 5705 2793 5758 in
2816 5701 2922 5758 hac
2955 5702 3254 5759 colluvione
3281 5712 3612 5767 cunctorum,
3639 5701 3757 5759 sicut
