3882 5316
87 175 192 232 977

1207 137 1225 153 ’
1253 176 1738 236 DECRETAIJUM
1781 178 2186 240 COLLECTIO.

83 287 334 358 quisquis
363 285 429 341 ab
448 285 633 343 eadem
664 297 946 360 separatus
976 284 1381 360 comprobatur,
1413 293 1485 346 ita
1517 291 1661 361 quis-
1693 295 1734 351 Α
1765 294 2144 351 communione
2173 303 2300 350 sunt
2329 294 2510 367 positi,
2537 310 2637 356 nec
2665 310 2853 352 eorum
2901 293 3226 352 testimoniis
3252 296 3338 352 in-

83 377 209 443 quis
238 377 460 432 sincer:e
481 387 560 434 est
583 381 1064 448 communionis,et
1092 383 1211 436 ideo
1245 383 1564 447 catholicus,
1587 384 1659 436 ita

82 464 334 534 quisquis
370 466 514 521 illius
543 469 864 532 detestandi,
892 473 1200 527 commercii
1223 474 1492 543 particeps
1515 473 1660 528 inve-

81 553 286 619 nietur,
307 567 566 625 quantum
591 576 618 614 a
643 561 848 616 sincera
874 564 1269 629 communione,
1294 574 1497 620 tantum
1520 581 1656 622 aca-

80 643 282 700 tholica
319 656 480 718 atque
510 652 798 719 apostolica
837 654 906 706 sit
941 666 1198 710 remotus.
1227 656 1333 710 Nec
1361 656 1658 726 prmtendat

77 735 330 804 quisquis
363 740 504 806 quod
536 741 694 795 alicui
728 741 949 796 forsitan
991 745 1309 799 evidentiori
1359 761 1465 800 non
1507 761 1660 801 com-

77 826 414 880 municasset
459 829 618 900 242
666 832 749 886 vel
799 849 904 887 non
953 837 1356 890 communicare
1413 837 1659 891 videatur

74 916 358 972 bmretico.
387 920 523 986 Quid
553 923 696 976 enim
712 923 898 993 juvat,
932 926 974 980 si
1008 925 1081 981 illi
1128 943 1234 982 non
1275 927 1655 990 communicet,

70 1015 129 1057 et
156 1006 243 1061 his
278 1015 456 1062 tamen
510 1013 888 1070 communione
931 1014 1230 1088 iungantur
1271 1018 1360 1088 qui
1409 1019 1476 1074 ab
1517 1018 1657 1074 illius

70 1110 184 1149 non
218 1107 341 1151 sunt
373 1101 750 1156 communione
795 1103 1020 1161 diversi?
1069 1107 1206 1175 Quid
1238 1109 1280 1164 si
1305 1124 1490 1165 eorum
1526 1109 1654 1165 nulli

68 1190 499 1245 communicavit
549 1190 629 1246 vel
684 1195 902 1252 omnino
941 1211 1047 1252 non
1100 1199 1508 1257 communicat?
1558 1201 1656 1255 Hic

67 1275 180 1328 erit
207 1275 293 1332 ille
323 1279 571 1346 sincerae,
600 1283 1008 1357 catholicmque,
1053 1287 1468 1359 apostolicaaque
1502 1306 1652 1346 com-

67 1365 348 1421 munionis
378 1378 433 1424 et
459 1371 601 1435 fidei,
651 1372 890 1444 alioquin
920 1376 1065 1432 nullo
1104 1379 1263 1434 modo
1291 1381 1486 1450 poterit
1517 1380 1655 1434 indi-

64 1465 270 1510 screta:
292 1457 436 1514 illius
463 1461 731 1518 mistionis
757 1465 1085 1522 insincerum
1127 1469 1299 1524 vitare
1321 1471 1650 1540 contagium.

65 1545 187 1601 Hoc
215 1551 372 1604 modo
402 1552 562 1607 etiam
593 1553 681 1609 ille
711 1557 794 1611 vir
822 1558 993 1612 bonus
1027 1560 1260 1616 Aeacius
1313 1563 1651 1616 Antiocheno

60 1637 258 1706 Petro,
286 1643 371 1696 cui
395 1659 455 1698 se
479 1646 654 1714 palam
683 1664 792 1703 non
836 1652 1239 1708 communicare
1269 1653 1509 1722 jactabat
1555 1672 1651 1725 per

59 1732 208 1788 alios
239 1735 360 1790 sine
390 1738 644 1809 ambiguo
667 1745 1100 1800 communicasse
1147 1748 1430 1818 detegitur.
1465 1748 1649 1818 Neque

56 1823 218 1877 enim
246 1826 315 1881 ab
344 1831 587 1884 omnium
624 1831 714 1902 qui
741 1833 1080 1893 Antioclteno
1102 1837 1266 1893 Petro
1288 1843 1650 1895 communica-

57 1915 220 1980 bant,
253 1933 422 1974 semet
448 1921 679 1981 Aeacius
725 1930 1107 1986 communione
1135 1933 1436 1999 suspendit,
1463 1950 1526 1989 ac
1555 1949 1650 2003 per

56 2007 163 2062 hoc
189 2011 321 2080 quid
352 2013 551 2082 profuit
576 2019 719 2086 quod
747 2019 917 2074 videri
948 2022 1178 2078 volebat.
1225 2024 1302 2078 llli
1334 2025 1508 2095 palam
1540 2042 1648 2080 non

55 2107 494 2171 communicare,
553 2110 642 2164 cui
696 2125 795 2179 per
831 2127 960 2169 suos
1005 2116 1298 2186 complices
1344 2118 1446 2172 sub
1495 2118 1650 2187 signo

54 2203 468 2258 communionis
496 2205 835 2272 nectebatur,
888 2208 1256 2265 Alexandrino
1307 2210 1467 2266 Petro
1495 2227 1646 2266 emn-

55 2291 366 2346 municsvit
392 2294 642 2349 Aeacius.
691 2294 799 2350 Sed
828 2298 996 2353 donec
1034 2299 1242 2354 advixit
1283 2300 1649 2356 Antiocbenus

52 2380 283 2447 I’e‘trus,
315 2384 409 2454 qui
454 2386 639 2456 utique
669 2397 791 2456 post
825 2390 1153 2445 Acaciauum
1186 2406 1307 2447 cum
1336 2391 1498 2448 Petro
1525 2393 1648 2449 Alc-

53 2474 336 2527 xrmlrino
367 2475 542 2531 foedus
578 2477 768 2532 initum
799 2480 1085 2536 defunctus
1139 2483 1446 2536 ostenditur
1501 2500 1646 2540 nun-

50 2581 224 2634 quam
256 2567 599 2624 Antioclteno
621 2568 780 2625 Petro
829 2571 1231 2629 Alexandrinus
1260 2573 1452 2630 Petrus
1501 2591 1649 2630 com-

51 2659 349 2712 municare
387 2661 606 2714 desinit.
641 2661 792 2728 Quod
843 2665 1231 2720 catholicorum
1293 2668 1532 2722 continet
1564 2684 1648 2722 re-

47 2746 189 2802 latio
218 2751 565 2804 sacerdotum
592 2765 1014 2825 sanctorumque
1037 2757 1090 2811 in
1131 2758 1396 2813 catholica
1427 2759 1529 2813 fide
1552 2759 1648 2813 du-

49 2841 320 2894 rantium.
343 2840 451 2895 Nec
469 2844 854 2898 conscientiam
875 2845 1042 2901 latere
1065 2856 1240 2916 potest
1265 2849 1432 2903 totius
1455 2848 1648 2905 Orien-

1761 384 1856 440 niti
1890 400 1987 456 pro
2013 386 2240 441 veritate
2265 387 2561 457 poterimus
2580 387 2670 458 qui
2720 387 3039 459 impugnare
3087 387 3340 442 nituntur

1758 473 2087 530 falsitatibus
2124 477 2427 531 veritatem.
2487 478 2698 542 Restat,
2737 487 2796 532 ut
2819 494 2928 533 non
2957 479 3058 532 nisi
3085 478 3192 532 illis
3213 494 3338 534 cre-

1759 563 1887 617 dere
1931 563 2224 619 debeamus
2268 565 2362 622 oui
2408 567 2477 621 ab
2527 567 2672 623 omni
2731 567 3055 638 contagione
3098 577 3228 622 sunt
3268 566 3338 622 li-

1757 651 1893 708 beri.

1971 745 2207 816 Epistola
2239 746 2438 802 Gelasii
2466 765 2613 818 papw
2637 749 2706 802 ad
2750 747 3120 817 Euniﬁmium.

1832 835 2197 895 Dilectissimo
2233 838 2388 895 fratri
2423 840 2730 904 Euutrmto,
2760 839 3050 896 Gsusms.

1828 935 1980 1004 Quod
2001 937 2157 1007 plane
2174 937 2420 1007 cupimus
2442 948 2606 1008 atque
2621 939 2832 994 sincera
2853 937 2975 994 lldei
2999 939 3336 994 communio-

1759 1028 1948 1098 nisque
1978 1027 2260 1083 catholica:
2301 1028 2719 1100 reintegratione
2748 1029 2970 1094 firmari,
3006 1028 3206 1083 asserit
3241 1037 3335 1082 tua

1757 1118 1995 1173 dilectio.
2022 1118 2175 1185 Quod
2207 1117 2362 1173 alteri
2397 1118 2544 1174 solus
2576 1133 2680 1173 non
2709 1118 2937 1176 sufficiat
2965 1119 3198 1183 auditus,
3229 1117 3335 1172 nisi

1756 1226 1854 1281 per
1876 1210 2087 1266 litteras
2117 1211 2446 1281 speetaverit
2496 1209 2802 1281 significant
2827 1217 3233 1280 provocantem,
3265 1208 3334 1263 de

1759 1303 1842 1357 his
1871 1317 1992 1373 quze
2022 1302 2165 1357 circa
2195 1317 2294 1356 nos
2318 1301 2652 1372 dispensatio
2678 1301 2859 1355 divina
2909 1299 3158 1370 perfecit,
3194 1307 3253 1353 ut
3286 1297 3333 1353 si

1758 1396 1812 1450 in
1854 1393 2106 1449 secundis
2154 1393 2326 1448 vicem
2378 1391 2724 1448 salutationis
2773 1392 3158 1460 impenderem.
3214 1387 3336 1443 Non

1755 1484 2082 1539 arbitramur
2107 1483 2190 1537 vel
2217 1483 2559 1538 dilectionem
2590 1491 2734 1536 tuam
2763 1481 2844 1535 vel
2873 1480 3107 1550 aliquam
3137 1494 3198 1536 se
3227 1479 3333 1534 boc

1757 1591 1980 1646 sperare
2028 1575 2291 1647 potuisse,
2334 1582 2392 1628 ut
2433 1584 2646 1644 putaret
2682 1589 2781 1630 nos
2813 1573 2897 1628 vel
2946 1570 3332 1642 aliquempiam

1758 1667 2021 1737 potiorem
2061 1681 2182 1736 quze
2221 1673 2349 1720 sunt
2398 1676 2552 1735 gesta
2589 1663 2886 1720 referentes
2939 1663 3194 1720 debuisse
3250 1677 3336 1716 re-

1753 1775 1950 1828 sponsa
2001 1759 2320 1829 promereri,
2365 1774 2469 1827 qua
2500 1758 2659 1812 nimis
2679 1757 3017 1826 judicaretur
3045 1770 3332 1825 arrogans,

1751 1852 1797 1906 si
1829 1852 1895 1906 de
1919 1853 2094 1920 prima
2120 1851 2248 1905 sede
2303 1850 2481 1903 taliter
2519 1848 2912 1906 existimasset.
2950 1847 3104 1915 Quod
3134 1847 3180 1901 si
3213 1862 3332 1900 ma-

1751 1944 1833 2016 gis
1861 1944 2170 2014 opinamur,
2203 1943 2357 2012 quasi
2407 1942 2590 2007 sociis,
2623 1941 2819 2010 quibus
2862 1954 3096 2010 prmesse
3128 1936 3333 1994 Christi

1754 2049 1977 2089 munere
2004 2034 2250 2102 delegata
2277 2031 2770 2101 est,~apostolicam
2797 2031 2981 2086 sedem
3007 2029 3327 2083 institutum

1751 2125 1855 2180 sibi
1896 2124 2114 2179 noviter
2179 2123 2516 2178 sacerdotem
2569 2121 2941 2192 praeeuntibus
2996 2117 3336 2189 oportuisse,

1752 2216 1934 2270 dixisti
1967 2215 2160 2270 litteris
2205 2213 2462 2268 indicare.
2505 2211 2628 2267 Fuit
2663 2212 2932 2282 quondam
2958 2209 3338 2267 ecclesiastica

1751 2317 1906 2364 vetus
1935 2308 2049 2362 hzec
2080 2305 2262 2374 regula
2311 2304 2452 2374 apud
2498 2304 2690 2359 Patres
2735 2312 2950 2359 nostros
2997 2301 3195 2372 quibus
3225 2314 3335 2354 una

1750 2397 2038 2461 catholica,
2079 2394 2484 2464 apostolicaque
2516 2393 2825 2448 communio
2857 2391 2924 2446 ab
2953 2389 3100 2446 omni
3132 2402 3336 2460 praeva—

1750 2491 2042 2546 ricatorum
2073 2487 2239 2542 libera
2267 2487 2565 2556 pollutione
2621 2485 2920 2542 constabat.
2975 2481 3125 2537 Nunc
3147 2489 3334 2535 autem

1749 2597 1872 2639 cum
1897 2581 2210 2637 societatem
2259 2579 2515 2650 praeferre
2564 2577 2770 2632 malitis
2815 2583 3130 2632 extraneam
3165 2586 3335 2642 quam

1747 2673 1814 2727 ad
1837 2671 1978 2727 beati
2001 2671 2141 2726 Petri
2166 2685 2357 2740 purum
2376 2670 2551 2724 redire
2577 2668 2948 2736 illibatumque
2968 2663 3322 2720 consortium.

1755 2781 1774 2816 ι
1808 2761 2088 2830 Quomodo
2121 2759 2466 2826 cantabimus
2496 2759 2771 2815 canticum
2813 2755 3026 2812 Domini
3075 2755 3128 2808 in
3183 2761 3335 2807 terra

1750 2854 1920 2908 aliena
1946 2851 2119 2925 (Psnl.
2143 2867 2363 2917 cxxxvt,
2396 2850 2476 2921 4).
2502 2850 2781 2919 Quomodo
2807 2847 3180 2919 dispositionis
3209 2861 3335 2917 apo-

48 2935 143 2986 tis.
180 2934 250 2988 Et
292 2943 351 2988 ut
385 2944 589 2990 taceam
639 2937 782 3006 quod
829 2954 923 3008 per
955 2939 1126 3007 ipsum
1170 2940 1442 2996 Zenonem
1478 2941 1644 3012 imne-
1672 2975 1719 3037 Ο
1751 2943 1952 2998 stolicce
1972 2943 2192 3012 antiqua
2225 2941 2426 2997 fmdera
2469 2939 2803 3010 praabcamus
2829 2937 3142 2993 hominibus
3170 2949 3328 2991 com-

47 3033 322 3088 ratorem,
353 3026 441 3093 qui
471 3025 656 3095 utique
684 3027 1022 3082 Antiocbeuo
1061 3028 1221 3085 Petro
1262 3045 1421 3099 quem
1470 3031 1644 3086 intro-

41 3114 315 3179 duxerat,
347 3125 401 3168 et
430 3113 584 3184 cujus
616 3117 981 3172 sacerdotium
1030 3119 1498 3190 comprobaverat,
1529 3121 1646 3176 sine

53 3206 223 3260 iubio
276 3208 654 3262 communione
685 3210 975 3280 pcrmistus
1016 3211 1448 3266 communicabat
1500 3211 1645 3268 Aca-

38 3298 192 3351 cius.
230 3297 506 3354 Plurimos
549 3300 886 3356 diversarum
917 3303 1132 3357 urbium
1161 3303 1418 3372 praesules
1446 3319 1640 3373 possu-

39 3403 173 3440 mus
197 3386 593 3453 Jemonstrare,
628 3392 823 3459 quibus
835 3409 953 3448 eum
969 3393 1302 3450 Antioclieno
1325 3394 1483 3450 Petro
1498 3411 1648 3451 com-

36 3478 485 3546 municanttbus,
518 3481 866 3538 nihilominus
902 3485 1339 3539 communicabat
1388 3485 1641 3554 Aeacius,

32 3580 90 3624 et
127 3585 241 3640 per
276 3570 395 3626 illos
421 3573 788 3630 Autiocbenos
818 3577 1256 3631 communicabat
1300 3593 1644 3648 consequen-

36 3669 134 3714 ter
160 3669 224 3714 ct
262 3661 440 3716 Petro.
473 3662 576 3718 Sed
605 3664 717 3720 hrec
744 3666 882 3734 apud
920 3665 1140 3723 Graecos
1172 3667 1344 3723 facilis
1373 3678 1426 3725 et
1465 3669 1643 3725 incul-

31 3751 258 3818 pabili‘s
286 3760 508 3820 putatur
537 3769 658 3810 esse
704 3755 1009 3824 permislio,
1033 3759 1171 3826 apud
1213 3774 1348 3828 quos
1378 3760 1521 3814 nulla
1559 3770 1646 3816 est

31 3843 164 3895 veri
231 3841 463 3914 falsique
502 3844 779 3901 discretio.
821 3847 1038 3904 Etcum
1091 3851 1342 3906 omnibus
1397 3853 1642 3922 reproliis

27 3933 244 3986 volunt
279 3948 402 3989 esse
435 3949 770 4001 communes,
801 3937 854 3998 in
889 3938 1028 3991 nulla
1063 3949 1439 3995 monstrantur
1463 3942 1644 4012 probi-

27 4036 161 4081 tate
185 4037 464 4107 constare.
498 4029 592 4084 llic
612 4039 788 4085 autem
814 4032 903 4085 ille
923 4043 1000 4088 est
1031 4034 1225 4090 Petrus
1246 4035 1639 4101 Antiocltenus,

25 4132 218 4182 quem
255 4132 353 4171 nec
382 4131 477 4185 per
511 4121 906 4187 pmuitentiam,
941 4133 1034 4178 aut
1088 4126 1519 4181 communionem
1551 4143 1642 4182 ea-

26 4206 320 4260 tltolicam
370 4209 556 4278 recipi,
611 4211 772 4265 etiam
805 4227 833 4266 a
863 4214 990 4269 sede
1043 4214 1336 4284 apostolica
1396 4218 1642 4286 poposcit

1751 3034 2022 3089 munionis
2047 3043 2320 3089 extranea:
2343 3032 2366 3086 ?
2404 3030 2871 3098 Quemadmodum
2924 3028 3085 3084 nobis
3109 3025 3333 3082 ordina-

1752 3123 1954 3178 tionem
1982 3122 2363 3177 renuntiatura
2387 3128 2491 3182 est,
2522 3119 2608 3176 cui
2660 3127 2844 3174 vestro
2890 3119 3057 3175 etiam
3087 3113 3332 3171 testimo-

1747 3216 1837 3271 nio
1879 3215 2165 3270 haereticos
2217 3211 2732 3281 danmationemque
2783 3207 3116 3278 praeponitis.
3173 3206 3332 3261 Dicat

1745 3306 1970 3363 forsitan
2011 3314 2101 3358 tua
2132 3302 2351 3357 dilectio
2379 3301 2666 3356 haereticos
2715 3299 3001 3354 damnatos
3031 3294 3138 3350 dici
3186 3295 3328 3348 Aca-

1745 3396 1888 3452 cium
1920 3402 1971 3450 et
1999 3393 2240 3447 Petrum.
2287 3390 2415 3454 Cur,
2447 3389 2490 3444 si
2527 3387 2608 3444 fas
2649 3403 2756 3443 non
2807 3395 2911 3453 est,
2973 3383 3330 3456 praisentibus

1745 3487 1936 3544 saltem
1977 3483 2172 3541 litteris
2197 3482 2570 3551 colloquantur
2593 3479 2620 3534 ?
2646 3477 2782 3545 Quia
2811 3477 2970 3532 aliter
2995 3473 3329 3544 appellamus

1747 3577 2037 3633 Dominicze
2089 3589 2289 3629 mensa:
2339 3571 2654 3643 participes,
2696 3568 2856 3624 aliter
2883 3567 2972 3637 qui
3002 3567 3054 3621 in
3085 3564 3203 3634 ejus
3229 3579 3326 3619 no-

1745 3670 1951 3726 hiscum
2002 3667 2259 3723 societate
2320 3663 2664 3726 dissentiunt,
2712 3661 2840 3732 quia
2888 3661 3003 3729 ipse
3068 3656 3329 3713 Dominus

1745 3761 1853 3817 alio
1900 3759 2058 3815 modo
2090 3757 2256 3813 verba
2305 3754 2542 3811 faciebat
2591 3770 2621 3809 a
2655 3770 2752 3810 sua
2790 3752 3178 3825 praedicatione
3214 3750 3328 3806 dis-

1744 3852 1924 3913 cretis,
1955 3850 2062 3905 alio
2091 3848 2370 3918 discipulis
2397 3847 2550 3918 regni
2581 3847 2818 3904 cmlestis
2858 3853 3069 3900 secreta
3121 3841 3328 3915 pande-

1744 3941 1852 3994 bat.
1885 3939 2290 4008 Consequenter
2313 3952 2528 4008 quoque
2550 3935 2789 4006 Apostoli
2815 3950 2921 3991 non
2948 3935 3020 3989 ita
3044 3950 3072 3988 a
3091 3948 3188 3988 suo
3215 3931 3328 3990 coi-

1744 4029 1884 4102 legio
1937 4031 2228 4101 separatis,
2285 4030 2738 4100 quemadmodum
2810 4027 2934 4084 iidel
3013 4025 3328 4083 domesticis

1743 4125 2190 4194 consortibusque
2238 4123 2617 4193 loquebantur.
2673 4121 2780 4176 Sed
2824 4121 2902 4175 ait
2965 4118 3180 4174 dilectio
3230 4126 3322 4172 tua

1744 4227 1953 4273 tantum
2001 4217 2146 4271 circa
2197 4230 2284 4269 me
2322 4229 2442 4270 sese
2487 4213 2768 4270 cbaritatis
2805 4211 3080 4275 imbuisse,
3125 4216 3183 4263 ut
3212 4223 3320 4262 non

23 4303 312 4366 Aeacius,
336 4320 398 4359 ac
425 4322 519 4375 per
545 4309 642 4361 boc
665 4309 807 4378 quod
829 4317 1126 4377 queruntur
1154 4324 1182 4362 a
1212 4310 1367 4365 nobis
1384 4312 1636 4366 Acacium
1670 4330 1719 4390 ο
1749 4308 1920 4363 solum
1940 4307 2006 4361 ad
2027 4305 2372 4362 scribendum
2397 4302 2565 4358 fueris
2585 4311 2874 4357 contentus
2888 4298 3080 4354 aﬂ‘ectu
3112 4297 3322 4360 audire,

20 4392 226 4446 fuisse
253 4393 565 4449 damnatum
625 4411 746 4451 cum
801 4397 904 4453 hac
948 4397 1284 4468 professione
1337 4402 1635 4467 prmmissa,

18 4493 84 4535 et
136 4497 249 4551 per
276 4483 553 4540 anfractus
579 4487 902 4544 Autiocbeni
932 4489 1129 4558 petitur
1156 4499 1368 4559 recepta
1398 4506 1639 4546 commu-

21 4577 219 4630 nione
246 4591 310 4632 se
356 4577 614 4632 doceatur
642 4579 758 4648 ipse
783 4579 1088 4636 damnasse.
1144 4580 1244 4637 Ubi
1297 4591 1474 4636 tamen
1528 4599 1633 4638 non

18 4667 232 4721 solum
274 4683 400 4723 reus
435 4677 650 4725 tenetur
693 4670 944 4736 Aeacius,
984 4674 1079 4727 sed
1132 4688 1324 4728 omnes
1351 4675 1634 4743 pontifices

18 4755 434 4826 Orientis,qui
472 4758 585 4826 pari
611 4759 768 4814 modo
809 4761 859 4814 in
906 4761 1020 4816 base
1066 4763 1329 4828 recidere
1361 4765 1634 4834 contagia,

19 4846 361 4914 meritoque
410 4847 570 4902 simili
638 4848 984 4904 damnatione
1048 4860 1298 4907 tenentur
1363 4853 1633 4908 obstricti.

19 4939 160 4996 Nec
195 4937 324 4992 inde
350 4948 575 5008 possunt
623 4940 894 4997 ullatenus
946 4945 1206 5014 expediri,
1240 4945 1362 5008 nisi,
1395 4944 1521 5002 dum
1550 4962 1638 5000 su-

17 5035 304 5102 persunt,
327 5043 356 5081 a
391 5030 583 5085 talibus
609 5030 948 5087 abstinendo.
985 5032 1091 5090 Nec
1121 5049 1220 5089 nos
1239 5044 1450 5103 oportet
1479 5039 1528 5092 in
1565 5046 1644 5089 ta-

17 5122 192 5178 libus
221 5120 418 5186 causis,
472 5123 578 5179 nisi
630 5121 736 5176 illis
789 5123 1014 5180 cretlere
1060 5127 1150 5198 qui
1190 5135 1282 5180 aut
1330 5131 1552 5185 omnino
1583 5143 1644 5184 se

21 5217 231 5238 --2-..ι
290 5214 457 5238 ALL”!
566 5217 700 5238 _-...l!
727 5219 800 5238 l!--
869 5222 1009 5238 -_--.'I
1160 5220 1192 5238 ι·
1235 5221 1246 5232 ο
1381 5223 1392 5238 ι
1527 5226 1552 5238 η
1595 5225 1606 5236 ι

1745 4399 1858 4469 lege
1889 4396 2212 4452 sententiam
2245 4412 2260 4448 :
2299 4412 2317 4446 ι
2353 4393 2513 4449 Fides
2538 4407 2606 4447 ex
2644 4393 2852 4454 auditu,
2884 4391 3097 4444 auditus
3143 4394 3324 4439 autem

1745 4506 1843 4561 per
1878 4489 2102 4544 verbum
2148 4486 2242 4542 Dei
2272 4485 2453 4556 (Rom.
2482 4501 2535 4550 ι,
2570 4484 2678 4553 i7),
2715 4502 2733 4535 ι
2779 4481 2904 4535 illud
2948 4479 3154 4534 scilicet
3185 4476 3322 4530 Ver-

1741 4583 1866 4638 bum
1904 4581 2046 4651 quod
2095 4577 2420 4635 confessioni
2457 4575 2602 4634 beati
2645 4573 2870 4646 apostoli
2899 4571 3045 4627 Petri
3080 4589 3098 4622 c
3135 4575 3325 4640 portas

1741 4671 1936 4727 inferni
1965 4687 2240 4741 nunquam
2278 4669 2648 4740 praevalituras
2674 4681 2795 4722 esse
2825 4664 3076 4735 promisit
3101 4659 3320 4732 (Matth.

1744 4777 1852 4824 xvi,
1879 4763 1986 4832 t8).
2019 4781 2037 4816 ι
2065 4761 2242 4832 Atque
2268 4761 2389 4817 ideo
2413 4755 2807 4815 rationabiliter
2825 4750 3175 4818 existimasti,
3198 4749 3325 4818 quia

1745 4853 1915 4909 fidelis
1947 4853 2088 4908 Deus
2117 4854 2169 4908 in
2197 4851 2382 4908 verbis
2419 4851 2532 4908 suis
2560 4863 2664 4902 nou
2695 4847 2796 4902 nisi
2828 4846 3030 4917 aliquid
3059 4841 3165 4898 tale
3196 4856 3326 4913 pro-

1747 4945 2003 5010 misisset,
2034 4946 2364 5009 institueret,
2405 4955 2564 5000 unam
2599 4939 2907 5010 sponsionis
2961 4951 3072 4994 suae
3097 4933 3333 5004 promis-

1742 5037 1952 5093 sionem
1982 5036 2249 5107 impleret.
2289 5035 2388 5092 Ait
2437 5031 2671 5099 deuique.
2702 5046 2798 5086 nos
2829 5032 3024 5087 divina:
3044 5027 3338 5099 providen-

1746 5129 1832 5181 tia:
1861 5129 2036 5196 gratia
2069 5135 2156 5180 tua
2204 5123 2437 5184 dilectio
2466 5120 2607 5195 quod
2660 5120 2748 5176 ille
2798 5118 3184 5178 monstraverit
3209 5130 3340 5170 san-

2007 5213 2372 5238 n--l--2-_....-
2438 5232 2486 5238 ,ρ
2536 5225 2638 5238 nam
2700 5211 2946 5238 Ana-0..-..-
2996 5207 3315 5238 .lsnnzlnillm
