3974 6432
2003 100 2033 133 ο

610 334 714 389 979

1440 330 1723 389 arrssn.
1755 330 1845 385 an
1883 328 2050 386 saec.
2080 328 2169 383 IX.
2234 358 2293 369 ω
2327 328 2575 387 lSlDORI
2616 332 3064 419 MERCATORIS

3748 331 3830 388 950

613 449 759 502 sedis
808 446 1077 513 olltcium,
1126 445 1229 500 nisi
1271 444 1413 515 quod
1473 458 1706 513 superna
1750 440 2192 523 gratia'semper
2220 442 2265 501 Α
2301 440 2494 497 saltent
2525 447 2856 502 verecundia
2903 449 3047 520 quod
3103 457 3482 513 nonnunquam
3534 440 3619 497 sit
3680 440 3831 495 debuit

614 545 876 606 operatur
896 551 1105 609 magna
1133 536 1200 591 de
1229 535 1431 606 parvis.
1463 554 1481 587 ι
1508 532 1820 601 ρυίιιέιιίη]
1857 523 1923 588 de
1951 547 2035 586 me
2063 546 2192 587 sen-

617 625 747 681 tiam
769 640 891 685 cum
920 625 1023 680 hoc
1044 624 1158 695 ipse
1181 625 1232 679 id
1259 625 1325 679 de
1340 639 1399 679 se
1426 623 1685 693 magistro
1711 621 1952 694 gentium
2000 619 2088 674 ille
2118 627 2196 675 te-

617 722 810 778 stetur,
847 715 938 784 qui
999 730 1059 771 se
1115 714 1383 779 ultimum,
1450 721 1506 769 et
1567 728 1675 768 non
1737 712 1918 767 vocari
1975 710 2195 781 dignum

616 805 914 876 apostolum
957 805 1285 876 profitetur?
1315 825 1335 859 ι
1364 804 1414 871 (1
1442 803 1563 860 Cor.
1588 820 1678 871 xv,
1703 803 1781 876 9.)
1810 802 2197 861 Verumtamen

620 902 682 950 ut
704 894 771 950 ad
809 894 1113 951 dilectionis
1145 905 1249 952 tua:
1276 894 1438 951 verba
1486 894 1792 959 redeamus,
1843 893 1889 949 si
1931 891 2199 948 veraciter

615 986 906 1045 exsecutus
927 1003 986 1044 es
1013 988 1130 1044 ιιωο
1158 988 1416 1043 divinitus
1444 986 1575 1041 mihi
1616 985 1786 1041 fuisse
1833 984 2045 1052 collata,
2077 999 2198 1053 qua:

615 1083 673 1133 et
700 1076 942 1148 profecto
990 1092 1325 1148 quacunque
1369 1085 1497 1133 sunt
1543 1076 1685 1132 bona
1735 1076 1876 1132 dona
1923 1084 2048 1131 sunt
2078 1074 2193 1139 Dei,

617 1180 845 1235 sequere
871 1182 1001 1242 ergo
1028 1167 1371 1223 hortamenta
1417 1182 1523 1222 non
1573 1165 1866 1236 indigentis
1900 1165 2102 1232 doceri,
2143 1173 2200 1220 et

617 1258 913 1314 secundum
939 1273 1227 1330 supernam
1259 1259 1665 1331 dispositionem
1704 1258 1954 1314 universa
2003 1268 2198 1316 cuncta

617 1345 957 1416 inspicientis
982 1363 1102 1418 qua:
1122 1350 1188 1404 ad
1207 1348 1576 1405 Ecclesiarum
1607 1348 1884 1419 pertinent
1911 1348 2194 1404 unitatem.

616 1432 687 1487 Et
722 1434 981 1490 adversus
1008 1435 1281 1491 diabolum
1310 1436 1748 1492 conturbatorem
1780 1450 1907 1490 vere
1937 1435 2087 1507 pacis
2115 1445 2201 1492 at-

618 1539 725 1594 que
751 1527 1044 1599 compagis,
1097 1536 1159 1583 ut
1202 1528 1421 1594 asseris,
1471 1527 1689 1583 fortiter
1733 1527 2097 1583 resistentem.
2138 1526 2223 1583 Si.

616 1630 747 1687 ergo
773 1616 837 1671 de
867 1632 951 1671 me
979 1618 1079 1672 ista
1103 1618 1440 1688 pronuntias,
1473 1626 1567 1675 aut
1620 1618 1876 1674 sectanda
1932 1617 2027 1673 tibi
2072 1626 2198 1674 sunt

540 1774 561 1785 χ
617 1724 739 1777 qua:
780 1724 812 1762 a
858 1707 1096 1774 Christo,
1131 1719 1189 1766 ut
1224 1710 1501 1780 prohibes,
1553 1712 1848 1766 constituta
1900 1719 2046 1774 sunt,
2103 1718 2199 1765 aut

2295 545 2659 589 commonere.
2688 534 2771 591 An
2816 536 3044 594 forsitan
3076 545 3135 593 ut
3168 533 3547 591 luerctieorum
3588 530 3835 587 damnato-

2296 632 2544 690 rumque,
2573 632 2628 679 et
2654 625 2736 680 his
2766 626 2849 682 vel
2890 642 3079 683 eorum
3125 622 3527 681 successoribus
3566 619 3834 675 communi-

2296 710 2537 766 cantium
2563 716 2781 772 nomina
2809 718 3211 775 consentiamus
3233 713 3445 771 admitti
3470 713 3494 766 ἲ
3521 710 3636 767 Hoc
3656 725 3752 765 non
3770 718 3835 764 est

2296 801 2730 863 condescendere
2774 809 2841 864 ad
2890 806 3336 873 subveniendum,
3365 804 3459 862 sed
3505 803 3776 860 evidenter
3794 801 3835 854 in

2298 891 2509 952 inferna
2547 896 2805 971 demergi.
2842 899 3077 967 Parcite,
3104 913 3307 970 quaeso.
3342 905 3400 954 et
3419 895 3581 952 nobis
3610 902 3666 950 et
3691 892 3834 950 vobis.

2297 983 2449 1051 Quod
2478 985 2523 1041 si
2557 1003 2741 1045 curam
2764 991 2929 1048 vestri
2961 989 3094 1047 adeo
3116 1005 3224 1046 non
3251 988 3483 1055 habetis,
3510 985 3642 1043 date
3658 984 3835 1040 veniam

2299 1075 2472 1130 nobis.
2503 1075 2695 1134 Dolere
2722 1086 2777 1136 et
2796 1077 2925 1136 ﬂere
2960 1093 3244 1151 possumus
3270 1087 3323 1134 et
3346 1077 3645 1142 debemus,
3671 1074 3722 1129 in
3751 1074 3838 1130 hac

2297 1162 2524 1234 abrupta
2551 1167 2737 1225 deduci
2787 1184 2889 1227 nec
2937 1184 3242 1241 possumus,
3295 1182 3396 1224 nec
3446 1168 3723 1230 debemus,
3748 1164 3836 1234 qui,

2298 1264 2587 1324 praestante
2621 1258 2731 1313 Deo
2756 1268 2961 1325 nostro,
2984 1259 3252 1315 sinceram
3296 1270 3603 1329 puramque
3643 1263 3839 1326 paterna

2302 1346 2604 1404 traditionis
2646 1349 2804 1406 fidem
2854 1350 3398 1420 communionemque
3437 1348 3699 1410 retinere.
3722 1354 3770 1402 et
3789 1347 3838 1399 ab

2298 1439 2446 1495 onmi
2493 1442 2967 1509 praevaricatorem
3012 1440 3331 1513 contagione
3368 1439 3668 1496 discretam
3710 1437 3838 1493 etiam

2300 1529 2562 1585 intentato
2588 1530 2828 1601 periculo
2852 1531 3043 1587 mortis
3067 1540 3316 1601 optamus
3344 1530 3615 1599 eligentes
3646 1528 3711 1599 (si
3746 1526 3838 1581 vela

2301 1620 2466 1692 Deus)
2498 1621 2753 1690 quzelibct
2796 1623 2883 1678 illa
2917 1623 3148 1695 perpeti,
3199 1638 3360 1693 quam
3393 1636 3597 1678 causas
3647 1619 3839 1675 incidere

2301 1712 2665 1769 damnationis
2686 1722 2920 1770 a-ternm.
2954 1715 3106 1781 Date,
3140 1713 3383 1783 inquam,
3412 1712 3654 1775 veniam,
3688 1711 3730 1764 si
3748 1725 3837 1764 cum

618 1796 793 1866 palam
825 1805 877 1853 te
914 1801 1055 1867 quod
1082 1799 1285 1855 Christi
1341 1799 1788 1869 dispositionibus
1836 1799 2059 1856 obviare
2105 1799 2198 1855 de-
2226 1781 2272 1840 Β
2302 1817 2396 1858 vos
2420 1811 2639 1873 pr0pter
2657 1818 2895 1858 amorem
2924 1781 3493 1873 cujuslibethominis,
3520 1799 3608 1855 vel
3634 1799 3838 1852 timorem

616 1889 841 1958 promis,
867 1899 961 1946 aut
990 1891 1055 1944 ad
1084 1890 1298 1947 veniam
1342 1891 1569 1947 luxuria:
1613 1892 1681 1947 de
1729 1907 1816 1946 me
1856 1892 2203 1963 cognosceris

617 1976 721 2032 ista
742 1976 971 2046 jactare.
1001 1976 1108 2034 Sed
1148 1989 1547 2050 consequenter
1593 1979 1837 2036 adnectis
1870 1980 2202 2038 condescen-

626 2066 845 2121 dibilern
876 2084 981 2134 me,
1031 2079 1086 2125 ct
1109 2070 1309 2139 optima
1356 2071 1709 2154 dispositione
1757 2087 2017 2128 revocare
2043 2088 2202 2143 posse

621 2160 993 2213 concordiam.
1032 2161 1265 2216 Proinde
1292 2163 1546 2232 quoniam
1569 2162 1673 2218 isto
1695 2164 1860 2219 verbo
1890 2163 2203 2232 frequenter

622 2235 867 2314 utimini,
890 2253 1016 2321 quid
1042 2252 1144 2309 sibi
1176 2254 1301 2308 velit
1348 2254 1642 2326 explorem.
1678 2254 1893 2326 Optima
1936 2258 2080 2313 enim
2111 2257 2201 2313 illa

621 2354 707 2401 est
746 2345 1000 2401 Ecclesiae
1032 2348 1315 2405 catholica:
1357 2358 1522 2419 atque
1557 2351 1867 2420 apostolica:
1918 2350 2201 2421 dispositio

617 2452 739 2508 quas
760 2439 827 2492 ad
855 2439 1078 2496 meliora
1103 2442 1433 2511 prolicienth
1482 2444 1847 2499 conscendere
1887 2459 1990 2498 non
2023 2444 2092 2498 ad
2121 2444 2203 2498 in-

619 2526 817 2584 feriora
852 2531 1225 2589 descendendo
1254 2533 1503 2590 deiicere.
1533 2533 1666 2590 Cum
1695 2544 1876 2590 autem
1902 2535 2040 2590 dicis
2067 2550 2200 2589 con-

621 2620 884 2677 scendere
929 2638 1027 2677 nos
1060 2623 1259 2681 debere
1304 2625 1605 2681 vobiscum.
1659 2624 1881 2681 Interim
1922 2627 2036 2698 jam
2083 2641 2201 2692 vos,

623 2719 718 2767 aut
744 2715 1076 2771 descendere
1126 2724 1220 2772 aut
1269 2717 1611 2772 descendisse
1660 2718 1997 2774 monstratis.
2024 2717 2201 2791 Unde,

621 2820 826 2874 quaeso,
854 2805 936 2861 vel
966 2821 1075 2879 quo
1108 2807 1210 2863 ista
1251 2808 1530 2866 descensio
1554 2811 1685 2865 est?
1722 2809 1918 2881 Utique
1947 2825 2014 2865 ex
2049 2827 2205 2882 supe-

623 2893 754 2949 riori
781 2895 1015 2965 quodam
1048 2896 1166 2952 loco
1191 2897 1259 2951 ad
1308 2896 1564 2954 inferiora
1600 2914 1825 2969 quaeque
1877 2901 2145 2971 deponitis
2171 2919 2201 2957 a

623 2986 889 3042 catholica
937 2987 1341 3057 apostolicaque
1385 2991 1768 3048 communione
1798 2992 1863 3045 ad
1892 2992 2202 3048 haereticam

624 3076 1045 3145 damnatumque
1115 3076 1394 3148 prolapsos
1448 3077 1667 3145 videtis,
1712 3080 2056 3150 cognoscitis,
2095 3096 2201 3137 non

624 3166 851 3239 negatis,
876 3176 932 3224 et
960 3183 1069 3223 non
1098 3168 1271 3225 solum
1299 3185 1396 3226 vos
1420 3170 1477 3225 in
1516 3170 1747 3228 infirmis
1786 3171 1973 3244 jacere
2008 3172 2194 3230 delec-

625 3266 724 3321 tat,
748 3257 844 3313 sed
867 3259 1029 3315 etiam
1055 3260 1109 3316 lu
1136 3262 1420 3333 superiore
1447 3271 1729 3319 manentes
1762 3262 1891 3321 sede
1914 3264 2076 3320 vultis
2102 3265 2204 3320 im-

622 3348 765 3419 pelli.
798 3348 1244 3409 Condescendere
1280 3369 1379 3410 nos
1404 3354 1680 3411 vobiscum
1713 3356 1976 3422 invitatis,
2003 3356 2070 3412 ad
2096 3358 2206 3413 ima
2242 3424 2247 3429 _

622 3438 688 3493 de
717 3440 943 3495 stnnmis
971 3457 1068 3498 nos
1093 3443 1450 3500 coascendere
1477 3459 1572 3502 vos
1621 3444 1901 3502 nobiscum
1952 3461 2204 3517 rogamus

621 3527 690 3581 ad
713 3542 923 3584 summa
948 3528 1016 3585 de
1043 3529 1181 3587 imis.
1209 3530 1362 3590 Nunc
1410 3533 1571 3605 igitur
1599 3545 1893 3604 conspectu
1945 3534 2088 3590 illius
2110 3549 2205 3591 ex-

621 3616 779 3672 celsa:
801 3615 1027 3682 iustitia:
1042 3619 1250 3691 judicet
1269 3635 1439 3693 genus
1467 3622 1783 3687 humanum,
1804 3623 1926 3693 quis
1948 3632 2201 3681 nostrum

576 3696 582 3702 ’
622 3707 817 3763 debeat
837 3710 993 3765 atteri
1024 3711 1266 3767 obedire.
1295 3712 1374 3767 An
1403 3712 1540 3768 dicis
1567 3721 1627 3767 ut
1651 3721 1845 3768 castera
1877 3729 2020 3771 nunc
2044 3713 2203 3770 omit-

624 3805 752 3861 tam,
782 3799 1063 3856 descendit
1126 3802 1385 3859 Dominus
1439 3803 1554 3874 ipse
1589 3803 1658 3859 de
1683 3802 1869 3859 coelo?
1915 3805 2205 3860 Descendit

625 3886 800 3955 plane,
832 3888 929 3944 sed
973 3898 1031 3944 ut
1060 3890 1332 3946 hominem
1385 3893 1453 3946 ab
1486 3907 1674 3948 errore
1704 3892 1983 3958 liberaret,
2010 3910 2117 3950 non
2145 3903 2204 3949 ut

623 3981 741 4050 ejus
787 3980 1107 4037 misceretur
1152 3985 1345 4039 errori.
1379 3983 1566 4040 Nonne
1613 3985 1726 4056 ipse
1769 3986 2114 4055 praemonuit,
2142 3995 2204 4042 ut

623 4073 713 4141 qui
741 4073 792 4127 in
820 4081 959 4129 tecto
1000 4076 1361 4139 consisterent
1406 4091 1511 4131 non
1556 4078 1977 4143 descenderent,
2007 4094 2105 4135 nec
2134 4081 2201 4136 ad

2227 3125 2274 3189 C

2300 1893 2417 1949 haec
2444 1892 2675 1949 libenter
2715 1894 3011 1950 incurritis.
3043 1892 3154 1948 Nos
3202 1900 3422 1963 propter
3471 1904 3712 1946 amorem
3754 1889 3837 1947 Dei.

2296 1994 2353 2041 et
2381 1984 2630 2040 timorem
2659 1984 2902 2056 gehenna
2933 1983 3057 2039 talia
3083 1983 3398 2039 refutamus.
3440 1979 3561 2036 Nec
3588 1995 3682 2035 vos
3698 1978 3841 2032 cred:-

2302 2076 2371 2131 tis
2401 2075 2790 2132 dissimulando
2849 2091 3040 2132 causas
3088 2083 3251 2144 atque
3294 2087 3558 2144 personas
3606 2069 3840 2139 enjuslilet

2300 2168 2553 2224 amicitiis
2578 2184 2737 2239 posse
2763 2167 3066 2238 subripere,
3107 2166 3232 2237 quia
3265 2180 3441 2236 neque
3461 2179 3566 2220 vos
3602 2162 3675 2217 ita
3709 2160 3839 2216 subti-

2300 2259 2378 2317 les
2401 2260 2558 2326 estis,
2591 2260 2682 2329 qui
2712 2274 2817 2315 non
2846 2258 3072 2328 possitis~
3110 2254 3357 2327 intelligi,
3388 2263 3446 2312 et
3470 2258 3840 2326 nospnrstante

2300 2348 2412 2405 Deo
2442 2358 2623 2405 nostro
2649 2364 2753 2404 non
2779 2348 3025 2419 reperitis
3054 2349 3320 2404 incautos.

2371 2439 2562 2495 Nonne
2614 2438 2797 2494 missis
2846 2440 2949 2494 huc
2996 2453 3139 2509 saepe
3185 2435 3383 2491 litteris
3429 2431 3710 2490 indicastis
3752 2444 3839 2486 cum

2302 2532 2521 2587 caeteris
2539 2530 2808 2587 htcreticis
2838 2545 2931 2587 vos
2951 2529 3214 2585 Eutichen
3243 2541 3457 2598 quoque
3475 2539 3743 2595 respuere.
3762 2521 3843 2575 llec

2301 2624 2345 2678 si
2375 2638 2579 2688 verum,
2612 2632 2704 2677 aut
2731 2637 2825 2678 eos
2871 2622 2960 2691 qui
3008 2620 3555 2678 communicaverunt
3592 2613 3843 2671 Eutichctis

2302 2713 2710 2771 successoribus
2740 2713 2945 2784 pariter
2974 2712 3256 2777 abdicata).
3288 2720 3379 2765 aut
3409 2709 3645 2764 aliorum
3673 2718 3842 2777 quoque

2302 2805 2686 2860 hereticorum
2734 2802 3140 2861 successoribus
3179 2799 3652 2858 communicantes
3690 2795 3842 2850 admit-

2307 2896 2420 2952 tite.
2456 2894 2561 2951 Sed
2597 2894 2846 2958 Acacius,
2893 2892 3094 2962 inquis,
3144 2881 3279 2947 nihil
3309 2896 3500 2944 contra
3540 2886 3695 2941 tidem
3733 2884 3837 2938 sicut

2304 2988 2561 3045 Eutiches
2582 2995 2637 3042 et
2659 3000 2944 3042 successor
2968 2982 3087 3054 ejus
3108 2982 3302 3052 legitur
3323 2979 3638 3048 ubicunque
3658 2975 3840 3035 dixisse.

2305 3079 2461 3151 quasi
2498 3092 2604 3132 non
2629 3076 2700 3132 sit
2725 3076 2984 3138 deterius,
3015 3082 3073 3129 et
3102 3087 3209 3128 non
3238 3072 3523 3141 ignorasse
3576 3068 3840 3123 veritatem.

2307 3179 2363 3226 et
2390 3178 2570 3224 tamen
2595 3166 3029 3223 communicasse
3074 3162 3319 3218 veritatis
3362 3158 3627 3217 inimicis.
3655 3156 3708 3212 Si
3731 3155 3841 3211 enim

2304 3278 2428 3321 cum
2458 3261 2652 3331 aliquis
2677 3268 2823 3316 recte
2845 3258 3064 3330 sapiens
3093 3256 3161 3313 de
3192 3255 3296 3311 lide
3343 3254 3621 3311 catholica
3645 3264 3844 3307 cornuin-

2304 3353 2448 3409 nicet
2476 3351 2583 3408 illis
2611 3351 2880 3408 haereticis
2908 3350 3051 3407 inter
3086 3362 3223 3420 quos
3250 3345 3580 3402 Euticheten
3609 3340 3843 3414 posuistis.

2306 3442 2387 3498 Vel
2411 3442 2816 3498 successoribus
2858 3454 3069 3508 eorum,
3122 3451 3231 3493 non
3264 3443 3350 3493 est
3386 3434 3472 3491 fas
3497 3449 3598 3491 eos
3627 3434 3754 3490 inter
3772 3444 3839 3485 ca-

2306 3533 2629 3610 tholicorum
2659 3530 2854 3587 altaria
2886 3530 3191 3587 nominare.
3215 3527 3293 3584 ita
3315 3542 3385 3583 ne
3421 3540 3561 3598 ergo
3595 3523 3729 3580 illius
3751 3521 3834 3576 Eu-

2304 3624 2520 3681 tlchetis
2542 3622 2947 3681 successoribus
2971 3617 3418 3677 communicando
3435 3616 3607 3672 simili
3631 3621 3760 3672 sorte
3774 3620 3837 3667 te-

2303 3722 2464 3769 netur
2475 3711 2761 3769 obnoxius.
2798 3711 2880 3767 De
2905 3708 3104 3766 talibus
3123 3708 3322 3779 quippe
3341 3705 3723 3761 convenienter
3738 3698 3841 3755 dici-

2305 3814 2391 3859 tur
2424 3823 2437 3858 :
2476 3822 2494 3855 (
2526 3803 2865 3859 Drscendant
2889 3802 2943 3857 in
2990 3798 3258 3856 infernum
3306 3799 3552 3853 viventes
3580 3792 3839 3868 (Petitur,

2304 3896 2415 3968 i6),
2454 3913 2472 3947 ι
2503 3894 2594 3966 qui
2617 3895 2743 3949 dum
2774 3893 2861 3948 illa
2886 3891 3017 3957 vita,
3048 3906 3153 3961 qua
3171 3887 3351 3959 justus
3375 3888 3529 3951 vivit,
3565 3902 3687 3942 vera
3714 3892 3838 3952 atque

2302 3985 2567 4044 catholica
2620 3992 2882 4055 putantur
2933 3980 3136 4046 vivere,
3193 3985 3415 4049 repente
3461 3987 3561 4030 aut
3610 3978 3662 4031 in
3708 3988 3836 4045 prona

2302 4075 2607 4147 pravitatis,
2651 4084 2744 4129 aut
2790 4074 2844 4128 in
2898 4071 3167 4128 lla-relics:
3227 4069 3629 4126 communionis
3671 4065 3833 4122 ittfema

624 4180 687 4218 ea
720 4179 840 4234 qua:
880 4165 932 4218 in
965 4165 1127 4221 domo
1180 4167 1432 4222 videnlur
1479 4184 1601 4224 esse
1683 4168 1963 4225 tollenda?
2012 4172 2201 4227 Nonne
2294 4177 2549 4239 vergunt.
2583 4166 2720 4223 Ecce
2740 4165 2926 4238 quales
2948 4163 3165 4221 Christo
3192 4162 3373 4218 dicitis
3413 4177 3539 4217 esse
3570 4172 3835 4230 praeponen-

626 4269 723 4323 pro
752 4254 1001 4310 omnibus
1025 4256 1312 4327 Apostolus
1331 4276 1349 4309 ς
1384 4258 1581 4313 clamat
1608 4274 1767 4324 unus,
1796 4260 1911 4330 qui,
1935 4260 2054 4329 plus
2079 4276 2198 4319 om-

628 4342 785 4398 nibus
817 4342 1082 4401 laboravit
1113 4345 1163 4417 (1
1192 4344 1316 4401 Cor.
1364 4365 1453 4415 xv,
1505 4348 1619 4421 10),
1658 4369 1677 4402 ι
1708 4365 1830 4406 cum
1859 4351 1925 4406 de
1953 4351 2199 4407 custodia

623 4436 868 4492 veritatis
906 4447 1183 4509 ageretur,
1225 4441 1422 4509 quibus
1447 4457 1547 4498 nec
1573 4443 1640 4497 ad
1696 4442 1884 4499 horam
1933 4444 2197 4501 cessimus

624 4527 975 4595 subjectionis
1005 4531 1176 4605 gratia
1207 4540 1262 4587 et
1292 4533 1489 4601 veritas
1521 4533 1794 4604 Evangelii
1856 4546 2200 4606 permaneret

625 4619 764 4688 apud
786 4619 1152 4677 vos?Videtis
1193 4622 1467 4678 cmlrstem
1516 4624 1827 4694 Magistrum
1876 4625 2208 4683 condescen-

627 4709 757 4766 dere
811 4712 990 4768 noxiis
1039 4723 1375 4770 reeusantem
1406 4714 1733 4770 ?Postremo
1786 4714 2050 4772 faciamus
2105 4716 2206 4772 ali-

625 4816 785 4870 quem
829 4803 1105 4859 corruisse
1146 4804 1215 4860 ad
1264 4820 1423 4877 quem
1465 4805 1870 4877 benignissima:
1915 4807 2205 4864 sublevan-

626 4894 753 4949 dum
777 4893 1050 4965 paululum
1080 4897 1347 4968 quispiam
1380 4897 1508 4954 velit
1534 4897 1753 4953 inﬂecti.
1802 4898 1946 4969 Ergo
1991 4908 2050 4955 ut
2090 4899 2202 4980 eri-f

627 4985 1001 5056 gaturgjacens
1046 4990 1393 5046 miserantem
1447 4990 1703 5046 convenit
1760 4990 2017 5047 inclinari
2091 5007 2199 5049 non

629 5089 687 5134 ut
726 5094 851 5135 cum
888 5081 1077 5139 eodem
1129 5083 1496 5153 przecipitetur
1538 5083 1592 5139 in
1644 5080 1877 5139 foveam.
1908 5082 2204 5156 lgitur.per

628 5170 859 5237 litteras,
899 5188 1036 5243 quos
1079 5189 1175 5244 per
1209 5173 1523 5230 Sinelicium
1562 5173 1842 5230 diaconem
1887 5174 2205 5232 destinastis

626 5262 692 5319 de
720 5263 804 5319 his
831 5279 966 5335 quos
989 5266 1301 5336 baptizavit.
1325 5282 1461 5339 quos
1490 5267 1762 5324 ordinavit
1806 5266 2035 5323 Aeacius
2087 5282 2205 5323 ma—

620 5354 800 5422 jorum
826 5357 1115 5416 traditione
1166 5359 1491 5427 confectam,
1528 5368 1585 5417 et
1629 5376 1759 5417 vera
1793 5358 2064 5432 przecipue
2116 5374 2204 5414 re-

625 5446 882 5521 ligionum
916 5448 1263 5505 sollicitudini
1310 5459 1504 5507 vestra:
1548 5466 1843 5521 congruam
1896 5451 2203 5522 praebemus

624 5540 743 5596 siue
780 5539 1092 5596 diliicultate
1142 5541 1484 5598 medicinam.
1537 5542 1654 5611 Quo
1701 5560 1800 5601 nos
1856 5542 2019 5600 vultis
2060 5543 2201 5599 ultra

625 5630 998 5689 descendere?
1050 5632 1188 5703 Quid
1257 5635 1498 5689 tacetis?
1567 5634 1703 5703 Quid
1762 5634 2203 5693 verecundamini

624 5722 803 5778 verbis
829 5725 1134 5796 exprimere
1215 5724 1357 5795 quod
1407 5725 1567 5780 corde
1616 5727 1893 5797 gestatis?
1944 5725 2058 5798 Ipsa
2106 5740 2203 5792 vos

2230 4487 2279 4546 D

2303 4260 2419 4315 dos.
2457 4258 2589 4314 Cum
2615 4257 2703 4313 ille
2733 4272 2834 4313 nec
2879 4255 3088 4310 animas
3117 4263 3333 4309 nostras
3380 4252 3602 4307 sibimet
3643 4245 3835 4319 percipit

2303 4348 2574 4419 anteponi.
2603 4347 2711 4403 imo
2737 4355 2793 4402 et
2819 4346 2996 4402 adhuc
3018 4342 3260 4414 quaeritis
3280 4340 3497 4412 quando
3528 4338 3687 4395 fuerit
3728 4336 3837 4389 dars-

2308 4449 2469 4496 natus
2521 4437 2769 4502 Acacius,
2834 4435 3003 4506 quasi.
3040 4448 3229 4490 revera
3279 4430 3494 4488 etiamsi
3534 4446 3654 4485 eum
3700 4423 3835 4481 nullus

2303 4542 2429 4588 ante
2456 4532 2763 4588 damnasset
2790 4542 2896 4584 non
2927 4526 3090 4582 fuerit
3131 4522 3448 4580 orthodoxae
3495 4531 3553 4577 et
3581 4516 3834 4591 apostolica:

2302 4621 2718 4686 communionis,
2765 4617 2918 4689 cujus
2953 4615 3340 4690 przevaricator
3367 4613 3583 4669 exstitit
3615 4614 3667 4667 el
3691 4609 3837 4702 desert

2305 4726 2391 4773 tor
2413 4712 2823 4786 participatione
2847 4708 3071 4767 secludi.
3112 4706 3266 4763 Sicut
3323 4704 3491 4761 etiam
3540 4700 3745 4773 quilibet
3765 4700 3831 4765 qui

2305 4806 2473 4864 fuerit
2525 4813 2650 4861 ante
2683 4802 3000 4864 catholicus,
3050 4799 3357 4868 cuicunque
3399 4795 3596 4851 δωτεεί
3638 4801 3835 4849 ωωωιι·

2307 4900 2495 4955 nicans
2530 4895 2724 4953 merito
2741 4891 3015 4962 iudicatur
3041 4906 3073 4947 a
3103 4897 3289 4946 nostra
3313 4887 3577 4944 societate
3598 4891 3829 4939 removen-

2307 4993 2427 5058 dus,
2455 4990 2626 5047 autin
2656 4986 2748 5044 tali
2772 4993 2922 5044 sorte
2949 4983 3234 5041 defunctus
3305 4980 3450 5036 inter
3491 4974 3829 5035 catholicorum

2307 5082 2525 5139 nomina
2556 5060 2866 5136 nullatenus
2887 5073 3211 5147 computari.
3260 5071 3524 5128 Miramur
3550 5078 3717 5123 tamen
3732 5073 3829 5132 quo-

2308 5173 2467 5229 modo
2493 5172 2590 5227 ista
2616 5169 2889 5242 profertis,
2914 5167 3015 5224 hoc
3039 5172 3125 5223 est
3151 5170 3210 5220 ut
3234 5171 3289 5220 et
3303 5160 3564 5235 synodum
3588 5149 3830 5214 Chalcedo-

2307 5278 2530 5321 nensem
2556 5277 2653 5319 vos
2695 5260 2973 5331 suscipere
3019 5271 3118 5329 pro
3150 5254 3275 5311 'ﬁde
3317 5252 3579 5311 catholica
3624 5242 3828 5343 proﬁtea-

2307 5357 2461 5424 mini,
2485 5364 2540 5411 et
2560 5369 2656 5412 eos
2683 5367 2819 5425 quos
2838 5349 3116 5408 damnavit
3147 5345 3473 5405 sectantium
3517 5343 3828 5436 comma-utcf

2308 5460 2455 5508 tores
2528 5461 2634 5504 non
2695 5445 2902 5516 pariter
2968 5440 3399 5515 generaliterque
3460 5434 3657 5509 putetis
3700 5429 3824 5483 fusse

2307 5543 2611 5599 damnatos.
2649 5536 2934 5594 Ostendite
2981 5547 3110 5606 ergo
3165 5546 3289 5603 quae
3347 5527 3586 5602 synodus
3632 5524 3679 5577 in
3723 5527 3825 5571 uua-

2306 5647 2521 5707 quaque
2575 5630 2770 5686 haeresi
2800 5645 2921 5685 cum
2965 5626 3245 5684 erroribus
3288 5633 3623 5679 successores
3677 5618 3820 5707 eorum

2305 5703 2393 5785 liis
2433 5703 2908 5783 communicantes
2975 5719 3243 5788 simulque
3292 5730 3479 5773 omnes
3548 5724 3645 5767 non
3703 5703 3819 5759 dam°
