3974 6428
116 311 217 369 981

1294 302 1777 362 DECRETALIUM
1817 302 2214 368 COLLECTIO.

3277 309 3386 367 982

117 431 231 479 "ut.
281 428 337 473 et
379 417 686 487 complices.
730 416 912 486 itaque
965 417 1050 472 ille
1098 430 1277 473 vester
1321 419 1552 473 Aeacius
1611 419 1702 487 qui
1735 422 1778 478 Α
1808 418 2014 473 sionem
2070 420 2276 475 nitatur
2333 430 2582 479 astruere
2614 462 2630 488 ,
2677 434 2839 495 atque
2887 426 3116 482 invicem
3170 427 3391 483 sibimet

115 510 459 569 Eutichianis
527 510 823 567 liaaresibus
851 509 1153 565 detestabili
1196 512 1576 573 communione
1624 510 1706 565 fa-

113 610 239 656 ctus
267 608 353 654 est
397 598 669 669 particeps
711 599 779 654 ab
821 600 1012 654 eadem
1061 600 1272 671 synodo
1313 601 1434 657 sine
1490 602 1711 657 dubita-

117 689 271 745 tione
295 688 586 743 damnatus
632 695 738 742 est.
788 686 919 755 Qua)
968 686 1232 745 Eutichen
1281 689 1708 761 Dioscorumque

113 795 246 833 cum
298 778 708 834 successoribus
754 793 942 834 eorum
1003 779 1195 850 hisque
1244 783 1717 839 communicantes

114 872 383 942 synodico
410 883 597 927 tenore
626 872 910 942 prostavit.
952 871 1044 928 Sic
1065 887 1161 931 vos
1198 888 1463 945 sequaces
1488 889 1712 946 quoque

114 975 313 1014 eorum
372 957 715 1017 Timotheum
776 958 1106 1032 Petrumque
1169 963 1331 1018 simili
1396 963 1715 1021 deﬁnitione

114 1047 286 1121 253
310 1046 524 1118 deiecit.
542 1047 774 1106 Proinde
792 1050 836 1107 si
861 1064 926 1107 ea
956 1067 1076 1123 quae
1102 1051 1156 1109 in
1181 1054 1387 1124 synodo
1414 1053 1710 1111 Chalcedo-

117 1142 277 1197 nensi
298 1157 398 1212 pro
425 1141 531 1197 ﬁde
555 1152 610 1198 et
627 1143 1010 1201 communione
1040 1146 1310 1203 catholica
1340 1147 1459 1219 lege
1491 1159 1710 1221 aposto—

112 1231 224 1287 lica
274 1230 494 1288 deﬁnita
535 1242 681 1299 sunt,
732 1247 863 1289 vere
906 1244 1164 1307 certeque
1206 1238 1512 1306 sectamini,
1568 1238 1710 1295 sicut

112 1331 303 1379 vestra
335 1322 670 1395 professione
696 1324 979 1396 multiplici
1015 1329 1351 1398 continetur,
1378 1341 1467 1385 aut
1492 1329 1710 1391 Succes-

114 1428 279 1469 sores
308 1414 375 1469 ab
398 1413 486 1469 illa
531 1415 737 1488 synodo
786 1416 1167 1474 damnatorum
1193 1420 1384 1492 hisque
1410 1423 1710 1478 communi-

115 1513 311 1561 cantes
340 1506 579 1578 abjicite,
631 1516 724 1564 aut
762 1511 809 1564 si
841 1510 974 1567 istos
1014 1513 1297 1570 admittitis
1322 1528 1385 1569 ea
1412 1530 1534 1586 quae
1559 1516 1708 1591 nulla

114 1598 333 1669 synodo
359 1612 459 1670 pro
484 1600 608 1669 ﬁde,
662 1609 719 1657 et
757 1605 1139 1660 communione
1178 1606 1444 1663 catholica
1491 1617 1548 1667 et
1583 1625 1712 1681 apo-

116 1689 313 1743 stolica
342 1699 469 1746 sunt
498 1691 772 1762 perplexa,
802 1709 913 1748 non
959 1695 1135 1750 solum
1181 1696 1320 1754 falso
1344 1713 1441 1755 vos
1471 1701 1711 1756 retinere

1807 510 2155 579 congruentis
2179 510 2496 568 orthodoxae
2518 512 2869 584 professionis
2889 516 3391 587 comnmnionisque

1807 602 1879 656 sit
1907 602 2126 659 unitas?
2157 603 2309 662 Hanc
2334 605 2475 662 sicut
2500 606 2805 665 dilectionis
2841 616 2944 664 tuae
2969 607 3163 664 littera:
3191 610 3391 665 cohor-

1809 700 2011 761 tantur,
2055 695 2192 750 meis
2218 710 2432 767 quoquc
2483 696 2815 767 temporibus
2857 697 3139 763 custodiri,
3166 712 3271 770 qua
3296 714 3391 754 va-

1806 781 1913 849 leo,
1939 798 2101 854 preee
2133 785 2366 856 deposco
2394 802 2517 858 quae
2536 802 2635 859 per
2679 794 2759 844 tet
2785 804 2958 845 annos
2987 789 3057 845 ah
3086 788 3193 845 illis
3218 788 3390 845 Patri-

1807 874 1910 931 bus
1953 875 2204 947 gloriosis
2251 877 2456 935 illibata
2502 879 2811 953 intactaque
2850 890 3066 939 servata
3112 891 3216 939 est.
3265 880 3395 940 Haec

1808 966 1955 1021 enim
1984 976 2092 1035 est,
2144 968 2287 1026 sicut
2331 969 2447 1041 ipse
2491 971 2665 1038 dicis,
2717 987 2880 1044 quam
2930 972 3073 1031 Deus
3118 982 3305 1030 noster
3326 974 3396 1029 de

1808 1057 2061 1114 onmibus
2081 1059 2218 1116 bene
2237 1059 2496 1129 futuram,
2518 1072 2572 1119 et
2593 1064 2886 1121 secundum
2908 1081 3065 1122 suam
3085 1066 3395 1133 veritatem,

1809 1158 1865 1205 et
1894 1150 2138 1229 regulam
2181 1154 2612 1223 gubernandam,
2655 1164 2712 1213 et
2751 1158 3013 1229 praescius
3042 1166 3169 1216 ante
3190 1158 3395 1215 consti-

1812 1241 1936 1308 tuit,
1960 1252 2015 1299 et
2053 1243 2282 1315 singulis
2305 1245 2613 1316 quibusque
2661 1249 2993 1319 temporibus
3028 1264 3127 1305 sua
3159 1250 3392 1321 disposi-

1812 1333 1958 1390 tione
2005 1336 2389 1393 convenienter
2437 1339 2660 1409 aptavit.
2702 1338 2830 1396 llznc
2867 1348 2953 1396 est
2988 1340 3234 1397 voluntas
3275 1341 3394 1407 Dei,

1811 1424 1966 1496 cujus
2009 1436 2063 1481 tu
2097 1426 2299 1495 ingeris
2334 1428 2661 1484 mentionem
2708 1446 2869 1500 quam
2909 1446 3016 1502 ego
3052 1446 3267 1502 quoque
3297 1447 3397 1502 pro

1813 1529 1934 1573 meo
1959 1514 2197 1580 modulo,
2228 1530 2388 1587 quem
2423 1517 2683 1573 Dominus
2710 1519 2912 1574 donare
2936 1520 3211 1591 dignetur,
3238 1520 3398 1589 cupio

1812 1621 2036 1676 prorsus
2083 1605 2328 1677 implere,
2361 1615 2419 1660 ut
2462 1624 2567 1662 non
2626 1623 2755 1665 reus
2783 1610 2848 1666 de
2889 1609 3048 1680 lmjus
3076 1609 3259 1666 talenti
3284 1625 3397 1666 cu:-

1813 1695 1965 1750 lestis
1999 1696 2352 1752 diminutione
2402 1698 2672 1767 reperiar,
2725 1700 2777 1755 in
2830 1701 2933 1756 hoc
2988 1701 3209 1764 talento,
3259 1700 3401 1757 sicut

114 1781 475 1850 perpenditis,
507 1785 602 1839 sed
627 1785 849 1856 insuper
888 1785 1217 1845 labefactare
1242 1791 1537 1855 conamini,
1568 1802 1623 1848 et
1650 1792 1705 1847 in
1733 1790 1782 1852 Β
1813 1787 1925 1856 ipse
1972 1802 2187 1857 quoque
2240 1803 2339 1842 nos
2404 1789 2660 1844 admones
2686 1829 2703 1856 ,
2757 1789 3148 1847 incrementmn
3195 1789 3400 1846 Christi

118 1871 498 1928 Entichianam
519 1874 769 1930 hzeresim
786 1876 905 1932 sine
932 1880 1319 1935 retractatione
1340 1881 1577 1938 reciditis
1604 1896 1712 1938 me-

116 1960 336 2032 ritoque
364 1977 394 2017 a
417 1963 702 2020 catholicis
725 1966 1034 2035 probamini
1064 1983 1189 2024 esse
1217 1971 1446 2037 vitandi,
1475 1973 1625 2042 quia,
1654 1982 1711 2029 ut

116 2051 287 2106 talem
315 2053 677 2123 pestilentiam
721 2065 983 2127 perpetuo
1032 2073 1319 2127 possemus
1366 2063 1621 2129 evadere,
1644 2079 1707 2120 ea

114 2159 247 2214 qua;
270 2154 462 2213 contra
492 2146 663 2216 ipsam
709 2148 778 2204 ab
826 2147 916 2203 illa
944 2151 1366 2223 congregatione
1395 2162 1709 2211 sanctorqu

114 2235 343 2291 Patrum
371 2236 664 2293 salubriter
692 2238 906 2293 decreta
934 2238 1185 2311 leguntur
1206 2241 1517 2299 nullatenus
1550 2245 1709 2300 muti-

116 2329 307 2393 landa,
344 2343 455 2385 non
500 2328 674 2384 solum
722 2329 868 2387 sedis
910 2331 1221 2400 apostolicae
1274 2333 1558 2404 praesules,
1611 2335 1706 2390 sed

115 2420 286 2474 etiam
307 2420 663 2477 Orientalium
689 2423 968 2494 regionum
994 2424 1258 2481 catholice
1279 2441 1542 2482 censuere
1572 2442 1709 2499 pon-

118 2512 324 2569 tiﬁces.
354 2513 440 2570 An
470 2514 689 2571 Petrum
717 2515 895 2571 dicitis
918 2515 1087 2572 fuisse
1110 2530 1420 2589 purgatum,
1452 2521 1537 2576 cui
1560 2536 1708 2577 eom-

116 2604 420 2660 municavit
477 2605 748 2671 Aeacius,
800 2623 985 2662 verum
1027 2610 1418 2666 assertionibus
1463 2613 1705 2669 edocete.

115 2694 238 2753 Hoc
263 2697 550 2759 ostendite.
583 2698 688 2755 hoc
716 2700 966 2770 probate.
995 2701 1203 2769 Quibus
1228 2701 1316 2758 ille
1356 2703 1549 2757 modis.
1578 2703 1709 2772 Qui-

117 2789 227 2843 bus
265 2788 355 2847 ille
381 2790 578 2863 regulis
600 2791 668 2845 ab
701 2791 1019 2847 Eutichiana
1057 2792 1221 2849 fuerit
1256 2794 1598 2864 professione
1621 2795 1706 2853 vel

116 2882 507 2940 communione
528 2884 838 2951 mundatus,
877 2894 933 2941 ut
959 2902 1082 2942 cum
1113 2886 1166 2941 id
1195 2887 1550 2944 nihilominus
1585 2889 1703 2946 evi-

116 2973 275 3029 denti
325 2989 507 3031 rerum
551 2975 807 3033 claruerit
850 2977 1313 3035 demonstratione
1359 2982 1701 3047 convictum,

1810 1876 2023 1948 postulo
2043 1877 2321 1947 consequi,
2366 1885 2420 1933 et
2464 1877 2667 1933 nullum
2696 1895 2917 1949 prorsus
2958 1880 3195 1937 incidere
3224 1880 3396 1936 detri-

1812 1978 2075 2023 mentum.
2106 1967 2243 2024 llinc
2265 1977 2349 2025 est
2373 1970 2515 2040 quod
2551 1970 2823 2040 prioribus
2849 1970 3148 2028 dilectionis
3176 1979 3280 2027 tuae
3307 1970 3397 2026 lit-

1813 2059 1959 2124 teris,
1992 2059 2132 2116 sicut
2156 2068 2243 2113 tua
2265 2074 2478 2129 quoque
2508 2062 2702 2132 pagina
2728 2061 3051 2134 designavit,
3083 2078 3182 2135 pro
3211 2073 3399 2120 vestra

1810 2150 2016 2221 sumpsi
2046 2149 2219 2205 salute
2247 2150 2542 2217 tristitiam,
2579 2151 2671 2207 ubi
2707 2152 2946 2223 comperi
2982 2154 3124 2223 quod
3153 2161 3270 2211 erat
3297 2169 3404 2210 vo-

1810 2237 1893 2296 bis
1919 2239 2162 2307 noxium,
2180 2248 2247 2321 _et
2284 2254 2423 2296 vene
2454 2239 2606 2311 pacis
2630 2242 2968 2297 contrarium
3014 2244 3217 2315 reperi.
3248 2243 3399 2302 Con-

1811 2333 2061 2388 tristatur
2096 2332 2241 2388 enim
2285 2332 2572 2405 Apostolus
2620 2333 2686 2391 de
2728 2350 2918 2391 errore
2954 2335 3308 2401 deviantinm,
3334 2342 3392 2391 et

1808 2425 2050 2481 laetitiam
2073 2425 2264 2495 recipit
2279 2426 2345 2481 de
2365 2425 2567 2480 eisdem
2593 2441 2690 2482 sua
2707 2427 3089 2497 praedicatione
3112 2424 3396 2492 correctis,

1808 2517 1853 2572 si
1880 2526 2059 2573 autem
2099 2525 2187 2571 tua
2216 2516 2476 2582 cbaritas,
2510 2524 2570 2572 ut
2612 2517 2765 2583 dixit,
2811 2519 2997 2574 nescio
3036 2533 3263 2588 quorum
3295 2531 3393 2573 ne-

1808 2608 2061 2664 cessitate
2090 2606 2502 2676 constringitur,
2540 2607 2683 2677 quod
2729 2622 2862 2678 pace
2902 2616 2990 2662 tua
3020 2607 3273 2673 dixerim,
3301 2621 3395 2663 sa-

1806 2700 1998 2757 cerdos
2044 2715 2142 2771 pro
2184 2698 2411 2755 veritate
2450 2699 2769 2768 promenda,
2806 2715 2909 2756 nec
2954 2698 3137 2775 facere
3174 2699 3398 2755 deberet

1806 2791 2027 2846 omnino
2053 2804 2160 2845 non
2188 2781 2393 2854 dicere,
2426 2789 2687 2861 ignoscite
2714 2789 2870 2846 nobis
2908 2789 3218 2845 hominibus
3249 2789 3395 2844 timi-

1807 2882 2070 2950 dissimis,
2094 2882 2140 2938 si
2172 2881 2492 2938 cobet-tante
2531 2897 2630 2937 nos
2664 2882 2908 2949 terribili,
2933 2890 2988 2938 et
3015 2881 3181 2939 divini
3205 2881 3397 2953 judicii

1805 2974 1998 3045 grandi
2031 2973 2355 3030 necessitate
2392 2972 2839 3044 constringimur,
2887 2973 3028 3029 sicut
3071 2973 3398 3044 qualescun-

114 3064 302 3135 palam
337 3076 628 3139 aperteque
651 3068 876 3139 possitis
928 3071 1234 3138 advertere,
1268 3081 1361 3128 aut
1384 3089 1481 3130 vos
1506 3075 1705 3133 debere
1740 3129 1774 3139 ,-
1806 3081 1911 3137 quc
1943 3067 2219 3121 ministros
2239 3064 2438 3121 Christi
2488 3066 2659 3128 decet,
2689 3079 2788 3121 nos
2818 3065 3028 3121 animas
3055 3074 3269 3121 nostras
3301 3079 3397 3136 po-

115 3129 321 3213 cedere
338 3129 576 3225 veritati,
599 3129 695 3215 at.
720 3161 981 3218 adversus
1009 3162 1151 3219 hanc
1171 3163 1463 3220 manifesta
1482 3165 1705 3221 tlitnica-
1730 3129 1776 3192 C
1809 3171 1939 3211 nere
1975 3170 2072 3225 pro
2103 3155 2332 3210 veritate
2364 3153 2673 3220 salvandaS.
2702 3169 2866 3225 quam
2894 3168 2988 3211 eas
3013 3152 3213 3209 lucrari
3256 3152 3394 3210 velle

119 3247 275 3304 tione
296 3247 607 3322 conﬂigere,
647 3265 752 3307 nec
800 3253 952 3309 vobis
979 3251 1355 3322 blandiamini,
1387 3254 1513 3325 quia
1543 3255 1704 3312 ﬁdem

117 3338 447 3396 catholicam
492 3341 825 3412 proﬁtemini
864 3358 962 3400 vos
1007 3354 1195 3403 tenere
1213 3347 1307 3417 qui
1335 3346 1580 3404 Euthicis
1603 3364 1706 3405 no-

117 3444 253 3487 men
279 3428 582 3500 adjuvistis,
621 3434 745 3504 quia
777 3449 841 3490 ea
866 3434 1031 3491 veluti
1073 3438 1371 3508 praedicare
1412 3440 1705 3497 videamini

116 3533 245 3588 qnze
273 3520 574 3578 orthodoxa
615 3523 928 3592 praedicavit
955 3528 1274 3599 antiquitas.
1316 3529 1528 3587 Clamat
1557 3532 1704 3587 enim

116 3608 281 3664 vobis
308 3609 394 3665 illa
416 3613 725 3685 evangelica
754 3617 1026 3674 sententia
1054 3636 1069 3673 :
1099 3636 1116 3671 ι
1137 3617 1246 3675 Aut
1268 3619 1429 3676 facite
1455 3623 1705 3680 arborem

117 3701 324 3758 bonam
372 3712 427 3759 et
465 3704 673 3765 fruetus
709 3708 829 3779 ejus
872 3709 1066 3777 bonos,
1095 3721 1192 3768 aut
1235 3711 1403 3770 facite
1451 3715 1706 3773 arberem

116 3795 346 3864 malam,
377 3804 432 3852 et
473 3796 683 3857 fruetus
720 3800 836 3872 ejus
874 3802 1045 3858 malos
1079 3802 1294 3873 (Matth.
1328 3820 1427 3871 xu,
1457 3804 1569 3877 53).
1610 3824 1630 3860 ι
1660 3807 1706 3860 Α

116 3883 387 3943 fructibus
407 3887 553 3942 enim
587 3889 749 3946 arbor
786 3892 1152 3961 cognoscitur,
1188 3893 1242 3949 id
1262 3903 1371 3959 est,
1397 3894 1444 3952 si
1476 3910 1627 3961 voce,
1658 3895 1706 3951 si

115 3977 251 4043 title,
278 3977 324 4034 si
364 3978 698 4050 professione
736 3982 1002 4039 catholica
1042 3991 1098 4040 et
1142 3984 1437 4056 apostolica
1479 3986 1709 4043 ﬁdeliter

119 4072 500 4143 veraciterque
551 4076 856 4148 gloriamini
932 4078 1093 4151 hujus
1155 4088 1210 4136 et
1264 4082 1705 4141 communionem

119 4164 368 4233 recipite.
393 4164 450 4221 Si
492 4182 621 4225 vero
656 4166 1033 4226 haereticorum
1061 4171 1267 4228 scilicet
1294 4173 1705 4230 damnatorum-

115 4270 231 4326 qne
258 4254 340 4312 vel
369 4256 453 4313 his
495 4267 590 4314 aut
616 4260 1025 4317 successoribus
1065 4277 1254 4318 eorum
1296 4266 1708 4322 communican-
1740 4325 1752 4339 ο

118 4348 262 4402 tium
288 4350 598 4407 communio
632 4352 785 4407 vobis
817 4352 1012 4423 placet.
1042 4352 1181 4423 Quid
1208 4356 1403 4413 statis?
1431 4357 1570 4426 Quid
1598 4359 1705 4416 cir-

114 4439 461 4509 cumspicitis
522 4440 684 4496 simul
730 4451 785 4498 et
831 4457 1019 4499 eorum
1074 4454 1259 4515 aperte
1312 4448 1706 4521 manifestaque

117 4531 350 4597 remotis
390 4531 685 4590 obstaculis
718 4533 1229 4606 dogmadefendite.
1264 4536 1407 4604 Quid
1434 4540 1578 4596 enim
1605 4539 1699 4609 ju-

116 4622 251 4676 vat?
277 4620 391 4678 lmo
416 4630 469 4678 et
496 4622 630 4679 satis
655 4634 843 4693 gravat
878 4623 1039 4680 dictis
1087 4624 1350 4696 polliceri,
1375 4630 1518 4698 quod
1545 4628 1705 4687 factis

118 4721 357 4784 negatur
379 4722 437 4769 ut
454 4729 562 4769 non
589 4713 762 4769 solum
787 4714 898 4784 ipsa
919 4729 1016 4786 per
1036 4730 1097 4773 se
1119 4716 1340 4774 haeresis
1360 4719 1702 4788 Eutichiana,

117 4820 290 4879 quam
342 4805 415 4861 sit
466 4803 677 4861 funesta
726 4804 1038 4862 Christiano
1096 4821 1438 4867 sacramento
1483 4812 1707 4881 possitis

120 4910 447 4966 agnoscere,
496 4896 589 4952 sed
626 4904 827 4965 quanta
877 4906 933 4953 ει
966 4912 1128 4968 quam
1166 4900 1352 4969 gravia
1397 4901 1620 4957 haeresis
1649 4903 1705 4958 in

116 4985 209 5041 sui
258 4985 573 5046 deﬁnitione
601 4987 899 5042 contineat.
945 4987 1083 5045 Ecce
1110 4987 1178 5043 ad
1212 5004 1332 5061 qua:
1378 5005 1479 5047 nos
1514 4993 1706 5064 praeci-

119 5077 260 5149 pitia
286 5077 723 5135 condescendere
749 5079 1075 5151 provocatis,
1094 5089 1257 5151 atque
1286 5097 1386 5138 nos
1408 5082 1531 5139 vita:
1551 5092 1706 5140 acter-

119 5184 211 5225 nae
239 5170 477 5240 pericula
505 5170 700 5241 cupitis
726 5171 1008 5237 inclinare,
1048 5172 1153 5230 hoc
1182 5174 1447 5231 descensu
1492 5174 1705 5232 salvare

118 5271 213 5318 est
242 5272 618 5334 raegrotantem,
668 5280 738 5322 an
782 5280 905 5321 cum
950 5265 1241 5339 languente
1277 5268 1706 5325 consumiillaac

120 5352 229 5411 erit
256 5354 457 5423 optima
484 5355 765 5428 dispositio
789 5356 879 5413 illa
901 5372 1061 5426 quam
1094 5373 1365 5415 memoras
1395 5359 1707 5429 reparandas

123 5442 453 5500 concordiae.
479 5444 564 5499 An
606 5444 693 5503 illa
734 5445 933 5516 potius,
966 5453 1025 5501 ut
1053 5446 1267 5517 rejectis
1295 5448 1559 5519 contagiis
1584 5446 1709 5519 per-

128 5535 360 5589 lidorum
403 5535 612 5609 integra
667 5539 770 5593 ﬁde
824 5539 1031 5595 sincera
1080 5539 1163 5595 sui
1207 5542 1587 5597 communione
1611 5556 1707 5612 po-

130 5623 297 5678 tiatur
320 5628 627 5683 communio
671 5628 939 5685 catholica
983 5637 1144 5700 atque
1172 5629 1466 5698 apostolica
1490 5630 1707 5686 hmreti-

128 5733 320 5782 eorum
348 5719 468 5777 tabe
491 5720 733 5798 depulsa,
768 5723 1146 5780 intemeratum
1188 5737 1298 5779 sua:
1342 5721 1465 5780 ﬁdei
1499 5720 1709 5781 confes-

1807 3248 2057 3305 veritatis
2086 3246 2443 3302 diminutione
2482 3245 2808 3317 perdendas,
2849 3253 2910 3299 ut
2948 3261 3055 3301 non
3094 3242 3271 3300 dicam
3299 3259 3396 3300 cu-

1800 3338 2022 3411 juslibet
2051 3346 2240 3395 contra
2292 3335 2451 3392 ﬁdem
2497 3335 2666 3392 libitis
2703 3334 3060 3392 abdicandas.
3101 3334 3223 3391 istan
3259 3333 3397 3390 mihi

1806 3440 2085 3502 suutquas
2120 3429 2339 3486 dilectio
2385 3437 2476 3486 tua
2506 3428 2854 3485 commendat
2888 3436 3054 3485 cerne
3096 3425 3223 3483 ﬁdei
3262 3441 3389 3497 per-

1806 3528 1984 3593 petuae
2012 3537 2134 3577 cum
2160 3535 2226 3577 eo
2252 3520 2563 3590 quicunque
2586 3517 2757 3573 voluit
2781 3518 2837 3573 in
2858 3517 3061 3574 Christi
3093 3516 3396 3573 visceribus

1807 3613 2074 3670 amicitim.
2100 3611 2201 3668 llic
2242 3628 2347 3668 non
2375 3620 2488 3668 tam
2512 3619 2761 3682 optamus
2788 3609 3027 3682 prmponi
3073 3609 3212 3673 aliis,
3247 3597 3392 3665 sicut

1806 3705 2077 3777 praedicis,
2094 3720 2256 3775 quam
2281 3718 2407 3760 cum
2426 3702 2675 3760 ﬁdelibus
2695 3703 2904 3761 cunctis
2929 3711 3175 3760 sanctum
3206 3709 3263 3759 et
3284 3702 3395 3758 Deo

1807 3799 2062 3870 placitum
2088 3797 2287 3854 habere
2312 3797 2663 3853 consortium.

1878 3892 2005 3948 llaec
2036 3891 2191 3959 mihi,
2220 3906 2382 3963 quam
2434 3891 2654 3947 mandat
2681 3890 2899 3947 dilectio
2922 3899 3035 3955 tua,
3059 3905 3165 3961 pax
3197 3889 3390 3946 solida.

1808 3985 2122 4043 lnconvulsa
2160 3995 2223 4043 ,ει
2277 3983 2530 4055 perennis
2575 3983 2679 4039 hoc
2718 3998 2883 4038 unum
2934 3981 3229 4048 vinculum,
3254 3980 3400 4037 sicut

1807 4078 1972 4134 etiam
1991 4076 2107 4147 ipse
2129 4074 2405 4131 desideras
2429 4073 2686 4138 salutare,
2711 4087 2817 4143 quo
2839 4080 3034 4128 cuncta
3058 4069 3199 4126 uniri
3222 4071 3394 4141 possit
3452 4074 3457 4075 ⁷

1810 4166 2072 4223 Ecclesia.
2130 4165 2245 4221 Hoc
2283 4165 2477 4234 quibus
2526 4171 2610 4219 est
2659 4161 2949 4229 creditum,
2994 4162 3136 4217 sicut
3187 4168 3244 4217 et
3277 4160 3396 4231 ipse

1810 4256 2141 4326 deprecaris,
2180 4253 2444 4326 protectio
2484 4251 2665 4306 divina
2699 4250 2965 4321 perﬁciat.
3008 4250 3134 4307 Haec
3156 4258 3241 4306 est
3270 4263 3392 4320 quas

1816 4365 1834 4399 c
1866 4346 2007 4403 Deus
2029 4355 2113 4401 est
2139 4344 2376 4402 Charitas
2399 4341 2451 4413 (Ι
2475 4340 2637 4397 Joan.
2671 4357 2746 4407 tv,
2770 4342 2847 4412 8),
2884 4362 2902 4395 ι
2930 4358 3034 4412 qua
3062 4341 3242 4412 poscis
3271 4358 3291 4393 ι
3324 4339 3393 4397 de

1810 4438 1975 4495 corde
2003 4452 2138 4508 puro
2184 4444 2241 4493 et
2284 4433 2619 4491 conscientia
2662 4432 2823 4509 bona,
2861 4442 2918 4491 et
2965 4432 3071 4488 ﬁde
3114 4447 3221 4488 non
3259 4429 3388 4487 ﬁcta

1733 4499 1788 4561 Β
1810 4530 1863 4600 (1
1889 4499 2026 4584 Tim:
2057 4545 2098 4593 ι,
2138 4528 2215 4600 5).
2244 4547 2264 4580 ι
2309 4525 2588 4594 Quomodo
2632 4502 2763 4597 ergo
2810 4499 2877 4581 de
2930 4524 3097 4581 corde
3141 4537 3309 4592 puro,
3346 4521 3393 4577 si

1812 4622 2190 4679 haereticorum
2240 4617 2404 4675 fuerit
2440 4608 2788 4690 participatio
2837 4615 3081 4687 polluta?
3112 4613 3394 4683 Quomodo

1810 4710 2141 4770 conscientia
2169 4709 2332 4774 bona,
2365 4707 2409 4763 si
2452 4707 2714 4762 malorum
2741 4704 2910 4761 fuerit
2930 4702 3247 4760 confusione
3272 4717 3395 4772 per-

1812 4804 2007 4860 mista?
2034 4801 2313 4870 Quomodo
2360 4798 2462 4856 ﬁde
2489 4813 2594 4854 non
2628 4798 2773 4865 ﬁcta,
2799 4796 2843 4853 si
2871 4795 3036 4851 fuerit
3074 4794 3231 4849 mista
3270 4807 3393 4848 eum

1810 4896 2223 4968 perﬁdis?Quae
2259 4910 2305 4951 st
2343 4893 2628 4965 prudentia
2679 4900 2792 4959 tua,
2824 4892 2967 4948 sicut
2994 4889 3161 4946 Demn
3200 4888 3395 4959 praedi-

1809 5005 2018 5056 camus,
2057 4988 2344 5059 diligenter
2394 4986 2644 5042 advertat
2678 5025 2692 5047 ,
2736 4982 2995 5054 perspicit
3041 4978 3392 5051 apostolicam

1808 5082 1991 5138 sedem
2012 5094 2118 5135 non
2156 5079 2558 5147 vitarepacem,
2586 5075 2680 5131 sed
2704 5072 3078 5130 luereticorum
3111 5070 3394 5124 damnato-

1813 5187 2039 5243 rumque
2068 5172 2240 5226 vitare
2263 5168 2509 5239 vestigia.
2537 5166 2667 5235 Quae
2686 5166 2851 5222 etiam
2887 5178 2979 5220 vos
3002 5156 3396 5219 rationabiliter

1815 5264 2085 5320 intuentes
2124 5260 2346 5317 creditis
2374 5257 2802 5329 componendum
2843 5253 3097 5326 populum
3126 5250 3394 5311 Constan-

1816 5353 2246 5424 tinopolitanum,
2291 5367 2397 5406 non
2451 5348 2767 5421 permittere
2814 5346 3118 5403 submoveri
3172 5342 3391 5399 nomine

1815 5446 2162 5519 perﬁdorum.
2203 5442 2461 5512 Quisnam
2489 5441 2667 5499 hocin
2691 5440 2932 5498 Ecclesia
2956 5438 3073 5504 Dei,
3097 5452 3278 5507 quaeso
3314 5444 3389 5499 te,

1809 5540 1979 5611 possit
2003 5539 2210 5604 audire,
2234 5553 2356 5593 cum
2394 5540 2581 5608 utique
2628 5546 2904 5608 pastorem
2939 5532 3092 5603 sequi
3136 5545 3267 5603 grex
3298 5529 3390 5584 de-

1810 5632 1935 5687 beat
1956 5631 2021 5686 ad
2049 5644 2247 5700 pascua
2288 5629 2546 5687 salutaria
2576 5637 2944 5694 revocantem,
2973 5642 3076 5681 non
3105 5640 3200 5695 per
3230 5621 3387 5677 devia

1814 5737 2027 5796 gregem
2084 5728 2268 5792 pastor
2307 5730 2599 5777 errantem.
2657 5720 2751 5777 Dic
2784 5719 2934 5786 mihi,
2970 5734 3097 5791 rogo
3133 5726 3202 5781 te,
3236 5732 3386 5805 grex,
