3974 6432
1476 349 1759 406 APPEND.
1795 348 1885 404 AD
1912 346 2085 404 SEC.
2121 343 2214 401 IX.

2355 342 2607 401 ISIDORI
2643 340 3085 401 MERCATORIS
3158 340 3161 349 ’
3780 346 3865 405 988

643 488 745 542 pro
780 479 855 538 to,
903 485 971 524 an
1022 475 1074 524 te
1121 483 1218 539 pro
1250 481 1412 540 grege
1466 467 1774 525 redditurus
1812 482 1871 522 es
1916 461 2213 545 rationem?
2243 463 2290 522 Α
2319 460 2460 517 dure.
2511 463 2591 517 Ad
2643 462 2901 518 Galathas
2953 459 3183 532 epistola
3226 474 3351 514 una.
3402 460 3483 517 Ad
3528 460 3868 532 Philippense:

641 564 821 624 Certe,
845 560 889 616 si
914 561 1064 617 vobis
1095 561 1198 616 hoc
1227 559 1427 631 placet,
1471 559 1645 615 multo
1673 558 1847 628 magis
1872 572 2035 639 causa
2060 555 2217 612 nobis
2316 554 2540 624 epistola
2569 571 2695 610 una.
2720 555 2802 610 Ad
2831 554 3176 611 Timotheum
3220 553 3464 624 epistola:
3512 556 3657 609 «him.
3703 556 3776 611 Ad
3799 556 3863 612 Ti-

642 662 726 707 est
752 651 973 723 justior,
1019 650 1109 721 qui
1152 650 1404 721 populum
1444 648 1747 704 Romanum
1789 664 1819 704 a
1849 646 1953 703 fide
1994 647 2085 702 illa
2120 662 2215 702 sua

643 741 918 806 laudabili,
940 740 1204 811 majorum
1242 740 1531 796 traditione
1553 748 1805 811 percepta
1829 738 2098 794 declinare
2122 753 2219 793 nos

630 833 858 907 penitus
902 848 1006 886 nun
1049 832 1314 887 sinentem
1370 829 1603 887 libenter
1648 830 1983 893 audivimus,
2033 829 2077 884 si
2124 844 2220 884 vos

641 921 1292 993 Constantinopolitanam
1340 920 1548 991 plebem
1589 920 1657 975 ab
1696 919 1948 975 lueretica
1978 933 2221 973 commu-

641 1013 804 1068 nione
831 1011 1111 1068 discedere
1133 1052 1148 1076 ,
1201 1020 1541 1067 recusantem
1580 1027 1685 1066 nun
1730 1010 1895 1065 vultis
1921 1008 2216 1075 oti’endere,

642 1103 736 1159 scd
764 1118 861 1158 nos
886 1103 1064 1159 dicitis
1112 1101 1310 1159 debere
1343 1102 1578 1173 dirigere
1607 1102 1698 1173 qui
1728 1117 1848 1157 eam
1874 1101 2090 1156 valeant
2118 1100 2222 1154 mi-

646 1193 834 1264 tigare.
858 1190 1134 1259 Quomodo
1170 1206 1256 1247 me
1286 1192 1532 1246 auditura
1568 1199 1650 1247 est
1690 1207 1848 1260 quem
1881 1191 2094 1251 videtur
2128 1191 2220 1244 ha-

643 1284 774 1339 bere
803 1292 1134 1353 suspectum,
1164 1281 1208 1339 si
1240 1282 1498 1353 przesules
1520 1298 1648 1338 suos
1676 1282 1905 1352 despicit
1928 1283 2223 1338 admonen-

643 1381 751 1439 tes,
772 1387 950 1428 nonne
976 1372 1105 1445 ipsis
1135 1372 1392 1447 apostolis
1418 1380 1500 1428 est
1530 1382 1853 1442 praeceptum
1879 1372 1930 1427 in
1950 1372 2223 1444 aliquibus

643 1464 955 1534 regionibus
996 1465 1147 1520 verbi
1194 1464 1578 1535 pnedicatione
1624 1478 1728 1531 non
1764 1464 1878 1519 uti?
1908 1464 1970 1519 lIi
1997 1463 2218 1534 quippe,

643 1555 845 1627 Inquis,
875 1572 980 1612 non
1005 1556 1216 1611 fuerant
1235 1555 1511 1623 audiendi,
1535 1556 1834 1622 veniemus,
1861 1556 2031 1612 frater
2055 1555 2224 1611 Enni-

645 1643 778 1707 Ilmi,
821 1646 937 1701 sine
965 1645 1298 1701 dubitatione
1333 1646 1607 1701 veniemus
1656 1647 1724 1700 ad
1763 1645 1890 1701 illud
1920 1647 2220 1716 pavendum

642 1735 878 1791 tribunal
895 1735 1119 1803 Christi,
1152 1746 1210 1792 ut
1234 1746 1441 1793 taceam
1465 1737 1588 1806 quia
1617 1753 1681 1793 ex
1704 1737 1805 1794 hoc
1834 1739 1905 1792 sit
1935 1740 2218 1795 metuenda

2318 657 2430 702 tum
2455 646 2683 716 epistola
2711 662 2838 702 una.
2874 646 2955 701 Ad
2998 646 3368 702 Philemonem
3400 647 3634 716 epistola
3666 664 3784 701 una.
3806 650 3866 705 At!

2319 737 2573 793 Ilebrteos
2611 738 2839 808 epistola
2884 754 3012 793 una.
3071 739 3229 803 Item,
3272 737 3629 810 Apocalypsis
3673 737 3864 797 Joannis

2318 822 2457 878 liber
2478 838 2633 879 unus.
2684 823 2840 888 Item,
2886 824 3163 878 canonicze
3219 823 3483 893 epistolae,
3528 840 3756 880 numero
3776 841 3864 890 vn;

2318 913 2464 969 Petri
2493 913 2721 983 apostoli
2744 913 2984 983 epistola:
3011 913 3151 968 dum.
3195 912 3379 969 Jacobi
3420 914 3658 984 apostoli
3679 916 3866 985 epistola

2321 1017 2446 1057 una.
2497 1000 2721 1059 Joannis
2766 1002 2998 1073 apostoli
3049 1002 3297 1074 epistolae
3343 1011 3478 1059 tres.
3521 1002 3678 1059 Juda:
3704 1002 3869 1062 Zelotis

2321 1093 2547 1163 apostoli
2577 1092 2804 1163 epistola
2839 1110 2965 1148 una.

2320 1208 2590 1284 Incipiunt
2637 1212 2844 1284 decreto
2893 1211 3093 1269 Gelasii
3133 1231 3301 1284 pupis.
3338 1214 3618 1284 Decretum
3646 1234 3757 1270 cum
3788 1233 3866 1272 ut

2460 1280 2712 1350 episcopis
2742 1282 2976 1337 habitum
3010 1285 3075 1337 de
3108 1280 3417 1355 apocryphis
3453 1283 3760 1354 Scripturis.

2388 1371 2520 1428 Post
2568 1373 2935 1443 propheticas,
2996 1374 3333 1444 evangciicas
3374 1385 3539 1445 atque
3588 1379 3867 1446 apostolica

2321 1459 2656 1530 Scripturas,
2700 1463 2896 1533 quibus
2928 1462 3170 1519 Ecclesia
3220 1463 3486 1520 catholica
3536 1481 3640 1536 per
3683 1467 3866 1538 gratim

2319 1552 2413 1607 Dei
2447 1553 2668 1608 fundata
2716 1562 2816 1617 est,
2858 1552 2989 1609 illud
3035 1554 3200 1609 etiam
3239 1554 3606 1610 intimandum
3642 1565 3863 1626 putamus,

2319 1643 2460 1715 quod
2487 1644 2735 1714 quamvis
2774 1645 3039 1699 universa:
3062 1660 3158 1713 per
3186 1643 3370 1699 orbem
3403 1644 3693 1701 catholica:
3724 1645 3865 1701 Eccle-

2320 1735 2413 1789 sia:
2441 1751 2580 1790 unus
2612 1735 2873 1791 thalamus
2912 1735 3111 1791 Christi
3170 1736 3261 1790 sit.
3307 1735 3510 1792 Sancta
3568 1748 3739 1791 tamen
3778 1738 3855 1790 llo-

643 1825 896 1890 vindicta,
930 1835 985 1882 et
1013 1827 1490 1884 circumstantibus
1520 1828 1623 1883 illis
1662 1845 1692 1884 a
1726 1829 1920 1899 quibus
1953 1829 2083 1885 fides
2107 1830 2222 1900 ipsa
2258 1807 2299 1868 8
2326 1839 2507 1887 mana.
2532 1823 2797 1879 catholica
2820 1833 2873 1880 et
2895 1826 3188 1895 aposmlica
3223 1826 3464 1882 Ecclesia
3499 1827 3667 1883 nullis
3694 1828 3862 1900 synodi-

642 1915 863 1973 defensa
884 1927 987 1975 est.
1020 1918 1139 1977 Non
1187 1920 1297 1977 illic
1344 1920 1787 1988 inliciationihus,
1816 1938 1921 1977 non
1950 1922 2225 1977 dilationi-

640 2006 763 2071 bus,
797 2022 905 2063 non
962 2009 1349 2066 inclusionibus
1396 2020 1481 2067 est
1520 2010 1806 2083 agendum,
1839 2011 1932 2066 sed
1970 2010 2225 2066 manifes—

643 2096 852 2154 tissime
880 2101 1364 2170 comprobandum,
1397 2111 1578 2157 utrtnu
1622 2102 1763 2157 beati
1800 2101 1942 2157 Petri
1993 2101 2222 2172 gloriosa

643 2186 916 2246 confessio
955 2190 1209 2260 cuiquam
1259 2206 1448 2246 eorum
1495 2208 1630 2261 quos
1676 2192 1940 2262 regendos
1992 2192 2219 2259 accepit,

644 2276 939 2348 quidquam
959 2279 1288 2337 subtraxerit
1310 2281 1377 2335 ad
1400 2280 1649 2337 salutem.
1684 2284 1767 2336 An
1804 2296 1925 2336 eam
1949 2281 2224 2336 occultare

642 2367 832 2433 nollet,
884 2370 1048 2426 etiam
1088 2386 1209 2427 cum
1257 2387 1356 2426 suo
1394 2372 1634 2443 periculo
1676 2371 1891 2427 rebellis
1952 2371 2226 2428 exstiterit

642 2456 911 2513 obstinata
960 2461 1248 2530 pernicies.
1282 2461 1359 2516 lbi
1415 2471 1563 2518 certe
1618 2462 2005 2518 dilucidabitur
2041 2472 2221 2519 utrum

624 2536 775 2620 ego,
800 2550 942 2605 sicut
978 2553 1204 2621 putatis,
1242 2553 1492 2619 acerbus,
1531 2569 1710 2622 asper,
1749 2564 1805 2608 et
1854 2554 2014 2610 nimis
2057 2553 2225 2610 durus

645 2638 984 2711 difﬁcilisque
1023 2643 1128 2698 sim
1176 2644 1325 2700 vobis
1348 2644 1439 2713 qui
1471 2660 1592 2699 cum
1627 2644 1833 2700 ratione
1862 2655 2099 2700 vestram
2138 2660 2226 2701 sa-

646 2728 811 2784 lutem
836 2732 1098 2799 parturio,
1122 2734 1215 2807 qui
1245 2733 1420 2789 clamo
1457 2735 1649 2802 etiam,
1674 2735 1734 2790 .si
1769 2744 2047 2792 austerum
2073 2736 2223 2792 vide-

643 2826 738 2875 tur
765 2820 1091 2888 antidotum,
1132 2823 1382 2894 accipite,
1416 2840 1622 2896 quaeso,
1654 2825 1851 2890 bibite,
1880 2827 2068 2890 vivite,
2094 2828 2221 2884 nolo

646 2910 976 2967 moriamini.
1018 2913 1101 2971 An
1136 2928 1233 2970 vos
1261 2916 1351 2986 qui
1398 2933 1428 2971 a
1479 2918 1657 2973 noxiis
1688 2918 1945 2987 prohibiti
1983 2919 2223 2978 medicos
2268 2897 2276 2914 ’

644 2998 843 3056 ducitis
868 3003 1253 3072 exsecrandos,
1292 3005 1402 3062 imo
1429 3007 1521 3080 qui
1555 3006 1717 3063 vultis
1753 3007 2030 3064 vobiscum
2056 3010 2224 3066 medi-

644 3101 740 3143 cos
758 3098 1023 3158 aegrotare
1054 3106 1217 3166 quam
1248 3109 1343 3149 vos
1393 3095 1632 3167 recipere
1676 3096 1986 3152 sanitatem.
2030 3098 2097 3155 Et
2117 3099 2220 3154 alia

645 3192 828 3234 manu.
880 3179 1139 3238 Dominus
1173 3191 1225 3240 te
1255 3184 1580 3243 incolumem
1614 3188 1903 3246 custodiat.

644 3287 791 3369 Ordo
842 3290 1041 3348 Veteris
1089 3293 1425 3369 Testamenti,
1465 3314 1618 3369 quem
1642 3308 1849 3369 sancta
1891 3309 1939 3353 et
1965 3299 2224 3355 catholica

714 3359 953 3442 ζζοῃιαῃα
980 3366 1193 3434 suscipit
1234 3376 1281 3421 et
1321 3359 1594 3442 veneratur
1634 3367 1890 3442 Ecclesia,
1922 3371 2153 3442 digestus
2191 3388 2225 3424 a

715 3427 927 3487 Gelasio
960 3427 1129 3505 papa,
1148 3452 1265 3490 cum
1295 3451 1397 3492 Lxx
1420 3438 1693 3509 episcopis.

712 3543 939 3601 Genesis
967 3545 1102 3601 liber
1130 3564 1286 3605 unus.
1324 3550 1492 3606 Exodi
1538 3550 1674 3607 liber
1697 3567 1855 3608 unus.
1895 3552 2121 3609 Levitici
2161 3554 2226 3610 li-

640 3633 740 3691 ber
782 3652 940 3693 unus.
994 3638 1213 3696 Numeri
1262 3640 1399 3698 liber
1434 3661 1590 3700 unus.
1646 3645 2046 3705 Deuteronomii
2088 3648 2227 3705 liber

641 3741 806 3781 unus.
835 3726 963 3785 Jesu
1006 3729 1153 3787 Nave
1190 3732 1327 3788 liber
1376 3750 1536 3790 unus.
1578 3736 1824 3794 Judicum
1876 3740 2013 3796 lilzer
2063 3759 2222 3798 unus.

618 3814 794 3872 .Buth
846 3818 983 3876 liber
1014 3837 1171 3879 unus.
1223 3823 1532 3895 Regnorum
1580 3829 1717 3884 liber
1754 3848 1912 3889 unus.
1945 3832 2229 3906 Paralipo-

644 3922 843 3965 menon
873 3911 996 3967 libri
1026 3913 1150 3968 dtto.
1184 3914 1523 3971 Psalmorum
1545 3934 1608 3974 CL
1635 3919 1772 3975 liber
1796 3937 1955 3977 unus.
1981 3922 2227 3983 Salomo—

646 3998 732 4055 nis
774 4000 897 4056 libri
941 4017 1022 4057 Ill.
1074 4002 1512 4071 Proverhiorum,
1542 4009 1894 4068 Ecclesiastes
1918 4021 1974 4068 et
1999 4013 2226 4072 Cantica

648 4089 1004 4146 canticorum.
1035 4092 1188 4158 Item,
1217 4090 1509 4166 Sapientiae
1536 4098 1671 4153 liber
1701 4117 1855 4157 unus.
1887 4102 2228 4160 Ecelesiasti-

645 4190 742 4231 cus
770 4176 906 4233 liber
932 4195 1089 4237 unus.
1133 4182 1285 4251 Item,
1318 4184 1450 4241 ordo
1474 4190 1878 4256 prophetarum.
1909 4192 2059 4248 Isaia:
2090 4193 2227 4250 liber

646 4282 804 4323 unus.
828 4269 1081 4329 Jeremize
1110 4275 1246 4332 liber
1264 4294 1419 4333 unus.
1453 4279 1676 4344 Emoch,
1712 4280 1763 4335 id
1798 4292 1900 4343 est.
1926 4285 1992 4339 de
2022 4284 2227 4341 lamen-

647 4358 945 4417 tationibus
977 4362 1109 4419 suis.
1144 4364 1442 4422 Ezechielis
1470 4367 1609 4424 liber
1630 4385 1787 4426 unns.
1823 4370 2059 4428 Danielis
2090 4374 2228 4430 liber

643 4465 803 4508 unus.
827 4450 967 4509 Osee
1012 4454 1148 4511 liber
1189 4473 1347 4514 unus.
1399 4461 1566 4516 Amos
1616 4461 1755 4518 liber
1794 4479 1954 4519 unus.
1986 4464 2224 4523 Michtea:

638 4538 778 4596 liber
802 4557 960 4599 unus.
988 4543 1102 4601 Joel
1144 4546 1284 4602 liber
1317 4565 1473 4604 unus.
1498 4551 1684 4607 Abdize
1714 4552 1849 4607 liber
1874 4570 2029 4610 unus.
2068 4555 2220 4613 J0me

639 4630 778 4687 liber
806 4649 967 4689 unus.
999 4635 1209 4693 Nahum
1255 4639 1388 4695 liher
1417 4657 1574 4696 uutts.
1610 4641 1862 4700 Ilabacue
1893 4644 2031 4701 liber
2058 4664 2216 4705 unus.

640 4721 929 4794 Sophonite
955 4726 1095 4784 liber
1117 4746 1273 4786 unus.
1334 4732 1511 4803 Aggaai
1553 4731 1688 4787 liber
1733 4751 1889 4791 uitus.
1943 4736 2219 4795 Zachariae

640 4812 777 4869 liber
805 4831 963 4873 unus.
998 4817 1275 4875 Malachize
1310 4821 1444 4875 liber
1471 4837 1629 4877 unus.
1676 4823 1833 4891 Item,
1878 4829 2011 4883 ordo
2053 4829 2221 4883 histo-

643 4903 871 4960 riarum.
918 4906 1022 4964 Job
1072 4910 1212 4966 liber
1261 4927 1419 4967 unus.
1470 4912 1653 4969 Tobiae
1689 4915 2008 4973 liherunus.
2049 4920 2219 4978 Esdra

639 4991 779 5049 liber
801 5011 961 5054 unus.
990 4999 1188 5057 Esther
1213 5002 1350 5059 liber
1379 5022 1535 5061 unus.
1559 5005 1898 5065 Judithliber
1919 5028 2079 5068 unus.
2107 5013 2219 5067 Ma-

638 5082 983 5172 cbabzeorum
1037 5088 1173 5148 liber
1213 5110 1371 5150 unus.
1423 5096 1585 5161 Item,
1636 5101 1770 5155 ordo
1814 5097 2216 5172 Scripturarum

641 5170 778 5230 Novi
808 5184 865 5231 et
911 5181 1096 5235 aeterni
1143 5182 1498 5241 Testamenti.
1544 5170 1957 5260 Evangeliorutn
1990 5192 2111 5248 libri
2142 5210 2216 5251 tv.

640 5263 951 5324 Secundum
972 5270 1280 5329 Mattbmum
1306 5277 1440 5333 liber
1460 5295 1622 5345 unus,
1648 5281 1942 5338 secundum
1965 5282 2216 5342 Marcum

640 5353 779 5410 liber
811 5371 971 5423 unus,
994 5361 1287 5417 secundum
1326 5363 1523 5421 Lucam
1552 5367 1689 5424 liber
1721 5384 1879 5435 unus,
1911 5373 2210 5430 secundum

638 5442 900 5505 Joannem
954 5448 1089 5505 liber
1136 5467 1296 5510 unus.
1353 5456 1583 5514 Ac'tuum
1649 5462 2018 5532 apostolorum
2079 5463 2219 5521 liber

575 5529 588 5536 ’
638 5555 799 5598 unus.
831 5541 1083 5615 Epistula:
1122 5544 1271 5602 Pauli
1317 5550 1565 5618 apostoli,
1604 5529 1832 5611 nuinero
1862 5571 1974 5613 xtv.
2001 5556 2084 5610 Ad
2111 5557 2220 5612 Ito—

641 5647 832 5690 manus
852 5636 1080 5707 epistola
1108 5652 1237 5693 una.
1271 5639 1351 5695 Ad
1377 5641 1685 5704 Corinthios
1709 5648 1949 5718 epistola:
1972 5650 2111 5705 duae.
2138 5651 2218 5706 Ad

641 5724 902 5796 Ephesios
928 5732 1153 5802 epistola
1177 5748 1303 5789 una.
1332 5734 1410 5790 Ad
1442 5736 1954 5800 Thessalonicenses
1975 5742 2219 5814 epistola:

2323 1913 2403 1968 eis
2451 1913 2761 1969 constitutis
2799 1914 3010 1969 caeteris
3066 1912 3323 1969 Ecclesiis
3372 1915 3602 1985 prastata
3646 1925 3741 1972 est.
3785 1917 3859 1971 Sed

2325 2001 2633 2069 evangelica
2672 2017 2804 2057 voce
2843 2000 3053 2056 Domini
3092 2010 3148 2057 et
3177 2002 3475 2059 Salvatoris
3509 2006 3682 2059 nostri
3709 2006 3861 2074 prinuo

2324 2107 2436 2150 tum
2477 2094 2746 2150 obtinuit:
2784 2114 2802 2146 ι
2842 2092 2919 2148 Tu
2950 2110 3010 2149 es
3053 2092 3264 2161 Petrus,
3315 2096 3599 2166 inquiens,
3647 2104 3698 2151 et
3736 2112 3854 2166 super

2327 2186 2466 2241 hanc
2495 2195 2702 2256 petram
2742 2186 3019 2241 :edilicaho
3066 2186 3363 2265 Ecclesium
3412 2204 3624 2252 meam,
3648 2198 3700 2245 et
3730 2200 3857 2258 porta

2324 2278 2481 2335 inferi
2520 2296 2624 2335 non
2657 2278 3023 2349 przevalebunt
3055 2266 3317 2335 adversus
3344 2294 3491 2345 eam,
3523 2288 3582 2334 ct
3631 2281 3722 2335 tibi
3755 2280 3857 2334 dabo

2325 2369 2504 2425 claves
2534 2371 2681 2443 regni
2714 2370 2997 2434 caelorum,
3029 2378 3083 2425 et
3106 2384 3441 2440 qumcunque
3472 2370 3726 2442 ligaveris
3743 2384 3861 2439 super

2324 2466 2547 2526 terram,
2577 2470 2734 2515 erunt
2761 2460 2923 2531 ligata
2971 2470 3027 2517 et
3074 2460 3125 2515 in
3158 2459 3297 2516 coelo
3318 2477 3334 2527 ;
3356 2474 3412 2515 et
3437 2476 3763 2531 quaecunque
3785 2460 3859 2515 sol-

2323 2554 2467 2609 veris
2511 2568 2672 2623 super
2699 2563 2921 2620 terram,
2947 2562 3109 2609 erunt
3141 2553 3316 2610 soluta
3343 2561 3398 2609 et
3434 2554 3487 2608 in
3526 2554 3667 2610 coelo
3688 2552 3855 2621 (Matth.

2322 2660 2434 2709 svi,
2468 2644 2555 2708 IR,
2580 2644 2688 2711 I9).
2725 2664 2743 2697 ι
2777 2644 2873 2700 Cui
2902 2645 3028 2699 data
3052 2652 3135 2700 est
3155 2644 3320 2700 etiam
3344 2644 3587 2701 societas
3609 2642 3854 2699 beatissimi

2324 2733 2472 2787 Pauli
2503 2734 2735 2804 apostoli
2757 2734 2895 2789 vasis
2914 2733 3212 2799 electionis,
3236 2735 3328 2805 qui
3357 2750 3464 2789 non
3494 2734 3729 2797 diverso,
3755 2732 3860 2787 sicut

2323 2823 2557 2880 hcereliei
2612 2825 2879 2897 garriunt,
2909 2826 3002 2881 sed
3029 2840 3137 2879 uno
3179 2834 3443 2897 tempore,
3470 2841 3588 2881 uno
3619 2825 3860 2894 eodemque

2324 2916 2412 2971 die
2433 2915 2664 2987 gloriosa
2705 2924 2880 2971 morte
2921 2932 3042 2972 cum
3083 2916 3246 2974 Petro
3296 2918 3348 2971 in
3393 2915 3535 2971 urbe
3586 2915 3763 2981 Roma,
3786 2914 3859 2968 sub

2322 3008 2536 3066 Caesare
2559 3007 2770 3064 Nerone
2811 3009 3127 3081 agonizans,
3162 3016 3455 3063 coronatus
3481 3017 3593 3073 est,
3619 3016 3673 3063 et
3704 3007 3856 3077 pariter

2326 3101 2685 3171 supradictam
2715 3108 2957 3156 sanetam
3012 3101 3311 3157 Romanam
3354 3099 3656 3156 Ecclesium
3689 3100 3857 3155 Christo

2328 3189 2558 3247 Domino
2588 3200 3064 3257 consecraverunt,
3109 3193 3352 3263 talesque
3401 3192 3661 3247 omnibus
3688 3192 3859 3247 urbibus

2326 3282 2377 3336 in
2418 3281 2669 3336 universo
2693 3282 2893 3337 mundo
2925 3298 3021 3336 sua
3072 3284 3358 3351 prmsentia
3404 3292 3578 3353 atque
3604 3279 3855 3338 venerando

2325 3371 2597 3440 triumpho
2625 3372 2995 3442 praetulerunt.
3025 3372 3117 3427 Est
3138 3388 3267 3444 ergo
3290 3374 3461 3444 prima
3499 3374 3647 3430 Petri
3675 3370 3849 3443 apostoi

2325 3465 2481 3519 sedes
2506 3462 2745 3518 Romana
2773 3463 3013 3519 Ecclesia
3051 3481 3156 3519 non
3187 3466 3392 3522 habens
3429 3467 3699 3524 maculam
3725 3478 3853 3532 neque

2326 3571 2533 3626 rugam,
2559 3570 2656 3611 nec
2680 3555 2881 3626 aliquid
2906 3553 3235 3625 huiusmodi.
3268 3556 3524 3613 Secunda
3554 3566 3721 3612 autem
3741 3553 3857 3610 sedes

2326 3648 2466 3716 apud
2491 3648 2875 3705 Alexandriam
2920 3649 3063 3704 beati
3102 3648 3247 3703 Petri
3277 3650 3499 3706 nomine
3539 3666 3570 3705 a
3595 3649 3754 3704 Μαι-(ιο
3768 3647 3851 3717 eius

2324 3741 2607 3812 discipulo,
2644 3751 2699 3799 et
2740 3743 3067 3814 evangelista
3097 3752 3416 3799 consecrata
3456 3753 3568 3800 est.
3611 3745 3799 3815 Ipseque
3829 3754 3850 3790 ι

2329 3828 2487 3885 Petro
2512 3831 2756 3900 apostolo
2778 3834 2830 3887 in
2861 3831 3096 3903 Egypto
3124 3833 3388 3899 directus,
3415 3834 3644 3889 verbum
3664 3830 3852 3886 veritatis

2325 3918 2659 3987 prmdicavit,
2689 3929 2744 3977 et
2784 3921 3074 3992 gloriosum
3122 3923 3523 3978 consummavit
3569 3921 3847 3992 martyrium.

2327 4008 2507 4065 Tertia
2552 4025 2681 4067 vero
2730 4012 2884 4067 sedes
2920 4013 3060 4082 apud
3108 4012 3450 4069 Antiochiam
3501 4014 3729 4084 ejusdem
3762 4010 3849 4065 bea-

2325 4100 2519 4157 tissimi
2549 4101 2692 4157 Petri
2733 4104 2958 4172 apostoli
3002 4105 3235 4160 habetur
3283 4106 3640 4173 honorabilis,
3670 4121 3727 4161 eo
3749 4101 3849 4173 quod

2294 4251 2299 4257 ,
2327 4190 2456 4257 illic,
2482 4192 2795 4262 priusquam
2827 4192 3053 4249 Romam
3089 4196 3346 4261 venisset,
3395 4192 3845 4253 habitavit.Etillic

2324 4282 2555 4351 primum
2586 4296 2778 4338 nomen
2821 4283 3249 4339 Christianorum
3279 4287 3507 4344 novella:
3544 4288 3706 4361 gentis
3729 4299 3843 4341 exor-

2328 4382 2439 4427 tum
2461 4383 2565 4430 est.
2591 4374 2655 4429 Et
2680 4376 2927 4445 quamvis
2956 4394 2975 4427 ι
2999 4375 3142 4432 aliud
3161 4376 3576 4436 fundamentum
3591 4379 3845 4447 nulluspoe

2328 4466 2400 4520 sit
2429 4480 2632 4534 ponere
2652 4478 2846 4538 praeter
2871 4468 2921 4523 id
2951 4468 3093 4541 quod
3129 4470 3362 4540 positum
3387 4479 3496 4537 est,
3523 4471 3612 4541 qui
3634 4456 3710 4526 est
3734 4466 3843 4522 Chri‘

2327 4567 2442 4612 stus
2466 4557 2623 4614 Jesus
2651 4558 2705 4629 (Ι
2730 4558 2854 4615 Cor.
2882 4577 2965 4627 ut,
2996 4562 3104 4633 ll),
3135 4581 3154 4614 ι
3192 4572 3371 4619 tamen
3410 4565 3477 4619 ad
3499 4561 3843 4619 aediﬁcationem

2328 4656 2567 4703 nostram
2588 4650 2773 4705 eadem
2805 4660 2992 4706 sancta
3016 4651 3257 4706 Itoniana
3274 4653 3515 4709 Ecclesia
3539 4662 3654 4723 post
3666 4652 3763 4707 illas
3774 4646 3840 4698 Ve-

2330 4738 2461 4793 teris
2496 4747 2551 4794 et
2594 4738 2727 4795 Novi
2771 4740 3103 4797 Testamenti
3153 4758 3289 4812 quas
3320 4745 3637 4814 regulariter
3660 4738 3840 4808 suscepi-

2329 4845 2471 4896 mus,
2503 4832 2666 4887 etiam
2690 4834 2890 4904 suscipi
2930 4850 3035 4889 non
3080 4836 3332 4905 prohibet
3356 4836 3680 4908 Scripturas,
3707 4835 3837 4889 idest.

2326 4932 2568 4979 sanctam
2621 4928 2884 4998 synodum
2933 4929 3204 4986 Nicmnam
3250 4940 3613 4988 trecentorum
3639 4933 3841 4989 ὁεαωει
3910 4906 3911 4929 Χ

2328 5025 2452 5070 octo
2477 5016 2721 5084 Patrum,
2753 5021 3023 5077 mediante
3068 5022 3303 5080 Maximo
3341 5024 3687 5081 Constantino
3708 5024 3837 5089 Augu-

2332 5116 2436 5161 sto.
2467 5108 2720 5165 Sanctam
2743 5114 3004 5185 synodum
3029 5112 3374 5184 Ephesinam,
3407 5117 3460 5170 in
3492 5132 3596 5187 qua
3623 5109 3839 5170 Nestorins
3908 5104 3909 5179 ,

2327 5198 2717 5256 condemnatus
2774 5210 2892 5266 cst,
2949 5218 3218 5260 consensu
3279 5205 3576 5262 beatissimi
3625 5193 3836 5262 Culeslini

2328 5303 2495 5359 papae,
2520 5292 2793 5349 mediante
2827 5293 3027 5365 Cyrillo
3067 5295 3410 5352 Alexandria:
3461 5296 3602 5353 sedis
3636 5289 3834 5350 animi“:
3906 5302 3907 5361 ἶ

2325 5388 2381 5435 et
2407 5380 2640 5438 Arcadio
2683 5382 2752 5438 ab
2801 5364 2953 5440 Italia
3005 5386 3293 5443 destinato.
3354 5389 3603 5446 Sanctam
3635 5381 3831 5458 synodum
3906 5364 3907 5425 ἲ

2325 5468 2841 5540 Chalcedonensem,
2864 5474 3137 5532 mediante
3157 5477 3421 5535 Martiano
3438 5480 3668 5551 Augusto
3678 5482 3721 5530 et
3734 5471 3833 5525 Am-

2326 5559 2454 5616 tolio
2477 5560 3064 5635 Constantinopolitano
3091 5568 3367 5640 episcopo,
3388 5571 3440 5625 in
3456 5585 3559 5641 qua
3580 5562 3823 5624 Nestoris!!!

2325 5660 2379 5705 et
2401 5651 2719 5710 Enthieiana
2741 5656 2992 5714 similiter
3006 5673 3128 5715 cum
3150 5660 3412 5717 Dioscoro
3435 5663 3645 5732 ejusque
3664 5650 3826 5721 conti)“-

2324 5744 2478 5800 eibus
2500 5743 2769 5806 damnatas
2794 5761 2941 5820 sunt,
2956 5753 3081 5810 etsi
3105 5769 3225 5825 quas
3250 5764 3375 5812 sunt
3401 5756 3616 5813 concilia
3638 5768 3665 5810 a
3681 5742 3830 5806 sant!“
