3974 6430
131 396 242 454 985

1287 382 1773 442 DECRETALIUM
1811 382 2210 439 COLLECTIO.

3275 375 3380 434 930

125 500 1009 564 Patribusinstituta.Posthorum
1035 497 1705 561 auctoritatem,etcusto-
1735 502 1779 557 Α
1813 510 1901 549 ras
1941 496 2324 566 interpretatus
2362 503 2464 550 est.
2514 495 2621 551 Sed
2664 493 2916 564 quoniam
2959 492 3147 548 beatus
3189 491 3377 549 Hierm

126 597 347 660 dienda,
364 604 418 650 et
433 592 736 663 recipienda
760 590 1093 644 mandamus.
1126 588 1256 642 Item
1281 584 1533 656 cpuscula
1561 584 1704 638 beati

125 683 610 754 Cyrilli,Cypriani
632 681 907 752 martyris,
925 692 978 735 et
991 679 1429 748 Carthaginensis
1446 676 1703 746 episcopi.

126 773 298 845 244
335 773 488 835 Item,
529 769 782 840 opuscula
821 768 962 824 beati
987 767 1231 838 Gregorii
1273 765 1570 819 Nazanzeni
1598 763 1708 832 cpi-

126 867 304 930 scopi.
343 867 497 930 Item,
535 863 794 934 opuscula
836 863 978 916 beati
1016 860 1194 914 Basilii
1216 859 1565 930 Cappadociae
1599 857 1711 925 cpi-

126 956 305 1024 scopi.
355 953 511 1018 Item,
561 951 814 1022 opuscula
870 949 1010 1005 beati
1060 949 1338 1003 Athanasii
1365 945 1710 1001 Alexandrini

127 1045 392 1114 episcopi.
446 1043 600 1108 Item,
652 1039 905 1111 Opuscula
949 1040 1088 1094 beati
1137 1037 1318 1109 Cyrilli
1366 1035 1710 1091 Alexandrini

128 1130 396 1205 episcopi.~
432 1135 603 1200 Item,
655 1132 911 1202 opuscula
967 1131 1107 1186 beati
1160 1128 1382 1183 Joannis
1445 1129 1710 1182 Constan-

129 1227 475 1296 tinopolitani
515 1224 773 1296 episcopi.
823 1225 974 1289 Item,
1027 1223 1281 1292 opuscula
1339 1222 1480 1276 beati
1537 1221 1713 1274 Theo-

131 1318 272 1386 phili
311 1312 661 1370 Alexandrini
681 1315 934 1383 episcopi.
973 1313 1133 1378 Item,
1170 1312 1424 1382 OptISCltla
1455 1311 1592 1364 beati
1627 1308 1716 1362 Ili-

131 1406 263 1460 larii
298 1404 626 1460 Pictavensis
658 1403 911 1474 episcopi.
951 1403 1102 1461 Item.
1141 1401 1394 1472 Opuscula
1421 1399 1558 1456 beati
1588 1400 1719 1453 Am-

132 1495 306 1551 brosii
329 1495 738 1550 Mediolanensis
784 1493 1040 1562 episcopi.
1081 1493 1248 1557 Item,
1284 1491 1540 1560 opuscula
1578 1490 1717 1544 beati

136 1587 429 1658 Augustini
463 1585 821 1655 Hipponensis
845 1585 1100 1655 episc0pi.
1127 1585 1276 1647 Item,
1301 1582 1554 1651 Opuscula
1577 1580 1720 1634 beati

136 1675 453 1747 Hieronymi
490 1672 809 1745 presbyteri.
859 1673 1022 1736 Item,
1055 1672 1308 1741 opuscula
1352 1670 1599 1740 Prosperi
1639 1669 1722 1723 vir

137 1767 558 1838 religiosissimi.
586 1766 740 1830 Item,
769 1764 992 1835 epistola
1024 1762 1221 1819 Leonis
1248 1778 1396 1831 papa:
1425 1761 1490 1814 ad
1515 1761 1719 1814 Flavia-

1809 603 2002 657 nymus
2026 603 2147 640 eum
2177 589 2231 640 in
2259 588 2526 658 aliquibus
2551 589 2616 642 de
2641 587 2847 641 arbitrii
2875 585 3123 639 libertate
3154 584 3381 639 notavit.

1810 677 1898 730 Illa
1944 678 2206 732 sentimus
2241 693 2358 746 quae
2398 678 2709 748 praedictum
2752 675 2968 731 beatum
3003 674 3383 746 Ilieronynmm

1810 767 2010 820 sentire
2046 768 2446 836 cngnoscimns,
2483 775 2537 822 et
2566 781 2670 820 non
2711 765 2880 820 solum
2916 763 2984 818 de
3017 762 3212 818 Ruﬁno
3235 803 3249 827 ,
3291 763 3385 818 sed

1810 856 1970 909 etiam
2013 855 2079 910 de
2107 856 2332 911 diversis
2367 872 2500 926 quos
2544 857 2626 910 vir
2664 857 2857 925 smpius
2897 861 3224 910 memoratus
3263 854 3382 907 zelo

1812 945 1935 1010 Dei,
1977 953 2031 1000 et
2063 946 2178 999 ﬁdei
2230 946 2483 1017 religione
2517 947 2876 1016 reprehendit.
2926 947 3053 1000 Item
3080 984 3096 1010 ,
3141 942 3386 1013 Origenis

1813 1037 2064 1090 nonnulla
2094 1036 2346 1106 epuscula
2384 1053 2501 1106 qnze
2532 1039 2615 1091 vir
2656 1037 2995 1091 beatissimus
3031 1035 3389 1106 Hieronymus

1815 1141 1919 1178 non
1968 1126 2211 1195 repudiat
2255 1125 2473 1195 legenda
2522 1125 2892 1194 suscepimus,
2937 1123 3160 1193 Reliqua
3210 1129 3386 1176 autem

1814 1215 1994 1267 omnia
2041 1230 2159 1268 cmn
2215 1224 2434 1270 auctore
2482 1231 2579 1269 suo
2629 1215 2854 1269 dicimus
2903 1227 3042 1278 esse,
3072 1212 3340 1267 renuendo
3371 1250 3386 1276 ,

1818 1305 2081 1359 Chronica
2126 1305 2338 1360 Eusebii
2385 1305 2733 1360 Ctesariensis
2780 1312 2832 1360 et
2865 1303 3103 1374 ejusdem
3140 1302 3394 1357 ecclesia-

1818 1395 1966 1448 sticze
2008 1393 2254 1449 Historirc
2291 1396 2424 1449 liber
2462 1396 2706 1465 quamvis
2753 1396 2804 1448 in
2845 1395 3020 1464 primo
3065 1392 3392 1446 narrationis

1819 1500 1926 1540 suae
1952 1486 2086 1539 libro
2113 1488 2358 1556 tepuerit.
2394 1486 2459 1541 Et
2483 1497 2666 1557 postea
2695 1487 2748 1541 in
2773 1486 3021 1540 laudibus
3045 1494 3207 1554 atque
3234 1500 3396 1538 excu-

1820 1579 2027 1633 satione
2055 1575 2301 1647 Origeuis
2339 1577 2666 1632 schismatici
2709 1593 2873 1632 unum
2911 1575 3297 1645 conscripserit
3337 1573 3397 1628 li-

1820 1667 2006 1731 brum,
2042 1677 2257 1736 propter
2301 1681 2480 1720 rerum
2520 1676 2695 1721 tamen
2738 1667 2983 1720 notitiam
3033 1665 3354 1736 singularem
3380 1705 3396 1729 ,

1821 1775 1940 1828 qua:
1987 1759 2052 1812 ad
2099 1759 2506 1813 instructionem
2551 1759 2823 1828 pertinent
2870 1770 3254 1827 usquequaque
3295 1770 3397 1810 non

139 1875 273 1913 num
296 1857 939 1928 ConstantinOpolitanum
963 1856 1268 1927 episc0pnm
1297 1855 1584 1910 destinata.
1611 1853 1716 1908 Cu-
1753 1839 1795 1896 Β
1824 1849 2051 1904 dicimus
2085 1851 2406 1905 renuendos.
2437 1851 2587 1913 Item,
2619 1848 2868 1905 Orosium
2891 1850 3067 1903 virum
3098 1846 3399 1904 eruditissi-

132 1949 230 2018 jus
269 1957 471 2003 textum
497 1948 783 2018 quispiam,
823 1945 866 2002 si
897 1960 1064 2016 usque
1093 1946 1159 1999 ad
1197 1960 1360 1998 nnmn
1395 1943 1504 1998 Iota
1534 1943 1716 2011 dispu-

137 2040 360 2103 taverit,
376 2047 430 2092 et
449 2052 553 2091 non
569 2052 685 2091 eam
703 2037 754 2090 in
771 2035 1018 2090 omnibus
1040 2033 1418 2089 venerabiliter
1438 2033 1718 2102 receperit,

137 2129 430 2183 anathema
457 2127 545 2181 sit.
571 2126 721 2191 Item,
745 2125 993 2196 opuscula
1019 2133 1179 2194 atque
1201 2132 1462 2179 tractatus
1482 2124 1720 2178 omnium

137 2217 567 2274 orthodoxorum
592 2215 810 2270 Patrum
833 2217 923 2285 qui
947 2216 1000 2270 in
1026 2214 1170 2270 nullo
1194 2229 1224 2268 a
1253 2224 1450 2270 sancta:
1473 2213 1723 2269 Ecclesia:

135 2307 402 2362 Romana:
436 2306 708 2360 consortio
750 2305 1064 2369 deviarunt,
1113 2318 1212 2358 nec
1248 2305 1317 2358 ab
1358 2304 1473 2374 ejus
1503 2303 1604 2357 ﬁde
1638 2300 1723 2356 vel

137 2395 524 2466 praedicatione
554 2394 783 2462 sejuncti
820 2404 944 2448 sunt
965 2433 979 2459 ,
1009 2392 1101 2448 sed
1130 2393 1299 2462 ipsius
1331 2392 1724 2447 communionis

140 2504 243 2560 per
277 2489 501 2559 gratiam
542 2486 636 2541 Dei
677 2500 845 2556 usque
882 2485 936 2539 in
980 2484 1227 2538 ultimum
1263 2483 1406 2538 diem
1448 2483 1571 2537 vita:
1615 2495 1726 2538 sua:

139 2578 299 2632 fuere
335 2576 623 2646 participes
659 2575 909 2643 legendos
948 2574 1311 2629 decernimus.
1340 2573 1503 2638 Item,
1541 2573 1727 2628 decre-

142 2668 287 2724 tales
313 2667 568 2738 epistolas
593 2683 727 2738 quas
757 2665 1233 2736 beatissimi-papae
1267 2665 1498 2720 diversis
1523 2673 1728 2734 tempo-

143 2754 312 2816 ribus.
329 2760 397 2815 ab
424 2759 556 2814 urbe
589 2757 828 2813 Romana
854 2772 954 2828 pro
981 2757 1318 2813 diversorum
1346 2755 1566 2812 Patrum
1595 2772 1724 2812 cen-

143 2850 413 2908 solatione
455 2850 720 2906 dederunt
765 2849 1143 2905 venerabiliter
1171 2850 1524 2919 recipiendas.
1554 2850 1684 2905 Item
1711 2890 1726 2916 ,

145 2953 304 3015 gesta
351 2950 658 2998 sanctorum
710 2950 1009 3012 martyrum
1054 2941 1146 3011 qui
1192 2940 1576 3011 multiplicibus
1621 2950 1729 2996 tor-

146 3043 456 3091 mentorum
488 3034 846 3099 cruciatibus,
875 3042 931 3089 et
963 3033 1300 3088 mirabilibus
1331 3032 1729 3089 confessionum

145 3125 440 3195 triumphis
467 3125 746 3180 irradiant.
779 3122 911 3191 Quis
939 3124 1043 3179 ista
1079 3123 1469 3178 catholicorum
1500 3124 1727 3188 dubitet,

147 3225 209 3273 et
239 3218 441 3287 majora
473 3231 566 3271 eos
604 3217 654 3270 in
685 3216 943 3285 agonibus
975 3213 1137 3268 fuisse
1165 3228 1469 3285 perpessos,
1494 3228 1592 3268 nec
1619 3213 1731 3268 suis

149 3299 360 3364 viribus
393 3310 484 3364 sed
532 3307 702 3379 gratia
751 3308 840 3362 Dei
889 3316 944 3363 et
989 3306 1258 3378 adjutorio
1301 3305 1551 3360 universa
1605 3306 1736 3360 tole-

155 3401 346 3457 rasse?
397 3398 504 3456 Sed
560 3400 680 3455 ideo
721 3400 1014 3455 secundum
1068 3399 1342 3468 antiquam
1397 3397 1737 3453 consuetudi-

156 3505 286 3545 nem
338 3489 594 3562 singulari
648 3491 854 3545 cautela
903 3489 954 3544 in
1001 3498 1183 3545 sancta
1232 3489 1471 3544 Romana
1497 3486 1736 3543 Ecclesia

158 3595 269 3634 non
291 3578 558 3651 leguntur,
584 3581 708 3649 quia
733 3588 786 3633 et
806 3594 990 3634 eorum
1014 3579 1103 3649 qui
1129 3579 1495 3647 conscripsere
1523 3578 1737 3631 nomina

157 3665 378 3736 penitus
399 3664 736 3736 ignorantur,
762 3673 816 3719 et
835 3665 902 3720 ab
924 3663 1228 3718 infidelibus
1251 3663 1432 3717 idiotis
1449 3662 1737 3734 superﬂua,

161 3765 258 3811 aut
279 3758 452 3811 minus
474 3767 593 3826 apta
619 3771 777 3825 quam
805 3756 880 3810 rei
903 3755 1035 3810 ordo
1057 3754 1217 3810 fuerit
1237 3767 1356 3808 esse
1378 3761 1652 3823 putantur,
1673 3753 1740 3808 si-

163 3857 258 3902 cut
279 3845 550 3914 cujusdem
572 3845 749 3916 Cyrici
772 3859 827 3900 et
851 3844 1047 3910 Julitte,
1079 3844 1219 3900 sicut
1241 3843 1455 3915 Georgii
1485 3844 1743 3898 aliorum.

161 3951 271 4009 que
296 3937 597 4008 huiusmodi
626 3939 901 4008 passiones
927 3953 1044 4008 qute
1067 3939 1135 3993 ab
1165 3938 1433 3993 haareticis
1459 3937 1742 4007 perhiben-

164 4040 257 4085 tur
288 4030 624 4100 compositae,
658 4040 877 4101 propter
909 4031 1074 4101 quod,
1107 4037 1165 4084 ut
1194 4030 1394 4085 dictum
1425 4039 1527 4096 est,
1567 4045 1633 4085 ne
1660 4030 1741 4084 vel

159 4120 303 4175 levis
331 4120 689 4175 subsannandi
717 4121 952 4176 oriretur
969 4120 1184 4175 occasio
1211 4121 1262 4174 in
1289 4130 1479 4174 sancta
1503 4120 1744 4174 Romana

160 4209 407 4265 Ecclesia
435 4225 538 4264 non
569 4209 836 4280 leguntur.
866 4209 974 4264 Nos
1009 4218 1185 4265 tamen
1212 4223 1332 4264 cum
1362 4208 1615 4279 praedicta
1647 4208 1747 4262 Ec»

161 4302 332 4357 clesia
355 4315 540 4356 omnes
562 4311 845 4372 martyres,
871 4311 923 4356 et
944 4315 1129 4355 eorum
1147 4299 1408 4370 gloriosos
1432 4313 1630 4370 agones
1656 4297 1746 4367 qui

163 4394 251 4447 eis
280 4391 447 4462 magis
475 4407 636 4460 quam
670 4392 976 4446 hominibus
1000 4391 1109 4444 noti
1133 4398 1258 4445 sunt
1285 4389 1432 4445 omni
1469 4390 1749 4444 devotione

1823 1955 1967 1993 mum
2018 1939 2423 2005 collaudamus,
2469 1941 2592 2010 quia
2638 1938 2792 1994 valde
2835 1939 2990 1994 nobis
3037 1937 3397 1994 necessariam

1822 2016 2078 2085 adversus
2131 2045 2457 2102 paganorum
2485 2030 2796 2086 calumnias
2851 2031 3068 2098 dignam
3129 2029 3398 2084 ordinavit

1821 2117 2100 2173 historiam
2121 2159 2135 2183 ,
2155 2120 2396 2188 miraque
2423 2120 2684 2174 brevitate
2698 2119 2992 2176 contexuit.
3008 2119 3162 2186 Item,
3176 2133 3402 2173 venera-

1823 2222 1944 2260 mur
1958 2207 2145 2262 sedulii
2165 2208 2416 2263 Paschale
2428 2224 2582 2279 opus,
2599 2211 2739 2278 quod
2754 2210 2983 2265 heroicis
2997 2209 3279 2279 descripsit
3291 2224 3404 2263 ver-

1823 2296 1989 2359 sibus,
2005 2304 2060 2351 et
2085 2296 2278 2368 insigni
2300 2298 2457 2352 laude
2477 2298 2829 2368 prmferimus.
2847 2298 3002 2363 Item,
3021 2297 3242 2354 Iuvenci
3265 2297 3403 2352 nihi-

1823 2385 2052 2440 lominus
2074 2386 2393 2442 laboriosum
2409 2403 2542 2464 opus
2559 2404 2662 2443 non
2677 2389 2996 2459 spernimus,
3013 2389 3105 2443 sed
3122 2389 3401 2443 miramur.

1892 2477 2100 2533 Caetera
2140 2493 2260 2549 qua:
2300 2480 2368 2534 ab
2405 2481 2673 2534 luereticis
2715 2480 2828 2535 sive
2870 2479 3229 2535 schismaticis
3277 2493 3404 2533 con-

1825 2571 2021 2641 scripta
2048 2571 2130 2625 vel
2157 2571 2447 2641 praedicata
2487 2581 2615 2626 sunt
2655 2571 2960 2626 nullatenus
2998 2572 3190 2641 recipit
3219 2571 3406 2626 catho-

1825 2662 1926 2717 lica
1951 2671 2006 2717 et
2059 2663 2353 2732 apostolica
2393 2662 2635 2717 Romana
2654 2661 2914 2727 Ecclesia,
2937 2677 2967 2717 e
3007 2664 3201 2735 quibus
3233 2673 3403 2731 pauca

1825 2769 1943 2823 quae
1977 2755 2044 2810 ad
2084 2755 2397 2810 memoriam
2427 2755 2665 2819 veniunt,
2699 2762 2757 2809 et
2801 2755 3143 2809 a‘catholicis
3188 2755 3407 2809 vitanda

1826 2855 1951 2900 sunt
1973 2847 2245 2902 credimus
2270 2860 2390 2901 esse
2413 2846 2708 2901 subdenda.
2745 2847 2899 2912 Item,
2931 2847 3118 2901 notitia
3150 2847 3406 2902 librorum

1827 2937 2256 3008 apocrypborum
2312 2938 2402 3007 qui
2456 2953 2561 2993 non
2608 2938 2960 3008 recipiuntur.
3019 2937 3409 2994 Armunensem

1830 3030 2091 3101 synodum
2125 3044 2152 3082 a
2183 3029 2497 3084 Constantio
2531 3029 2743 3085 Cmsare
2772 3031 3110 3085 Constantini
3144 3031 3254 3086 ﬁlio
3282 3047 3406 3087 con-

1832 3127 2128 3190 gregatam,
2154 3119 2422 3173 mediante
2444 3119 2620 3174 Tauro
2642 3120 2915 3188 pra'fecto,
2938 3135 3004 3175 ex
3028 3129 3154 3175 tunc
3172 3129 3227 3176 et
3248 3136 3409 3184 nunc,

1833 3217 1889 3263 et
1914 3222 2081 3277 usque
2121 3208 2174 3262 in
2191 3217 2452 3263 aeternum
2486 3210 2774 3265 conﬁtetur
2801 3225 2921 3265 esse
2953 3210 3279 3266 damnatam.
3325 3211 3416 3266 Iti-

1833 3298 2108 3352 aerarium
2137 3297 2354 3352 nomine
2377 3297 2524 3353 Petri
2550 3298 2776 3367 apostoli
2804 3299 2944 3369 quod
2969 3299 3269 3370 appellatur
3290 3315 3416 3355 san-

1835 3389 1905 3442 cti
1950 3386 2242 3443 Clementis
2278 3388 2399 3442 libri
2430 3404 2655 3444 numero
2682 3390 2864 3445 decem
2897 3391 3208 3461 apocryphi.
3248 3389 3417 3446 Actus

1838 3479 2054 3533 nomine
2082 3479 2308 3534 Andreae
2335 3479 2560 3549 apostoli
2585 3494 2740 3550 apoc.
2769 3480 2938 3535 Actus
2962 3481 3177 3536 nomine
3199 3481 3420 3536 Thoma:

1837 3569 2060 3639 apostoli
2092 3585 2244 3641 apoc.
2277 3571 2445 3626 Actus
2482 3572 2697 3626 nomine
2731 3570 2957 3642 Philippi
2990 3585 3144 3642 apoc.
3177 3571 3418 3642 Evange-

1837 3659 1968 3714 lium
2007 3661 2221 3716 nomine
2247 3660 2483 3715 Matthia:
2503 3674 2656 3731 apoc.
2687 3659 3032 3732 Evangelium
3075 3661 3292 3717 nomine
3322 3663 3423 3716 Pc-

1839 3752 1909 3806 tri
1939 3751 2164 3822 apostoli
2210 3767 2362 3822 apoc.
2405 3739 2749 3823 Evangelium
2784 3751 2999 3806 nomine
3036 3749 3222 3807 Jacobi
3262 3765 3418 3822 apoc.

1840 3841 2185 3915 Evangelium
2222 3843 2440 3899 nomine
2467 3842 2727 3898 Barnabaz
2762 3857 2918 3913 apoc.
2949 3842 3292 3914 Evangelium
3325 3859 3423 3897 no-

1844 3934 1989 3989 mine
2018 3935 2256 4000 'I‘bomte,
2289 3949 2396 4003 quo
2429 3943 2652 3989 utuntur
2681 3931 2975 3988 Manichaee
3000 3947 3151 4002 apoc.
3181 3931 3424 4002 Evange-

1843 4023 1970 4077 Iium
2017 4024 2232 4078 nomine
2264 4022 2637 4079 Bartholonuei
2673 4021 2899 4093 apostoli
2930 4037 3083 4093 apoc.
3134 4022 3422 4094 Evangelia

1843 4131 1961 4184 quae
1986 4114 2200 4170 l'alsavit
2229 4115 2496 4170 Lucianus
2516 4129 2666 4186 apoc.
2691 4113 2852 4168 Liber
2880 4114 2945 4167 de
2974 4111 3200 4168 infantia
3231 4110 3418 4167 Salva-

1846 4209 1980 4262 toris
2032 4223 2185 4278 apoc.
2241 4207 2527 4278 Evangelia
2581 4191 2699 4277 qua:
2751 4205 2966 4260 Ialsavit
3015 4206 3215 4261 Esitius
3267 4219 3424 4275 apoc.

1846 4297 2009 4352 Liber
2043 4299 2108 4352 de
2137 4298 2416 4351 nativitate
2443 4296 2736 4351 Salvatoris
2772 4304 2828 4350 et
2856 4296 2920 4350 de
2952 4295 3117 4350 Maria
3159 4304 3216 4351 et
3241 4297 3424 4356 obste-

1851 4388 1999 4442 tricrc
2024 4402 2176 4457 apoc.
2207 4387 2368 4441 Liber
2393 4386 2483 4455 qui
2512 4384 2814 4456 appellatur
2841 4384 3081 4440 Pastoris
3103 4400 3255 4454 apoc.
3282 4383 3428 4439 Libui

165 4498 509 4537 veneramur.
541 4483 690 4549 Item,
712 4483 850 4536 vitas
871 4482 1116 4546 Patrum,
1147 4481 1316 4546 Pauli,
1339 4481 1578 4543 Antonii,
1605 4479 1749 4534 Ilila-
1777 4517 1826 4576 Ι)
1852 4493 2040 4532 omnes
2086 4492 2222 4548 quos
2266 4475 2392 4532 fecit
2440 4475 2635 4531 Lucius
2687 4475 2985 4545 discipulus
3031 4474 3227 4529 diaboli
3270 4489 3423 4544 apoc.

167 4574 368 4639 rionis,
396 4582 450 4626 et
490 4574 728 4628 onmium
761 4573 1109 4627 eremitarum
1143 4588 1235 4626 cas
1265 4581 1472 4637 tamen,
1504 4588 1638 4640 quas
1668 4571 1750 4626 vir

168 4664 514 4719 beatissimus
536 4664 817 4732 descripsit
850 4662 1204 4732 Hieronymus
1227 4677 1348 4716 cum
1377 4661 1520 4715 omni
1547 4662 1750 4716 honore

167 4756 514 4824 suscipimus.
541 4754 670 4810 Item
687 4765 839 4808 actus
861 4754 1000 4808 beati
1027 4753 1268 4807 Silvestri
1290 4751 1595 4823 apostolicae
1611 4755 1752 4808 sedis

167 4847 439 4918 prtesulis.
470 4845 617 4901 Licet
639 4845 754 4913 ejus
777 4847 865 4917 qui
889 4845 1207 4914 conscripsit
1235 4859 1428 4898 nomen
1454 4843 1750 4912 ignoretur,

172 4956 206 4993 a
237 4939 421 4994 multis
451 4949 625 4994 tamen
660 4940 714 4992 in
749 4940 882 4993 urbe
919 4939 1086 4992 Iloma
1119 4935 1401 4992 catholicis
1427 4935 1527 5004 legi
1555 4949 1752 5005 θοςηο-

176 5028 394 5092 vimus,
446 5037 500 5083 et
541 5043 639 5098 pro
686 5029 906 5098 antiquo
949 5044 1047 5084 usu
1100 5026 1264 5082 multa
1317 5026 1430 5080 haec
1479 5034 1754 5080 mutantur

175 5116 453 5172 Ecclesize.
507 5117 636 5171 Item
671 5157 686 5181 ,
731 5117 1054 5188 scripturam
1104 5115 1170 5171 de
1216 5115 1525 5169 inventione
1576 5115 1754 5169 crucis

180 5207 491 5275 Dominicze,
518 5216 573 5263 et
601 5207 761 5263 aliam
795 5209 1114 5278 scripturam
1140 5207 1206 5261 de
1233 5207 1540 5262 inventione
1564 5208 1754 5278 rapitis

176 5300 404 5359 Joannis
435 5302 685 5372 Baptista:
716 5301 938 5357 novella:
959 5302 1201 5370 quaidam
1235 5300 1525 5355 relationes
1552 5309 1676 5356 sunt
1702 5309 1756 5356 et

180 5391 422 5447 nonnulli
449 5407 540 5448 eas
563 5391 812 5447 catholici
841 5393 1040 5463 legunt.
1070 5391 1173 5447 Sed
1197 5407 1316 5446 cum
1347 5392 1460 5448 haec
1487 5393 1553 5449 ad
1579 5394 1758 5450 catho-

181 5484 409 5541 licorum
448 5499 641 5541 manus
677 5484 970 5540 adveniunt
997 5483 1139 5540 beati
1176 5483 1326 5539 Pauli
1360 5485 1585 5556 apostoli
1621 5501 1759 5556 prte-

181 5575 341 5629 cedat
389 5574 675 5629 sententia.
723 5572 914 5629 Omnia
959 5573 1200 5644 probate,
1241 5577 1382 5642 quod
1429 5571 1627 5628 bonum
1675 5584 1762 5631 est

183 5671 383 5718 tenete.
419 5661 584 5729 Item,
616 5661 843 5718 Ruﬁnus
878 5661 961 5718 vir
987 5661 1268 5733 religiosus
1302 5660 1562 5731 plurimos
1589 5663 1764 5723 eccle-

181 5751 385 5815 siasﬁcl
416 5754 594 5826 aperis
620 5753 795 5812 edidit
825 5752 991 5816 libros
1024 5751 1305 5812 nonnullas
1340 5753 1502 5809 etiam
1531 5755 1762 5828 scriptu-

1853 4569 2014 4624 Liber
2043 4569 2132 4638 qui
2174 4568 2471 4639 appellatur
2499 4565 2928 4621 Fundamentum
2957 4579 3112 4635 apoc.
3147 4563 3308 4618 Liber
3335 4564 3426 4632 qui

1851 4659 2151 4729 appellatur
2189 4656 2498 4712 Thesaurus
2539 4671 2692 4727 apoc.
2739 4654 2898 4709 Liber
2933 4653 3000 4708 de
3046 4652 3256 4708 ﬁliabus
3301 4652 3429 4706 Atla:

1852 4752 2126 4807 Genescos
2159 4765 2312 4821 apoc.
2345 4749 2503 4804 Liber
2532 4748 2623 4818 qui
2671 4746 2970 4818 appellatur
2998 4754 3149 4800 actus
3176 4743 3350 4798 Tecla-
3376 4751 3430 4797 et

1855 4841 2003 4896 Pauli
2050 4840 2278 4910 apostoli
2327 4855 2481 4910 apoc.
2528 4839 2691 4893 Liber
2734 4837 2825 4908 qui
2853 4835 3169 4908 Lappellatur
3210 4833 3432 4904 Nepotis

1855 4949 2009 5004 apoc.
2043 4933 2206 4987 Liber
2234 4931 2647 4987 Proverbiorum
2675 4931 2766 5001 qui
2796 4930 2864 4985 ab
2895 4927 3161 4984 haereticis
3189 4925 3430 4982 conscri-

1853 5035 1978 5094 ptus
2019 5035 2074 5080 et
2111 5024 2283 5079 sancti
2329 5023 2474 5094 Syrti
2520 5024 2735 5077 nomine
2770 5030 3099 5092 praenotatus
3146 5028 3230 5076 est
3277 5035 3431 5090 apoc.

1855 5115 2131 5171 Hevelatio
2158 5129 2277 5185 quae
2311 5113 2607 5184 appellatur
2635 5113 2855 5168 Thema:
2884 5112 3108 5182 apostoli
3144 5126 3296 5181 apoc.
3329 5111 3434 5164 Re-

1855 5211 2053 5266 velatio
2077 5225 2196 5280 qua:
2225 5209 2523 5279 appellatur
2550 5207 2806 5278 Stephani
2834 5223 2986 5279 apoc.
3018 5206 3293 5262 Revelatio
3315 5222 3435 5276 qua:

1857 5302 2157 5374 appellatur
2195 5300 2343 5356 Pauli
2381 5315 2536 5372 apoc.
2569 5300 2730 5356 Liber
2765 5301 2855 5370 qui
2891 5300 3188 5371 appellatur
3216 5298 3436 5353 Transi-

1859 5403 1967 5460 tus,
2002 5395 2054 5449 id
2081 5403 2187 5456 est,
2219 5393 2515 5464 assumptio
2543 5403 2744 5448 sancite
2771 5393 2951 5449 Maria:
2971 5407 3124 5464 apoc.
3155 5390 3432 5461 Liber‘qui

1859 5485 2156 5558 appellatur
2179 5484 2504 5540 Pmnitentia
2531 5483 2657 5538 Ada:
2682 5499 2835 5555 apoc.
2864 5483 3026 5540 Liber
3050 5481 3196 5554 Ogiae
3220 5479 3436 5550 nomine

1859 5577 2089 5650 gigantis
2134 5575 2225 5647 qui
2267 5589 2392 5630 cum
2435 5575 2667 5630 dracone
2706 5583 2828 5644 post
2870 5574 3127 5630 diluvium
3172 5585 3436 5643 pugnasse

1859 5669 2176 5743 perhibetur
2202 5682 2353 5740 apoc.
2387 5666 2549 5724 Liber
2576 5667 2666 5738 qui
2712 5667 3012 5738 appeHatur
3035 5665 3437 5737 Testamentum

1861 5761 1961 5820 ιοι)
1983 5803 2000 5830 ,
2033 5776 2188 5834 apoc.
2228 5760 2391 5818 Liber
2427 5760 2517 5834 qui
2552 5760 2849 5834 appellatur
2879 5756 3196 5830 poenitentia
3237 5755 3296 5814 ὃ.
3337 5753 3442 5827 Cy-
