3974 6432
621 527 822 600 priani,
852 539 1006 598 apoc.
1033 524 1192 580 Liber
1218 523 1311 595 qui
1343 524 1644 597 appellatur
1671 526 1986 596 pcnnitentia
2013 525 2199 582 Januce

620 629 682 673 et
705 616 981 680 Mambrae,
1004 629 1161 684 apoc.
1182 614 1343 671 Liber
1356 616 1445 682 qui
1463 616 1767 686 appellatur
1787 616 1974 671 Sortes
1995 626 2206 686 aposto'

623 711 821 775 lorum,
840 722 994 779 apoc.
1022 706 1185 763 Liber
1204 708 1294 778 qui
1325 708 1627 780 appellatur
1649 706 1792 764 Laus
1817 708 2205 778 apostolorum”,

621 815 772 870 apoc.
818 798 980 854 Liber
1018 798 1383 869 Pliisiologus,
1425 799 1515 868 qui
1565 800 1635 854 ab
1663 800 1934 856 haereticis
1968 802 2207 855 conscri-

618 900 739 960 ptus
767 898 881 955 est,
916 898 972 944 et
1005 889 1147 945 beati
1179 888 1448 946 Ambrosii
1495 892 1716 947 nomine
1751 890 2016 963 signatus,
2047 910 2202 964 apoc.

618 982 859 1039 Historia
900 982 1117 1038 Eusebii
1158 982 1424 1054 Pamphili
1466 999 1621 1055 apoc.
1671 984 1939 1056 Opuscula
1986 987 2204 1044 Tertul-

615 1073 743 1131 liani
775 1088 930 1144 apoc.
971 1073 1235 1144 Opuscuia
1264 1075 1531 1132 Lactantii
1574 1093 1731 1148 apoc.
1760 1077 2029 1149 Opuscuia
2059 1079 2206 1136 Afri-

614 1164 734 1219 cani
769 1174 922 1235 apoc.
962 1165 1232 1236 Opuseula
1262 1164 1575 1223 Postumani
1612 1179 1669 1223 et
1697 1167 1833 1225 Galli
1863 1185 2019 1240 apoc.
2052 1169 2203 1241 Opu-

616 1250 767 1307 scula
790 1252 1046 1317 Montani,
1063 1253 1342 1321 Priscillae,
1366 1255 1909 1329 ethlaximillteapoc.
1935 1258 2200 1332 Opuscula

611 1340 795 1395 omnia
824 1340 1007 1396 Fausti
1039 1341 1319 1398 Manicbzei
1350 1359 1505 1414 apoc.
1546 1345 1815 1417 Opusenla
1848 1348 2109 1407 Commod
2130 1352 2202 1406 =ni

540 1444 545 1451 ‘
610 1445 767 1501 apoc.
800 1431 1067 1503 Opuscula
1094 1432 1320 1489 alterius
1343 1434 1637 1491 Clementis
1664 1436 2017 1495 Alexandrini
2044 1455 2199 1511 apoc.

609 1516 878 1589 Opuseula
931 1519 1106 1575 Tascii
1152 1519 1408 1592 Cypriani
1454 1539 1611 1593 apoc.
1658 1524 1927 1596 Opuscula
1977 1529 2199 1585 Arnobii

609 1625 764 1681 apoc.
823 1611 1091 1682 Opuscula
1142 1610 1363 1684 Tyconii
1416 1630 1569 1687 apoc.
1630 1616 1899 1688 Opuscnla
1955 1620 2199 1679 Cassiani

611 1703 916 1774 presbyteri
947 1704 1242 1760 Galliarum
1277 1722 1433 1778 apoc.
1462 1707 1731 1780 Opuscula
1757 1710 2019 1767 Victorini
2051 1713 2198 1770 Pita-

605 1792 882 1851 bionensis
909 1811 1063 1868 apoc.
1095 1796 1364 1868 Opusenia
1394 1799 1579 1857 Fausti
1610 1801 1875 1874 Regcnsis
1901 1803 2195 1861 Galliarum

607 1896 761 1954 apoc.
813 1886 1085 1958 Opusrula
1121 1889 1398 1947 Frumenti
1448 1892 1561 1948 ccci
1610 1892 1815 1948 Centon
1858 1895 1924 1950 de
1976 1895 2194 1954 Christo

615 1975 928 2049 Virgilianis
957 1992 1298 2053 compactum
1323 1983 1591 2049 versibus,
1621 2000 1775 2055 apoc.
1806 1986 2042 2056 Epistola
2066 1986 2196 2044 Jesu

606 2066 674 2122 ad
701 2068 1010 2140 Abagarum
1053 2085 1236 2143 regem
1275 2087 1429 2144 apoc.
1469 2073 1706 2146 Epistola
1734 2074 1969 2146 Abagari
2008 2076 2074 2131 ad
2105 2075 2198 2133 Je-

603 2167 724 2210 sum
752 2171 909 2226 apoc.
932 2157 1120 2215 Passio
1141 2158 1323 2232 Cyrici
1348 2170 1402 2216 et
1429 2159 1607 2218 Julius
1633 2178 1788 2235 apoc.
1814 2165 2004 2221 Passio
2025 2163 2195 2222 Geor-

604 2244 675 2317 gii
702 2260 854 2317 apoc.
880 2246 1160 2320 Scriptura
1183 2265 1304 2321 quas
1332 2251 1635 2323 appellatur
1648 2254 2018 2311 Contradictio
2039 2254 2193 2312 Salo-

603 2335 781 2393 monis
805 2353 964 2408 apoc.
993 2338 1314 2398 Pbilacteria
1342 2342 1523 2398 omnia
1563 2359 1685 2416 qua:
1716 2360 1822 2401 non
1851 2345 2186 2419 angelorum,

602 2432 664 2481 ut
688 2426 766 2485 illi
791 2429 1124 2503 contingunt,
1153 2432 1248 2489 sed
1275 2432 1580 2491 daemonum
1605 2436 1777 2508 magis
1798 2444 1917 2494 arte
1939 2438 2188 2495 conscri-

617 2626 3090 2685 W

1440 412 1728 467 APPEND.
1758 412 1847 467 Αι)
1881 411 2054 469 saec.
2097 371 2560 468 1x.—-tsmmu
2598 411 3047 470 ucncnoms

3751 418 3825 487 538

2228 532 2274 589 Α
2304 537 2393 598 pta
2425 536 2569 590 sunt,
2603 543 2758 599 apoc.
2786 528 2916 586 'llzcc
2943 538 3001 586 et
3021 528 3202 586 omnia
3237 530 3429 587 similia
3456 529 3639 588 Simon
3665 532 3823 608 ﬂagris,

2308 617 2562 675 Nicolaus
2588 618 2841 676 Cerintus
2863 661 2880 687 ,
2909 621 3165 685 Marcion,
3195 622 3453 678 Basilides
3477 664 3493 687 ,
3525 623 3700 690 Ebion,
3725 628 3824 682 Pan-

2307 707 2393 764 lus
2423 710 2586 764 etiam
2621 709 3085 778 Samosathaznus,
3110 698 3392 777 Photinus,
3432 722 3489 769 et
3519 712 3823 781 Bonosus,et

2306 799 2396 869 qui
2425 799 2585 855 simili
2625 816 2811 857 errore
2837 800 3172 858 defecerunt.
3206 802 3488 859 Montanus
3517 820 3712 875 quoque
3735 823 3823 863 cum

2305 891 2419 951 suis
2445 891 2849 947 obscenissimis
2883 894 3203 963 sequacibus
3226 934 3241 956 .
3285 893 3606 964 Apollinaris
3632 936 3645 960 ,
3678 895 3822 953 Valen-

2307 982 2470 1047 tinus,
2515 982 2779 1047 Faustus,
2809 982 3131 1050 Africanus,
3160 984 3459 1051 Sabellius,
3488 985 3669 1047 Arius,
3694 986 3823 1041 Disce

2304 1072 2528 1135 donius,
2559 1072 2885 1139 Eunomius,
2922 1072 3189 1138 Novatus,
3224 1074 3534 1140 Sabbatius,
3567 1073 3819 1139 Culestins.

2303 1160 2568 1228 Donatus,
2599 1163 2947 1231 Eustathius,
2980 1164 3318 1231 Iovinianus,
3348 1163 3611 1237 Pelagius,
3635 1165 3824 1224 Julianus

2303 1253 2650 1319 Celanensis,
2688 1255 2993 1323 leestius,
3026 1256 3370 1322 Maximinus,
3416 1257 3754 1315 Prisciliianns
3775 1263 3822 1317 ab

2304 1342 2581 1415 Hispania,
2619 1345 2898 1402 Nestorius
2927 1345 3578 1420 Constantinopolitanus,
3618 1350 3821 1407 Maximus

2303 1438 2495 1494 unicus
2510 1478 2526 1504 ,
2550 1436 2894 1510 Lampetius,
2933 1439 3226 1496 Dioscorus
3242 1481 3259 1506 ,
3281 1441 3589 1506 Eutichius,
3611 1440 3769 1497 Petrus
3785 1454 3821 1497 et

2304 1524 2443 1581 alius
2490 1526 2721 1592 Petrus,
2768 1541 2800 1582 e
2852 1528 3049 1598 quibus
3086 1545 3227 1585 unus
3263 1529 3677 1595 Alexandriam,
3724 1531 3821 1585 alius

2301 1615 2645 1672 Antiochiam
2692 1618 3023 1683 maculavit,
3069 1619 3298 1676 Aeacius
3336 1619 3821 1691 Constantinopolin-

2302 1722 2406 1762 nus
2452 1723 2575 1763 cum
2611 1709 2951 1765 consortibus
2997 1710 3144 1775 suis,
3181 1726 3388 1768 necnon
3433 1720 3490 1767 et
3535 1727 3705 1767 omnes
3740 1714 3816 1766 ba-

2304 1797 2440 1853 resei
2480 1799 2949 1870 luereseorumque
2977 1801 3222 1871 discipuli
3259 1802 3372 1857 sive
3408 1802 3723 1857 schismatiei
3752 1803 3818 1855 do-

2223 1890 2270 1950 B
2296 1896 2561 1952 euerunt,
2601 1898 2831 1957 quorum
2878 1890 3095 1943 nomina
3140 1890 3361 1946 minime
3403 1891 3713 1956 retinentur,
3743 1905 3815 1944 non

2299 1975 2472 2032 solum
2505 1977 2817 2046 repudiata,
2863 1979 2956 2034 sed
2996 1981 3064 2034 ah
3105 1980 3253 2035 omni
3288 1980 3565 2046 Romana,
3611 1981 3816 2035 catholica

2298 2078 2353 2126 et
2399 2071 2693 2140 apostolica
2742 2070 2982 2127 Ecclesia
3028 2071 3302 2129 eliminata
3330 2113 3346 2139 ,
3391 2082 3559 2144 atque
3600 2088 3706 2129 cum
3740 2072 3815 2126 suis

2296 2161 2628 2225 auctoribus,
2651 2169 3038 2233 auctorumque
3060 2163 3382 2234 sequacibus
3409 2164 3515 2219 sub
3537 2163 3815 2217 anathemate

2294 2250 2565 2308 insolubili
2591 2252 2807 2309 vinculo
2837 2253 2888 2308 in
2926 2263 3188 2310 aeternum
3216 2253 3547 2312 conﬁtemur
3573 2266 3681 2310 esse
3702 2251 3812 2306 dan-

2292 2351 2443 2398 nata.

3104 2643 3807 2671 W

1056 2787 1693 2906 INCIPIUNT
1763 2789 2302 2882 DECRETA
2369 2792 2983 2887 ANASTASII
3049 2796 3441 2891 PAPJE.

675 3126 725 3182 Ι.
766 3126 920 3195 Quod
947 3142 1047 3201 pro
1075 3128 1293 3188 Christo
1325 3130 1580 3205 iungatur
1617 3134 1905 3207 legatione,
1938 3139 2063 3194 dum
2088 3152 2210 3211 pro'

598 3232 730 3288 pace
760 3229 1012 3289 precatur
1055 3222 1330 3279 Ecclesiae.

669 3310 724 3363 2.
763 3311 915 3377 Quod
951 3327 1057 3366 non
1086 3314 1159 3368 sit
1189 3325 1392 3370 temere
1414 3315 1762 3386 iudicandum
1795 3318 1861 3375 de
1890 3319 1971 3375 bis
1996 3321 2085 3391 qui
2116 3322 2184 3378 ad

600 3399 885 3456 Dominum
915 3401 1299 3472 migraverunt.
2032 3408 2041 3415 ”

566 3490 570 3495 ’
666 3490 724 3545 ὅ.
769 3490 836 3547 Ut
896 3494 1205 3563 specialiter
1265 3497 1319 3551 in
1382 3496 1611 3553 ecclesia
1674 3514 1869 3556 nomen
1940 3510 2184 3558 taceatur

595 3579 802 3635 Acacii.

668 3669 723 3724 4.
765 3668 917 3738 Quod
948 3686 1283 3746 magnopere.
1303 3678 1577 3733 contentio
1607 3678 1679 3734 sit
1704 3680 1961 3736 cavenda.

663 3759 718 3815 5.
758 3759 829 3817 Ut
853 3762 1250 3823 Alexandrinus
1286 3769 1580 3843 imperator
1613 3772 1897 3828 admoneat
1921 3774 1988 3829 ad
2018 3762 2178 3831 [idem

593 3850 882 3918 sinceram,
914 3862 969 3909 et
996 3856 1063 3911 ad
1095 3871 1283 3925 pacem
1314 3859 1490 3915 redire
1517 3862 1859 3917 catholicam.

663 3943 717 3997 6.
759 3944 1027 4001 Admonet
1075 3947 1453 4017 imperatorem
1508 3960 1569 4005 ut
1615 3953 1919 4009 constitutis
1962 3964 2178 4027 aposto-

593 4032 711 4088 lica:
743 4035 886 4089 sedis
915 4035 1270 4106 obtemperet.
2006 4065 2009 4067 ·

663 4125 716 4179 7.
758 4125 911 4193 Quod
958 4141 1052 4184 eos
1092 4144 1228 4199 quos
1272 4140 1393 4202 post
1441 4132 1841 4190 damnationem
1885 4152 2037 4193 suam
2093 4140 2178 4195 vel

590 4214 887 4284 baptizavit
913 4217 995 4273 vel
1025 4219 1299 4276 ordinavit
1321 4220 1581 4290 Aeacius,
1612 4224 1755 4281 nulla
1787 4228 1964 4297 portio
1997 4228 2175 4283 laesio-

586 4304 686 4361 nis
708 4307 955 4380 attingat.

658 4398 711 4455 8.
753 4397 906 4467 Quod
944 4399 1070 4456 mali
1108 4400 1245 4458 bona
1281 4405 1636 4463 ministrando
1675 4407 1774 4463 sibi
1805 4413 2176 4468 tantummodo

586 4499 842 4558 noceant,
864 4505 972 4563 nec
1000 4492 1255 4550 Ecclesiae
1284 4507 1625 4552 sacramenta
1655 4500 2069 4556 commaculent.

977 4581 1057 4636 Ad
1089 4583 1431 4640 Anastasium
1460 4587 1775 4658 Augustum.

656 4668 1060 4728 Gloriosissimo
1078 4684 1132 4728 et
1152 4660 1574 4732 clementissimo
1603 4676 1712 4733 tilio
1736 4677 2043 4736 Aussnsno
2064 4681 2172 4735 Au-

589 4773 769 4834 gusto,
804 4762 1140 4841 Anastasius
1168 4767 1472 4839 episeOpus.

657 4852 948 4912 Exordium
978 4859 1320 4929 pontiﬁcatus
1349 4862 1451 4917 mei
1481 4863 1728 4934 primitus
1755 4863 1929 4920 oblata
1964 4866 2172 4938 populis

589 4961 720 5017 pace
735 4950 1044 5018 pronuntio,
1067 4950 1401 5009 confidenter
1414 4968 1511 5023 pro
1534 4954 1637 5011 iide
1656 4956 1936 5013 catholicae
1957 4959 2172 5016 humilis

588 5037 775 5107 pietati
798 5048 991 5094 vestra:
1014 5050 1267 5110 peccator
1288 5057 1537 5110 occurro,
1566 5044 1618 5099 in
1645 5060 1752 5116 quo
1777 5047 2008 5117 primum
2040 5050 2169 5105 mihi

588 5127 827 5183 divinum
861 5128 1096 5187 favorem
1137 5135 1524 5205 propinquasse
1569 5135 1799 5202 conﬁdo,
1850 5140 1991 5209 quod
2029 5156 2170 5197 nunc

590 5220 939 5276 consonantia
971 5222 1024 5276 in
1064 5238 1148 5278 me
1179 5226 1540 5297 augustissimi
1574 5228 1803 5284 nominis
1832 5230 1908 5284 tui
1943 5246 2048 5286 non
2073 5229 2174 5286 du-

588 5314 734 5370 bium
753 5323 973 5384 priestat
991 5317 1269 5383 auxilium,
1287 5328 1346 5373 ut
1368 5318 1506 5374 sicut
1521 5319 1837 5389 praecelsum
1852 5321 2169 5378 vocabulum

588 5407 803 5483 pietatis
830 5416 934 5463 tute
952 5423 1049 5481 per
1074 5410 1354 5467 universas
1375 5421 1564 5483 gentes
1585 5421 1697 5468 toto
1718 5413 1848 5469 orbe
1871 5414 2170 5488 prmfulget,

588 5499 661 5554 ita
681 5514 780 5570 per
792 5501 1149 5559 ministerium
1177 5503 1494 5559 humilitatis
1516 5520 1668 5567 meae.
1686 5507 2172 5579 sicutsemperest,

588 5591 743 5646 sedes
755 5579 1055 5648 beatissimi
1080 5591 1222 5648 Petri
1248 5593 1299 5648 in
1316 5594 1562 5650 universa
1582 5596 1819 5652 Ecclesia
1841 5597 2169 5671 assignatum

588 5683 688 5737 sibi
729 5699 758 5737 a
792 5681 1017 5739 Domino
1049 5686 1159 5741 Deo
1187 5695 1367 5743 teneat
1402 5686 1779 5757 principatum.
1813 5687 1922 5744 Nec
1955 5700 2173 5762 propter

590 5789 752 5827 unum
796 5785 1065 5832 mortuum
1099 5777 1297 5833 diutius
1331 5778 1509 5833 tunica
1552 5778 1636 5831 illa
1673 5776 1971 5834 Salvatoris
2008 5782 2171 5837 desu-

2215 3149 2260 3213 ε
2292 3158 2388 3215 per
2428 3154 2676 3201 contexta
2705 3160 2801 3217 per
2833 3155 3001 3204 totum
3042 3150 3198 3207 matre
3225 3152 3390 3209 sortis
3423 3155 3651 3224 patiatur
3680 3156 3807 3209 incer-

2287 3242 2421 3297 tum,
2452 3249 2572 3305 quae
2603 3236 2714 3291 sola
2746 3237 2798 3291 in
2831 3239 3221 3296 discussionem
3250 3257 3349 3312 pro
3378 3243 3631 3301 ﬁrmitate
3652 3247 3718 3301 sui
3743 3261 3807 3299 re.

2285 3325 2402 3381 nire
2442 3342 2547 3382 non
2584 3330 2792 3398 potuit,
2845 3333 3137 3389 serenitate
3185 3342 3277 3389 tua
3316 3337 3586 3408 praecipue
3617 3339 3808 3407 rempnb.

2284 3415 2635 3485 gubernante.
2669 3416 2766 3474 Cui
2806 3421 2968 3474 etiam
3006 3420 3059 3475 in
3100 3423 3308 3491 privata
3336 3424 3450 3480 vita
3503 3434 3666 3480 tamen
3704 3428 3806 3480 circa

2282 3506 2510 3563 sincerae
2541 3509 2816 3581 religionis
2843 3514 3081 3568 studium
3109 3514 3231 3581 fuit,
3257 3524 3318 3570 ut
3341 3517 3485 3572 sicut
3513 3517 3644 3572 fama
3663 3518 3805 3572 certis-

2282 3596 2418 3652 sime
2463 3595 2797 3664 celebravit,
2838 3616 2998 3658 nemo
3040 3604 3212 3676 magis
3255 3604 3340 3660 vel
3384 3605 3528 3663 inter
3571 3607 3804 3679 puccipuos

2282 3690 2593 3746 sacerdotes
2632 3692 2881 3762 pradian
2912 3709 2942 3750 a
2991 3697 3194 3753 sanctis
3228 3696 3483 3755 Patribus
3520 3699 3706 3770 regulas
3729 3699 3802 3753 Ec-

2280 3778 2459 3834 clesiae
2510 3782 2810 3838 custodisse
2856 3783 3087 3841 dicatur.
3136 3786 3287 3855 Quod
3331 3798 3576 3846 sanetum
3621 3788 3801 3844 studium

2280 3889 2404 3928 cum
2443 3874 2723 3944 majestate
2749 3880 2956 3951 imperii
2985 3885 3224 3940 crevisse
3251 3886 3593 3944 conﬁdimus.

2349 3964 2479 4021 Car.
2519 3966 2559 4021 l.
2599 3966 2894 4040 Legatione
2942 3974 3125 4046 itaque
3160 3975 3438 4050 fungimur
3477 3995 3572 4052 pro
3606 3980 3800 4037 Christo.

2280 4071 2379 4111 nec
2419 4071 2514 4113 eos
2548 4070 2772 4130 propter
2813 4061 3163 4122 offensionem
3207 4069 3291 4125 vel
3333 4072 3638 4128 scandalum
3676 4070 3800 4142 patia-

2279 4145 2410 4200 mini
2456 4147 2670 4217 publiee
2708 4152 3011 4220 nominari,
3047 4170 3276 4226 quorum
3332 4163 3529 4217 merita
3569 4159 3647 4216 vel
3689 4167 3799 4214 actius

2279 4231 2426 4289 illum
2453 4235 2687 4306 iudicem
2722 4239 2891 4296 latere
2917 4258 3021 4298 non
3048 4258 3306 4316 possunt,
3339 4248 3392 4304 in
3424 4251 3574 4319 cujus
3593 4248 3688 4319 jam
3709 4254 3798 4302 sunt

2268 4320 2475 4393 judicio
2501 4328 2799 4385 constituti.
2835 4330 2948 4388 Nec
2990 4332 3098 4390 illic
3129 4349 3190 4391 se
3226 4346 3421 4408 pmest
3457 4341 3741 4395 interserere
3758 4338 3795 4389 in

2276 4428 2507 4485 corpore
2557 4418 2774 4474 mortali
2824 4420 3002 4478 adhuc
3048 4427 3336 4483 temeraria
3373 4429 3728 4500 praesumptio,
3756 4428 3793 4482 in

2203 4502 2257 4564 Β
2280 4517 2385 4574 quo
2413 4520 2520 4561 non
2565 4507 2738 4564 solum
2765 4511 3034 4569 confessio
3070 4514 3199 4572 facit
3231 4530 3417 4589 aperta
3449 4522 3630 4577 merita
3660 4520 3797 4587 singu-

2277 4593 2481 4662 lorum,
2524 4598 2617 4653 sed
2662 4600 2824 4655 etiam
2871 4602 3070 4660 silentii
3117 4606 3287 4679 ipsius
3329 4625 3434 4666 non
3478 4620 3643 4682 potest
3674 4610 3794 4665 latere

2276 4696 2564 4743 secretum.
2595 4688 2834 4763 Namque
2873 4703 2929 4752 et
2953 4697 3319 4768 praedecessor
3340 4713 3522 4759 noster
3542 4718 3662 4775 papa
3685 4701 3791 4756 Felit

2276 4786 2331 4832 et
2366 4777 2530 4835 etiam
2563 4779 2795 4839 Aeacius
2830 4783 2938 4841 illic
2981 4790 3173 4857 procul
3210 4790 3374 4847 dubio
3402 4806 3526 4850 sunt
3559 4795 3639 4851 ubi
3672 4808 3792 4847 unus-

2275 4866 2504 4939 quisque
2549 4872 2649 4926 sub
2691 4880 2839 4930 tanto
2888 4874 3071 4946 judice
3121 4893 3231 4935 non
3275 4891 3455 4954 potest
3498 4885 3701 4956 perdere
3731 4881 3788 4935 sui

2276 4959 2453 5012 meriti
2485 4960 2817 5030 qualitatem.

2345 5046 2412 5103 ll.
2452 5048 2633 5122 itaque
2658 5067 2908 5115 monente
2933 5074 3030 5116 nos
3054 5061 3365 5123 beatissimo
3381 5065 3642 5138 Apostolo,
3660 5076 3789 5134 neque

2275 5141 2350 5197 sit
2378 5143 2432 5197 in
2456 5144 2556 5200 hoc
2583 5146 2962 5206 ochndiculmu
2992 5155 3043 5208 in
3074 5154 3333 5225 Ecclesia,
3355 5158 3480 5215 dum
3507 5160 3635 5231 quod
3658 5158 3787 5213 latere

2218 5304 2227 5315 .
2277 5244 2384 5286 non
2425 5248 2710 5304 possumus
2746 5240 2810 5293 de
2847 5240 2928 5297 his
2955 5244 3044 5313 qui
3085 5242 3198 5313 jam
3243 5249 3568 5305 transierunt
3598 5248 3786 5318 judicare

2278 5339 2569 5391 conemur,
2609 5330 3003 5387 observandum
3065 5351 3187 5393 esse
3231 5340 3582 5411 tranquillitas
3619 5347 3690 5392 tua
3723 5351 3783 5388 r0-

2277 5425 2521 5485 gnoscat.
2543 5418 2634 5473 Ait
2653 5421 2795 5476 enim
2822 5423 2887 5479 de
2908 5423 2992 5480 bis
3014 5425 3103 5496 qui
3129 5427 3195 5482 de
3220 5429 3379 5485 rebus
3397 5432 3461 5487 ad
3486 5431 3636 5485 Deum
3654 5424 3782 5482 solum

2278 5507 2674 5577 pertinentibus
2715 5509 2959 5581 judicare
3006 5529 3338 5588 praesumunt
3380 5535 3395 5575 :
3440 5540 3457 5575 ι
3493 5518 3643 5575 Nemo
3678 5514 3781 5570 enim

2280 5607 2523 5652 nostrum
2554 5598 2656 5655 sibi
2697 5602 2857 5670 vivit,
2885 5612 2941 5658 et
2984 5619 3142 5662 nemo
3173 5617 3411 5666 nostrum
3448 5610 3542 5665 sibi
3589 5606 3775 5663 moritur-

2281 5687 2407 5744 Sive
2431 5689 2574 5744 enim
2605 5691 2833 5750 vivimus
2871 5694 2983 5751 sive
3014 5698 3290 5765 morimur,
3323 5699 3524 5755 Domini
3552 5696 3777 5755 sumus.lll

2282 5783 2383 5836 hoc
2413 5781 2557 5835 enim
2587 5781 2831 5841 Christus
2873 5790 3168 5845 resurrexit
3196 5808 3226 5845 a
3259 5791 3498 5857 n:or;uis,
3528 5802 3578 5844 ut
3600 5796 3646 5843 et
3668 5783 3773 5837 viro-
