3974 6430
109 418 218 475 989

1292 406 1778 465 DECRE'I'ALIUII
1813 404 2207 463 COELECTIO,

3277 409 3380 469 990

107 546 233 584 rum
255 541 310 581 et
333 533 665 581 mortuorum
688 521 1008 577 dominetur.
1036 521 1112 576 Tu
1135 530 1313 577 autem
1335 521 1690 590 quidjudicas
1718 527 1764 586 Α
1796 529 1898 581 tus,
1950 520 1994 584 si
2044 535 2148 590 qua
2179 520 2385 574 viscera
2437 520 2811 577 miserationes
2865 523 3078 594 implete
3124 529 3379 596 gaudium

107 622 338 675 fratrem
361 625 531 679 tuum,
548 617 820 683 autquare
834 613 1044 682 spernis
1064 611 1284 667 fratrem
1303 613 1477 667 tuum?
1493 611 1694 668 Omnes

105 708 276 781 245
315 707 577 762 stabimus
618 711 744 758 ante
781 702 1014 757 tribunal
1042 701 1262 756 Christi.
1307 701 1576 771 Scriptum
1611 707 1694 753 est

106 802 256 853 enim
304 816 317 850 :
367 814 384 846 ι
438 795 570 848 Vivo
617 808 715 864 ego
760 792 891 846 dicit
939 791 1218 856 Dominus,
1262 792 1511 860 quoniam
1561 789 1691 844 mihi

107 890 358 944 ﬂectetur
401 897 560 939 omne
606 898 744 953 genu
800 890 855 937 et
900 881 1077 936 omnis
1126 881 1301 951 lingua
1349 880 1694 936 conﬁtebitur

107 981 246 1035 Deo.
275 979 458 1045 Itaque
485 973 852 1044 unusquisque
900 986 998 1041 pro
1023 986 1080 1026 se
1111 973 1316 1026 ratione
1346 972 1531 1026 reddet
1557 972 1688 1026 Deo.

107 1071 231 1124 Non
295 1083 422 1137 ergo
480 1065 708 1136 amplius
765 1064 994 1118 invicem
1054 1063 1380 1134 judicemus,
1434 1065 1530 1118 sed
1589 1064 1693 1120 hoc

99 1161 344 1230 judicate
386 1158 558 1227 magis
603 1171 672 1210 ne
724 1155 936 1224 ponatis
987 1153 1362 1210 oll'endicnlum
1411 1153 1563 1210 fratri
1607 1157 1692 1212 vel

109 1252 423 1308 scandalum
458 1249 637 1321 (Rom.
675 1265 785 1312 Juv,
814 1248 983 1320 7-14).
1026 1268 1046 1302 ι
1081 1233 1261 1305 Monet
1299 1251 1462 1320 igitur
1502 1251 1693 1306 beatus

105 1344 402 1414 Apostolus
429 1357 494 1397 ne
524 1343 589 1396 de
620 1341 702 1396 bis
730 1341 884 1395 nobis
923 1356 1310 1411 przesumamus
1329 1342 1589 1410 judicium
1625 1343 1693 1397 de

109 1436 312 1505 quibus
337 1449 491 1489 nemo
512 1441 689 1504 potest
723 1433 911 1487 melius
946 1432 1028 1486 vel
1056 1435 1238 1488 verius
1261 1433 1504 1502 judicare
1527 1449 1690 1504 quam

109 1527 276 1590 Deus,
317 1525 417 1580 sibi
458 1526 513 1580 in
553 1525 655 1580 hoc
685 1524 951 1594 quispiam
992 1527 1306 1580 temerarios
1346 1541 1508 1581 ausus
1538 1543 1692 1580 usur-

106 1627 226 1687 pet,
259 1625 313 1672 et
341 1625 558 1686 propter
589 1617 691 1671 hoc
715 1632 815 1685 pax
843 1627 1004 1686 atque
1037 1618 1216 1671 unitas
1248 1617 1503 1672 Ecclesia:
1532 1618 1692 1672 dissi-

106 1717 289 1777 petur.
337 1704 468 1760 Nam
509 1717 564 1761 et
605 1706 654 1760 in
701 1707 1006 1777 Regnorum
1049 1706 1186 1763 libro
1230 1708 1465 1764 dicitur:
1510 1728 1528 1761 ι
1575 1708 1690 1764 Non

105 1797 380 1867 quomodo
411 1797 554 1851 videt
576 1797 758 1861 homo,
782 1798 928 1851 videt
949 1806 1002 1851 ct
1029 1797 1190 1862 Deus,
1210 1799 1333 1869 quia
1359 1800 1520 1854 homo
1546 1800 1693 1856 videt

1797 626 1997 674 meum,
2042 621 2100 664 ut
2156 611 2384 679 idipsum
2411 612 2604 668 dicatis
2627 628 2816 670 omnes
2855 618 3096 670 eamdem
3143 620 3383 672 charita-

1797 709 1903 754 tem
1943 701 2203 756 habentes
2236 702 2367 756 nihil
2401 716 2496 774 per
2517 707 2910 760 contentionem
2937 724 3108 777 neque
3133 725 3230 778 per
3262 712 3383 765 ina-

1795 805 1914 843 nem
1952 791 2200 861 gloriam,
2227 793 2319 846 sed
2341 793 2394 846 in
2429 793 2732 850 humilitate
2765 799 2960 853 mentis
2985 800 3213 854 invicem
3237 804 3384 855 testi-

1795 895 2005 939 mantcs
2066 887 2370 955 semetipsis
2411 889 2718 958 superiores
2759 906 2862 944 non
2906 907 3001 945 sua
3045 893 3239 964 singuli
3298 909 3382 948 rc-

1793 981 2104 1050 spicientcs,
2133 982 2226 1036 sed
2253 982 2478 1036 aliorum
2511 981 2678 1042 (Phil.
2707 999 2768 1045 ll.
2804 985 2942 1054 1-5).
2977 1003 2998 1037 ›

1863 1072 1928 1126 V.
1971 1072 2084 1130 IIoc
2137 1083 2317 1130 tamen
2368 1076 2638 1145 prmcipne
2684 1077 2897 1132 insinuo
2949 1077 3225 1132 serenitati
3279 1085 3383 1132 tua!

1792 1161 2194 1233 gloriosissima:
2219 1171 2274 1217 et
2303 1162 2758 1228 elementissimm,
2791 1164 2861 1218 ﬁli
2887 1165 3148 1236 Auguste,
3173 1175 3235 1220 ut
3259 1180 3382 1218 eum

1791 1267 1969 1307 causa:
2002 1253 2490 1308 Alexandrinorum
2529 1254 2806 1324 patuerint
2855 1255 3112 1325 piissimis
3160 1256 3385 1310 auribus

1793 1345 2010 1408 vestris,
2039 1343 2103 1398 ad
2133 1345 2454 1399 catholicam
2490 1353 2546 1400 et
2587 1345 2851 1400 sinceram
2885 1347 3042 1402 fidem
3074 1362 3168 1403 eos
3197 1356 3383 1402 aucto-

1793 1434 1979 1498 ritate,
2029 1435 2314 1504 sapientia,
2357 1436 2898 1506 divinisquevestris
2940 1439 3160 1493 monitis
3208 1439 3385 1493 redire

1792 1521 2002 1578 faciatis
2031 1542 2042 1576 :
2079 1539 2199 1577 nam
2231 1525 2356 1594 quid
2389 1526 2675 1580 tenendum
2708 1525 2779 1580 sit
2823 1526 2872 1579 in
2917 1526 3174 1598 religione
3196 1528 3384 1583 catho—

1791 1611 1889 1668 lica
1917 1616 2210 1669 secumlum
2237 1615 2454 1671 definita
2481 1615 2699 1671 Patrum
2728 1626 2784 1673 et
2805 1618 3240 1688 prmdicationem
3266 1635 3384 1674 om—

1791 1703 1939 1757 nium
1978 1705 2315 1758 sacerdotum
2359 1704 2451 1774 qui
2488 1705 2541 1759 in
2569 1705 2807 1761 Ecclesia
2855 1705 3172 1773 floruerunt,
3199 1709 3240 1763 si
3273 1709 3375 1762 hoc

1790 1807 2003 1862 quoque
2043 1794 2406 1864 praeceperitis
2445 1795 2736 1850 scientibus
2766 1796 2820 1851 in
2855 1798 3170 1852 memoriam
3202 1808 3386 1853 trans-

105 1887 166 1941 in
199 1885 352 1949 facie,
382 1886 521 1940 Deus
549 1895 725 1940 autem
753 1887 896 1940 videt
925 1886 976 1940 in
1004 1887 1163 1942 corde
1189 1888 1236 1956 (Ι
1262 1887 1387 1958 Reg.
1416 1903 1526 1954 xvr,
1553 1889 1627 1960 7).
1662 1907 1680 1940 ι
1718 1888 1763 1948 Β
1793 1885 2054 1939 mittendo
2103 1887 2479 1940 renovabintus
2525 1886 2894 1956 ignorantibus
2940 1889 3005 1941 ad
3064 1890 3378 1944 discendum

103 1978 243 2033 Item
284 1978 338 2032 in
379 1977 825 2048 Paralipomenon
861 1978 997 2032 libro
1032 1979 1249 2047 primo:
1286 1998 1306 2031 ι
1350 1980 1417 2035 Ει
1454 1995 1618 2046 nunc,
1656 1995 1690 2036 ο

107 2069 365 2125 Salomon
395 2069 530 2122 scito
561 2069 728 2123 Deum
761 2069 978 2124 Patrum
1005 2078 1239 2136 tuorum,
1276 2079 1331 2125 et
1359 2073 1500 2126 servi
1534 2072 1605 2127 illi
1637 2072 1688 2125 in

107 2157 272 2214 corde
296 2156 533 2228 perfecto
559 2165 615 2212 et
647 2157 699 2212 in
731 2158 912 2212 animo
945 2156 1203 2226 perfecto,
1231 2169 1287 2214 ct
1319 2159 1371 2214 in
1397 2161 1578 2214 animo
1601 2173 1692 2214 vo-

104 2249 275 2311 lente,
307 2248 560 2318 quoniam
591 2247 770 2302 omnia
803 2249 965 2303 corda
995 2258 1267 2303 scrutatur
1305 2249 1445 2304 Deus
1485 2260 1539 2305 et
1578 2263 1692 2304 om-

105 2355 235 2396 nem
257 2341 634 2411 cogitationem
671 2341 820 2394 novit
848 2339 899 2405 (I
928 2339 1056 2393 Par.
1086 2356 1278 2407 xxvnt,
1301 2341 1376 2409 9).
1408 2361 1426 2393 ι
1465 2341 1598 2396 Item
1638 2341 1691 2396 in

104 2432 392 2488 Ezechiele
432 2432 546 2487 lucc
589 2433 720 2486 dicit
762 2431 1020 2486 Dominus
1060 2431 1202 2486 Deus
1237 2449 1250 2486 :
1302 2450 1320 2484 ι
1366 2431 1420 2488 Si
1461 2432 1688 2496 dixistis,

105 2525 306 2579 domus
331 2523 514 2586 Israel,
538 2531 591 2576 et
613 2523 968 2594 cogitationes
999 2523 1217 2594 spiritus
1242 2522 1426 2588 vestri,
1451 2538 1548 2593 ego
1571 2522 1691 2576 novi

106 2615 331 2686 (Ezech.
363 2631 438 2679 tu,
467 2613 545 2683 5).
583 2634 601 2667 ι
641 2615 794 2671 Unde
833 2626 889 2670 et
924 2617 990 2670 dc
1028 2616 1254 2671 Domino
1288 2614 1468 2684 judice
1500 2616 1694 2670 dicitur

106 2705 162 2759 in
215 2704 553 2775 Evangelia:
603 2721 621 2757 ι
670 2704 860 2760 Sciens
913 2716 1092 2760 autem
1136 2705 1293 2760 Jesus
1341 2705 1694 2776 cogitationes

103 2812 299 2853 eorum
325 2797 494 2850 dixit:
527 2795 663 2864 Quid
686 2797 932 2869 cogitatis
961 2798 1097 2852 mala
1128 2799 1182 2853 in
1211 2798 1466 2854 cordibus
1497 2797 1695 2854 vestris

107 2887 325 2958 (Matth.
350 2903 424 2952 ιχ,
450 2887 528 2956 4).
563 2905 579 2938 ι

179 2977 268 3032 III.
306 2978 600 3033 Precamur
629 2978 809 3048 itaque
835 2979 1173 3035 dilectionem
1210 2988 1468 3041 vestram.
1498 2989 1555 3034 ut
1581 2995 1697 3050 spc-

104 3068 320 3123 cialitcr
360 3083 558 3124 nomen
604 3077 846 3124 taceatur
874 3070 1074 3133 Acacii,
1132 3079 1190 3124 ut
1219 3071 1360 3140 quod
1410 3071 1591 3126 multis
1628 3085 1694 3126 ex

104 3160 294 3216 causis
328 3160 640 3214 scandalum
671 3160 752 3215 vel
778 3159 1154 3216 oll'endiculum
1186 3162 1434 3217 Ecclesia:
1459 3163 1696 3218 concita-

1788 1989 1886 2044 pro
1928 1973 2101 2029 oiIicio
2142 1984 2339 2030 nostrae
2386 1976 2758 2033 instructionis
2798 1978 3105 2043 oll‘ercmus,
3148 1991 3208 2034 ut
3235 1980 3378 2034 nulla

1787 2075 1942 2122 extra
1963 2067 2078 2122 haec
2100 2067 2434 2139 ingeniorum
2453 2069 2714 2137 jactantia
2738 2070 2818 2126 vel
2845 2072 3082 2140 pravitas
3105 2073 3377 2126 audiatur.

1861 2158 1950 2214 VI.
1984 2159 2117 2213 Illud
2140 2174 2269 2216 vero
2290 2160 2611 2229 peculiarius
2634 2176 2730 2230 pro
2752 2175 2938 2216 amore
2964 2163 3174 2232 imperii
3209 2163 3374 2218 vestri

1790 2259 1846 2306 et
1884 2251 2215 2308 beatitudine
2256 2267 2374 2322 quae
2411 2254 2668 2323 consequi
2718 2253 2956 2323 potuerit
3006 2255 3244 2324 regimen
3284 2268 3384 2324 pro

1791 2343 2090 2414 apostolico
2129 2343 2393 2399 beneficio
2437 2346 2815 2414 praedicamus,
2843 2353 2901 2399 ut
2941 2342 3083 2400 sicut
3129 2344 3284 2400 decet
3327 2352 3385 2399 et

1793 2433 2027 2505 Spiritus
2046 2443 2264 2489 sanctus
2277 2434 2442 2488 dictat
2457 2434 2676 2489 monitis
2695 2434 2894 2490 nostris
2917 2434 3228 2490 obedientia'
3247 2449 3385 2503 pra:-

1791 2526 2006 2588 bcatur,
2035 2534 2096 2580 ut
2125 2526 2264 2580 bona
2294 2525 2475 2579 omnia
2507 2534 2740 2579 vestram
2778 2525 3159 2595 rempublicam
3189 2537 3382 2579 conse-

1793 2626 2048 2687 quantur,
2091 2616 2232 2670 sicut
2277 2615 2331 2670 in
2372 2615 2558 2669 Exodo
2593 2615 2968 2684 promittitur:
3003 2633 3019 2665 ι
3057 2614 3112 2669 Si
3145 2614 3383 2668 audieris

1793 2725 1978 2765 vocem
2010 2708 2216 2763 Domini
2244 2707 2334 2762 Dei
2369 2709 2466 2771 tui,
2489 2715 2544 2761 et
2577 2722 2696 2776 qua:
2731 2707 2946 2777 placent
2980 2705 3027 2760 ei
3065 2705 3258 2760 feceris
3289 2697 3386 2760 co-'

1793 2815 1908 2856 ram
1942 2800 2077 2870 ipso,
2110 2806 2167 2854 et
2207 2797 2477 2853 obedieris
2507 2798 2791 2868 praeceptis
2825 2795 2940 2866 ejus
2971 2804 3026 2851 et
3063 2795 3384 2850 custodieris

1791 2904 2008 2945 omnem
2057 2889 2325 2958 justitiam
2361 2887 2501 2957 ejus,
2547 2902 2762 2942 omnem
2809 2886 3178 2941 infirmitatem
3222 2900 3382 2956 quam

1795 2981 2079 3051 importari
2123 2979 2392 3052 Egyptiis
2421 2995 2524 3035 non
2556 2979 2858 3050 importabo
2899 2977 2952 3033 in
2981 2987 3054 3034 te.
3097 2978 3210 3049 Ego
3237 2977 3380 3032 enim

1798 3074 2054 3129 Dominus
2087 3089 2225 3135 sum,
2251 3073 2344 3142 qui
2377 3072 2582 3128 salvum
2619 3071 2758 3126 facio
2784 3079 2837 3126 te
2871 3070 3066 3141 (Exod.
3093 3085 3186 3133 xv,
3211 3070 3322 3139 27).
3355 3089 3374 3122 ι

1795 3163 1863 3218 Ει
1891 3163 1998 3216 illic
2030 3164 2221 3217 iterum
2256 3165 2381 3218 tuba
2436 3161 2808 3231 potentissima
2858 3159 3090 3214 canitur.
3130 3176 3148 3209 ι
3191 3157 3377 3221 Nunc,

104 3250 205 3313 vit,
235 3249 467 3318 'speciali
509 3250 863 3319 appeilatione
895 3261 1150 3315 taceatur,
1194 3266 1340 3316 cum,
1371 3252 1511 3307 sicut
1551 3252 1690 3306 dixi-
1720 3233 1763 3295 (ἶ
1794 3252 1976 3318 Israel,
2014 3253 2142 3322 quid
2167 3252 2424 3306 Dominus
2453 3252 2596 3306 Deus
2636 3259 2756 3304 tuus
2792 3248 3028 3320 postulat
3061 3261 3092 3301 a
3133 3256 3183 3302 te
3213 3246 3379 3309 alLud,

103 3355 255 3407 mus,
299 3341 349 3392 in
382 3340 730 3409 generalitate
760 3341 1098 3396 sacerdotum
1129 3341 1546 3412 uniusmtjusque
1583 3358 1693 3398 tue-

104 3430 277 3484 ritum
312 3428 460 3483 illum
489 3429 654 3484 latere
680 3445 785 3484 non
817 3432 1004 3501 possit,
1045 3432 1134 3502 qui
1164 3433 1310 3486 novit
1337 3433 1465 3502 quid
1503 3434 1694 3504 cuique

108 3519 455 3574 tribuendum
495 3520 584 3586 sit,
625 3534 722 3590 pro
753 3521 1016 3575 mstimata
1053 3522 1452 3592 dispensatione
1478 3523 1697 3576 merito-

106 3627 255 3676 rum,
293 3611 377 3665 cui
416 3612 514 3666 soli
547 3613 904 3683 cogitationes
940 3628 1152 3683 quoque
1201 3613 1498 3669 manifestae
1545 3623 1690 3669 sunt.

105 3697 357 3764 Quantos
402 3715 527 3754 vero
553 3716 807 3756 excessus
831 3711 990 3773 atque
1019 3703 1462 3773 praesumptiones
1495 3703 1695 3758 habue-

106 3789 183 3843 rit
211 3790 441 3846 Aeacius
465 3804 533 3846 ne
560 3793 857 3848 clementiae
890 3802 994 3849 tua:
1023 3810 1312 3865 suggerere
1352 3810 1447 3864 per
1486 3797 1694 3867 singula

104 3880 344 3936 fortasse
391 3883 638 3937 videatur
683 3898 1004 3950 onerosum,
1060 3884 1352 3940 Cresconio
1400 3885 1483 3940 vel
1529 3888 1692 3942 etiam

106 3969 387 4026 Germano
421 3970 680 4028 fratribus
715 3983 768 4028 et
809 3974 1142 4044 coepiscopis
1187 3976 1340 4038 meis,
1371 3990 1508 4044 quos
1547 3975 1698 4029 misi-

107 4078 237 4123 mus
268 4062 335 4116 ad
368 4065 713 4118 serenitatem
751 4074 896 4118 tuam
926 4067 992 4120 de
1015 4067 1192 4120 causis
1231 4066 1455 4136 singulis
1513 4065 1695 4121 Acacii

106 4152 292 4224 qualis
348 4152 510 4208 fuerit
564 4155 974 4210 instructionem
1028 4157 1394 4226 plenissimam
1449 4157 1697 4212 dedinms

109 4244 414 4298 clementia:-
451 4255 670 4311 vestrae,
713 4247 998 4316 specialius
1036 4247 1463 4312 recensendam,
1501 4248 1546 4302 si
1594 4247 1697 4303 hoc

107 4336 300 4405 pietati
330 4342 431 4390 tua:
460 4335 716 4406 placuerit
751 4339 1018 4393 curiosius
1043 4338 1315 4408 indagare,
1349 4353 1412 4394 ne
1443 4340 1495 4393 in
1521 4339 1698 4408 aliquo

108 4424 475 4493 suggestionis
503 4436 698 4481 nostra:
724 4427 940 4493 veritas,
969 4427 1199 4482 defuisse
1226 4428 1491 4490 videatur,
1525 4436 1581 4480 ut
1602 4440 1700 4499 pro

109 4515 298 4568 divina
327 4516 587 4584 sapientia
613 4525 790 4571 vestra
834 4519 1113 4588 perspicue
1141 4518 1321 4573 videre
1346 4517 1563 4589 possitis
1591 4531 1696 4571 non

109 4602 368 4671 superbia
412 4604 492 4659 vel
533 4604 764 4661 elatione
808 4607 953 4662 sedis
994 4608 1300 4676 apostolica:
1342 4607 1394 4662 in
1439 4607 1695 4661 Acacium

113 4696 280 4750 talem
311 4698 638 4766 processisse
666 4700 1004 4764 sententiam,
1037 4699 1130 4753 sed
1176 4698 1504 4754 facinoribus
1533 4697 1698 4753 certis

110 4798 378 4856 quantum
421 4803 520 4842 nos
566 4787 692 4844 illud
732 4787 993 4856 judicium
1039 4790 1182 4860 quod
1224 4789 1395 4844 solum
1437 4788 1546 4843 falli
1591 4801 1698 4844 non

112 4887 294 4949 potest
317 4878 644 4933 restimamus
677 4880 790 4934 zelo
821 4880 990 4950 magis
1015 4881 1307 4936 divinitatis
1336 4890 1625 4938 extortam.

185 4966 279 5021 IV.
321 4965 425 5022 Nos
450 4983 576 5022 vero
599 4970 874 5024 Immilitcr
894 4969 1253 5041 supplicantes
1276 4971 1696 5027 controversiam

114 5060 174 5114 in
207 5058 446 5114 Ecclesia
493 5076 774 5117 remanere
809 5062 1077 5129 nolumus,
1125 5078 1246 5118 cum
1289 5064 1460 5135 magis
1486 5064 1702 5119 vitanda

115 5151 397 5206 contentio
436 5151 509 5206 sit
548 5151 687 5206 sicut
728 5153 923 5209 dicitur
965 5153 1017 5208 in
1060 5155 1401 5225 proverbiis:
1443 5174 1462 5208 ι
1509 5154 1702 5212 Odium

116 5241 348 5296 suscitat
373 5243 645 5298 contentio
685 5241 865 5314 (Prov.
896 5259 951 5310 x,
979 5246 1086 5318 12).
1125 5265 1145 5299 ›
1178 5246 1376 5302 Omnes
1403 5257 1582 5303 autem
1610 5249 1700 5320 qui

115 5348 227 5387 non
261 5335 612 5397 contendunt,
653 5336 886 5406 protegit
917 5337 1094 5391 anima
1133 5354 1247 5393 mea
1279 5341 1532 5395 amicitia.
1567 5340 1702 5395 Nam

117 5429 178 5477 ct
213 5421 500 5490 Apostolus
531 5423 595 5476 ad
631 5423 936 5480 Corinthios
969 5439 983 5478 :
1021 5443 1039 5477 ι
1074 5426 1206 5481 Cum
1242 5428 1383 5483 enim
1423 5429 1530 5484 sint
1565 5429 1706 5484 inter

119 5526 220 5566 vos
241 5512 609 5568 aemulationes
628 5523 682 5568 ct
704 5517 1093 5582 contentiones,
1118 5533 1293 5573 nonne
1315 5520 1558 5574 carnales
1577 5521 1706 5577 estis

121 5609 179 5655 et
212 5604 506 5657 secundum
538 5604 808 5660 hominem
839 5607 1122 5663 ambulatis
1151 5609 1234 5678 (II
1263 5610 1382 5665 Cor.
1413 5627 1509 5677 xtl,
1535 5612 1646 5682 20).
1680 5633 1698 5666 ι

121 5691 255 5746 Item
283 5691 348 5746 ad
377 5691 775 5765 Philippenses:
799 5716 816 5747 ι
843 5695 898 5752 Si
915 5713 1159 5770 quaergo
1173 5702 1536 5757 consolatioin
1554 5705 1707 5758 Chri-

124 5792 230 5850 sto,
258 5783 299 5837 si
329 5801 429 5854 qua
463 5784 714 5841 allocutio
744 5788 1042 5844 charitatis.
1071 5789 1127 5845 Si
1158 5808 1262 5861 qua
1294 5795 1524 5849 societas
1546 5795 1706 5865 spiri-

1793 3357 1953 3412 quam
1984 3352 2042 3397 ut
2071 3344 2261 3398 timeas
2304 3341 2589 3397 Dominum
2635 3349 2804 3404 tuum,
2833 3347 2888 3394 et
2915 3337 3154 3393 ambules
3182 3337 3234 3391 in
3263 3353 3381 3392 om-

1795 3433 1952 3487 nibus
1997 3432 2096 3486 viis
2137 3433 2270 3502 ejus,
2318 3440 2374 3486 et
2419 3429 2607 3500 diiigas
2654 3444 2799 3495 eum,
2841 3437 2896 3483 et
2925 3427 3128 3483 servias
3157 3427 3384 3481 Domino

1794 3521 1904 3576 Deo
1931 3531 2020 3577 tuo
2049 3538 2113 3576 ex
2147 3531 2258 3575 toto
2282 3520 2443 3575 corde
2469 3529 2522 3574 et
2548 3537 2610 3574 ex
2648 3528 2756 3574 tota
2785 3519 2963 3572 anima
2996 3525 3083 3572 tua
3112 3517 3385 3571 custodire

1793 3623 2057 3684 praecepta
2115 3612 2324 3667 Domini
2379 3611 2471 3665 Dei
2531 3611 2605 3665 tui
2657 3619 2710 3664 ct
2766 3608 3042 3679 jnstilias,
3101 3622 3236 3677 quas
3285 3621 3386 3677 ego

1797 3706 1990 3760 mando
2014 3705 2106 3760 tibi
2131 3704 2308 3775 (Deut.
2341 3717 2395 3767 ς,
2423 3702 2638 3772 12,15).
2677 3720 2694 3754 ι
2721 3700 2846 3756 Haec
2872 3707 3245 3770 suggerentem
3282 3696 3386 3752 fre-

1795 3794 2046 3866 quentius
2088 3811 2192 3850 non
2242 3800 2460 3864 spernat
2505 3793 2674 3862 pietas
2720 3799 2832 3847 tua.
2872 3789 3011 3845 Ante
3051 3789 3233 3844 ocu'os
3267 3798 3388 3843 tuos

1797 3885 2000 3940 habens
2045 3883 2252 3939 Domini
2301 3885 2351 3936 in
2399 3881 2687 3949 Evangelia
2717 3881 2939 3935 verbum
2981 3894 2994 3933 :
3033 3895 3051 3930 ι
3093 3877 3192 3945 Qui
3238 3877 3387 3931 audit

1795 3991 1908 4038 vos,
1943 3991 2030 4030 me
2057 3975 2224 4028 audit.
2254 3973 2322 4027 Et
2345 3972 2435 4041 qui
2463 3987 2558 4026 vos
2583 3969 2810 4040 spernit,
2835 3981 2920 4022 me
2949 3967 3185 4037 spernit;
3219 3976 3273 4021 et
3296 3966 3384 4034 qui

1798 4081 1882 4122 me
1913 4066 2139 4136 spernit,
2172 4063 2375 4135 spernit
2401 4077 2520 4117 eum
2546 4061 2635 4130 qui
2671 4073 2756 4113 me
2785 4059 2929 4114 misit
2952 4057 3103 4130 (Luc.
3135 4072 3193 4123 x,
3224 4057 3330 4125 16).
3364 4074 3381 4107 ι

1799 4157 1932 4212 Nam
1965 4166 2019 4210 ct
2053 4154 2338 4224 Apostolus
2377 4153 2668 4208 concinens
2695 4151 2960 4206 Salvatori
2993 4157 3176 4203 nostro
3207 4148 3278 4201 ita
3313 4146 3388 4199 lo-

1799 4250 2018 4320 quitur:
2054 4264 2072 4298 ι
2104 4247 2439 4314 Quapropter
2462 4244 2552 4313 qui
2593 4243 2707 4298 lucc
2734 4243 2959 4312 spernit,
2985 4259 3088 4296 non
3115 4241 3388 4296 hominem

1801 4342 2027 4411 spernit,
2075 4339 2167 4393 sed
2216 4338 2498 4391 Dominum
2532 4337 2621 4406 qui
2658 4335 2804 4390 dedit
2851 4335 3113 4406 Spiritum
3144 4343 3388 4390 sanctum

1801 4448 1958 4488 suum
2005 4432 2056 4484 in
2101 4431 2252 4485 vobis
2282 4428 2332 4501 (I
2373 4429 2549 4482 Thess.
2587 4443 2658 4491 tv,
2690 4426 2765 4497 8).
2805 4445 2822 4478 ι
2865 4426 3057 4482 Pectus
3092 4425 3392 4480 elementum

1803 4533 1996 4579 vestra:
2027 4525 2321 4578 sacrarium
2350 4531 2432 4576 est
2462 4519 2691 4591 publica:
2723 4517 3012 4580 felicitatis,
3046 4527 3104 4570 ut
3129 4525 3392 4586 praestan-

1805 4619 1876 4673 tia
1917 4624 2122 4681 vestra,
2165 4626 2271 4685 qua
2317 4614 2464 4668 velut
2506 4610 2767 4668 vicarium
2810 4609 3097 4679 praesidere
3136 4609 3296 4678 jussit
3340 4608 3392 4661 in

1806 4708 1988 4772 terris,
2029 4705 2321 4776 evangeliis
2349 4703 2758 4774 apostolicisquc
2792 4699 3070 4769 prarceptis
3115 4713 3218 4752 non
3257 4697 3390 4751 dura

1806 4796 2056 4868 superbia
2103 4797 2336 4859 resistat,
2369 4794 2462 4849 sed
2493 4808 2589 4863 per
2615 4789 2975 4847 obedientiam
3004 4802 3124 4858 quae
3155 4796 3276 4842 sunt
3307 4802 3396 4842 sa-

1729 4909 1742 4917 ~
1806 4887 2044 4950 lutifera,
2071 4886 2462 4956 compleantur.

1880 4977 1990 5032 VII.
2026 4975 2143 5031 Jam
2179 4976 2472 5032 secundum
2506 4972 2758 5030 Ecclesiae
2795 4969 3076 5026 catholica:
3103 4985 3215 5024 con-
3238 4979 3396 5023 netu-

1807 5069 1984 5124 dinem
2032 5067 2456 5123 sacratissimum
2499 5065 2810 5121 serenitatis
2851 5071 2956 5118 tua:
3000 5071 3190 5134 pectus
3234 5076 3400 5132 agno-

1810 5167 1948 5224 scat,
1974 5157 2114 5227 quod
2143 5157 2344 5210 rutilant
2367 5157 2432 5212 de
2460 5155 2542 5210 his
2564 5153 2646 5209 vel
2676 5169 2812 5225 quos
2834 5153 3124 5222 baptizavit
3143 5151 3398 5213 Aeacius,

1810 5246 1893 5301 vel
1921 5262 2056 5317 quos
2085 5246 2412 5307 sacerdotes,
2459 5259 2552 5300 seu
2599 5243 2785 5299 levitas
2829 5242 3123 5298 secundum
3164 5255 3400 5295 canones

1811 5336 2078 5392 ordinavit
2116 5335 2221 5389 ulla
2265 5351 2358 5389 eos
2383 5349 2448 5388 ex
2488 5334 2702 5388 nomine
2729 5331 2908 5388 Acacii
2956 5331 3135 5402 portio
3166 5329 3397 5384 Iazsionis

1812 5433 2060 5502 attingat,
2085 5446 2191 5502 quo
2215 5429 2434 5484 forsitan
2463 5445 2556 5501 per
2585 5429 2825 5499 iniquum
2855 5428 3049 5482 tradita
3073 5422 3397 5481 sacramenti

1812 5525 1980 5593 gratia
2029 5523 2205 5578 minus
2260 5524 2412 5578 firma
2469 5523 2733 5578 videatur.
2788 5521 2922 5577 Nam
2969 5531 3024 5577 ct
3073 5519 3397 5590 baptismum

1810 5615 1950 5682 quod
1983 5614 2166 5684 procul
2209 5613 2268 5668 fit
2309 5615 2375 5669 ab
2418 5614 2656 5670 Ecclesia
2704 5615 2818 5668 sive
2852 5615 2919 5668 ab
2950 5612 3192 5668 adultero
3236 5609 3319 5663 vel
3368 5624 3397 5663 a

1811 5705 1927 5761 fure
1957 5707 2115 5761 fuerit
2158 5706 2336 5760 datum
2382 5706 2448 5760 ad
2492 5706 2875 5776 pereipientcm
2922 5718 3115 5757 munus
3156 5699 3397 5770 pervenit

1811 5796 2089 5861 illibatum,
2123 5797 2242 5867 quia
2275 5814 2369 5851 vox
2422 5798 2507 5849 illa
2541 5813 2657 5867 qua:
2709 5785 2802 5867 per
2847 5795 3148 5850 columbam
3195 5789 3396 5856 sonuit,
