3974 6436
565 438 664 498 99!

1356 423 1641 500 manu
1691 425 1784 490 AD
1814 429 1987 490 sm.
2027 423 2117 488 Ix.
2155 429 2224 473 σέ-
2251 430 2501 488 tsmorn
2541 422 2977 491 MERCM‘ORIS

2602 321 2613 342 τ
2623 324 2662 338 --.
2684 330 2702 339 .-
2715 325 2746 342 ,ι

3735 426 3843 488 993

556 569 774 609 omnem
819 551 1081 609 maculam
1127 553 1307 611 burna.
1329 567 1374 606 a
1417 549 1721 621 pollutionis
1747 547 1998 611 exclusit,
2035 560 2138 614 qua
2169 564 2213 619 Α
2243 544 2389 613 pavit
2412 545 2602 613 egisse,
2630 559 2695 599 ac
2735 545 2959 614 proinde
2989 557 3082 598 eos
3113 551 3352 601 metuere
3381 543 3468 613 Qui
3501 541 3583 596 vel
3620 545 3681 596 in
3715 560 3844 595 mn-

557 643 864 696 dcclaratur
891 655 956 693 ac
982 639 1177 693 dicitur
1203 657 1214 692 :
1253 657 1271 692 ¢
1308 638 1408 693 Hic
1435 648 1520 694 est
1542 639 1632 708 qui
1664 637 1900 706 baptizat
1931 636 1982 688 in
2015 633 2136 700 Spi-

555 732 662 784 ritu
691 739 746 784 et
793 729 918 800 igne
957 728 1141 799 (Joan.
1184 744 1224 794 I,
1270 729 1382 800 33).
1417 748 1435 781 ι
1491 728 1623 783 Nam
1669 729 1714 783 si
1742 727 1968 783 visibilis
2007 725 2140 780 solis

559 819 716 873 istius
737 817 872 872 radii
902 832 1024 873 cum
1054 831 1151 886 per
1179 817 1292 873 loca
1325 818 1660 874 fatidissima
1685 827 1964 873 transeunt
1993 815 2138 870 nulla

554 916 837 962 contactus
873 907 1240 977 inquinatione
1271 908 1629 970 maculantur,
1668 906 1837 961 multo
1876 906 2046 975 magis
2077 903 2140 957 ilo

556 994 661 1048 lius
693 996 782 1064 qui
818 995 978 1050 istum
1020 995 1284 1050 visibilem
1329 996 1460 1049 fecit
1498 995 1671 1050 virtus
1715 994 1858 1048 nulla
1905 990 2138 1047 ministri

558 1083 872 1153 .ndignitate
900 1085 1310 1154 constringitur.
1361 1083 1494 1138 Nam
1542 1093 1597 1138 et
1635 1083 1801 1138 Judas
1827 1097 1948 1136 cum
1978 1081 2140 1134 fuerit

556 1174 850 1243 sacrilegus
892 1183 1053 1242 atque
1097 1173 1200 1238 for,
1233 1174 1490 1243 quidquid
1534 1173 1645 1244 egit
1689 1174 1831 1227 inter
1873 1175 2140 1241 apostolos

555 1276 654 1330 pro
676 1263 933 1333 dignitate
970 1263 1259 1318 commissa
1299 1264 1558 1318 beneficia
1586 1279 1682 1333 per
1713 1263 1986 1331 indignum
2017 1260 2141 1313 data

558 1351 701 1405 nulla
731 1367 798 1406 ex
842 1353 944 1406 hoc
971 1351 1292 1406 detrimenta
1340 1361 1647 1417 senserunt,
1685 1352 1995 1406 declarante
2041 1351 2142 1404 hoc

558 1442 730 1511 ipsum
757 1440 981 1496 Domino
1004 1442 1437 1496 manifestissima
1468 1457 1596 1498 voce
1616 1459 1631 1496 :
1655 1459 1673 1493 ι
1697 1441 1920 1506 Scriba,
1944 1441 2140 1511 inquit,

557 1541 610 1586 et
640 1531 894 1586 Pharisai
926 1547 1088 1602 super
1119 1533 1434 1587 cathedram
1458 1532 1622 1604 Moysi
1655 1533 1877 1598 sedent;
1915 1547 2034 1602 qua
2064 1534 2144 1587 di-

559 1628 688 1673 cunt
728 1618 911 1684 facite,
940 1633 1060 1690 qua
1085 1629 1263 1675 autem
1308 1619 1513 1675 faciunt
1539 1619 1702 1675 nolite
1726 1619 1926 1685 facere,
1958 1621 2145 1675 dicunt

557 1710 702 1763 cutim
749 1719 806 1763 et
849 1726 952 1764 non
1001 1709 1204 1765 faciunt
1233 1709 1448 1782 (Matth.
1491 1725 1652 1775 χχιιι,
1687 1711 1766 1780 5).
1810 1728 1830 1761 ι
1875 1709 2144 1779 Quidquid

558 1815 690 1868 ergo
728 1800 792 1853 ad
822 1801 1090 1854 hominem
1121 1799 1417 1869 perfectum
1445 1799 1669 1870 quilibet
1698 1798 1750 1853 in
1779 1798 2006 1854 ecclesia
2041 1799 2150 1851 mis

2241 636 2634 690 secrationibus
2689 635 2772 689 vel
2829 635 2880 690 in
2941 635 3262 703 baptismate
3317 635 3567 704 mysteria
3642 636 3846 687 tradita

2242 732 2624 794 susceperunt,
2671 737 2738 779 ne
2786 725 2938 778 irrita
2987 723 3247 778 beneficia
3295 724 3472 777 divina
3513 725 3840 778 videantur.

2243 812 2583 870 Meminerint
2613 816 2663 870 in
2689 815 2792 870 hac
2815 830 3026 884 quoque
3053 824 3206 884 parte
3247 813 3492 869 similiter
3534 823 3842 868 tractaturo

2242 904 2532 974 pravaler'e
2570 907 2921 975 superiorem,
2954 906 3075 974 quia
3103 915 3208 958 non
3235 905 3355 959 sine
3380 905 3721 974 usupatione
3751 921 3845 958 no-

2243 995 2403 1050 minis
2426 997 2709 1051 sacerdotii
2733 996 3066 1066 adjudicatus
3087 997 3189 1050 hoc
3212 995 3337 1066 egit,
3363 996 3415 1050 in
3439 1010 3547 1064 quo
3573 995 3842 1048 virtutem

2243 1101 2400 1142 suam
2427 1088 2792 1142 obtinentibus
2831 1088 3124 1157 mysteriis.
3153 1086 3207 1140 In
3238 1088 3340 1141 hoc
3367 1099 3586 1155 quoque
3619 1101 3718 1139 rea
3750 1087 3844 1138 sini

2241 1192 2467 1247 persona
2515 1194 2619 1232 non
2649 1179 2852 1232 nocuit.
2905 1177 3035 1230 Nam
3077 1177 3142 1230 ad
3173 1176 3317 1230 illum
3362 1176 3660 1245 pertinuit,
3709 1179 3848 1242 quod

2239 1270 2367 1324 tuba
2396 1270 2634 1324 Davitica
2664 1269 2913 1325 canitur:
2947 1287 2964 1319 ι
2993 1267 3373 1322 Verumtamen
3401 1264 3546 1321 Dens
3578 1281 3848 1333 contrusa.

2243 1360 2382 1413 sabit
2400 1359 2576 1428 capita
2600 1359 2938 1412 inimicorum
2959 1344 3198 1419 suorum,
3227 1355 3487 1409 verticem
3511 1354 3702 1421 capilli
3734 1370 3848 1421 pcr-

2242 1447 2628 1502 ambulantium
2659 1447 2712 1500 in
2741 1446 2954 1501 delictis
2978 1446 3091 1500 suis
3117 1444 3288 1516 (Psal.
3312 1460 3485 1508 vau,
3506 1441 3632 1514 24).
3665 1463 3685 1494 ›
3719 1443 3846 1496 Μαι

2243 1538 2495 1605 superbia
2543 1551 2756 1607 semper
2799 1537 2900 1591 sibi
2945 1550 3050 1590 non
3099 1535 3221 1589 aliis
3247 1533 3380 1588 facit
3428 1535 3680 1598 ruinam,
3710 1536 3847 1600 quod

2243 1631 2494 1685 universa
2527 1629 2930 1697 Scripturarum
2969 1627 3268 1683 caelestium
3316 1635 3556 1682 testatur
3607 1626 3843 1679 auctori-

2243 1730 2346 1787 tas,
2397 1721 2537 1775 sicut
2579 1720 2740 1774 etiam
2788 1734 2886 1789 per
2931 1718 3192 1788 Spiritum
3246 1727 3498 1792 sanctum
3548 1717 3758 1768 dicitur
3798 1718 3844 1767 in

2244 1811 2594 1881 prophetico:
2631 1829 2649 1862 ι
2697 1809 2813 1863 Non
2860 1809 3122 1864 habitabit
3168 1808 3219 1862 in
3256 1807 3436 1861 medio
3467 1807 3672 1861 domus
3723 1820 3846 1858 mea

558 1893 729 1946 nister
765 1891 940 1946 oﬂicio
978 1906 1076 1947 suo
1103 1892 1318 1947 videtur
1345 1893 1585 1962 Operari,
1625 1891 1727 1945 hoc
1768 1899 1936 1946 totum
1971 1891 2146 1944 conti-
2173 1895 2221 1956 Β
2248 1904 2339 1974 qui
2371 1903 2502 1957 [ειείι
2524 1901 2831 1971 superbiam
2857 1900 3026 1971 (Ρεαι,
3055 1916 3106 1965 ε,
3132 1900 3207 1970 7).
3239 1920 3257 1952 ,
3295 1899 3450 1954 Unde
3481 1912 3612 1952 cum
3641 1897 3744 1951 sibi
3767 1913 3845 1949 sa.-

561 1981 677 2037 Ieri
704 1982 973 2053 implendo
997 1983 1293 2038 divinitatis
1323 1982 1598 2037 affectum.
1640 1981 1717 2036 lta
1746 1980 1834 2035 ille
1865 1995 1962 2050 per
1984 1995 2142 2049 quem

561 2069 809 2125 Christus
855 2071 1091 2142 loquitur
1135 2070 1332 2127 Paulus
1377 2070 1646 2124 affirmat:
1680 2088 1698 2122 ι
1731 2069 1843 2140 Ego
1883 2070 2143 2140 plantavi,

557 2161 750 2232 Apollo
783 2163 994 2230 rigavit,
1037 2162 1130 2218 sed
1174 2160 1316 2218 Deus
1351 2163 1741 2216 incrementum
1771 2160 1938 2225 dedit,
1967 2161 2148 2229 itaque

562 2265 737 2320 neque
772 2252 863 2320 qui
912 2251 1118 2320 plantat
1159 2261 1240 2306 est
1281 2251 1502 2319 aliquid,
1535 2265 1711 2320 neque
1748 2250 1840 2320 qui
1869 2250 2025 2320 rigat,
2054 2245 2148 2303 sed

561 2341 656 2410 qui
681 2341 1072 2396 incrementum
1092 2340 1201 2405 dat,
1227 2340 1369 2395 Deus
1391 2340 1439 2411 (Ι
1467 2340 1587 2395 Cor.
1612 2341 1668 2406 6,
1687 2341 1760 2411 7).
1794 2357 1814 2392 ι
1844 2339 1889 2393 Α
1919 2340 2028 2394 Deo
2053 2354 2149 2392 au-

565 2441 672 2486 tem
724 2447 829 2486 non
873 2431 1152 2501 quaritur,
1203 2432 1324 2501 quis
1371 2431 1451 2486 vel
1499 2431 1676 2501 qualia
1718 2431 2002 2501 pradicet,
2054 2429 2148 2484 sed

561 2535 721 2594 quem
771 2523 1021 2594 pradicet
1062 2531 1116 2577 et
1161 2533 1220 2577 ut
1261 2521 1470 2578 invidos
1513 2536 1634 2578 esse
1677 2524 1814 2578 bene
1853 2521 2150 2591 pradicare

563 2614 836 2669 Christum
864 2612 1148 2668 conﬁrmet
1184 2627 1289 2681 quo
1319 2612 1460 2666 malo
1487 2611 1730 2667 diabolus
1768 2611 1884 2681 ipse
1913 2610 2152 2680 dejectus

565 2713 622 2760 et
649 2705 750 2758 hoc
773 2703 887 2772 ipso
915 2702 1208 2773 pradicare
1233 2717 1340 2756 non
1371 2702 1585 2757 desinit.

638 2793 771 2850 V'lll.
811 2793 934 2847 ideo
956 2807 1086 2862 ergo
1116 2802 1169 2846 et
1200 2792 1288 2846 hic
1329 2792 1481 2862 cujus
1524 2807 1716 2846 nomen
1755 2791 1984 2847 dicimus
2026 2791 2152 2846 reti-

569 2887 801 2940 nendum
827 2884 964 2939 male
1004 2884 1140 2938 bona
1166 2884 1518 2940 ministrando
1539 2885 1639 2940 sibi
1661 2893 1920 2954 quantum
1947 2885 2148 2938 nocuit.

569 2974 703 3029 Natu
730 2972 1035 3029 inviolabile
1064 2983 1456 3028 sacramentum
1485 2975 1628 3045 quod
1667 2990 1764 3044 per
1790 2974 1936 3030 illum
1965 2975 2150 3028 datunt

570 3073 656 3120 est
673 3065 792 3120 aliis
815 3064 1193 3135 perfectionem
1215 3081 1326 3120 sua
1349 3066 1561 3123 virtutis
1581 3067 1832 3124 obtinuit.
1856 3067 2006 3136 Quod
2029 3083 2151 3122 cum

569 3156 643 3210 ita
670 3154 741 3210 sit
761 3155 1059 3224 aliquorqu
1089 3157 1142 3210 in
1174 3164 1378 3212 tantum
1400 3172 1458 3214 se
1479 3160 1718 3214 extendit
1737 3160 1947 3215 curiosa
1969 3159 2145 3229 suspi-

2246 1992 2480 2047 cerdotis
2509 2006 2702 2046 nomen
2730 1991 3084 2045 vindicaverit
3103 1991 3388 2044 damnatus
3430 1989 3486 2042 in
3527 1989 3705 2057 ipsius
3735 2001 3842 2040 ver-

2247 2085 2407 2140 ticem
2434 2083 2702 2152 superbia
2727 2091 2902 2137 tumor
2930 2080 3162 2136 inﬂictos
3185 2083 3288 2144 est,
3316 2081 3444 2149 quia
3474 2092 3590 2133 non
3623 2077 3844 2148 μοριιὶυς

2246 2177 2336 2245 qui
2370 2175 2424 2229 in
2452 2174 2767 2229 ministeriis
2797 2175 2985 2228 domus
3011 2173 3178 2242 ipsius
3205 2173 3422 2226 sitiebat
3448 2170 3720 2225 exclusus
3747 2179 3840 2228 est.

2247 2265 2342 2319 sed
2387 2264 2569 2318 anima
2615 2262 2728 2317 sola
2769 2262 2861 2317 illa
2906 2277 3025 2331 qua
3072 2269 3406 2331 peccaverat,
3451 2259 3611 2330 justo
3645 2257 3844 2325 judicio

2247 2357 2477 2424 propria
2505 2355 2674 2425 culpa
2698 2363 2816 2409 erat
2846 2354 3100 2409 obnoxia.
3147 2353 3287 2420 Quid
3317 2351 3521 2420 ubique
3554 2365 3841 2404 numerosa

2251 2445 2656 2514 Scripturarum
2702 2453 2931 2501 testatur
2962 2444 3263 2508 instructio,
3292 2445 3434 2498 unde
3478 2442 3716 2498 remotis
3756 2443 3846 2496 ho-

2251 2536 2448 2589 minem
2481 2536 2672 2590 stndiis
2700 2537 2813 2590 sive
2845 2535 3117 2599 versutiis,
3148 2536 3200 2588 in
3246 2535 3345 2588 hac
3374 2535 3560 2587 adhuc
3590 2533 3844 2601 pra-serui

2249 2623 2539 2696 fragilitate
2581 2626 2878 2695 positorum
2917 2626 3209 2680 secundum
3245 2639 3435 2693 preces
3479 2633 3707 2677 nostras
3757 2640 3848 2674 an-

2251 2713 2370 2766 nisu
2398 2722 2453 2767 et
2477 2713 2798 2768 auctoritate
2826 2713 3085 2782 imperiali
3112 2711 3300 2766 offerte
3327 2713 3437 2766 Deo
3468 2721 3662 2765 nostro
3685 2727 3843 2763 ιιηειω

2249 2803 2568 2860 catholicam
2601 2803 2895 2860 Ecclesiam
2933 2812 2987 2858 et
3023 2803 3393 2874 apostolicam,
3423 2804 3557 2872 quia
3605 2801 3714 2855 hoc
3759 2817 3842 2853 so-

2250 2896 2358 2949 lum
2391 2903 2472 2950 est
2517 2896 2568 2949 in
2598 2911 2706 2965 quo
2749 2911 2855 2948 non
2901 2895 3072 2949 solum
3120 2895 3172 2948 in
3200 2887 3389 2958 terris,
3428 2893 3521 2946 sed
3572 2892 3747 2946 etiam
3797 2890 3844 2942 in

2251 2988 2390 3043 calo
2421 2989 2752 3056 triumphare
2787 2987 2902 3041 sine
2941 2987 3046 3041 ﬁne
3074 2987 3309 3056 possitis.
3350 2984 3697 3054 Subscripto,
3731 2998 3844 3034 om-

2252 3077 2498 3146 nipotens
2554 3077 2695 3131 Deus
2743 3091 2964 3146 regnum
3015 3085 3072 3130 ct
3114 3076 3341 3130 salutem
3391 3085 3538 3129 tuam
3573 3085 3845 3144 perpetua

2253 3169 2585 3238 protectione
2631 3169 2929 3232 custodiat,
2979 3168 3367 3236 gloriosissime
3416 3175 3474 3222 et
3519 3167 3840 3222 clementis-

570 3241 676 3312 cio,
729 3255 786 3301 ut
839 3247 1160 3317 imaginetur
1211 3247 1418 3318 prolato
1481 3264 1512 3304 a
1551 3266 1684 3320 papa
1729 3249 1904 3306 Felice
1945 3249 2150 3321 judicio
2177 3244 2222 3306 C
2254 3261 2411 3326 sime,
2445 3275 2656 3330 smnpor
2684 3263 2940 3329 Auguste,

568 3350 754 3411 postea
777 3337 1122 3395 incﬂicacitcr
1143 3355 1193 3394 tn
1220 3345 1573 3397 sacramentis
1600 3361 1717 3413 qua
1745 3345 1972 3398 Acacms
1998 3358 2156 3398 usur-

574 3537 3290 3562 ww

1037 3723 1676 3815 INCIPIUNT
1747 3723 2284 3815 DECRETA
2352 3723 2932 3815 SIMMACHI
3011 3723 3382 3812 PAPIE.

647 4094 697 4146 i.
743 4087 811 4145 Ut
841 4104 925 4144 res
957 4085 1198 4144 ecclesia:
1226 4099 1329 4140 non
1361 4083 1684 4149 alienentur,
1714 4085 1807 4140 sed
1833 4084 2043 4140 clericis
2070 4087 2152 4139 vel

577 4182 853 4237 monachis
893 4189 985 4234 aut
1030 4177 1332 4249 peregrinis
1376 4177 1429 4230 in
1462 4190 1617 4230 usum
1649 4177 2018 4230 tantummodo
2047 4176 2156 4229 lar-

575 4275 793 4346 giautur

644 4364 702 4418 2.
745 4361 814 4418 Ut
846 4361 1020 4416 nullus
1051 4362 1306 4416 honorem
1335 4357 1573 4430 pramiis
1598 4359 1843 4428 accipiat.

647 4455 701 4510 5.
743 4453 813 4510 Ut
848 4462 1091 4524 raptores
1118 4453 1398 4506 viduarum
1426 4451 1507 4507 vel
1535 4451 1796 4520 virginum
1824 4449 1891 4504 ab
1915 4449 2155 4505 ecclesia

578 4546 955 4602 connnunione
983 4543 1270 4614 pellantur.

649 4639 702 4691 4.
743 4635 814 4691 Ut
851 4637 1025 4691 vidua
1059 4635 1145 4690 vel
1189 4633 1426 4705 virgines
1466 4634 1718 4689 'irofessa
1747 4633 2156 4698 continentiam,

580 4731 718 4785 ultra
749 4746 853 4784 non
881 4730 1102 4784 nubant.

649 4819 703 4873 5.
744 4816 815 4874 Ut
841 4818 1017 4874 nullus
1037 4831 1133 4888 per
1154 4816 1415 4871 ambitum
1438 4814 1503 4869 ad
1525 4815 1892 4885 episcopatum
1915 4815 2154 4871 accedat.

652 4909 1010 4964 Dilectissimo
1052 4906 1208 4962 fratri
1237 4905 1486 4962 Casum
1517 4905 1859 4962 Svnucnos.

645 4995 901 5050 Hortatur
912 5011 1008 5052 nos
1022 4997 1248 5064 aquilas
1261 4994 1639 5064 postulationis
1655 4996 1920 5050 desiderio
1935 5005 2036 5050 tua
2051 4995 2160 5049 fra-

585 5086 852 5140 ternitatis
879 5095 1156 5156 gratanter
1175 5099 1434 5151 annnere,
1459 5085 1581 5154 quia
1607 5085 1672 5139 de
1699 5082 1924 5153 singulis
1945 5103 2064 5155 qua
2092 5088 2162 5140 ab

582 5175 874 5244 apostolica
907 5177 1034 5231 sede
1067 5175 1363 5230 concedere
1395 5174 1662 5246 supplicas
1687 5176 1828 5244 quod
1871 5192 1900 5228 a
1942 5175 2159 5230 Patrum

583 5265 794 5322 cautela
820 5278 875 5323 et
905 5267 1209 5337 provisione
1247 5283 1351 5322 non
1379 5266 1667 5336 discrepat.
1709 5267 1776 5321 Et
1803 5271 2050 5337 quamvis
2073 5284 2164 5322 ec-

581 5357 897 5415 clesiastica
936 5374 1106 5428 pana
1139 5359 1330 5429 regula
1361 5359 1538 5415 omnia
1571 5359 2051 5428 comprehendant,
2080 5368 2158 5411 ta-

580 5462 650 5505 en
672 5449 996 5521 superﬂuum
1019 5465 1139 5506 esse
1163 5468 1264 5505 non
1288 5452 1579 5518 credimus,
1603 5466 1746 5509 nunc
1769 5466 1888 5522 qua
1915 5461 2038 5506 sunt
2063 5467 2163 5506 sa-

578 5539 704 5614 pius
733 5541 1016 5597 interdicta
1049 5551 1311 5610 repetere.

651 5628 782 5687 Car.
809 5630 852 5686 l.
893 5630 1264 5688 Possessiones
1294 5631 1478 5703 igitur,
1511 5645 1648 5703 quas
1677 5631 2046 5703 unusquisque
2075 5647 2165 5687 ec-

577 5717 762 5776 clesia
803 5719 1032 5791 propria
1066 5719 1215 5775 dedit
1254 5730 1349 5775 aut
1393 5720 1610 5791 reliquit
1651 5721 1896 5785 arbitrio,
1925 5721 2164 5776 alienare

570 5810 908 5880 quibuslibet
938 5813 1105 5869 titulis
1130 5821 1290 5882 atque
1319 5811 1756 5870 dislractionibus
1782 5815 1861 5889 vel
1905 5814 2004 5870 sub
2030 5831 2162 5881 quo-

2260 4101 2473 4156 cunque
2515 4095 2831 4156 argumento
2875 4099 2980 4140 non
3026 4084 3280 4155 patimur,
3327 4083 3428 4141 nisi
3476 4087 3714 4143 lorsitan
3764 4095 3847 4144 adt

2261 4177 2471 4233 clericis
2496 4177 2761 4232 honorum
2793 4177 3021 4242 meritis,
3047 4186 3141 4230 aut
3182 4180 3523 4233 monasteriis
3567 4180 3847 4252 religionis

2263 4266 2494 4330 intuitu,
2547 4276 2639 4319 aut
2682 4273 2828 4320 certe
2874 4266 3171 4336 peregrinis
3223 4266 3267 4320 si
3318 4269 3609 4321 necessitas
3661 4269 3843 4340 largiti

2264 4358 2516 4420 suaserit,
2548 4356 2625 4410 sic
2657 4364 2831 4410 tamen
2872 4363 2930 4409 ut
2972 4355 3085 4410 hac
3132 4355 3250 4426 ipsa
3291 4373 3397 4411 non
3445 4366 3713 4426 peroetuo
3761 4360 3844 4415 sed

2263 4447 2632 4517 temporaliter
2661 4444 3025 4516 perfruantur.

2185 4518 2235 4577 Ῑ)
2330 4535 2393 4589 ll.
2435 4535 2564 4590 lllud
2595 4550 2922 4604 magnopere
2950 4550 3302 4590 commonens
3332 4544 3387 4589 ut
3413 4535 3464 4589 hi
3487 4537 3576 4604 qui
3609 4553 3727 4590 non
3761 4539 3842 4592 Dei

2259 4626 2452 4697 gratia,
2475 4626 2568 4681 sed
2594 4626 2951 4695 promissione
2979 4641 3158 4680 rerum
3187 4625 3683 4680 ecclesiasticarum
3715 4644 3842 4696 pnt-

2258 4717 2423 4772 missa
2451 4717 2517 4771 ad
2547 4716 2909 4771 sacerdotium
2949 4725 3217 4771 conantur
3252 4718 3508 4771 accedere
3549 4717 3842 4770 dtsiderio-

2261 4823 2380 4863 rum
2412 4807 2594 4862 talium
2623 4807 2985 4877 reprimantur
3011 4805 3252 4862 eﬂ‘ectus.
3299 4808 3400 4873 Qui
3433 4817 3611 4862 autem
3645 4810 3719 4862 ab
3751 4811 3840 4862 hu-

2252 4898 2486 4968 jnsmodi
2507 4915 2565 4954 se
2586 4899 2884 4952 intentione
2908 4913 3010 4952 non
3033 4899 3285 4954 cohibent
3304 4898 3552 4952 vindictis
3572 4914 3837 4952 canonum

2261 4990 2434 5045 Sciant
2459 5006 2519 5045 se
2561 4990 2678 5044 sine
2705 4990 3037 5044 dubitatione
3064 4990 3447 5061 subjiciendus,
3477 5007 3546 5045 ne
3589 4992 3752 5044 facile
3778 4991 3837 5042 ad

2261 5080 2620 5134 sacerdotium
2648 5080 3031 5148 permittantur
3051 5083 3328 5146 accedere,
3349 5081 3545 5150 quibus
3566 5091 3621 5134 et
3643 5084 3836 5152 gradus

2259 5179 2316 5223 et
2345 5177 2583 5238 tempova
2620 5173 2914 5224 constituta
2941 5181 3084 5231 sunt,
3119 5186 3215 5240 per
3241 5185 3360 5239 qua
3389 5170 3455 5224 ad
3484 5171 3625 5224 hanc
3667 5170 3832 5239 (ἱειιί-

2263 5270 2427 5314 tatem
2455 5261 2687 5315 debeant
2711 5263 2974 5330 aspirare,
3002 5262 3127 5329 quia
3157 5262 3461 5330 quicunque
3491 5261 3611 5315 sine
3638 5271 3833 5314 statuto

2261 5361 2608 5422 promovetur
2636 5369 2740 5408 non
2771 5353 2928 5407 facile
2957 5363 3107 5408 caret
3140 5353 3363 5418 offensa,
3393 5363 3449 5407 et
3482 5354 3605 5408 sine
3632 5356 3828 5423 expet-io

2263 5456 2447 5501 mento
2469 5460 2572 5500 non
2597 5453 2771 5515 potest
2792 5446 2914 5514 quis
2933 5445 3212 5500 electionis
3231 5446 3477 5501 obtinere
3494 5449 3827 5501 sententiam.

2331 5534 2418 5590 Ill.
2459 5535 2726 5606 Raptores
2750 5537 2913 5604 igitur
2941 5535 3023 5589 vel
3049 5536 3329 5590 viduarum
3360 5535 3442 5589 vel
3474 5536 3745 5607 virginum
3773 5536 3829 5589 ob

2264 5629 2656 5684 immanitatem
2697 5629 2828 5682 tanti
2869 5627 3123 5683 faciumis
3157 5629 3510 5690 detestamur,
3538 5630 3662 5685 illos
3691 5629 3828 5684 veli.-

2265 5721 2497 5777 mentius
2524 5720 2894 5792 persequendo
2913 5721 3003 5789 qui
3027 5735 3211 5775 sacras
3230 5720 3468 5786 virgines
3490 5721 3577 5775 vel
3605 5722 3825 5776 Volellll“

2267 5810 2347 5866 vel
2393 5813 2590 5868 invitas
2641 5811 2984 5868 matrimonio
3033 5814 3239 5867 sociare
3287 5821 3632 5866 tentaverunt
3696 5815 3812 5878 Quot
