3974 6454
198 390 304 445 997
336 394 339 396 ’

1354 400 1840 463 DECRETALIUM
1868 412 2259 471 COLLECTIO.

3321 433 3426 489 998

194 501 361 573 257
1139 515 1761 612 uAPominBJngmmho
1790 528 1833 585 Α
1863 526 2110 594 praetorio
2132 536 2293 598 alque
2329 531 2584 599 patricius
2625 549 2789 605 agens
2821 539 2979 593 etiam
3022 542 3166 598 vices
3199 548 3423 612 praeel-

442 589 577 641 papa
603 574 667 627 de
705 578 854 630 rebus
881 574 1108 636 ecclesiae
1134 574 1516 644 conservandis:

1862 613 2142 671 lentissimi
2179 621 2318 690 regis
2360 621 2615 680 0.!oacris
2642 628 2867 685 Basilius
2893 632 3025 689 dixit
3051 652 3070 688 ς
3107 636 3423 709 Quanquam

267 704 473 769 Flavio,
510 707 626 761 viro
652 709 952 766 clarissimo
990 711 1205 781 juniore
1254 719 1507 782 consule,
1553 720 1652 776 sub
1681 722 1758 775 die

1863 706 2022 759 studii
2054 710 2220 763 nostri
2254 721 2310 766 et
2352 713 2624 786 religionis
2663 719 2891 785 intersit,
2924 733 2981 778 ut
3010 726 3062 780 in
3084 704 3425 799 episcopatus

189 805 391 849 octavo
432 796 620 851 Iduum
668 797 1045 856 Novembrium
1095 804 1146 859 in
1180 804 1398 860 basilica
1441 807 1581 863 beati
1620 808 1765 865 Petri

190 886 452 954 apostoli,
480 887 749 942 residente
787 893 1076 947 venerabili
1104 895 1221 950 viro
1252 913 1388 966 papa
1419 897 1763 969 Symmacho,

196 989 307 1026 una
336 990 457 1028 cum
489 977 883 1034 venerabilibus
925 982 1054 1038 viris
1076 982 1385 1051 Laurentio,
1421 987 1649 1045 Maximo
1676 1006 1763 1045 re-

191 1063 493 1117 sidentibus
536 1064 819 1135 episcOpis,
861 1068 1025 1123 etiam
1059 1070 1238 1138 Petro,
1266 1073 1580 1142 Laurentio,
1616 1078 1763 1133 Emi-

190 1153 361 1216 lieno.
392 1153 650 1224 'l‘n'gidio,
696 1156 876 1213 Felice
918 1158 1195 1227 Bassiano,
1240 1163 1552 1231 Cres-conio,
1600 1166 1764 1224 Paca-

190 1243 375 1309 tiano,
442 1240 715 1313 Benigno,
777 1244 1069 1314 Ruscntio,
1133 1250 1470 1320 Innocentio,
1535 1254 1760 1321 Joanne,

191 1334 449 1405 Maximo,
478 1335 770 1404 Stephano,
801 1336 1027 1406 Joanne,
1056 1340 1283 1408 Sereno,
1311 1345 1534 1411 Eulal'o,
1564 1347 1764 1405 Procu-

182 1420 334 1487 leio,
386 1421 721 1489 Fortunato,
771 1424 1077 1494 Laurentio,
1121 1430 1430 1497 Eustachio,
1477 1433 1761 1503 Martiano,

183 1508 455 1575 Jocundo,
487 1511 751 1577 Candide,
778 1512 1103 1580 Fortunato,
1135 1518 1350 1585 Felice,
1376 1521 1607 1589 Euticio,
1637 1524 1762 1579 Hel-

182 1601 355 1669 pidio,
387 1602 587 1672 Aprile,
612 1603 943 1671 Innocentio,
972 1607 1268 1675 Mercurio,
1314 1611 1537 1678 llilario,
1564 1614 1761 1670 Fortu-

182 1700 340 1770 nato,
407 1689 726 1757 Concordia,
794 1692 1007 1759 Asello,
1069 1696 1404 1763 Innocentio,
1467 1700 1758 1770 Stephano,

180 1781 477 1847 Gerontio,
532 1781 852 1848 Paschasio,
907 1784 1098 1851 Vitale,
1156 1786 1410 1857 Memore,
1476 1790 1758 1858 Severino,

181 1869 435 1937 Hilario,
477 1870 801 1936 Venerioso,
854 1872 1194 1945 Innocentio,
1240 1878 1422 1944 Casto,
1484 1881 1757 1952 Colonico,

179 1962 428 2025 Silvine,
454 1962 845 2028 Maximiliano,
885 1965 1178 2035 Arestone,
1230 1969 1489 2038 Severio,
1532 1972 1759 2046 Propin-

176 2067 318 2121 quo,
346 2053 593 2116 Martino.
638 2053 934 2123 Valentino,
965 2057 1301 2126 Sebastiano,
1334 2062 1592 2129 Romano,
1630 2065 1759 2121 Vin-

181 2144 386 2207 t'emio,
436 2144 662 2199 Dulcitio
716 2143 952 2213 Victore,
1002 2147 1160 2213 Urse,
1211 2149 1501 2218 Mercurio,
1557 2154 1758 2221 Asello,

181 2234 466 2298 Servodei,
514 2234 824 2299 Adendato,
872 2238 1117 2305 Asterio,
1164 2238 1504 2308 Martiniano,
1557 2242 1758 2310 Felice,

180 2327 440 2390 Eusebio,
471 2326 733 2398 Augusto,
763 2326 1101 2397 Projecticio,
1131 2330 1440 2404 Crisogono,
1474 2334 1758 2403 Venantio,

181 2417 432 2483 Rustico,
463 2415 720 2483 Salustio,
767 2418 962 2486 Probo,
992 2423 1257 2487 Amando,
1300 2424 1495 2480 Basilio
1538 2437 1593 2482 et
1638 2428 1760 2483 Flo-

186 2512 368 2565 rentio
398 2511 692 2581 episcopis;
730 2511 1088 2570 residentibus
1113 2514 1293 2571 Client.
1321 2514 1587 2585 Projecto,
1619 2516 1760 2572 Mar—

180 2601 323 2663 tino,
365 2600 682 2670 Epiphanio,
731 2602 1078 2669 Sebastiano,
1124 2605 1413 2672 Scrvodci,
1442 2607 1756 2677 Octaviano,

181 2690 515 2761 Epiphanio,
551 2693 859 2758 Anastasio,
900 2696 1266 2762 Abundantio,
1294 2697 1589 2765 Vicomalo,
1616 2701 1759 2757 Pau-

179 2783 319 2847 lino,
348 2781 592 2848 Juliano,
637 2783 905 2853 Marcello,
953 2788 1255 2859 Agathone,
1288 2789 1597 2858 Benedicto,
1628 2792 1758 2847 Cre—

176 2873 483 2936 sceutiano,
537 2873 843 2937 Paschasio.
907 2875 1151 2944 luliauo,
1218 2879 1446 2946 Severo,
1509 2881 1756 2950 Paulino,

177 2963 478 3024 Adeodato,
524 2961 763 3029 Joanne,
811 2964 1126 3032 Timotheo,
1170 2966 1484 3036 Laurentio,
1532 2970 1756 3040 Hilario,

179 3052 388 3121 Maneo,
420 3056 714 3127 Stephano,
744 3058 1015 3126 Binantio,
1043 3061 1226 3127 Petro,
1255 3064 1413 3120 Petro
1439 3065 1753 3139 Crisogono,

180 3144 415 3202 Littorio
442 3155 498 3201 et
518 3146 835 3218 Crisogono,
870 3150 1080 3206 Timulo
1104 3153 1188 3208 vel
1216 3152 1529 3222 Maximino,
1557 3155 1753 3213 Fortu-

1861 794 2122 853 electione
2162 806 2444 858 concordia
2484 808 2851 879 principaliter
2881 794 3422 890 servetur—Ecclesia,

1865 901 1964 940 ur‘c
2006 903 2100 956 per
2145 893 2476 949 occasionem
2519 900 2796 956 seditionis
2823 913 2998 961 status
3024 907 3297 966 civilitatis
3322 926 3425 968 vo-

1861 986 2014 1031 cetur
2043 979 2094 1033 in
2135 980 2374 1049 dubium,
2405 996 2577 1042 tamen
2606 990 2970 1051 admonitione
3008 998 3299 1055 beatissimi
3325 1002 3425 1057 viri

1856 1082 2011 1137 papae
2055 1072 2224 1125 nostri
2275 1073 2535 1144 Simplicii
2579 1093 2739 1149 quem
2788 1093 2912 1140 ante
2968 1086 3150 1142 oculos
3212 1102 3425 1161 semper

1858 1158 2063 1214 habere
2094 1162 2367 1230 debemus,
2393 1166 2493 1222 boc
2535 1171 2687 1225 nobis
2713 1177 3032 1231 meministis
3058 1180 3158 1234 sub
3183 1158 3426 1236 obtesta-

1864 1248 2008 1303 tione
2032 1249 2196 1308 fuisse
2220 1255 2541 1321 mandatum,
2570 1272 2629 1315 ut
2655 1273 2853 1331 praeter
2875 1265 3038 1322 ullum
3069 1270 3350 1339 strepitum
3364 1281 3427 1327 et

1862 1341 2179 1395 venerabilis
2222 1343 2471 1403 Ecclesia:
2513 1348 2925 1415 detrimentum.
2960 1357 3005 1412 si
3046 1372 3170 1412 eum
3210 1360 3279 1415 de
3323 1362 3424 1417 hac

1858 1426 1979 1483 luce
2017 1433 2247 1486 transire
2290 1437 2604 1509 contigerit,
2633 1457 2737 1497 non
2774 1445 2891 1500 sine
2934 1457 3111 1504 nostra
3142 1454 3424 1508 consulta-

1863 1516 2007 1572 tione
2042 1519 2323 1587 cujuslibet
2348 1526 2651 1585 celebretur
2693 1533 2903 1591 electio.
2950 1537 3018 1593 Et
3046 1554 3166 1595 cum
3193 1541 3425 1615 legeret,

1861 1606 2179 1667 Cresconius
2222 1615 2504 1689 episcopus
2548 1620 2785 1679 civitatis
2831 1627 3138 1686 Tuder-tina:

1860 1713 2084 1770 surgens
2130 1717 2161 1757 e
2203 1719 2459 1763 consessu
2505 1711 2639 1767 divit
2675 1730 2691 1766 :
2736 1713 2837 1770 Hic
2887 1721 3184 1788 perpendat
3236 1733 3423 1780 sancta

1860 1792 2116 1883 synodus,
2147 1803 2205 1849 ut
2240 1802 2618 1866 praetermissis
2646 1804 2909 1877 religiosis
2935 1811 3199 1879 personis,
3230 1815 3426 1883 quibus

1793 1877 1834 1936 B
1864 1881 2095 1938 maxime
2130 1898 2258 1939 cura
2288 1896 2391 1952 est,
2422 1890 2489 1945 de
2523 1900 2672 1947 tanto
2706 1877 2959 1964 pontiﬁce
2995 1899 3049 1954 in
3095 1877 3424 1958 suam'redi—

1821 1983 1827 1987 ·
1853 1980 2008 2041 geret
2034 1982 2384 2044 potestatem,
2412 1980 2554 2049 quod
2590 1989 2778 2039 contra
2819 2000 3054 2043 canones
3084 2004 3210 2046 esse
3240 1993 3424 2047 mani-

1856 2059 2053 2117 l'estum
2078 2073 2180 2119 est.
2226 2065 2361 2123 item
2405 2069 2684 2129 llormisda
2713 2075 2972 2134 diaconus
3015 2080 3162 2152 legit,
3201 2098 3270 2139 ne
3298 2083 3426 2154 quid

1859 2152 2189 2210 confusionis
2216 2166 2377 2228 atque
2413 2160 2675 2232 dispendii
2709 2170 3028 2228 venerabilis
3054 2172 3291 2230 Ecclesia
3314 2152 3424 2231 su-

1859 2243 2122 2310 stineret,
2178 2250 2440 2306 miramur
2480 2258 2865 2324 prastermissis
2929 2262 3080 2319 [nobis
3125 2265 3423 2334 quidquam

1859 2333 2025 2392 fuisse
2082 2347 2345 2397 tentatum
2396 2360 2517 2400 eam
2573 2351 2850 2407 sacerdote
2905 2365 3090 2412 nostro
3134 2333 3422 2428 superstite

1860 2425 1988 2479 nihil
2017 2427 2290 2485 debuisset
2327 2447 2623 2492 assumere.
2656 2439 2831 2506 Quare
2873 2443 2914 2497 si
2962 2425 3297 2518 auiplitudini
3333 2470 3425 2508 re-

1858 2526 1984 2571 stra:
2014 2518 2093 2572 vel
2135 2524 2408 2578 sanctitati
2445 2525 2620 2595 placet
2648 2530 2935 2589 incolumia
2965 2539 3142 2592 eninia
3192 2557 3312 2610 qua:
3353 2545 3420 2597 ad

1858 2603 2020 2660 futuri
2063 2610 2318 2670 antistitis
2346 2614 2663 2677 electionem
2697 2623 3006 2695 respiciam,
3048 2603 3295 2704 religiosa
3324 2635 3425 2692 hu-

1858 2698 2137 2759 noratiune
2169 2719 2462 2764 servemus.
2496 2710 2646 2766 lianc
2675 2715 2842 2785 legem
2886 2698 3187 2788 specialiter
3233 2728 3425 2794 pracfe-

1857 2799 2059 2857 rentes,
2087 2808 2246 2863 quam
2267 2797 2421 2853 nobis
2447 2798 2748 2860 btercdibus
2768 2820 2865 2876 pro
2892 2812 3089 2866 nostris
3108 2810 3427 2873 Christianae

1857 2880 2053 2935 mentis
2099 2882 2383 2944 devotione
2431 2890 2725 2956 sancimus,
2764 2910 2835 2950 ne
2876 2912 3108 2968 unquam
3137 2904 3422 2973 praedium.

1854 2982 1949 3024 seu
1978 2972 2234 3030 rusticum
2263 2977 2378 3035 sive
2407 2981 2692 3047 urbanum,
2712 2985 2796 3040 vel
2834 2972 3171 3058 ornamenta,
3204 3007 3296 3049 aut
3327 2998 3428 3051 mi-

1856 3060 2078 3117 nisteria
2103 3064 2474 3133 ecclesiarum,
2502 3086 2621 3142 qua:
2666 3090 2809 3131 nunc
2844 3087 2969 3133 sunt
2999 3080 3080 3134 vel
3107 3098 3168 3137 ex
3205 3085 3429 3153 quibus-

1857 3150 1986 3207 libet
2017 3153 2184 3210 titulis
2212 3157 2281 3211 ad
2322 3159 2673 3218 ecclesiarum
2697 3164 2820 3235 jura
2854 3150 3241 3239 pervenerunt,
3263 3175 3330 3229 ab
3356 3192 3423 3231 eo

179 3244 314 3291 nato
361 3239 719 3309 presbyteris,
778 3242 1080 3300 astantibus
1138 3260 1352 3315 quoque
1404 3248 1749 3317 diaconibus,
1781 3226 1825 3286 C
1856 3241 1946 3312 qui
1973 3257 2116 3299 nunc
2139 3245 2363 3303 antistes
2388 3251 2487 3306 sub
2511 3252 2771 3310 electione
2797 3261 3064 3315 communi
3091 3261 3255 3319 fuerit
3280 3269 3429 3322 ordi-

178 3328 502 3394 Auastasio,
531 3328 840 3396 llormisda,
882 3331 1086 3391 Joanne
1124 3345 1182 3391 et
1219 3337 1479 3409 Agapito,
1508 3337 1756 3410 Symma-

181 3420 344 3484 chus,
371 3422 651 3491 episcopns
678 3421 925 3481 Ecclesia:
951 3427 1097 3481 urbis
1124 3425 1308 3485 Romae
1334 3430 1470 3485 dixit
1495 3448 1508 3483 :

252 3531 400 3589 Bene
423 3536 635 3604 quidem
668 3536 982 3593 fraternitas
999 3548 1177 3595 vestra
1207 3540 1588 3599 ecclesiasticis
1620 3543 1754 3616 legi-

182 3620 288 3677 bus
312 3622 587 3679 obsecuta.
621 3625 733 3680 Sub
761 3626 924 3683 divini
970 3628 1162 3683 timore
1187 3628 1401 3696 judicii,
1445 3645 1566 3701 qua:
1602 3640 1760 3687 erant

183 3713 516 3768 instituenda
566 3713 841 3782 dillinivit,
873 3726 930 3771 et
980 3717 1045 3771 ad
1068 3717 1295 3786 justitize
1321 3720 1591 3775 cumulum
1630 3736 1756 3790 per-

184 3802 342 3857 dtixit
385 3803 714 3860 sullicienter
750 3805 875 3860 dum
922 3808 1170 3863 universa
1217 3808 1624 3880 complectitur,
1659 3826 1759 3868 nec

182 3891 489 3960 adjectione
537 3895 742 3966 indiget
788 3896 1097 3966 plenitudo,
1142 3900 1380 3956 maxime
1429 3902 1499 3958 de
1549 3903 1760 3959 clericis

180 3994 325 4051 quos
346 3997 499 4036 amor
527 3983 881 4039 damnationis
914 3986 1127 4052 invasit,
1158 3998 1212 4043 et
1246 3987 1435 4060 jugum
1464 3991 1759 4060 disciplina;

179 4073 567 4131 ecclesiastica:
592 4073 719 4129 fecit
758 4090 1026 4145 respuere,
1050 4092 1184 4148 quos
1213 4089 1495 4149 propterea
1522 4082 1756 4137 schisma

181 4163 381 4218 fecisse
410 4150 547 4233 apud
574 4180 667 4219 vos
693 4167 956 4232 constitit,
1000 4168 1193 4237 quibus
1214 4170 1642 4227 nisericordiam
1674 4181 1758 4239 ta-

186 4268 313 4307 men
361 4269 523 4324 quam
578 4255 717 4310 Deus
770 4259 990 4313 mandat
1052 4258 1318 4315 universis
1371 4260 1642 4331 impendi,
1701 4273 1760 4318 ut

178 4346 431 4413 oportuit
477 4362 582 4402 non
625 4348 881 4416 negastis,
911 4348 954 4404 si
987 4348 1186 4405 duritia
1217 4352 1393 4406 cordis
1432 4365 1619 4408 eorum
1652 4368 1757 4408 non

182 4435 291 4488 sibi
316 4437 562 4506 acquirat
584 4451 801 4506 plenam
827 4439 952 4493 dum
976 4441 1272 4496 contemnit
1293 4441 1471 4497 oblata
1497 4443 1754 4498 remedia.

1852 3334 2065 3390 nandus
2090 3343 2145 3390 et
2188 3336 2294 3394 illis
2322 3340 2413 3408 qui
2457 3341 2652 3402 futuris
2692 3349 2903 3404 sacculis
2947 3365 3260 3423 sequentur,
3289 3375 3424 3429 quo-

1855 3439 2067 3513 cuigue
2114 3427 2272 3483 titulo
2319 3440 2480 3502 atque
2532 3447 2836 3493 commento
2888 3440 3124 3500 alienare
3170 3427 3418 3516 voluerit,

1850 3518 2103 3576 inefﬁcax
2149 3531 2309 3593 atque
2352 3525 2561 3583 irritum
2605 3531 2894 3602 judieetur,
2950 3537 3123 3607 sitque
3177 3540 3416 3609 facienti,

1857 3613 2237 3681 consentienti,
2265 3617 2650 3690 accipientique
2674 3625 2980 3680 anathema.
3010 3628 3271 3686 Maximus
3299 3634 3411 3703 epi-

1858 3717 2050 3772 scopus
2097 3703 2342 3763 Pledana:
2383 3708 2638 3767 Ecclesiae
2681 3715 2815 3770 dixit
2861 3733 2875 3770 :
2909 3717 3063 3774 Modo
3098 3733 3282 3778 sancta
3336 3740 3424 3796 s3-

1858 3795 2028 3850 nodus
2053 3796 2301 3868 dignetur
2319 3799 2549 3867 edicere,
2574 3802 2723 3860 licuit
2744 3806 2884 3864 laico
2911 3810 3111 3867 homini
3136 3795 3422 3871 anathema

1859 3885 1910 3940 in
1944 3888 2135 3944 ordine
2174 3891 2538 3949 ecclesiastico
2579 3896 2804 3964 dictare,
2832 3910 2924 3956 aut
2969 3904 3014 3957 si
3054 3905 3225 3973 potuit
3253 3906 3420 3963 laicus

1856 3981 2121 4037 sacerdoti
2149 3984 2437 4041 anathema
2473 3988 2671 4058 dicere,
2710 4000 2764 4047 et
2788 4003 2978 4050 contra
3015 4012 3249 4054 canones
3277 4000 3419 4070 quod

1857 4072 1905 4125 ei
1948 4088 2053 4127 non
2101 4077 2441 4146 competebat
2484 4081 2828 4139 constituere.
2868 4083 3041 4142 Dicite
3091 4089 3248 4145 nobis
3290 4091 3419 4159 quid

1860 4165 2069 4220 videtur
2098 4166 2162 4221 de
2191 4182 2277 4223 me
2301 4168 2450 4225 licuit
2488 4171 2624 4228 laico
2652 4173 2819 4244 legem
2859 4177 3007 4232 dare.
3039 4177 3234 4235 Sancta
3264 4196 3423 4251 syno-

1858 4256 1959 4312 dus
2008 4259 2178 4325 dixit,
2213 4274 2319 4315 non
2363 4261 2531 4317 licuit.
2576 4264 2645 4319 Et
2691 4265 2904 4333 adjecit,
2956 4268 3071 4339 lege
3121 4274 3419 4341 sequentia.

1858 4347 2143 4404 llorinisda
2169 4349 2427 4415 diaconus
2464 4351 2612 4425 legit.
2645 4353 2709 4410 Et
2739 4357 2820 4412 his
2848 4359 2937 4428 qui
2965 4360 3226 4430 praedium
3261 4366 3426 4419 rusti-

1858 4450 1979 4490 cum
2007 4436 2085 4490 vel
2115 4436 2374 4496 urbanum
2408 4439 2549 4511 juris
2585 4446 2933 4504 ecclesiastici
2974 4450 3136 4507 fuerit
3164 4469 3423 4510 consecu-

175 4528 429 4596 Quorum
457 4544 711 4586 excessus
739 4531 805 4587 ad
833 4534 1193 4590 enarrandum
1221 4532 1434 4591 difﬁcile
1458 4544 1561 4602 est,
1588 4550 1753 4593 unum

1862 4535 1965 4594 tus,
1996 4531 2201 4585 noverit
2220 4547 2279 4587 se
2304 4532 2443 4588 nulla
2472 4533 2587 4606 lege
2606 4537 2689 4593 vel
2717 4540 3115 4609 praescriptione
3138 4544 3426 4609 munitum.

186 4632 368 4673 tamen
397 4620 539 4689 quod
582 4624 819 4679 occurrit
860 4626 1162 4681 venerando
1203 4626 1376 4682 ordini
1419 4636 1596 4683 vestro
1628 4628 1755 4682 inti—-

186 4727 342 4765 mare
385 4728 490 4765 non
539 4712 747 4768 differo.
799 4716 1054 4771 Dixerunt
1099 4719 1239 4774 inter
1284 4718 1386 4772 alia
1437 4720 1757 4789 scripturam

184 4804 478 4873 quamdam
509 4803 732 4860 illustris
753 4807 1025 4861 memoria:
1054 4807 1308 4863 Basilium
1350 4810 1502 4878 quasi
1540 4825 1635 4879 per
1666 4825 1759 4868 ec-

183 4893 503 4948 clesiastica:
532 4910 714 4948 artiore
755 4896 1064 4951 substantiae
1109 4897 1512 4967 conscripsisse,
1559 4899 1612 4953 in
1655 4914 1761 4970 qua

186 4983 367 5037 nullus
391 4980 646 5037 Romana:
674 4984 926 5040 Ecclesia:
959 5003 1059 5043 nec
1085 4986 1351 5053 interfuit,
1377 5004 1477 5044 nec
1522 4989 1758 5045 subscri—

187 5072 301 5141 psit
347 5071 575 5126 autistcs
604 5089 701 5141 per
727 5090 886 5144 quem
928 5078 1195 5146 potuisset
1240 5079 1421 5134 sortiri
1462 5079 1760 5149 legitimam

187 5160 523 5216 ﬁrmitatem.
563 5162 640 5216 Ne
682 5178 780 5235 ego
825 5164 950 5220 inde
984 5166 1270 5237 disputem,
1302 5169 1439 5223 unde
1468 5177 1642 5238 potest
1670 5184 1758 5225 ve-

186 5259 364 5306 strum
385 5244 631 5321 judicare
664 5255 949 5310 concilium
983 5258 1287 5328 requiratur
1315 5266 1374 5312 et
1405 5255 1679 5313 deferatur
1704 5259 1759 5315 in

84 5406 93 5415 ,
191 5342 451 5405 medium,
476 5352 538 5397 ut
564 5343 791 5399 lectione
817 5347 1116 5417 agnoscatis
1141 5344 1439 5416 cuiusmodi
1468 5347 1637 5415 possit
1665 5346 1761 5399 ba—

188 5435 323 5489 bere
353 5435 729 5492 constantiam.
770 5434 970 5490 Sancta
999 5438 1235 5509 synodus
1264 5439 1535 5507 respondit
1563 5457 1575 5491 :
1603 5438 1762 5493 Defe-

191 5532 347 5578 ratur
372 5523 425 5577 in
454 5524 710 5588 medium,
738 5534 860 5579 utcu
879 5526 1112 5595 jusmodi
1144 5525 1216 5581 sit
1234 5526 1406 5595 possit
1431 5526 1666 5598 agnosci.
1699 5526 1764 5581 Et

188 5615 322 5668 dum
349 5612 552 5668 diceret
577 5613 857 5669 Hormisda
888 5615 1141 5671 diaconus
1164 5614 1430 5670 recitavit.

264 5702 399 5757 Cum
445 5702 499 5758 in
543 5721 705 5759 unum
753 5705 892 5777 apud
938 5706 1150 5761 beatum
1198 5705 1418 5761 Petrum
1464 5706 1761 5775 apostolum

198 5792 507 5859 resedisset,
535 5794 777 5851 sublimis
810 5803 863 5851 et
889 5796 1341 5854 eminentissimus
1374 5795 1453 5849 vir
1478 5795 1762 5866 prtefectus

1861 4621 1953 4675 sed
1983 4621 2096 4675 sive
2126 4620 2169 4677 is
2195 4623 2285 4692 qui
2310 4623 2656 4692 alienaverit,
2684 4630 2797 4683 sive
2837 4642 2961 4684 eum
2985 4630 3074 4699 qui
3118 4632 3429 4705 frequenter

1859 4720 1913 4765 et
1935 4710 2203 4766 voluntate
2226 4714 2495 4768 contraria
2519 4718 2774 4784 praedium
2800 4718 3098 4787 hujusmodi
3124 4722 3415 4778 alienatum

1863 4813 2117 4856 revocare
2155 4804 2455 4870 tentaverit,
2503 4805 2554 4858 id
2588 4820 2713 4861 cum
2739 4805 3003 4864 fructibus
3033 4812 3300 4877 restituat,
3331 4815 3423 4883 qui

1865 4886 1992 4943 illud
2036 4886 2199 4945 fuerit
2236 4902 2573 4949 consecutus.
2601 4893 2669 4949 Et
2710 4909 2831 4950 cum
2876 4895 3078 4968 legeret
3120 4897 3427 4971 Stephanus

1863 4976 2145 5049 episcopus
2172 4978 2475 5039 Venusinus
2519 4984 2770 5040 Ecclesiae
2813 5001 3068 5058 surgens,
3089 5003 3121 5043 e
3144 5004 3426 5057 consessu,

1863 5068 2027 5136 dixit,
2057 5071 2382 5144 perlegatur.
2427 5075 2707 5131 llormisda
2750 5077 3007 5135 diaconus
3044 5080 3213 5151 legit:
3251 5081 3426 5149 Quam

1861 5158 2021 5212 etiam
2076 5174 2289 5229 poenam
2338 5163 2538 5233 placuit
2578 5165 2892 5234 accipientis
2937 5168 3178 5225 bteredes
3221 5173 3430 5241 prolue-

1860 5248 2119 5318 redesque
2149 5251 2452 5321 respicere,
2503 5254 2556 5307 in
2602 5268 2707 5322 qua
2737 5269 2796 5309 re
2841 5254 3062 5313 cuilibet
3106 5257 3427 5313 clericorum

1860 5339 2261 5395 contradicendi
2291 5340 2458 5401 libera
2496 5343 2567 5398 sit
2597 5341 2854 5411 facultas;
2892 5345 3131 5416 iniquum
3172 5357 3257 5402 cst
3282 5349 3429 5403 enim

1862 5435 1916 5483 ct
1942 5429 2207 5499 sacrilegii
2239 5430 2426 5496 instar,
2460 5440 2518 5485 ut
2556 5447 2675 5503 qua:
2720 5433 2802 5486 vel
2841 5449 2939 5503 pro
2981 5435 3173 5502 salute,
3206 5437 3289 5491 vel
3326 5452 3429 5505 pro

1864 5522 2049 5590 requie
2105 5523 2404 5579 animarum
2450 5540 2666 5580 suarum
2717 5526 3082 5597 unusquisque
3136 5529 3426 5584 venerabili

1862 5608 2115 5666 Ecclesia:
2150 5626 2441 5683 pauperum
2473 5630 2637 5670 causa
2672 5616 2982 5683 contulerit,
3024 5627 3117 5672 aut
3153 5626 3301 5674 certe
3338 5634 3409 5674 re

1862 5700 2096 5770 liquerit,
2127 5703 2194 5758 ab
2230 5703 2313 5758 bis
2340 5719 2473 5774 quos
2502 5706 2732 5762 maxime
2768 5721 2986 5776 servare
3012 5718 3339 5765 convenerat
3374 5710 3427 5763 iu

1864 5791 2192 5848 alicnitatem
2266 5794 2676 5850 transferantur.
2733 5795 2894 5851 Plane
2976 5812 3308 5867 quincunquc
3373 5799 3426 5852 in
