3974 6432
546 338 648 393 999

1253 332 1540 387 APPEND.
1567 333 1652 385 AD
1679 330 1847 384 SxEC.
1891 328 1979 381 lx.
2012 359 2076 366 —
2116 324 2360 381 lSll30Rl
2399 325 2836 385 MERCATORIS

3659 331 3810 386 {000

545 451 770 522 gemmis
810 465 940 503 auro
984 445 1065 502 vcl
1117 456 1363 517 argento,
1403 461 1612 499 necnon
1659 451 1713 496 et
1745 443 1981 497 vestibus
2021 440 2118 492 mi-
2149 446 2192 501 Λ
2224 439 2364 506 quod
2399 439 2526 494 mihi
2556 451 2636 495 est
2672 459 2700 495 a
2736 442 2843 496 Deo
2874 443 2971 496 sub
3003 443 3400 512 dispensatione
3427 444 3811 498 commissum.

545 558 648 596 nus
696 549 818 610 apta
868 538 1052 594 usibus
1100 537 1181 592 vel
1218 537 1429 590 ornatui
1479 533 1717 589 ecclesia:
1772 533 2112 593 videbuntur,

541 647 664 701 quae
690 631 893 686 servari
934 644 998 684 ac
1027 630 1116 684 diu
1165 643 1381 682 manere
1423 642 1528 680 non
1562 632 1818 696 possunt,
1844 623 1942 676 sub
1971 619 2114 689 justa

544 722 898 777 aestimatione
927 719 1248 784 vendantur,
1293 727 1348 773 et
1369 716 1665 788 erogationi
1699 714 1960 784 religiosa:
1987 729 2113 782 pro-

545 811 749 866 ficiant.
779 810 1019 880 Cumque
1049 810 1185 865 lecta
1221 809 1447 864 fuissent
1481 807 1822 870 Laurentius,
1858 805 2112 861 Mediola-

543 902 728 956 nensis
759 901 1011 957 Ecclesiae
1038 900 1341 970 episcopus,
1371 900 1522 954 dixit.
1558 898 1663 952 lsta
1693 897 1957 966 scriptura
1999 896 2116 950 nul-

541 991 652 1044 lum
701 991 956 1045 Romanae
999 991 1234 1044 civitatis
1283 989 1455 1059 potuit
1503 987 1741 1056 obligare
1786 985 2112 1056 pontiﬁcem,

544 1084 667 1152 quia
701 1100 805 1137 non
829 1083 986 1158 licuit
1007 1084 1143 1138 laico
1174 1083 1430 1138 statuenti
1459 1082 1512 1136 in
1535 1079 1772 1135 Ecclesia
1793 1086 1990 1149 praeter
2017 1094 2113 1148 pa-

545 1189 666 1244 pam
727 1174 1026 1228 Romanum
1079 1174 1280 1228 habere
1347 1172 1584 1241 aliquam
1645 1177 1988 1240 potestatem,
2028 1167 2116 1222 cui

544 1264 870 1332 obsequendi
923 1271 1108 1318 manet
1162 1262 1480 1328 necessitas,
1511 1276 1615 1316 non
1659 1259 1952 1315 auctoritas
2017 1260 2118 1314 itit-

2221 530 2313 581 sed
2356 528 2516 582 ctiam
2557 531 2880 598 quibuslibet
2915 533 3198 587 Dominum
3229 534 3543 588 timentibus
3588 544 3812 602 gratum

2219 634 2337 673 esse
2365 619 2572 682 debeat,
2601 630 2653 673 et
2683 622 2748 676 ad
2775 622 3128 678 ecclesiastici
3156 624 3455 678 custodiam
3481 625 3812 693 patrimonii

2219 710 2510 779 pertinere.
2538 709 2733 766 Sancta
2757 721 2992 784 synodus
3015 715 3148 769 dixit
3169 716 3415 769 :Scimus
3436 717 3813 784 provisionem

2218 806 2364 851 tuam
2403 803 2723 857 necessariis
2754 804 2994 868 studere,
3027 812 3081 858 et
3123 804 3243 858 ideo
3283 804 3335 857 in
3369 815 3550 858 vestra
3581 815 3665 859 est
3710 819 3815 873 po-

2221 896 2410 942 testate
2457 892 2729 960 sequenda
2769 893 3074 962 disponere.
3107 895 3463 964 Symmachus
3513 897 3815 965 episcopus

2217 979 2470 1035 Ecclesiae
2488 982 2766 1040 catholicae
2793 985 2941 1041 urbis
2965 986 3147 1041 Romae
3169 987 3340 1042 dixit:
3365 988 3554 1060 Magna
3580 992 3812 1058 quidem

2217 1075 2526 1128 veneranda
2551 1085 2605 1129 et
2635 1076 2954 1132 sacerdotali
2986 1079 3212 1133 debetur
3249 1094 3376 1134 cura
3404 1084 3692 1150 proposito
3724 1081 3814 1132 cui

2214 1160 2463 1218 imminet
2491 1165 2558 1219 de
2582 1167 2761 1222 studio
2784 1183 2906 1238 quae
2934 1181 3079 1224 recta
3102 1181 3229 1226 sunt
3256 1188 3360 1226 non
3384 1174 3449 1227 de
3472 1173 3816 1227 necessitate

2217 1252 2519 1321 disponere.
2555 1255 2660 1312 Sed
2703 1261 2957 1328 quoniam
2999 1263 3054 1317 in
3089 1262 3379 1332 aliquibus,
3403 1263 3458 1319 in
3495 1264 3684 1318 aliena
3714 1281 3816 1334 po-

540 1353 784 1421 perandi,
828 1353 1062 1406 maxime
1096 1368 1221 1407 cum
1268 1367 1370 1407 nec
1413 1367 1546 1422 papa
1578 1343 1850 1406 Romanus
1879 1350 2121 1406 subseri-
2213 1344 2542 1401 stulantibus
2565 1348 2816 1404 vitiorum
2857 1363 3033 1408 mater
3059 1355 3280 1410 avaritia
3310 1355 3602 1425 repudiatis
3634 1356 3815 1410 Ilotae-

448 1465 456 1479 ι
541 1445 730 1516 pserit,
762 1460 860 1500 nec
886 1443 1112 1514 alicujus
1137 1445 1430 1500 secundum
1454 1457 1690 1499 canones
1718 1441 2138 1534 metropolitani-

542 1553 794 1593 assensus
833 1537 1057 1608 legatur.
1103 1537 1297 1593 Petrus
1327 1538 1611 1607 episcopus
1654 1534 1984 1589 Ravennatis
2019 1533 2117 1588 Ec-

542 1629 718 1685 clesiae
761 1629 914 1684 dixit.
960 1630 1292 1700 Scripturun
1336 1643 1454 1698 quae
1496 1629 1551 1682 in
1599 1635 1786 1682 nostra
1818 1640 2116 1697 congrega-

543 1720 686 1776 tione
714 1721 928 1790 vulgata
955 1729 1056 1784 est,
1092 1720 1249 1774 nullis
1276 1720 1439 1774 etiam
1471 1719 1674 1773 viribus
1715 1715 1968 1772 sustineri
1994 1729 2113 1768 ma-

2217 1433 2374 1488 statis
2403 1437 2690 1506 repagulis,
2721 1447 2891 1497 toturn
2938 1451 3092 1512 putat
3125 1445 3377 1516 expedire
3415 1446 3734 1515 quodlibet,
3759 1456 3817 1502 et

2219 1527 2293 1582 ita
2339 1528 2466 1582 dum
2515 1533 2694 1600 praeda
2743 1534 2916 1590 inhiat
2961 1538 3220 1607 patientia
3275 1553 3526 1610 supernae
3573 1540 3814 1609 pietatis

2216 1615 2459 1672 abutitur
2498 1624 2930 1688 exspectantibus
2984 1628 3372 1685 correctionem
3418 1630 3555 1686 caelo
3604 1634 3813 1686 mode-

2219 1717 2376 1763 rante
2399 1709 2616 1779 judiciis
2646 1729 2704 1768 se
2729 1716 3047 1773 existimant
3075 1735 3181 1774 non
3214 1722 3405 1787 teneri,
3436 1738 3558 1777 cum
3581 1724 3808 1778 clarum

543 1811 794 1867 nifestum
839 1822 956 1877 est,
1004 1813 1129 1881 quia
1184 1827 1284 1867 nec
1336 1809 1631 1866 canonibus
1683 1808 1934 1864 convenit
1972 1814 2026 1862 et
2082 1820 2112 1860 a
2144 1794 2189 1854 Β
2218 1797 2453 1867 sitquod
2488 1803 2627 1871 apud
2653 1815 2829 1862 certos
2859 1808 2910 1862 in
2946 1810 3282 1864 occasionem
3331 1813 3570 1882 rapiendi
3605 1830 3814 1884 procc-

544 1905 716 1959 laicali
749 1915 1005 1975 concepta
1037 1920 1266 1975 persona
1295 1904 1526 1967 videtur,
1557 1901 1787 1955 maxime
1817 1899 1940 1968 quia
1968 1898 2021 1952 in
2051 1911 2113 1951 ea

543 1995 717 2048 nullus
745 1995 938 2063 praesul
988 1995 1132 2049 sedis
1164 1993 1470 2063 apostolicae
1515 1989 1850 2054 interfuisse,
1880 1987 1961 2042 vel
1993 2002 2115 2056 pro-

540 2075 659 2155 pria
722 2085 1115 2154 subscriptione
1173 2084 1416 2137 ﬁrmasse
1468 2089 1817 2135 monstratur.
1876 2077 2115 2131 Eulalius

536 2177 821 2246 episcopus
842 2174 1181 2230 Siracusanae
1209 2173 1459 2229 Ecclesiae
1485 2175 1619 2227 dixit
1648 2189 1661 2224 :
1691 2171 1970 2240 Scriptura
1996 2183 2116 2238 quae

539 2270 593 2322 in
649 2268 966 2322 sacerdotali
1017 2267 1244 2322 concilio
1290 2266 1514 2320 recitata
1568 2273 1651 2318 est
1695 2261 2115 2318 evidentissimis

537 2361 876 2415 documentis
913 2369 1128 2414 constat
1171 2358 1421 2412 invalida.
1472 2356 1710 2410 Primum
1749 2354 1890 2424 quod
1927 2361 2114 2407 contra

538 2448 757 2504 Patrum
802 2449 1014 2519 regulas
1059 2464 1089 2502 a
1129 2447 1280 2503 laicis
1329 2445 1576 2516 quamvis
1621 2442 1887 2513 religiosis
1923 2440 2116 2511 quibus

531 2538 681 2598 nulla
732 2539 800 2592 de
855 2537 1235 2592 ecclesiasticis
1288 2535 1634 2591 facultatibus
1688 2532 1888 2602 aliquid
1939 2532 2113 2599 dispo-

539 2630 698 2683 nendi
753 2629 946 2698 legitur
1009 2642 1244 2698 unquam
1314 2627 1571 2681 attributa
1631 2624 1859 2678 facultas
1915 2620 2113 2675 factam

538 2721 767 2775 videtur.
824 2719 1026 2784 Deinde
1071 2719 1214 2790 quod
1264 2717 1462 2772 nullius
1509 2715 1754 2786 praesulis
1809 2712 2114 2784 apostolica:

538 2811 682 2865 sedis
726 2810 1122 2878 subscriptione
1151 2809 1359 2864 ﬁrmata
1389 2809 1630 2863 docetur.
1673 2806 1824 2872 Quod
1860 2804 1906 2858 si
1938 2802 2114 2870 cujus-

539 2902 668 2957 libet
697 2903 988 2972 provinci-a:
1010 2901 1262 2957 sacerdos
1293 2902 1432 2956 intra
1455 2915 1580 2955 suos
1605 2899 1861 2954 terminos
1886 2895 2114 2951 concilio

539 2993 742 3058 habito,
773 2992 1030 3062 quidquid
1061 2993 1178 3047 sine
1225 2989 1622 3060 metropolitani
1662 2988 1812 3042 suive
1855 2985 2113 3040 antistitis

539 3085 858 3140 auctoritate
883 3093 1107 3140 testatus
1129 3083 1291 3138 fuerit
1320 3083 1528 3138 irritum
1558 3095 1676 3137 esse
1705 3081 1901 3135 debere
1926 3078 2114 3133 Patres

538 3180 709 3234 sancti
751 3187 1061 3241 sanxerunt,
1105 3185 1306 3246 quanto
1345 3177 1512 3248 magis
1552 3175 1695 3246 quod
1737 3175 1790 3228 in
1822 3171 2112 3243 apostolica

538 3271 666 3326 sede
715 3286 818 3324 non
851 3269 1116 3325 existente
1166 3267 1391 3338 praesule
1436 3266 1526 3336 qui
1561 3281 1656 3336 per
1703 3263 2112 3335 praerogativam

542 3361 720 3416 meriti
751 3360 894 3415 beati
943 3359 1085 3414 Petri
1136 3357 1364 3428 apostoli
1415 3371 1513 3427 per
1563 3357 1872 3410 universum
1923 3353 2113 3408 orbem

537 3454 829 3524 primatum
885 3452 1134 3506 obtinens
1172 3450 1463 3506 sacerdotii
1505 3447 1720 3504 statutis
1768 3445 2114 3517 synodalius

538 3545 821 3600 consuevit
853 3544 1085 3599 tribuere
1120 3544 1430 3598 ﬁrmitatem
1473 3556 1502 3594 a
1548 3540 1697 3594 laicis
1732 3538 1834 3592 illis
1879 3550 2112 3592 consen-

538 3637 796 3693 tientibus
843 3635 1129 3705 aliquantis
1168 3635 1453 3706 episcopis,
1485 3633 1577 3701 qui
1625 3640 1803 3686 tamen
1839 3627 2112 3699 pontiﬁcio

538 3744 647 3800 quo
675 3727 980 3784 consecrari
1030 3727 1322 3796 probantur
1361 3724 1726 3796 praejudicium
1777 3721 1976 3776 inferre
2006 3735 2111 3774 non

531 3829 826 3892 ,potuerunt
873 3827 1257 3890 praesumptum
1307 3816 1471 3872 fuisse
1513 3814 1876 3886 cognoscitur,
1906 3812 2114 3866 viribus

537 3927 729 3967 carere
763 3927 866 3966 non
890 3910 1106 3966 dubium
1131 3917 1235 3974 est,
1273 3923 1370 3962 nec
1402 3921 1557 3977 posse
1584 3907 1725 3960 inter
1745 3903 2111 3958 ecclesiastica

537 4000 648 4055 ullo
683 4001 840 4054 modo
867 4006 1068 4053 statuta
1092 3997 1335 4052 censeri?

607 4089 810 4144 Sancta
857 4088 1092 4159 synodus
1137 4087 1292 4152 dixit,
1343 4087 1467 4142 licet
1515 4085 1810 4142 secundum
1860 4097 2116 4154 prosecu-

541 4180 717 4235 tiones
764 4178 1152 4234 venerabilium
1202 4176 1430 4232 fratrum
1479 4187 1784 4233 nostrorum
1817 4174 2112 4240 Laurentii,

540 4270 710 4336 Petri,
741 4268 955 4335 Eulalii,
984 4267 1278 4334 Cresconii,
1309 4266 1548 4334 Maximi,
1588 4267 1674 4323 vel
1705 4265 1986 4336 Stephani,
2015 4279 2116 4319 nec

540 4363 682 4430 apud
727 4375 827 4415 nos
871 4360 1134 4415 incertum
1172 4359 1399 4416 habetur
1427 4359 1568 4414 hanc
1591 4357 1760 4428 ipsam
1791 4355 2113 4426 scripturam

541 4451 738 4506 nullius
765 4463 886 4505 esse
925 4450 1202 4516 momenti,
1233 4464 1395 4520 quant
1437 4448 1619 4512 etiam,
1649 4446 1693 4501 si
1733 4445 1914 4514 aliqua
1942 4443 2112 4514 possit

537 4541 833 4596 subsistere
864 4539 1089 4603 ratione,
1112 4540 1284 4595 modis
1320 4539 1571 4593 omnibus
1603 4537 1655 4592 in
1695 4535 1936 4607 synodali
1978 4550 2111 4590 cou-

537 4642 699 4690 ventu
746 4632 970 4703 provida
1015 4630 1361 4686 beatitudinis
1400 4639 1593 4686 vestrae
1644 4629 1913 4684 sententia
1951 4642 2112 4683 ener—

538 4723 652 4777 vari
675 4723 1048 4785 conveniebat,
1075 4729 1130 4776 et
1155 4720 1211 4775 in
1239 4720 1450 4775 irritum
1477 4720 1691 4786 deduci,
1714 4735 1813 4775 nec
1840 4720 1894 4775 in
1932 4735 2111 4776 exem-

537 4814 687 4884 plum
761 4821 1067 4869 remaneret
1128 4812 1483 4881 praesumendi
1559 4811 1884 4882 quibuslibet
1935 4811 2109 4878 laicis,

543 4904 786 4973 quamvis
816 4902 1077 4973 religiosis
1102 4902 1184 4957 vel
1209 4903 1535 4972 potentibus,
1557 4903 1609 4957 in
1638 4917 1958 4973 quacunque
1983 4902 2115 4957 civi-

544 5001 656 5047 tate
693 4991 929 5061 quolibet
958 4991 1122 5046 modo
1161 4991 1363 5061 aliquid
1409 4992 1700 5047 decernere
1739 4994 1826 5067 de.
1851 4990 2110 5048 ecclesia-

544 5078 694 5132 sticis
713 5078 1079 5146 facultatibus,
1103 5094 1331 5148 quarum
1363 5081 1491 5135 solis
1521 5081 1888 5136 sacerdotibus
1923 5080 2109 5150 dispo-

544 5170 705 5223 ncndi
756 5170 1054 5226 indiscusse
1104 5189 1133 5227 a
1197 5174 1305 5228 Deo
1349 5188 1478 5229 cura
1525 5173 1811 5228 commissa
1865 5174 2108 5230 docetur.

544 5257 902 5328 Symmachus
925 5259 1205 5330 episcopus
1235 5262 1370 5317 dixit
1401 5280 1413 5316 :
1446 5263 1603 5319 Modo
1632 5263 1757 5333 quia
1795 5262 1934 5319 Deus
1977 5278 2114 5334 prae-

542 5347 772 5400 sentiam
800 5355 1034 5402 vestram
1075 5350 1307 5405 votivam
1357 5352 1487 5406 mihi
1527 5353 1627 5408 sub
1676 5350 1913 5422 qualibet
1953 5367 2112 5408 occa-

543 5437 695 5492 sione
738 5439 1038 5505 concessit,
1078 5439 1224 5507 volo,
1263 5444 1305 5498 si
1334 5443 1541 5513 placet,
1569 5460 1683 5500 rem
1731 5444 1846 5498 ﬁeri
1899 5446 2110 5501 ﬁrmam

545 5543 707 5597 quam
733 5529 894 5584 credo
922 5531 1301 5590 ecclesiasticis
1344 5537 1688 5594 facultatibus
1715 5541 2020 5607 convenire,
2053 5550 2112 5594 ut

545 5632 769 5678 noscant
807 5639 995 5680 omnes
1038 5641 1174 5694 quos
1219 5627 1273 5681 in
1328 5643 1412 5684 me
1455 5645 1623 5685 vanus
1667 5631 1817 5687 furor
1857 5634 2114 5688 excitavit

547 5716 680 5772 nihil
715 5730 802 5773 me
827 5717 998 5788 magis
1022 5719 1238 5778 studere
1265 5736 1426 5791 quam
1449 5731 1509 5779 ut
1549 5723 1754 5782 salvum
1784 5740 1902 5782 esse
1940 5731 2113 5798 possit

2216 1889 2310 1976 dat
2351 1890 2543 1946 divinae
2584 1909 2731 1949 mora
2778 1900 3075 1955 sententiae.
3106 1901 3211 1956 Sed
3252 1904 3404 1959 nobis
3445 1921 3577 1974 quos
3616 1918 3810 1976 pasto-

2217 1975 2346 2031 ralis
2381 1994 2508 2034 cura
2541 1992 2597 2036 et
2641 1985 3019 2043 ecclesiasticae
3066 1993 3316 2063 astringit
3362 2010 3458 2064 pro
3510 1975 3810 2067 dispensa-

2218 2068 2362 2124 tione
2390 2075 2593 2128 credita
2632 2078 2770 2132 ratio
2799 2080 3066 2135 reddenda
3094 2085 3404 2140 substantiae
3436 2102 3567 2156 opus
3598 2100 3715 2154 est,
3751 2100 3807 2143 ut

2216 2161 2629 2220 sollicitudinem
2681 2179 2918 2224 nostram
2968 2189 3073 2229 non
3133 2176 3302 2230 solum
3350 2179 3416 2232 ad
3467 2186 3804 2250 praesentia,

2216 2253 2311 2306 sed
2364 2254 2528 2310 etiam
2575 2259 2641 2312 ad
2689 2270 2940 2317 secutura
2979 2266 3170 2320 saecula
3219 2271 3570 2340 porrigainus,
3628 2290 3704 2327 ne
3740 2279 3806 2329 ad

2216 2343 2408 2399 animae
2433 2357 2630 2403 nostra:
2653 2350 2977 2410 detrimenta
3002 2358 3309 2428 contingat;
3336 2364 3429 2415 sed
3465 2363 3518 2416 bi
3549 2367 3652 2432 qui
3680 2381 3806 2434 pos-

2216 2443 2341 2486 sunt
2390 2439 2606 2493 statutis
2651 2441 2846 2497 debere
2893 2445 3254 2501 innocentiam
3299 2465 3700 2519 praesumentes
3741 2459 3806 2512 de

2215 2520 2464 2578 libertate
2493 2526 2850 2597 deliquerant,
2883 2548 3004 2588 cum
3026 2535 3271 2606 religiosa
3297 2542 3505 2609 possint
3528 2554 3582 2596 et
3614 2557 3803 2601 nostra

2215 2622 2270 2666 et
2297 2620 2628 2674 successoris
2655 2624 2821 2677 nostri
2854 2635 3121 2694 potestate
3149 2629 3343 2696 fulciri,
3382 2633 3591 2701 legibus
3626 2640 3804 2692 eccle-

2214 2705 2446 2761 siasticis
2474 2712 2793 2768 servientes.

2287 2798 2382 2855 llis
2411 2815 2541 2872 ergo
2587 2807 2865 2876 perpensis
2913 2826 3167 2888 mansuro
3194 2830 3315 2868 cum
3362 2815 3456 2872 Dei
3507 2824 3686 2876 nostri
3728 2825 3805 2878 di-

2216 2887 2338 2942 vina
2367 2893 2802 2952 consideratione
2829 2899 3065 2968 decreto,
3098 2905 3374 2960 sanximus
3413 2919 3470 2960 ut
3507 2913 3646 2965 nulli
3678 2931 3804 2984 apo.

2215 2979 2419 3035 Stolicaa
2441 2984 2586 3038 sedis
2607 2989 2820 3054 praesuli
2843 3007 2870 3044 a
2895 2996 3142 3061 praesenti
3173 2997 3256 3052 die
3283 2999 3453 3054 donec
3478 2979 3805 3072 disponente

2218 3071 2446 3129 Domino
2474 3077 2754 3136 catholicae
2786 3081 2906 3137 fidei
2938 3088 3196 3142 manse’rit
3219 3090 3462 3146 doctrina
3500 3071 3804 3152 salvatoris

2141 3144 2184 3206 Ο
2217 3165 2376 3219 liceat
2423 3170 2682 3237 prandium
2732 3175 2991 3231 rusticum
3037 3191 3462 3258 quantmcunque
3511 3186 3687 3244 fuerit
3724 3191 3804 3243 vel

2215 3257 2599 3325 magnitudinis
2643 3263 2728 3318 vel
2765 3266 3105 3337 exiguitatis,
3143 3257 3240 3327 Sub
3291 3275 3628 3334 alienatione
3678 3297 3800 3351 per-

2213 3354 2374 3414 petua
2413 3349 2497 3404 vel
2531 3356 2954 3412 commutatione
3001 3360 3067 3412 ad
3119 3361 3402 3432 cujuslibet
3441 3365 3571 3434 jura
3626 3349 3804 3424 trans-

2213 3437 2375 3495 ferre.
2427 3440 2536 3497 Nec
2577 3446 2893 3516 cujusquam
2937 3462 3262 3507 cxcnsentur
3308 3460 3662 3516 necessitatis
3702 3465 3799 3518 ob-

2214 3537 2384 3595 tentu,
2423 3533 2618 3602 quippe
2649 3551 2770 3590 cum
2801 3553 2904 3593 non
2935 3541 3002 3595 sit
3028 3545 3310 3611 personale
3331 3550 3474 3616 quod
3501 3549 3798 3620 laquimur,

2213 3633 2312 3674 nec
2346 3621 2540 3691 aliquis
2569 3625 2889 3683 clericorum
2920 3632 3003 3687 vel
3033 3634 3290 3691 laicorum
3339 3641 3466 3695 sub
3489 3643 3596 3698 hac
3646 3662 3801 3703 occa-

2214 3714 2363 3769 sione
2405 3727 2626 3788 accepta
2675 3730 2909 3790 tueatur,
2957 3726 3052 3781 sed
3103 3744 3204 3784 nec
3246 3730 3299 3786 in
3345 3748 3445 3788 usu
3498 3736 3800 3795 fructuaria

2215 3805 2482 3876 aliquibus
2508 3811 2637 3866 dare
2667 3813 2850 3881 liceat,
2890 3832 2988 3872 nec
3024 3819 3146 3876 data
3186 3824 3420 3880 retinere
3451 3840 3660 3896 praeter
3689 3834 3797 3888 cle-

2215 3898 2354 3953 ricos
2376 3909 2430 3954 et
2459 3903 2700 3972 captivos
2723 3914 2778 3961 et
2805 3911 3137 3980 peregrinos,
3164 3929 3262 3969 nec
3285 3917 3425 3970 male
3451 3925 3800 3980 tractationis

2215 3993 2554 4050 ministretur
2579 3999 2792 4054 occasio
2833 4017 2952 4058 cum
2985 4003 3305 4064 liberalitate
3332 4009 3405 4066 illi
3446 4013 3555 4068 alia
3600 4016 3797 4074 itinera

2218 4094 2581 4141 reserventur.

2287 4178 2430 4232 Sane
2457 4187 2659 4233 tantum
2690 4181 2882 4238 domus
2920 4185 3203 4255 cujuslibet
3232 4200 3288 4246 et
3331 4192 3558 4251 urbibus
3596 4201 3797 4254 consti-

2218 4273 2343 4320 tutae
2365 4281 2591 4336 quarum
2623 4279 2820 4327 statum
2846 4291 3063 4332 necesse
3084 4289 3166 4333 est
3189 4295 3421 4351 expensa
3448 4301 3556 4341 non
3583 4293 3793 4345 modica

2216 4364 2503 4418 sustentari
2525 4368 2760 4436 acceptis
2785 4369 2966 4425 offerri
2982 4371 3025 4426 si
3047 4375 3331 4444 contigerit
3353 4379 3453 4433 sub
3467 4380 3619 4449 justa
3647 4385 3794 4438 aesti-

2219 4456 2451 4512 matione
2479 4459 2776 4516 redditibus
2818 4471 2871 4516 et
2897 4464 3062 4520 divini
3111 4467 3302 4524 timore
3322 4469 3514 4540 judicii
3545 4490 3792 4530 comnm-

2223 4554 2422 4602 tentur.

2289 4637 2411 4692 Pari
2439 4639 2600 4694 etiam
2633 4640 2992 4700 Ecclesiarum
3023 4662 3119 4718 per
3155 4665 3342 4706 omnes
3375 4653 3635 4713 Romanae
3665 4663 3792 4716 civi-

2223 4727 2346 4782 tatis
2374 4729 2557 4784 titulos
2579 4732 2666 4800 qui
2694 4742 2820 4787 sunt
2841 4737 3138 4808 presbyteri
3164 4741 3241 4795 vel
3264 4744 3571 4815 quicunque
3594 4750 3790 4806 fuerint

2218 4818 2441 4889 astringi
2486 4819 2730 4877 volumus
2776 4823 2891 4894 lege
2929 4829 3214 4896 custodes,
3245 4833 3372 4900 quia
3402 4835 3555 4891 nefas
3585 4842 3786 4897 dictum

2218 4917 2301 4962 est
2347 4909 2723 4981 obligationem
2766 4930 2929 4984 quam
2975 4931 3034 4972 se
3075 4934 3173 4990 per
3218 4924 3539 4981 cliaritatem
3585 4930 3786 4990 Christi

2219 5002 2489 5056 connectit
2515 5018 2757 5060 summus
2783 5008 3054 5077 pontifex,
3087 5027 3149 5068 ea
3181 5014 3450 5073 hominem
3482 5026 3708 5080 secundi
3737 5028 3786 5081 in

2219 5090 2440 5145 ecclesia
2464 5094 2668 5148 ordinis
2696 5111 2799 5151 non
2825 5101 3015 5154 teneri.
3044 5101 3359 5175 Quicunque
3383 5115 3562 5165 tamen
3593 5115 3786 5172 oblitus

2217 5179 2310 5234 Dei
2343 5189 2396 5234 et
2425 5181 2625 5239 decreti
2657 5185 2812 5253 hujus
2859 5189 3142 5247 immemor
3178 5195 3330 5264 cujus
3361 5197 3623 5259 Romanae
3656 5208 3782 5262 civi-

2218 5272 2344 5325 tatis
2362 5276 2668 5331 sacerdotes
2689 5278 2933 5336 volnmus
2961 5283 3232 5354 religionis
3254 5291 3479 5345 nexibus
3501 5295 3783 5363 devinciri,

2219 5360 2271 5414 'n
2315 5364 2663 5420 constitutum
2718 5382 2955 5436 praesens
2995 5377 3335 5432 committens
3383 5381 3678 5452 quidquam

2213 5453 2335 5523 jure
2372 5454 2647 5510 titulorum
2680 5458 2760 5512 vel
2798 5458 3064 5517 Ecclesias
3102 5467 3348 5534 superius
3372 5471 3630 5539 pmfatas
3659 5492 3776 5545 quo-

2219 5545 2348 5600 libet
2396 5547 2553 5602 modo
2597 5561 2792 5616 praeter
2827 5568 3038 5620 aurum,
3085 5569 3366 5628 argentum
3399 5563 3481 5617 vel
3524 5582 3775 5634 gemmas.

2220 5649 2396 5694 vestes
2420 5656 2632 5710 quoque
2667 5642 2707 5696 si
2744 5653 2869 5698 sunt
2896 5646 2978 5700 vel
3006 5649 3049 5702 si
3079 5653 3407 5706 accesserint
3452 5655 3634 5726 aliqua
3672 5674 3758 5714 mo

2222 5730 2346 5786 bilia
2380 5731 2447 5786 ad
2469 5743 2785 5789 ornamenta
2825 5736 3002 5793 divina
3049 5741 3268 5796 minime
3296 5746 3623 5811 pertinentia
3659 5765 3751 5820 per
