3974 6474
152 436 294 492 i001

148 643 411 697 domibus
452 640 691 695 alienare
735 640 1023 695 tentaverit
1068 640 1319 705 donator,
1357 637 1640 703 alienator,
1673 650 1737 690 ac

148 731 407 786 venditor
430 730 654 785 honoris
677 730 760 784 sui
790 728 1080 785 amissione
1108 728 1385 784 multetur.

226 818 500 876 Praeterea
529 820 621 890 qui
658 818 872 890 petierit
901 827 993 874 aut
1017 819 1310 888 acceperit,
1341 827 1434 873 aut
1461 818 1551 888 qui
1584 833 1735 888 pres-

150 913 493 987 byterorum,
529 920 624 967 aut
667 912 1016 968 diaconorum
1058 925 1153 967 seu
1199 909 1542 966 defensorum
1590 910 1737 965 danti

151 1001 559 1069 subscripserit,
586 998 755 1073 248
778 1014 884 1070 quo
911 999 1082 1055 iratus
1111 1000 1251 1056 Deus
1273 999 1482 1054 animas
1509 998 1741 1070 percutit

153 1093 505 1150 anathemate
545 1093 794 1159 feriatur,
825 1093 1006 1163 sitque
1051 1091 1337 1163 accipienti
1368 1090 1453 1149 vel
1497 1090 1739 1147 subscri—

153 1182 310 1238 benti
355 1182 423 1239 de
471 1182 719 1254 personis
768 1182 1017 1252 superius
1047 1180 1485 1251 comprehensis,
1532 1179 1586 1235 id
1632 1186 1739 1243 est,

153 1273 285 1344 quis
329 1273 673 1329 anathemate
717 1271 866 1328 feriri
916 1271 1247 1337 censuimus,
1289 1271 1533 1326 instituta
1580 1285 1741 1342 poena

156 1364 628 1422 contubernalium
663 1372 900 1430 servata,
929 1380 1105 1437 quam
1123 1363 1483 1434 praemisimus
1527 1364 1580 1418 in
1607 1365 1741 1421 alic-

159 1465 359 1510 uatore
407 1453 671 1521 vindicta,
717 1455 819 1512 nisi
868 1454 1008 1512 forte
1052 1463 1108 1511 et
1150 1455 1416 1511 alienator
1462 1456 1566 1512 sibi
1612 1457 1740 1512 dum

160 1546 381 1618 repetit,
408 1553 463 1603 et
501 1547 594 1618 qui
638 1548 911 1619 acceperit
950 1546 1111 1604 celeri
1156 1546 1500 1604 restitutione
1521 1561 1744 1621 prospe—

158 1636 324 1691 xerit.

232 1727 387 1796 Quod
415 1728 459 1786 si
493 1729 702 1786 minore
728 1731 923 1787 anima:
961 1746 1071 1788 suae
1104 1746 1231 1787 cura
1244 1731 1546 1804 quisquam
1571 1728 1747 1787 reme-

157 1821 310 1877 dium
338 1820 576 1878 oblatum
620 1821 758 1878 forte
796 1823 1123 1896 neglexerit,
1175 1838 1336 1895 supra
1367 1839 1429 1880 ea
1461 1839 1742 1894 poenarum

1402 427 1893 488 DECRETALIUM
1931 427 2333 489 COLLECTIO.

148 562 316 616 petua
342 548 461 607 iure
490 547 729 621 exceptis
761 549 1022 604 duntaxat
1050 550 1149 604 sub
1175 547 1394 620 przcl‘ata
1430 546 1735 603 conditione
1764 549 1809 608 Α
1838 544 2313 604 Foroliaminensis
2343 590 2356 612 ,
2412 548 2766 606 Sebastianus

3280 434 3417 492 1002

2845 546 3072 604 Siranus
3098 587 3113 612 ,
3168 546 3422 603 Rusticus

1840 638 2193 708 Duxantinus,
2217 640 2514 697 Vcnantius
2540 640 2967 712 Sinogalliensis,
2995 639 3178 696 Victor
3204 640 3422 695 Duneno

1840 730 1940 796 sis,
1977 724 2322 787 Innocentius
2349 728 2716 786 Tifernantius
2743 729 3136 800 Tybernorum,
3171 727 3423 800 Sylvinus

1842 818 2211 876 Veliterniuus
2257 820 2443 877 Justus
2472 820 2738 876 Simensis
2762 861 2776 885 ,
2808 819 3123 875 Arcstonius
3153 818 3423 883 Ostensis,

1839 909 2120 980 Augustus
2146 909 2514 981 Liparitauus.
2561 909 2713 966 Felix
2766 908 3093 978 Nepessinus
3139 923 3236 978 pro
3264 904 3421 972 Urse,

1839 999 2087 1055 Asterius
2130 999 2400 1068 Quinatis,
2449 1001 2790 1073 Propinquus
2839 998 3131 1065 Trebiatis,
3160 997 3426 1054 Eusebius

1841 1090 2115 1149 Favestris
2129 1132 2145 1159 ,
2174 1091 2451 1149 Romanus
2476 1090 2893 1150 Numentanusu

1841 1204 2033 1277 Incipit
2070 1206 2302 1278 synodus
2332 1214 2522 1276 quarta
2551 1222 2771 1278 romana
2803 1205 2914 1261 sub‘
2946 1204 3271 1262 Theoderico
3304 1218 3429 1273 rege

2132 1292 2196 1332 ea:
2229 1277 2447 1331 diversis
2489 1277 2783 1347 regionibus
2808 1286 3139 1348 congregata.
3170 1322 3171 1325 η

1914 1366 2055 1424 Rufo
2092 1381 2287 1437 magno
2311 1407 2328 1432 ,
2387 1366 2588 1424 Fausto
2610 1405 2628 1433 ,
2666 1366 2893 1434 Ameno,
2946 1367 3077 1423 viris
3112 1363 3445 1420 clarissimis
3510 1422 3519 1429 ,

1843 1458 2157 1518 consulibus
2190 1458 2292 1516 sub
2318 1459 2404 1515 die
2428 1458 2789 1516 Kalendarum
2822 1458 3200 1515 Novembrium
3239 1464 3428 1510 sancta

1843 1550 2080 1624 synodus
2124 1550 2267 1621 apud
2300 1550 2488 1606 urbem
2535 1549 2767 1606 Romam
2799 1565 2866 1607 ex
2915 1558 3187 1623 praecepto
3226 1547 3428 1620 glorio—

1845 1640 2045 1698 sissimi
2102 1640 2258 1711 regis
2299 1638 2623 1696 Theudorici
2688 1654 2756 1696 ex
2824 1639 3054 1697 diversis
3119 1637 3430 1710 regionibus

1845 1739 2165 1803 congregata
2201 1730 2253 1786 in
2289 1729 2489 1786 Christi
2528 1730 2747 1785 nomine
2775 1729 2911 1786 dixit
2941 1743 2955 1783 :
2983 1728 3116 1784 Cum
3141 1743 3221 1783 ex.
3245 1726 3425 1783 direre

1846 1822 1921 1878 sis
1938 1821 2231 1894 provinciis
2254 1820 2321 1877 ad
2351 1821 2536 1878 urbem
2559 1819 2786 1877 Romam
2807 1818 3096 1875 convenire
3117 1817 3445 1873 sacerdotes

158 1927 362 1980 genera
410 1927 531 1983 qua:
573 1913 820 1984 superius
869 1922 1120 1969 tenentur
1149 1915 1382 1985 ascripta
1420 1925 1608 1970 contra
1636 1914 1742 1980 fas,
1774 1923 1818 1983 Β
1849 1915 1995 1987 regia
2020 1914 2365 1986 prmcepisset
2390 1914 2709 1978 auctoritas,
2757 1922 2819 1968 ut
2846 1913 2912 1969 de
2939 1911 3023 1967 his
3052 1927 3171 1982 qua:
3198 1925 3432 1965 venera-

158 2003 207 2056 si
259 2004 399 2074 quod
445 2012 764 2073 conceptum
831 2001 993 2059 fuerit
1052 2003 1430 2063 documentum
1479 2002 1747 2060 universis

162 2093 372 2149 viribus
401 2095 645 2163 quamvis
675 2095 744 2150 ab
773 2093 925 2150 initio
968 2093 1143 2149 nullas
1189 2094 1509 2159 habuerint,
1555 2090 1747 2148 effare-

160 2189 272 2246 tur,
326 2181 422 2237 sed
470 2181 636 2237 etiam
692 2181 851 2238 liceat
903 2184 1310 2254 quibuscunqne
1363 2183 1746 2239 ecclesiasticis

155 2272 409 2340 personis
436 2288 624 2328 vocem
674 2274 1121 2331 contradictionis
1146 2274 1364 2340 oll‘erre,
1392 2283 1447 2329 et
1490 2275 1748 2335 ecclesia-

157 2363 299 2418 stica
372 2365 691 2420 auctoritate
748 2364 975 2432 fulciri,
1033 2368 1107 2422 ita
1181 2377 1240 2423 ut
1306 2384 1429 2423 cum
1484 2368 1748 2424 fructibus

159 2455 336 2524 possit
363 2454 593 2511 alienata
623 2472 929 2527 reposcere,
962 2474 1029 2514 ne
1057 2458 1238 2529 aliquo
1264 2474 1323 2514 se
1352 2468 1478 2515 ante
1513 2460 1751 2516 tribunal

157 2547 365 2602 Christi
402 2546 681 2606 obstaculo
721 2550 949 2617 muniat,
994 2551 1119 2620 quia
1169 2551 1435 2623 religiosis
1464 2552 1749 2608 animabus

160 2635 251 2691 vel
281 2636 634 2694 substantiam
676 2654 973 2711 pauperum
1003 2639 1258 2696 derelicta
1298 2650 1486 2696 contra
1519 2640 1601 2697 fas
1631 2642 1749 2697 sine

160 2726 345 2798 aliqua
373 2729 591 2798 pictatis
611 2731 1041 2787 consideratione
1064 2731 1343 2803 dispergit.
1371 2731 1540 2804 Hujus
1567 2742 1746 2789 autem

157 2819 445 2876 constituti
485 2820 653 2892 legem
694 2823 746 2877 in
777 2823 1071 2893 apostolica
1112 2831 1317 2880 tantum
1347 2825 1475 2880 sede
1502 2824 1748 2881 volumus

160 2912 397 2976 servari,
430 2911 695 2968 universis
720 2912 965 2969 ecclesiis
991 2928 1088 2984 per
1116 2913 1423 2985 prtn'incias
1451 2915 1746 2971 secundum

161 3004 468 3059 animarum
514 3004 1000 3062 considerationem
1030 3021 1188 3078 quem
1227 3006 1504 3076 proposito
1535 3007 1751 3079 religio-

161 3095 251 3149 nis
278 3095 568 3150 convenire
594 3105 832 3152 rectores
857 3111 1043 3152 earum
1078 3096 1307 3151 viderint
1341 3112 1489 3152 more
1511 3105 1745 3152 servato.

160 3187 233 3243 Et
284 3188 740 3258 subscripserunt.
806 3187 985 3245 Cclius
1052 3186 1409 3259 Symmachus
1464 3188 1749 3258 episcopus

161 3279 423 3336 Ecclesiae
475 3279 734 3336 Romanae
782 3280 909 3337 huic
955 3280 1249 3336 constituto
1313 3294 1344 3334 a
1399 3278 1554 3335 nobis
1601 3278 1745 3334 facto
1771 3270 1818 3334 C

159 3370 487 3440 conscripsi.
517 3368 697 3425 Cclius
733 3369 1055 3426 Laurentius
1100 3369 1384 3439 cpiscopus
1412 3375 1613 3424 sancta:
1639 3366 1751 3421 Me-

162 3460 502 3517 diolanensis
559 3460 812 3516 Ecclesiae
860 3460 988 3516 huic
1043 3458 1339 3516 constituto
1386 3474 1417 3514 a
1449 3458 1748 3515 venerabili

158 3566 300 3622 papa
327 3549 653 3622 Symmacho
683 3561 873 3608 sancto
899 3550 1211 3621 subscripsi.
1245 3548 1440 3605 Petrus
1467 3549 1750 3619 episcopus

159 3644 420 3700 Ecclesiae
474 3645 753 3702 catholica:
797 3644 1166 3711 Ravennatis,
1209 3645 1337 3701 huic
1381 3645 1674 3701 constituto
1717 3660 1746 3700 a

159 3735 462 3791 venerabili
501 3751 639 3807 papa
669 3737 996 3807 Symmacho
1024 3744 1211 3794 sancto
1244 3735 1556 3807 subscripsi.
1589 3735 1748 3791 Eula-

160 3828 268 3883 I‘ius
289 3828 570 3899 episcopus
590 3828 843 3885 Ecclesia:
873 3828 1226 3902 Syracusanae
1254 3828 1379 3886 huic
1403 3831 1698 3887 constituto
1719 3846 1748 3885 a

160 3919 459 3975 venerabili
504 3936 641 3992 papa
672 3919 999 3994 Symmacho
1027 3932 1215 3978 sancto
1244 3922 1559 3993 subscripsi.
1600 3921 1747 3978 Felix

157 4010 612 4077 Tarraconensis,
644 4012 1026 4086 Chrysogonus
1070 4013 1416 4080 Tudertinus,
1451 4016 1750 4073 Emilianns

166 4102 544 4168 Vercellensis,
575 4102 848 4160 Jocundus
881 4105 1249 4178 Augustanus,
1279 4103 1531 4177 Tigridus
1558 4105 1752 4162 Tauri-

158 4191 332 4259 natis,
361 4192 552 4249 Vitalis
593 4192 910 4260 Fundanus,
955 4193 1155 4251 Bassus
1183 4194 1502 4252 Mutinensis
1525 4236 1543 4264 ,
1582 4195 1753 4252 Paca-

162 4284 348 4340 tianus
387 4281 810 4347 Colaminensis.
853 4285 1121 4342 Maximus
1148 4285 1427 4349 Bleranus,
1459 4285 1751 4358 Martyrius

160 4370 544 4440 Traconensis,
570 4373 858 4432 Rufentius
886 4375 1164 4447 Signinus,
1195 4375 1511 4433 Vindemius
1549 4377 1752 4432 Antea-

158 4464 333 4529 tinus,
362 4458 635 4522 Ca'ndidus
674 4465 1011 4534 Tiburtinus,
1041 4467 1370 4525 Fortunatus
1395 4466 1750 4541 Fuligenatis,

152 4556 553 4617 Proculeianus
629 4559 939 4631 Sepinatis,
1001 4560 1334 4620 Fortunatus
1380 4562 1697 4636 Anagninus
1730 4604 1746 4628 ,

156 4646 488 4705 Paschasius
541 4648 961 4721 Vulturncnsis,
1022 4653 1316 4711 Martianus
1378 4654 1694 4712 Ecamensis
1724 4696 1739 4722 ,

159 4737 522 4797 Maximianus
584 4740 924 4811 Perusinus,
976 4743 1360 4817 Chrysogonus
1421 4746 1743 4803 Albanensis

158 4829 407 4885 Euticius
434 4831 749 4902 Tranensis,
774 4832 1098 4890 Laurentius
1121 4835 1497 4903 Vobianensis,
1528 4835 1744 4893 Marcus

160 4920 489 4988 Samninus,
519 4923 719 4994 Aprilis
771 4924 1059 4981 Miceruius
1087 4966 1101 4991 ,
1164 4924 1369 4982 Memor
1417 4924 1742 4990 Canusinus,

154 5012 510 5070 Innocentius
554 5014 1132 5086 Forosimpromensis,
1179 5016 1524 5073 Florentinus
1552 5015 1745 5073 Plesti-

159 5103 389 5168 uensis,
434 5103 581 5158 Felix
630 5103 927 5175 Nepesinus
954 5146 970 5171 ,
1017 5104 1351 5162 Concordius
1410 5105 1700 5161 Mesenatis
1726 5146 1741 5171 ,

157 5195 439 5251 Amandus
466 5193 820 5264 Potenninus,
841 5196 1092 5253 Ansellus
1114 5198 1486 5263 Plommensis,
1514 5195 1745 5253 Basilius

158 5286 517 5350 Tullentinns,
569 5286 867 5344 Martianus
893 5287 1165 5354 Ostensis,
1200 5289 1470 5361 Benignus
1497 5290 1744 5360 Aquimi-

158 5380 371 5444 nensis,
401 5378 732 5436 Fortunatus
756 5380 1150 5448 Vessaniensis,
1183 5381 1476 5439 Severinus
1496 5382 1743 5438 Lundar-

158 5472 390 5539 nicnsis,
441 5473 737 5544 Encarpius
784 5473 1175 5538 Messancnsis,
1223 5472 1461 5530 Joannes
1511 5473 1743 5546 Spoleti-

157 5578 282 5627 nus,
314 5562 622 5632 Stephanus
650 5563 971 5630 Venusinus,
1001 5565 1316 5622 Valentinus
1346 5565 1740 5631 Amiterninus,

157 5652 425 5709 Romulus
462 5653 848 5722 Praenestinus,
874 5656 1080 5713 Probus
1125 5656 1548 5722 Carmeniensis,
1577 5656 1739 5713 Colo-

155 5746 282 5801 nius
330 5745 778 5814 Foroclodiensis,
842 5746 1095 5819 llelpidns
1128 5749 1516 5818 Voliterninus,
1563 5748 1746 5820 Proie-

153 5850 279 5895 ctus
338 5836 635 5907 Formovi,
685 5837 1009 5898 Vcncriosus
1071 5840 1371 5911 Pcllensis,
1427 5841 1746 5899 Bouel‘acius

1777 4616 1827 4677 ι)

1816 4736 2209 4815 'Symmachus
2248 4741 2528 4800 basilicam
2572 4742 2697 4799 Julii
2737 4743 2789 4798 in
2837 4759 2941 4814 qua
2968 4742 3279 4814 pontiﬁcum
3311 4752 3461 4799 erat.

1848 2010 1952 2066 bili
1987 2026 2137 2082 papae
2181 2009 2509 2081 Symmacho
2556 2008 2866 2080 apostolica:
2909 2007 3052 2063 sedis
3090 2005 3305 2078 praesuli
3357 2006 3428 2059 ab

1849 2099 2174 2156 adversariis
2245 2099 2415 2169 ipsius
2493 2097 2812 2154 dicebantur
2885 2096 3106 2168 impingi
3161 2102 3478 2161 sanctum.-

1848 2189 2136 2247 concilium
2173 2187 2461 2258 iudicaret,
2507 2187 2760 2260 Liguria),
2799 2185 3024 2252 Emilize,
3071 2185 3156 2240 vel
3179 2183 3430 2239 Venetia-

1850 2297 1969 2337 rum
2027 2280 2308 2352 episcopos
2359 2294 2495 2351 quos
2544 2279 2610 2334 ad
2646 2277 2988 2350 praesentiam
3036 2275 3296 2347 principis
3335 2288 3437 2345 spe

1850 2373 2061 2430 itineris
2108 2373 2298 2429 ductos
2344 2371 2572 2428 attraxit
2593 2369 2929 2426 consulimus
2965 2383 3145 2439 regem
3190 2366 3461 2422 incubuit-

1850 2465 2149 2522 necessitas
2202 2463 2567 2529 consulendi,
2635 2478 2740 2534 qua
2797 2476 2898 2517 nos
2962 2460 3219 2516 voluisset
3273 2466 3441 2513 :etate.

1849 2557 2073 2623 fractos,
2125 2555 2404 2613 debilitate
2451 2564 2507 2612 et
2533 2554 2850 2626 impotentia
2895 2554 3137 2624 corporis
3165 2550 3457 2606 invalidosa

1849 2647 2189 2721 congregari,
2236 2647 2512 2716 respondit
2541 2646 2796 2717 praefatus
2825 2659 2918 2701 rex
2962 2643 3237 2714 piissimus
3276 2640 3432 2697 bonae

1848 2739 2279 2795 conversationis
2300 2736 2493 2794 affectu
2511 2737 2666 2808 plura
2688 2737 2755 2792 ad
2779 2751 2836 2792 se
2854 2736 2920 2791 de
2946 2750 3097 2806 papae
3117 2731 3433 2807 Symmachi

1851 2829 2084 2895 actibus,
2117 2829 2388 2887 horrenda
2418 2827 2585 2885 fuisse
2614 2826 2844 2900 perlata,
2874 2834 2931 2882 et
2962 2826 3015 2881 in
3046 2824 3234 2897 synodi
3264 2838 3434 2893 opor-

1853 2927 1948 2986 tet,
1993 2921 2036 2977 si
2065 2935 2194 2976 vera
2229 2928 2374 2976 esset
2421 2918 2762 2975 inimicorum
2786 2915 2902 2986 ejus
2946 2915 3199 2986 obiectio,
3229 2915 3436 2970 indica-

1851 3012 2000 3068 tione
2028 3019 2300 3067 constare.
2332 3010 2611 3067 Memorati
2640 3009 2922 3082 pontiﬁces
2950 3009 3145 3080 quibus
3164 3006 3432 3076 allegandi

1851 3101 2172 3158 imminebat
2204 3101 2441 3166 occasio,
2481 3108 2867 3172 suggesserunt
2894 3100 3068 3170 ipsum
3100 3097 3190 3169 qui
3216 3096 3432 3169 judicae

1850 3196 2011 3253 batur
2078 3195 2356 3268 impetitus
2430 3195 2681 3251 debuisse
2750 3193 3014 3266 synodum
3083 3206 3433 3249 convocare.

1849 3288 2120 3355 scientes,
2173 3288 2300 3358 quia
2350 3286 2468 3358 ejus
2516 3287 2671 3343 sedes
2720 3287 2953 3357 primum
3008 3284 3152 3341 Petri
3203 3284 3433 3355 apostoli

1850 3376 2104 3432 meritum
2161 3376 2244 3433 vel
2281 3376 2637 3448 principatus.
2688 3376 2892 3432 Deinde
2947 3382 3131 3431 secuta
3182 3373 3429 3447 iussione

1850 3466 2086 3534 Domini,
2125 3467 2476 3525 conciliorum
2507 3469 2937 3525 venerandorum
2982 3467 3279 3523 auctoritas
3317 3467 3437 3523 sin-

1850 3558 2091 3631 gularcm
2122 3561 2176 3615 in
2215 3559 2471 3617 Ecclesiis
2510 3559 2731 3616 tradidit
2759 3566 3100 3629 potestatem,
3146 3572 3247 3615 nec
3271 3566 3430 3615 ante-

1851 3651 2009 3707 dicta:
2083 3650 2228 3708 sedis
2299 3651 2599 3707 antistitem
2682 3650 3019 3705 inimicorum
3100 3647 3433 3718 subjacuissc

1845 3741 2051 3812 iudicio
2093 3740 2148 3796 in
2205 3740 2574 3812 propositione
2617 3738 2775 3795 facile
2819 3737 2983 3794 simili
3032 3737 3205 3794 forma
3251 3736 3441 3808 aliqua.

1854 3839 2180 3895 testaretur,
2223 3830 2317 3887 sed
2367 3830 2643 3902 piissimus
2688 3829 2938 3902 princeps
2985 3828 3162 3900 ipsum
3218 3842 3433 3899 quoque

1853 3939 2044 3995 papam
2095 3923 2147 3978 in
2177 3922 2476 3994 colligenda
2522 3921 2729 3994 synodo
2771 3920 3047 3977 voluntate
3088 3934 3187 3976 sua
3237 3919 3433 3974 litteris

1853 4014 2257 4071 demonstrasse
2321 4013 2664 4087 signiﬁcavit.
2731 4012 2887 4077 Unde
2936 4028 2967 4069 a
3020 4011 3432 4069 mansuetudine

1851 4102 1968 4174 ejus
2010 4106 2218 4177 pagina:
2261 4105 2544 4174 postulatae
2588 4114 2736 4172 sunt,
2788 4122 2926 4177 quas
2978 4106 3047 4162 ab
3080 4120 3146 4162 eo
3198 4104 3445 4161 directas

1852 4197 2145 4253 constabat.
2210 4196 2322 4252 llas
2387 4197 2505 4252 dari
2568 4196 2943 4253 sacerdotibus
3005 4195 3124 4252 sine
3177 4195 3437 4252 tarditate

1850 4285 2150 4347 constituit.
2200 4286 2288 4342 vel
2335 4286 2598 4359 quidquid
2642 4287 2695 4341 in
2756 4288 2944 4344 eodem
2992 4286 3208 4358 negotio
3253 4296 3454 4342 actum.

1852 4376 2069 4446 scriptis
2096 4375 2328 4432 Romam
2357 4392 2425 4433 ex
2463 4375 2695 4433 diversis
2732 4384 3002 4432 terrarum
3032 4376 3119 4433 vel
3155 4377 3441 4449 regionum

1850 4464 2095 4538 partibus
2142 4466 2235 4522 Dei
2275 4466 2655 4537 prosecutione
2683 4478 3002 4538 perventum
3053 4476 3155 4524 est.
3207 4467 3274 4522 Et
3307 4468 3436 4522 dum

1852 4556 2150 4612 venerabili
2178 4555 2520 4624 collectione,
2560 4558 2626 4614 de
2667 4556 2976 4629 incipiendo
3007 4558 3300 4614 haberetur
3328 4571 3427 4612 ne-

1850 4650 2014 4721 gotio,
2046 4656 2205 4721 prout
2232 4650 2490 4720 poscebat
2513 4665 2676 4707 causa
2709 4659 2992 4707 tractatus.
3036 4649 3268 4707 Sanctus
3294 4667 3439 4723 papa

1846 4833 2213 4906 cengregatio,
2256 4842 2418 4905 prout
2464 4832 2654 4898 habuit
2696 4848 2825 4889 cura
2875 4833 3111 4889 cmlestis
3157 4822 3456 4905 ingressus.

1848 4933 1954 4992 est,
1993 4935 2049 4980 et
2080 4923 2149 4979 de
2194 4924 2509 4981 evocatione
2553 4924 2801 4997 synodali
2847 4916 3268 4981 clementissimo
3317 4924 3434 4996 regi

1848 5015 2052 5087 gratias
2079 5015 2218 5081 tulit,
2264 5022 2320 5071 et
2361 5031 2476 5071 rem
2520 5015 2775 5071 desiderii
2817 5017 2899 5073 sui
2929 5016 3172 5092 evenisse
3201 5025 3456 5073 testatus,

1849 5115 1951 5163 est.
1985 5106 2158 5163 Causa
2188 5122 2318 5180 ergo
2361 5108 2428 5164 de
2454 5107 2795 5165 sacerdotum
2836 5108 3030 5165 animis
3055 5123 3175 5179 qua
3202 5109 3268 5164 de
3298 5124 3454 5165 con--

1800 5242 1801 5245 η
1847 5196 1974 5253 cilio
2000 5197 2237 5253 nondum
2276 5197 2487 5253 ﬁrmato
2515 5198 2787 5254 tristitiam
2818 5199 3158 5255 ministrabat
3192 5199 3463 5256 abscissa.

1848 5295 1951 5343 est.
1991 5288 2383 5344 Auctoritatem
2426 5289 2599 5343 ordini
2642 5288 2942 5362 colligendo
2969 5290 3104 5346 sicut
3135 5290 3432 5361 poscebant

1848 5378 2215 5435 ecclesiastica
2252 5386 2452 5435 statuta
2493 5380 2546 5434 in
2575 5381 2814 5437 omnium
2854 5383 2944 5454 qui
2986 5382 3187 5438 ibidem
3230 5396 3432 5437 conve-

1848 5479 2042 5525 nerant
2091 5470 2660 5543 episcopt,pra:sentia
2710 5487 2772 5528 se
2815 5473 2944 5530 dare
2999 5474 3272 5544 professus
3322 5480 3437 5536 est,

1844 5577 2088 5633 sperans,
2120 5571 2179 5617 ut
2208 5563 2457 5620 visitator
2500 5566 2591 5634 qui
2636 5573 2823 5621 contra
2854 5566 3165 5637 religionem
3187 5606 3202 5633 ,
3233 5573 3424 5621 contra

1846 5665 2047 5712 statuta
2102 5665 2345 5713 veterum
2378 5698 2393 5724 ,
2452 5657 2539 5714 vel
2586 5669 2773 5715 contra
2828 5659 3038 5733 regulas
3083 5660 3345 5732 majorum
3391 5677 3424 5716 a

1845 5757 1998 5819 parte
2026 5746 2155 5804 cieri
2185 5747 2268 5804 vel
2298 5748 2367 5804 ab
2408 5747 2676 5820 aliquibus
2706 5749 2859 5807 laicis
2904 5750 3077 5807 fuerat
3097 5751 3448 5821 postulatus,

1850 5857 1921 5898 ex
1970 5840 2313 5900 ordinatione
2371 5839 2671 5897 antistitum
2734 5841 2871 5898 sicut
2924 5840 3129 5898 dicebat
3179 5851 3447 5898 sanctum.
