3974 6430
546 338 689 395 i003

1393 344 1679 401 APPEND.
1713 343 1805 399 AD
1850 342 2023 400 SAZC.
2065 343 2150 397 ΙΧ.
2177 372 2245 382 --
2276 343 2526 401 ιδιῡοιιι
2559 346 3004 409 MERCATOIUS

3671 344 3827 403 ιῡωτ

543 458 874 531 propositum
903 459 1058 514 arma
1085 459 1260 516 fronte
1294 463 1542 531 auderet,
1586 475 1642 521 et
1669 467 1851 522 omnia
1887 483 2006 538 quae
2029 483 2126 539 per
2153 471 2200 531 Α
2223 443 2558 525 renitentem
2608 468 2827 524 statutis
2874 466 3153 523 canonicis
3194 484 3299 521 non
3338 483 3499 539 posse
3535 465 3815 535 compelli.

543 548 914 618 suggestiones
949 548 1288 608 inimicorum
1327 567 1547 610 suorum
1575 557 1831 613 amiserat
1870 560 2123 631 potestati

545 636 662 705 ejus
693 638 761 693 ab
798 638 1106 695 honorabili
1158 641 1389 699 concilio
1436 645 1833 715 redderentur,
1881 657 1936 703 et
1988 649 2125 704 tanti

548 727 651 784 loci
676 728 871 799 praesul
897 728 1143 801 legaliter
1168 733 1319 802 prius
1338 736 1501 791 statui
1529 738 1759 808 pristino
1785 738 2124 807 redderetur,

543 829 599 876 ct
623 827 754 877 tunc
785 838 891 879 non
921 832 1049 881 ante
1072 826 1287 882 veniret
1330 828 1397 884 ad
1426 845 1667 896 causam,
1716 842 1771 887 et
1798 832 1845 890 si
1875 833 1949 889 ita
1979 844 2125 892 recte

543 911 839 980 videretur,
870 916 1238 972 accusantium
1264 920 1722 991 propositionibus
1753 927 2124 995 responderet.

545 1002 714 1075 Digna
738 1019 826 1061 res
846 1004 961 1061 visa
981 1017 1065 1063 est
1084 1008 1321 1066 maximo
1340 1013 1680 1068 sacerdotum
1697 1030 1943 1082 numero,
1966 1025 2126 1086 atque

544 1105 877 1162 mereretur;
895 1096 1142 1153 eﬂ'ectum
1166 1099 1458 1159 decernere
1482 1111 1660 1158 tamen
1676 1104 1876 1175 aliquid
1891 1107 2127 1177 synodus

542 1185 663 1242 sine
709 1188 857 1255 regia
909 1189 1101 1245 notitia
1132 1206 1241 1247 non
1284 1195 1651 1265 praesumpsit,
1711 1196 1803 1251 sed
1854 1198 2127 1269 suggestio

534 1275 681 1344 justa
710 1293 810 1348 per
839 1278 1140 1352 legatorum
1185 1282 1568 1356 negligentiam
1622 1303 1728 1342 non
1778 1288 1998 1353 meruit,
2036 1303 2125 1344 se-

542 1371 780 1427 cundum
807 1381 930 1428 vota
971 1366 1498 1446 responsum'jussus
1525 1387 1606 1434 est
1634 1380 1775 1450 regis
1803 1380 2124 1452 praeceptio-

544 1461 704 1517 nibus
737 1478 874 1534 papa
905 1463 1264 1536 Symmachus
1307 1478 1432 1523 ante
1480 1470 1792 1539 patrimonii
1828 1471 1909 1525 vel
1940 1472 2126 1527 Eccle-

543 1555 743 1610 siarum
771 1572 904 1625 quas
926 1560 1182 1614 amiserat
1204 1562 1564 1630 receptionem
1593 1579 1715 1618 cum
1739 1564 2127 1635 impugnatori-

544 1646 644 1701 bus
678 1647 790 1703 suis
840 1649 895 1703 in
939 1651 1330 1722 disceptatione
1359 1653 1665 1727 conﬂigere.
1695 1654 1797 1722 Qui
1840 1657 2128 1727 potestatis

544 1757 657 1796 suze
684 1742 960 1816 privilegia
990 1786 1005 1808 ,
1054 1755 1110 1800 et
1161 1763 1280 1817 qua;
1325 1762 1424 1816 pro
1474 1746 1823 1804 conscientiae
1862 1757 2127 1819 quantum

535 1840 681 1900 juste
723 1813 1054 1891 :estiniamus
1101 1813 1486 1895 emendatione
1526 1838 1853 1895 submiserat
1869 1813 1897 1905 ξ
1912 1854 1980 1894 ne
2021 1838 2125 1895 bac
2158 1813 2197 1871 Β

540 1920 712 1977 voluit
742 1923 858 1979 vice
888 1939 1183 1981 resumere.

616 2009 724 2067 Sed
761 2013 885 2069 dum
945 2025 1089 2071 esset
1135 2017 1371 2089 synodus
1418 2019 1470 2074 in
1523 2017 1856 2077 Hierusalem
1902 2020 2125 2076 basilica

542 2102 787 2160 Sessoria
826 2106 1011 2177 palatii
1066 2109 1394 2176 constituta,
1439 2111 1708 2182 aliquibus
1757 2112 2129 2169 sacerdotibus

543 2197 719 2253 visum
748 2207 830 2255 est
850 2240 864 2265 ,
906 2209 962 2255 ut
991 2200 1204 2257 libellus
1232 2219 1394 2273 quem
1432 2214 1778 2261 accusatores
1805 2213 2129 2275 paraverant

542 2289 635 2359 qui
674 2292 916 2361 quotidie
964 2293 1318 2351 seditionibus
1357 2294 1718 2368 appellabant,
1762 2297 2131 2367 susciperetur

540 2396 570 2433 a
601 2382 839 2452 synodo;
876 2383 928 2438 in
954 2399 1062 2454 quo
1089 2395 1359 2456 suscepto,
1392 2388 1498 2443 duo
1525 2397 1683 2445 erant
1714 2404 1834 2460 quae
1868 2388 1952 2444 vel
1989 2389 2129 2444 veri-

542 2473 638 2526 tati
687 2471 903 2529 inimica
948 2483 1153 2541 essent,
1207 2476 1290 2533 vel
1343 2477 1444 2549 ipsi
1505 2488 1767 2549 quantum
1822 2480 2126 2536 ostenditur

541 2563 912 2621 ecclesiastico
954 2568 1230 2638 proposito
1284 2581 1667 2642 repugnarent.
1719 2570 1897 2627 Unum
1928 2612 1945 2638 ,
1999 2572 2126 2643 quia

542 2657 795 2713 dicebant
850 2659 1077 2714 crimina
1134 2663 1418 2717 memorati
1496 2664 1744 2735 superius
1812 2664 2126 2738 Symmachi

539 2765 692 2821 papre
720 2753 861 2821 apud
887 2753 1098 2823 regiam
1121 2755 1435 2810 constitisse
1463 2758 1743 2812 notitiam:
1768 2759 1909 2829 quod
1936 2757 2127 2814 falsum

543 2856 666 2897 esse
714 2840 1026 2897 declaravit.
1080 2843 1195 2899 Non
1247 2846 1391 2900 enim
1440 2848 1594 2917 quasi
1649 2863 1841 2903 novam
1907 2863 2127 2904 causam

545 2932 835 2988 audientia:
863 2935 1249 3001 commisisset,
1279 2936 1322 2991 si
1354 2934 1471 3006 ejus
1502 2939 1833 2994 conscientia
1881 2940 2129 2995 convicta

543 3028 611 3081 de
658 3041 845 3083 errore
888 3027 1059 3083 solam
1106 3043 1165 3083 se
1210 3029 1377 3084 sciret
1416 3042 1733 3100 exspectare
1777 3033 2126 3088 sententiam.

540 3119 699 3175 Aliud
748 3122 887 3191 quod
918 3137 1015 3191 per
1038 3136 1237 3189 servos
1287 3123 1354 3178 de
1399 3123 1485 3178 his
1529 3139 1649 3195 qua:
1702 3122 2029 3194 objiciebaut
2070 3140 2130 3181 se

541 3227 665 3268 eam
700 3213 1058 3284 loquebantur
1101 3228 1259 3283 posse
1302 3214 1644 3280 convincere,
1695 3214 1956 3271 addentes
1986 3215 2131 3286 quod

542 3301 659 3370 ipse
696 3302 963 3372 mancipia
992 3301 1251 3366 traderet,
1275 3303 1471 3372 quibus
1500 3312 1761 3374 quantum
1794 3304 1885 3359 ille
1921 3318 2133 3359 assere-

546 3391 700 3458 bant,
725 3394 897 3462 possit
923 3392 975 3446 in
1001 3392 1329 3448 indicatione
1352 3394 1618 3464 superari.
1648 3393 1777 3462 Quae
1798 3410 1884 3451 res
1910 3396 2132 3451 canoni-

544 3482 649 3536 bus
671 3481 867 3551 etipsis
892 3480 1122 3549 publicis
1140 3482 1477 3555 eratlegibus
1500 3484 1740 3551 inimica,
1763 3500 1885 3540 cum
1907 3484 2131 3540 Patrum

546 3581 750 3627 statuta
781 3575 1105 3642 sanxissent,
1152 3585 1211 3631 ut
1248 3593 1384 3648 quos
1431 3578 1497 3631 ad
1545 3579 1945 3635 accusationem
1988 3578 2134 3650 leges

542 3664 727 3720 seculi
771 3682 876 3720 non
910 3667 1217 3730 admittunt,
1262 3668 1349 3724 bis
1375 3669 1586 3725 dicendi
1632 3670 1684 3724 in
1713 3670 2020 3739 cognitione
2047 3669 2133 3725 vel

545 3756 865 3826 assequendi
901 3756 1102 3829 aliquid
1151 3758 1519 3830 denegandam
1566 3773 1685 3816 esse
1730 3759 2027 3816 licentiam.
2064 3759 2133 3815 Et

543 3845 669 3900 dum
718 3847 863 3903 inter
902 3848 1004 3903 ista
1050 3866 1172 3920 qua:
1226 3859 1409 3907 essent
1460 3851 1707 3908 facienda
1757 3855 2129 3921 tractabatur,

538 3936 802 4007 prmfatus
836 3955 973 4011 papa
993 3981 1007 4005 ,
1040 3950 1100 3995 ut
1139 3958 1358 3999 causam
1390 3945 1610 4010 diceret,
1655 3948 1998 4003 occurrebat.
2031 3947 2132 4017 Qui

544 4030 776 4105 veniens.
826 4031 895 4086 ab
949 4033 1279 4089 irruentibus
1318 4035 1491 4090 turbis
1549 4036 1863 4092 mundorum
1912 4054 2131 4094 suorum

547 4120 621 4174 ita
663 4127 927 4177 tractatus
954 4132 1058 4189 est,
1085 4132 1143 4177 ut
1170 4123 1353 4179 multis
1378 4126 1712 4198 presbyteris
1744 4128 1835 4199 qui
1873 4144 1992 4184 cum
2019 4128 2133 4199 ipso

544 4219 702 4265 erant
743 4227 841 4282 per
884 4213 1086 4269 czudem
1134 4215 1306 4286 ipsam
1353 4218 1545 4273 mortis
1576 4219 1767 4274 fuisset
1812 4220 2049 4288 occasio,
2081 4230 2135 4277 et

546 4305 849 4361 recentium
922 4305 1099 4361 adhuc
1159 4309 1382 4379 vestigia
1439 4309 1719 4365 vulnerum
1788 4310 2011 4367 illustris
2055 4312 2136 4368 vir

551 4408 736 4450 comes
780 4395 1076 4466 Aligcnius,
1124 4406 1179 4452 et
1222 4397 1477 4453 sublimes
1524 4400 1623 4453 viri
1674 4398 1861 4453 Gudila
1890 4441 1905 4465 ,
1939 4408 1995 4454 ct
2033 4399 2135 4455 Vc-

545 4483 758 4541 dcull‘ns
796 4485 1030 4555 majores
1076 4488 1265 4543 domus
1314 4489 1475 4557 regia:
1520 4491 1963 4560 perspexissent,
1996 4508 2131 4561 quos

545 4590 730 4630 secum
776 4576 918 4630 unde
944 4592 1194 4647 egressus
1222 4577 1418 4645 fuerat,
1450 4580 1517 4635 ad
1548 4581 1684 4635 beati
1721 4579 1863 4637 Petri
1899 4583 2127 4652 apostoli

547 4674 697 4734 septa
728 4666 1064 4720 COIIVCXCI'il.
1098 4664 1191 4720 llis
1230 4668 1302 4721 ita
1334 4669 1490 4735 artis,
1529 4680 1584 4723 et
1618 4671 1774 4727 rebus
1810 4674 1955 4726 varia
1993 4689 2125 4728 con-
2168 4700 2189 4719 ο

546 4754 759 4811 fusione
793 4756 1022 4810 turbatis
1041 4797 1054 4820 ,
1083 4756 1275 4812 iterum
1303 4776 1399 4814 nos
1425 4762 1491 4815 ad
1510 4760 1775 4830 justitiam
1802 4764 2128 4821 contulimus

541 4848 916 4918 principalem,
966 4849 1200 4906 scientes
1234 4851 1516 4909 divinitate
1547 4856 1761 4926 propria
1808 4872 1993 4929 regere
2024 4857 2129 4914 Do—

553 4940 756 4993 minum
788 4982 803 5007 ,
857 4957 1017 5012 quem
1071 4944 1138 4998 ad
1196 4942 1362 4999 Italia:
1407 4946 1766 5017 gubernacula
1819 4948 2129 5018 provideret

545 5032 679 5101 ipse.
767 5034 931 5102 Cujus
990 5037 1392 5092 mansuetudini
1452 5039 1632 5093 omnia
1707 5057 1802 5113 per
1854 5041 2130 5097 relationis

543 5124 761 5191 seriem,
806 5127 945 5183 sicut
988 5146 1073 5185 res
1101 5129 1377 5200 poscebat,
1428 5130 1785 5201 ingessimus,
1818 5131 2129 5186 iutimantes

544 5215 710 5270 etiam
778 5230 920 5287 saepe
981 5218 1316 5273 nominatum
1368 5236 1561 5290 papam
1614 5236 1709 5290 per
1762 5222 1940 5276 sedem
1976 5262 1991 5287 ,
2040 5223 2127 5277 cui

543 5304 890 5375 subjacucrat
925 5323 1044 5362 eum
1077 5310 1225 5377 suis,
1255 5310 1301 5365 si
1333 5309 1665 5367 voluntatem
1697 5326 1883 5367 rursus
1908 5312 2133 5368 haberet

544 5399 798 5466 exeundi,
836 5400 902 5455 ad
923 5399 1185 5471 judicium
1216 5401 1380 5459 fuisse
1407 5405 1793 5460 communitum
1819 5446 1833 5470 ,
1878 5406 1974 5461 sed
2003 5407 2133 5462 alle-

544 5506 701 5560 gasse
731 5506 854 5547 eum
882 5508 980 5564 per
1018 5493 1257 5550 directos
1289 5496 1570 5569 episcopos
1601 5498 1868 5553 mandatis
1908 5499 2125 5555 canoni-

546 5582 648 5639 bns
673 5585 775 5641 sibi
811 5586 1150 5642 concessisse
1187 5587 1379 5643 all'ectu
1408 5591 1744 5661 purgationis
1774 5606 1885 5646 sua:
1913 5589 2126 5646 culmen

541 5675 786 5733 btnuiliat
819 5681 1035 5749 quantis
1064 5679 1318 5751 periculis
1360 5696 1495 5752 pene
1534 5699 1823 5755 oppressus
1851 5684 2125 5741 dominum

546 5782 726 5839 regem
752 5770 952 5826 habere
981 5775 1121 5842 quod
1146 5772 1303 5828 \‘cilet
1326 5771 1550 5829 faciendi
1578 5790 1634 5830 se
1666 5775 1879 5829 interim
1900 5775 2127 5845 justitiat

2227 560 2311 614 Ad
2360 560 2475 614 brec
2533 558 2913 614 screnissimus
2958 573 3049 612 rex
3102 557 3281 611 taliter
3328 556 3438 610 Deo
3487 555 3768 625 aspirante
3800 595 3816 619 ,

2228 650 2506 720 respondit
2534 650 2585 704 in
2617 648 2859 721 synodali
2902 664 3025 704 esse
3059 648 3287 702 arbitrio
3317 647 3368 702 in
3401 656 3559 701 tanto
3597 647 3821 714 negotio

2226 741 2496 810 sequenda
2526 741 2884 810 perscribere,
2931 754 3001 794 ne
3030 739 3231 809 aliquid
3256 738 3322 792 ad
3352 754 3411 792 sc
3439 746 3639 807 prmter
3662 752 3822 791 reve-

2228 833 2458 888 rentiam
2506 833 2571 890 de
2616 832 3276 903 ecclesiasticis‘negotiis
3322 830 3618 900 pertinere,
3659 846 3823 884 com-

2228 923 2447 979 mittens
2496 922 2658 979 etiam
2696 922 2951 993 potestati
2989 923 3303 993 pontiﬁcum
3331 932 3388 976 ttt
3412 922 3527 975 sive
3549 921 3817 992 prteposi-

2227 1023 2338 1068 tum
2387 1012 2585 1068 vellent
2644 1014 2833 1069 audire
2874 1013 3169 1083 negotium,
3218 1012 3333 1067 sive
3384 1012 3605 1074 nollent,
3671 1011 3823 1080 quod

2227 1107 2399 1179 magis
2423 1116 2675 1177 putarent
2704 1106 2859 1171 utile,
2906 1104 3291 1170 deliberarent,
3335 1104 3627 1159 dummodo
3655 1118 3822 1157 vene-

2227 1200 2380 1253 randi
2426 1198 2734 1270 provisione
2784 1197 2997 1253 concilii
3049 1211 3150 1267 pax
3197 1196 3251 1250 in
3302 1195 3520 1251 civitate
3567 1195 3824 1248 ltontam

2226 1287 2547 1343 Christianis
2613 1286 2865 1341 omnibus
2916 1286 3251 1341 redderetur.
3320 1284 3450 1351 Quae
3489 1300 3613 1339 cum
3673 1284 3825 1351 juste

2227 1377 2453 1434 offertur
2483 1378 2737 1432 mandata
2784 1376 2881 1431 Dei
2932 1376 3273 1446 complentur
3324 1376 3488 1430 Italia:
3534 1391 3653 1430 suae
3691 1377 3827 1428 dare

2229 1481 2517 1528 rectorem.
2565 1471 2932 1543 Agnosccntes
2984 1471 3188 1525 nullum
3241 1471 3396 1527 nobis
3442 1470 3697 1525 laborem
3745 1487 3827 1526 re-

2229 1563 2526 1627 mansisse,
2556 1562 2656 1617 nisi
2691 1570 2748 1616 ut
2776 1561 3100 1616 dissidentes
3130 1577 3250 1616 cum
3282 1560 3585 1615 lmmilitatc
3612 1576 3827 1631 propo-

2229 1657 2318 1713 siti
2362 1655 2530 1711 nostri
2579 1655 2645 1709 ad
2670 1654 3019 1710 concordiam
3064 1655 3430 1720 bortaremur,
3483 1653 3611 1723 quia
3647 1669 3824 1707 unum

2232 1758 2394 1804 tanta:
2428 1750 2500 1803 rei
2536 1749 2796 1814 restabat,
2827 1745 2970 1804 unde
3002 1746 3111 1802 Deo
3139 1762 3481 1817 pareremus,
3518 1755 3576 1799 ut
3607 1755 3826 1801 sancta:

2230 1840 2490 1911 principis
2520 1840 2780 1895 voluntati
2812 1840 3101 1895 invitemus
3124 1848 3366 1894 senatum
3391 1837 3824 1908 amplissimum.

2228 1931 2373 2001 quali
2416 1930 2654 1998 oportuit
2698 1930 2966 2001 legatione
3000 1930 3266 1985 destinata
3311 1939 3618 1995 monentes,
3648 1938 3713 1983 et
3740 1928 3823 1982 iu-

2229 2032 2500 2078 struentes
2548 2036 2741 2077 causas
2786 2020 2880 2075 Dei
2933 2021 3101 2090 ipsius
3145 2019 3349 2089 judicio
3394 2036 3515 2075 esse
3559 2021 3825 2076 commit-

2231 2114 2443 2178 tendas,
2468 2114 2561 2183 qui
2581 2111 2724 2168 valet
2749 2126 2944 2181 corpus
2970 2112 3234 2175 occidere,
3263 2119 3317 2167 et
3337 2112 3571 2166 animam
3598 2112 3826 2165 mittere

2232 2204 2284 2259 in
2314 2206 2615 2274 gehennam
2646 2245 2660 2269 ,
2688 2203 2780 2274 qui
2810 2202 2947 2258 dixit
2991 2203 3122 2258 mihi
3153 2203 3473 2267 vindictam,
3502 2214 3558 2257 et
3586 2218 3704 2272 ego
3740 2218 3823 2257 re-

2231 2296 2487 2359 tribuam,
2516 2294 2656 2365 apud
2690 2308 2849 2364 quem
2889 2294 3213 2349 conscientia
3259 2294 3402 2348 nuda
3441 2303 3546 2359 est,
3575 2295 3675 2349 cui
3724 2310 3824 2349 non

2231 2384 2641 2441 absconduntur
2714 2381 2948 2440 occulta.
3005 2384 3256 2450 Cogitarc
3320 2385 3627 2454 prudentes
3684 2386 3828 2439 viros

2229 2483 2483 2544 oportere
2513 2514 2528 2535 ,
2556 2481 2757 2543 quanta
2789 2472 3253 2536 iuconvenicntcr,
3296 2481 3349 2527 et
3380 2471 3827 2542 pnejudicialitcr

2231 2564 2284 2619 in
2316 2563 2475 2635 bujus
2507 2564 2737 2634 negotiis
2768 2562 3027 2633 principis
3058 2561 3436 2631 contigissent,
3463 2570 3521 2616 et
3552 2577 3662 2616 nos
3686 2562 3822 2615 viam

2231 2672 2328 2726 per
2354 2655 2495 2710 hanc
2539 2670 2701 2725 quam
2734 2654 2833 2724 ipsi
2876 2654 3142 2710 vocabant
3171 2653 3548 2708 remissionem
3580 2654 3827 2724 peccatis

2231 2762 2339 2801 non
2369 2744 2579 2816 aperire
2605 2746 2697 2801 sed
2725 2744 2997 2809 claudere,
3030 2743 3121 2814 qui
3150 2744 3294 2814 quod
3323 2743 3616 2799 dicebatur
3659 2742 3823 2813 majo-

2233 2838 2308 2894 ris
2348 2836 2535 2907 judicii
2576 2852 2854 2911 servamus
2889 2836 3220 2892 instruentes
3249 2850 3363 2899 eos,
3411 2836 3542 2905 quia
3595 2850 3701 2903 per
3730 2850 3825 2890 nos

2232 2929 2376 2986 illius
2410 2929 2661 2986 Christus
2704 2929 2976 2993 innotuit,
3024 2944 3128 2985 non
3159 2943 3278 2983 esse
3318 2929 3502 2983 ovium
3546 2928 3665 2998 lupi
3700 2929 3826 2983 insi-

2233 3021 2351 3078 dias
2388 3021 2684 3091 prmvidcre
2732 3021 2823 3075 sed
2865 3020 3119 3090 pasmris.
3158 3019 3389 3075 Maxime
3412 3021 3543 3090 quia
3574 3021 3631 3074 in
3664 3035 3825 3076 causa

2234 3112 2457 3186 praefata
2500 3112 2698 3169 multos
2740 3112 2830 3183 qui
2881 3127 2939 3168 se
2986 3111 3420 3179 dedignabantur
3465 3126 3824 3183 cognoscere,

2236 3213 2291 3259 et
2335 3204 2444 3258 Deo
2495 3201 2809 3257 satisfacere
2867 3217 3022 3256 error
3073 3201 3390 3265 involverat,
3443 3210 3509 3255 et
3552 3201 3686 3271 quia
3725 3217 3825 3255 non

2231 3305 2476 3368 poterant
2516 3297 2668 3368 plura
2701 3296 2801 3351 sub
2829 3297 2931 3352 hac
2960 3296 3245 3351 occasione
3275 3295 3533 3350 Ecclesia:
3579 3295 3824 3350 membra

2231 3390 2486 3462 dispergi,
2536 3391 2629 3446 sed
2671 3390 2840 3462 magis
2886 3406 2984 3460 per
3032 3389 3503 3443 mansuetudinem
3540 3386 3825 3442 sustineri.

2233 3484 2388 3540 Sicut
2427 3485 2552 3540 boni
2596 3500 2694 3540 nos
2722 3483 2902 3554 operis
2933 3481 3132 3538 Paulus
3162 3482 3421 3551 magister
3458 3481 3821 3539 instruxerat.

2232 3578 2455 3634 dicens:
2487 3574 2767 3631 Sanandos
2806 3588 2924 3628 esse
2966 3573 3229 3644 plurimos
3270 3587 3365 3643 per
3401 3571 3732 3641 patientiam
3776 3577 3826 3624 et

2232 3667 2569 3734 doctrinam;
2618 3674 2672 3720 ct
2708 3666 3014 3736 quicunque
3042 3672 3297 3734 putantur
3322 3662 3422 3726 rei.
3466 3672 3527 3718 et
3567 3660 3825 3733 gravibus

2233 3758 2471 3829 peccatis
2516 3757 2788 3822 involuti,
2838 3756 3085 3826 quamvis
3140 3754 3317 3811 nullus
3362 3755 3442 3821 sit,
3486 3756 3581 3824 qui
3633 3754 3826 3809 delicto

2234 3856 2441 3913 careat,
2469 3847 2609 3902 sicut
2647 3844 2881 3900 Joannes
2910 3854 3141 3901 testatur
3162 3844 3438 3917 apostolus
3481 3863 3496 3898 :
3543 3844 3609 3899 Si
3651 3844 3820 3899 dicant

2233 3939 2488 4009 quoniam
2538 3947 2818 4009 peccatum
2859 3953 2963 3993 non
2993 3936 3186 4005 habeo;
3236 3936 3466 3997 mendax
3515 3952 3642 3992 sum
3671 3978 3688 4001 ,
3736 3950 3824 3991 eos

2238 4040 2417 4086 tamen
2459 4032 2631 4102 magis
2659 4030 2928 4102 pressuris
2963 4030 3233 4085 hominem
3273 4028 3575 4084 sustentari
3600 4037 3662 4085 et
3692 4043 3821 4100 ρης

2239 4123 2453 4189 terreri,
2507 4123 2711 4194 hasque
2741 4123 3028 4194 passiones
3054 4121 3260 4191 judicio
3308 4121 3493 4176 divino
3542 4119 3819 4190 stupendi.

2235 4213 2466 4269 Maxime
2516 4228 2637 4268 cum
2689 4214 2775 4268 illa
2826 4229 2947 4283 qua:
2993 4212 3351 4282 prmmisimus
3405 4210 3553 4266 inter
3601 4210 3707 4265 alia
3758 4210 3822 4263 de

2236 4304 2560 4359 auctoritate
2608 4302 2752 4359 sedis
2799 4303 3118 4365 obstarent,
3166 4302 3291 4372 quia
3341 4301 3490 4370 quod
3541 4314 3821 4371 possessor

2237 4394 2353 4463 ejus
2400 4393 2670 4465 quondam
2705 4393 2893 4447 beatus
2941 4390 3132 4446 Petrus
3182 4393 3379 4446 meruit
3428 4391 3482 4444 in
3539 4392 3820 4446 nobilitate

2237 4484 2595 4554 possessionis
2640 4482 2892 4547 accessit,
2934 4492 2989 4536 et
3033 4480 3629 4535 claritatem-veterem
3673 4482 3819 4536 vobis

2237 4576 2367 4639 dat,
2427 4574 2515 4628 det
2565 4573 2763 4629 Christi
2815 4571 3114 4628 rectoribus
3159 4569 3351 4625 devote
3418 4569 3813 4633 clamantibus;

2233 4667 2492 4737 scriptmn
2524 4678 2642 4720 esse
2676 4681 2771 4736 per
2806 4662 3120 4735 pmphetam
3158 4677 3222 4718 ex
3252 4677 3485 4732 persona
3519 4660 3657 4716 Dei:
3686 4660 3817 4715 Nun-

2232 4764 2359 4834 quid
2390 4780 2491 4818 non
2520 4762 2663 4817 valet
2691 4777 2881 4816 manus
2907 4775 3024 4815 mea
3053 4760 3118 4815 ad
3150 4760 3579 4815 consumendum
3608 4774 3703 4815 eos
3729 4760 3815 4828 qui

2234 4854 2600 4910 erraverunt?
2628 4853 2749 4908 llrcc
2779 4852 2964 4908 eadem
2997 4851 3291 4922 szepissime
3321 4860 3380 4905 ut
3410 4852 3653 4920 oportuit
3674 4866 3808 4905 com~

2236 4957 2520 5005 monentes
2545 4957 2601 5002 ut
2622 4946 2806 5002 habita
2831 4944 3128 5000 intentione
3153 4944 3513 5008 discederent,
3540 4954 3598 5000 et
3619 4943 3811 4999 factum

2234 5051 2477 5098 nostrum
2494 5039 2634 5111 quod
2649 5038 2788 5094 Deus
2806 5037 3161 5107 inspiraverat
3171 5036 3327 5106 juxta
3343 5037 3662 5103 mandatum
3676 5035 3813 5107 prmo

2235 5136 2370 5206 cipis
2398 5150 2501 5190 non
2529 5134 2877 5195 discuterent,
2902 5131 2995 5187 sed
3021 5141 3398 5203 sequerentur,
3421 5130 3569 5186 sicut
3598 5129 3812 5185 decebat

2237 5228 2375 5283 ﬁlios
2407 5225 2680 5291 Ecclesiaa,
2710 5242 2807 5281 nec
2848 5224 2946 5279 sub
2977 5225 3077 5279 bac
3102 5222 3502 5278 intermissione
3527 5220 3811 5277 contende-

2238 5330 2391 5384 rent,
2434 5326 2487 5371 ct
2517 5325 2825 5372 crescerent
2872 5316 3129 5370 Εεοιιξδίίθ
3178 5314 3503 5369 detrimenta
3554 5327 3675 5381 qum
3729 5324 3809 5364 res

2238 5412 2492 5482 poscebat
2539 5425 2663 5466 cum
2708 5406 3057 5463 festinatione
3086 5406 3350 5469 succurri,
3382 5414 3437 5460 et
3464 5405 3623 5461 nobis
3662 5402 3808 5471 hujus

2239 5502 2551 5562 celeritatis,
2599 5508 2650 5555 el
2697 5499 2836 5556 illius
2880 5499 3199 5555 obedientia:
3234 5498 3534 5553 necessitas
3566 5495 3801 5550 immine-

2236 5593 2347 5648 bat.
2397 5592 2627 5646 Maximc
2666 5606 2790 5646 cum
2839 5606 3052 5645 omnem
3109 5604 3246 5660 pene
3280 5588 3493 5659 piebem
3542 5585 3803 5641 cernimus

2232 5684 2350 5755 ejus
2391 5683 2756 5741 communioni
2799 5682 3268 5741 indissoeiabiliter
3301 5680 3614 5742 adhaesisse,
3662 5674 3802 5744 cujus

2240 5792 2339 5831 nos
2370 5792 2475 5830 non
2513 5774 2721 5830 modica
2769 5772 2986 5845 quidem
3023 5788 3150 5827 cura
3180 5770 3511 5837 stimulatat,
3542 5784 3607 5825 ne
3634 5769 3681 5823 iu
3712 5766 3776 5823 ait
