3974 6430
151 330 299 387 1005

1366 328 1857 390 DECRETALIUM
1884 328 2282 388 COLLECTIO.

3291 329 3428 388 £006

146 453 267 509 quo
302 437 580 496 laberetur
622 456 829 499 errore.
874 441 1081 511 Quibus
1131 442 1378 516 allegatis
1432 443 1527 499 Del
1569 439 1740 497 nostri
1773 439 1817 500 A
1847 438 2283 511 simpromensis,
2314 437 2464 511 Felix
2508 436 2843 511 Nepesinus,
2885 437 3124 497 Hilarius
3171 441 3429 515 Tempra-

147 531 521 588 obtestatione
593 533 938 590 decernimus
983 574 999 599 ,
1076 534 1270 590 harum
1360 533 1744 591 necessitatum

146 620 245 674 vel
320 623 638 694 religionum
697 614 1131 681 consideratione
1192 624 1449 689 astricti,
1515 631 1571 679 et
1629 637 1742 676 (δειξ-

144 708 281 766 lcsti
339 713 620 783 perpensis
661 712 916 770 omnibus
961 728 1080 784 quae
1122 715 1177 770 in
1244 729 1408 771 causa
1453 721 1609 768 erant
1659 712 1745 765 in-

147 801 457 869 spiratione
527 803 754 859 secretis
813 803 1174 876 Symmachus
1233 819 1371 876 papa
1427 803 1573 860 sedis
1617 815 1747 870 apo-

147 889 362 946 stolicae
391 891 586 960 prtesul
627 891 696 947 ab
722 892 1031 963 huiusmodi
1070 894 1527 965 propositionibus
1577 892 1746 962 impc-

148 979 295 1037 titus
341 991 605 1053 quantum
649 983 719 1039 ad
760 984 1013 1041 homines
1058 986 1329 1057 respicit,
1393 985 1521 1056 quia
1573 992 1744 1039 totum

146 1076 341 1131 causis
425 1076 820 1132 obsistentibus
889 1078 1139 1149 superius
1216 1075 1553 1148 designatis,
1613 1089 1746 1129 cou-

145 1176 267 1223 stat
310 1166 475 1241 249
516 1169 740 1226 arbitrio
767 1170 950 1227 divino
983 1171 1150 1226 fuisse
1184 1169 1464 1226 dimissum
1485 1210 1501 1235 ,
1537 1167 1609 1224 sit
1647 1166 1747 1221 im-

150 1259 373 1323 munis,
417 1267 474 1313 et
521 1259 677 1323 liber,
706 1269 763 1315 et
790 1261 1117 1318 Christiana:
1150 1260 1291 1332 plebi
1324 1262 1441 1316 sine
1468 1260 1645 1330 aliqua
1681 1258 1748 1311 de

146 1344 387 1414 objectis
410 1346 737 1403 oblationem
769 1350 821 1404 in
848 1350 1099 1406 omnibus
1127 1349 1374 1406 ecclesiis
1405 1350 1518 1405 suis
1566 1350 1633 1405 ad
1656 1349 1749 1419 jus

149 1437 308 1492 sedis
334 1453 444 1494 sua:
470 1439 868 1509 pertinentibus
890 1441 1069 1497 tradat
1094 1441 1275 1498 divina
1298 1442 1557 1513 mysteria
1579 1482 1594 1509 ,
1619 1443 1746 1512 quia

152 1540 288 1582 eum
333 1528 402 1583 ab
432 1529 868 1601 impugnatorum
911 1546 1132 1587 suorum
1179 1533 1476 1602 petitione,
1523 1540 1580 1589 et
1623 1548 1745 1604 pro-

148 1626 285 1687 pter
305 1620 554 1689 superius
576 1620 886 1692 designatas
909 1638 1105 1677 causas
1123 1621 1348 1694 obligari
1378 1639 1482 1679 non
1506 1624 1747 1693 potuisse

146 1707 511 1779 cognovimus
533 1709 672 1766 unde
686 1712 981 1767 secundum
1002 1713 1316 1785 principalia
1338 1725 1606 1786 praecepta
1627 1730 1747 1787 qua

1848 530 2059 597 nensis,
2089 530 2435 586 Innocentius
2475 528 2833 595 Tarentinus,
2873 529 3302 602 Tyberniorum,
3330 535 3430 591 Se-
3472 550 3479 561 '

1847 620 2069 677 verinus
2098 620 2535 688 Tundaritanus,
2560 620 2833 694 Sylvanus
2855 622 3165 681 Veliternus
3184 667 3198 688 .
3228 617 3430 683 Sebas-

1850 710 2026 767 tianus
2049 710 2314 777 Suranus,
2348 710 2646 767 Mercurius
2666 712 3101 778 Gavinati,Felix
3125 714 3427 783 Atellanus,

1847 801 2105 860 Rusticus
2132 803 2523 871 Bruxantinus,
2550 803 2897 875 Propinquus
2925 806 3227 873 Tribensis,
3255 808 3430 865 Adeo-

1845 895 2007 950 datus
2037 893 2400 961 Fornitanus,
2450 894 2769 951 Bonefacius
2803 897 3213 963 Cameritanus,
3242 897 3430 957 Justus

1847 984 2195 1057 Signatinus,
2229 985 2548 1041 Vindemius
2575 985 2907 1044 Anteatinus
2926 1030 2939 1053 ,
2968 988 3242 1060 Augustus
3269 989 3430 1060 Lipa-

1847 1076 2077 1141 ritanus,
2102 1075 2426 1132 Valentinus
2460 1075 2865 1141 Amiterninus,
2900 1078 3233 1136 Fortunatus
3263 1081 3429 1139 Sues-

1847 1174 2028 1232 tanus,
2056 1164 2331 1222 Jocnndus
2355 1167 2720 1238 Augustanus,
2751 1168 2996 1240 Tigidius
3025 1170 3421 1242 Taurigranus,

1846 1254 2127 1312 Viticanus
2154 1256 2474 1311 Celunensis
2493 1298 2508 1322 ,
2535 1256 2773 1314 Joannes
2803 1259 3193 1329 Ariminensis,
3226 1261 3428 1320 Porcu-

1845 1350 2058 1406 leianus
2079 1349 2377 1420 Septtiatis,
2407 1349 2683 1408 Candidus
2706 1350 3050 1424 Triportinus
3067 1396 3081 1420 ,
3104 1356 3428 1413 Cresconius

1846 1440 2215 1507 Tudertinus,
2243 1440 2589 1499 Innocentius
2619 1442 2858 1511 Binatis,
2903 1443 3142 1502 Joannes
3192 1446 3428 1520 Spoleti-

1846 1548 1978 1599 nus,
2004 1532 2288 1588 Eustasius
2311 1531 2717 1601 Cremonensis,
2743 1535 3069 1593 Laurentius
3094 1539 3425 1610 \‘erginatis.

1846 1623 2147 1696 Eucarpius
2171 1623 2481 1696 Meresapre,
2514 1625 2806 1682 Rul‘entius
2834 1628 3157 1699 Aguatinus,
3187 1629 3428 1688 Serenus

1845 1714 2120 1780 Nolanus,
2175 1714 2473 1770 Martianus
2521 1716 2763 1780 Acanus,
2817 1719 3060 1774 Eulicius
3090 1718 3423 1785 'l‘raueusis,

154 1811 358 1857 nostra!
409 1803 535 1859 huic
565 1805 809 1860 tribuunt
854 1805 1139 1875 potestati,
1170 1807 1221 1861 ei
1270 1807 1531 1878 quidquid
1568 1808 1741 1864 eccle-
1771 1796 1816 1856 Β
1843 1803 2175 1860 Fortunatus
2203 1804 2543 1877 Anagninus,
2575 1806 2781 1879 Aprilis
2808 1807 3208 1866 Lateriauensis
3227 1852 3241 1876 ,
3275 1811 3428 1867 Asel-

150 1892 361 1948 siaslici
392 1893 534 1948 intra
568 1909 776 1949 sacram
812 1895 1000 1952 urbem
1047 1895 1309 1964 Romam,
1351 1896 1437 1953 vel
1480 1896 1613 1956 foris
1657 1907 1742 1955 est

145 1982 296 2051 juris
324 1984 683 2041 reformamns
714 1993 880 2041 totam
918 2002 1139 2043 causam
1191 1988 1285 2044 Dei
1326 1987 1531 2058 judicio
1566 2004 1744 2046 reser-

154 2081 350 2129 vantes
398 2073 684 2132 universos
709 2076 1011 2143 hortamur,
1047 2087 1108 2134 ut
1151 2094 1360 2137 sacram
1408 2081 1744 2138 communio-

155 2178 283 2216 nem
335 2162 477 2219 sicut
525 2180 614 2221 res
655 2166 893 2237 postulat
944 2168 1016 2224 ab
1064 2184 1131 2226 eo
1178 2171 1508 2242 percipiant,
1558 2180 1614 2227 et
1649 2172 1743 2230 Dei

153 2255 462 2312 animarum
484 2272 707 2314 suarum
738 2261 1116 2330 meminerint,
1148 2263 1274 2333 quia
1302 2273 1358 2320 et
1388 2265 1504 2335 ipse
1531 2275 1745 2321 amator

154 2346 308 2414 pacis
333 2357 439 2415 est,
461 2354 517 2404 et
541 2348 655 2419 ipse
675 2364 777 2421 pax
809 2359 894 2406 est
916 2352 1008 2421 qui
1039 2363 1224 2415 monet
1250 2371 1264 2407 :
1302 2372 1322 2406 ε
1349 2353 1544 2410 Pacem
1567 2371 1743 2411 meam

157 2433 228 2488 do
259 2436 445 2503 vobis,
491 2451 681 2508 pacem
721 2438 970 2511 relinquo
999 2441 1152 2498 vobis
1197 2441 1380 2512 (Joau.
1427 2458 1538 2509 xw,
1566 2442 1682 2515 27).
1720 2463 1737 2495 ι

156 2524 226 2581 Et
257 2526 309 2581 in
335 2543 659 2601 quacunque
686 2530 911 2586 civitate
937 2547 1128 2603 pacem
1169 2548 1291 2591 esse
1316 2533 1743 2590 conﬁrmandam

157 2616 440 2673 afﬁrmant
468 2620 658 2676 beatos
691 2635 813 2677 esse
855 2620 1134 2693 paciﬁcos.
1169 2623 1298 2681 Haec
1325 2625 1635 2697 quicunque
1676 2642 1743 2682 ex

158 2706 524 2765 iustructione
569 2720 757 2765 nostra
785 2712 927 2781 quod
959 2727 1066 2768 non
1094 2714 1463 2781 aestimamus,
1506 2715 1592 2772 vel
1636 2731 1742 2772 non

157 2798 394 2864 admitti,
425 2799 506 2855 vel
531 2801 819 2857 detrectari
844 2817 1024 2873 posse,
1049 2802 1361 2871 crediderit,
1386 2805 1588 2873 videat,
1620 2808 1745 2877 quia

155 2891 214 2945 in
245 2891 427 2946 divino
449 2891 656 2961 judicio
682 2901 1023 2964 contemptus
1047 2893 1129 2949 sui
1178 2895 1443 2951 rationem
1471 2908 1555 2954 est
1583 2898 1747 2970 (sicut

150 2981 225 3036 de
249 2980 363 3037 Deo
387 2981 729 3054 conﬁdimus)
759 2983 1089 3040 redditurus.
1127 2985 1201 3040 De
1230 2985 1446 3041 clericis
1475 3002 1746 3043 memora-

153 3069 197 3123 ti
226 3084 378 3139 papa:
414 3071 505 3140 qui
536 3073 605 3126 ab
648 3071 903 3143 episcopo
931 3088 1030 3130 suo
1074 3083 1201 3128 ante
1235 3084 1444 3146 tempus
1481 3075 1707 3145 alicujus
1729 3119 1743 3144 ,

152 3170 351 3217 contra
402 3161 616 3233 regulas
660 3163 1044 3231 discesserint,
1090 3173 1146 3221 et
1191 3145 1429 3223 schisma
1479 3165 1743 3234 fecerint,
1775 3145 1818 3207 ο

152 3252 263 3307 hoc
294 3252 411 3307 ﬁeri
441 3252 801 3321 decernimus,
830 3264 891 3311 ut
916 3270 1010 3311 eos
1039 3255 1444 3313 satisfacientes
1471 3258 1745 3328 episcopo,

152 3360 255 3399 sua
281 3344 651 3401 misericordia
677 3347 1059 3419 subsequatur,
1076 3357 1133 3405 et
1151 3334 1346 3406 ofﬁciis
1367 3352 1751 3410 ecclesiasticis

153 3436 517 3506 segaudeant
563 3438 809 3505 restitui,
848 3439 975 3510 quia
1027 3440 1291 3498 Dominus
1336 3451 1395 3500 et
1438 3443 1751 3515 redemptor

151 3536 350 3583 talister
376 3543 505 3584 oves
529 3530 769 3600 perditas
814 3531 884 3589 ab
911 3547 1098 3589 errore
1141 3533 1358 3590 laetatur
1387 3536 1636 3592 inventas
1653 3577 1668 3602 ,
1694 3546 1752 3592 et

154 3632 326 3689 super
354 3619 639 3692 profugum
673 3621 838 3677 ﬁlium
866 3632 1149 3694 paternam
1179 3625 1562 3683 liberalitatem
1587 3628 1752 3685 caele-

156 3710 264 3765 stis
289 3710 557 3767 mediator
583 3714 975 3771 accommodat.
992 3713 1251 3788 Quisquis
1273 3731 1403 3775 vero
1427 3717 1747 3777 clericorum

154 3810 287 3873 post
321 3802 463 3859 hanc
490 3802 721 3860 formam
771 3820 803 3861 a
850 3807 1008 3864 nobis
1052 3809 1377 3879 probatam,
1424 3827 1752 3886 quocunque

157 3900 383 3949 sacrato
423 3893 536 3952 Deo
578 3894 701 3952 loco
744 3896 799 3952 in
846 3898 1144 3957 Ecelesiam
1192 3903 1492 3962 Romanam
1525 3906 1750 3964 missam

156 3981 440 4040 celebrare
483 3988 890 4058 praesumpserit
927 3992 1131 4060 prret'er
1170 3995 1559 4052 conscientiam
1599 4012 1751 4069 papa:

160 4071 510 4147 Symmachi,
535 4076 663 4134 dum
687 4079 821 4136 vivit
846 4084 1067 4139 statutis
1093 4085 1392 4153 canonicis,
1422 4087 1572 4144 velut
1599 4090 1747 4146 schi-

157 4166 428 4224 smaticus
453 4169 798 4240 percellatur.
827 4171 937 4229 Ista
979 4174 1259 4234 sufﬁciant
1277 4218 1294 4244 ,
1325 4193 1471 4234 nunc
1499 4194 1624 4235 eum
1652 4180 1751 4237 Dei

158 4256 359 4312 notitia
386 4258 600 4316 sincere
630 4262 941 4331 protulisse.
980 4263 1304 4323 Laurentius
1331 4269 1614 4341 episcopus
1643 4270 1749 4327 Ec-

159 4346 348 4404 clesiae
391 4347 845 4419 Mediolanensis,
895 4355 1022 4411 huic
1069 4365 1274 4414 statuto
1317 4367 1504 4429 nostro
1551 4360 1605 4414 in
1641 4376 1751 4431 quo

161 4449 339 4497 totam
368 4457 591 4499 causam
614 4445 711 4501 Dei
731 4444 938 4514 judicio
991 4450 1395 4515 commisimus,
1426 4451 1747 4522 subscripsi.

160 4531 363 4589 Petrus
394 4535 680 4607 episcopus
707 4537 1070 4599 Ravennanus
1102 4542 1227 4598 huic
1252 4551 1457 4598 statuto
1481 4553 1670 4600 nostro
1693 4544 1747 4600 in

162 4640 277 4695 quo
304 4622 471 4681 totam
497 4628 590 4683 Dei
610 4628 820 4699 judicio
848 4632 1254 4700 commisimus,
1298 4636 1417 4691 sub.
1443 4635 1593 4692 Felix
1620 4635 1752 4692 Ter-
1784 4713 1798 4725 ν

164 4715 502 4780 raciuensis,
532 4716 846 4776 Bonifacius
881 4724 1308 4792 Aquemuensis,
1341 4725 1606 4783 Maximus
1634 4726 1753 4782 Ble-

164 4821 391 4876 ramus,
434 4807 733 4867 Emilianus
776 4810 1055 4880 Furanus,
1107 4813 1374 4870 Maximus
1417 4816 1749 4883 Ticinensis,

163 4898 464 4957 Cassianus
514 4902 866 4972 Mutinensis,
899 4906 1192 4967 Gerontius
1237 4908 1590 4976 Fidudensis,
1630 4909 1753 4966 Ste-

164 4994 386 5066 phanus
412 4993 752 5063 Venusinus,
783 4998 1113 5057 Laurentinus
1136 4999 1395 5068 Boeusis,
1422 5002 1755 5058 Fortunatus

166 5082 551 5155 Fulgineusis,
591 5085 891 5145 Mercurius
928 5089 1218 5159 Sutrinus,
1253 5091 1567 5163 Stephanus
1610 5092 1751 5147 Nea-

164 5176 479 5247 politanus,
509 5174 751 5234 Hilarius
780 5178 1094 5249 'l‘ensauus,
1146 5182 1543 5239 Maximiliauus
1587 5183 1755 5239 Peru-

166 5266 354 5331 sinus,
382 5265 730 5323 lunocentius
763 5267 1127 5338 Fortunatus,
1159 5272 1493 5331 Coucordins
1517 5274 1752 5330 Mesiua-

168 5358 277 5421 tis,
312 5357 502 5413 Vitalis
531 5358 855 5425 Fundanus,
902 5359 1098 5419 Castus
1143 5362 1492 5429 Portuensis,
1539 5364 1756 5421 Aristus

167 5447 418 5504 Ostensis
441 5489 455 5514 ,
483 5448 774 5522 Martyrius
802 5450 1231 5521 Terracinensis,
1257 5454 1445 5510 Victor
1465 5455 1751 5523 Lunensis,

164 5539 419 5596 Asterius
446 5541 755 5611 Aquinatis,
778 5541 1159 5617 Chrysogonus
1182 5547 1527 5616 Albaneusis,
1547 5550 1752 5604 Aman-

166 5620 273 5685 dus
304 5631 648 5703 l’otcutinus,
685 5634 959 5690 Romanus
984 5635 1356 5693 Numentauus
1376 5680 1391 5705 ,
1419 5638 1587 5695 Ursus
1613 5639 1753 5694 Rea-

173 5721 355 5787 tinus,
406 5720 732 5781 Paschasius
784 5723 1191 5792 Vulterueusis,
1229 5727 1570 5784 lna‘oc.entius
1622 5731 1751 5785 For-

1843 1893 1927 1951 lus
1971 1894 2417 1967 Populoniensis,
2468 1896 2673 1953 Memor
2714 1898 3052 1966 Canusinus,
3114 1902 3427 1959 Adrudatus

1844 1984 2006 2042 Silvae
2033 1984 2309 2050 Candidas,
2339 1986 2604 2043 Venerius
2635 1988 2916 2052 Pallensis,
2951 1991 3193 2063 Rogatus
3221 1992 3430 2049 Tauro-

1845 2075 2177 2141 minitanus,
2208 2076 2497 2133 Servusdei
2558 2077 2848 2145 Ferensis,
2895 2082 3103 2139 Probus
3146 2084 3427 2144 Carmeia~

1845 2166 2057 2231 nensis,
2088 2166 2353 2223 Dulcitius
2383 2165 2569 2224 Sancti
2593 2169 2818 2225 Antimi.

1951 2376 2144 2450 Incipit
2170 2379 2412 2450 prtefatio
2439 2378 2667 2435 Ennodii
2698 2380 2750 2437 in
2778 2381 2967 2437 librum
3000 2394 3330 2454 sequentem-

1918 2559 2071 2617 Solet
2113 2558 2324 2631 dicendi
2377 2556 2651 2631 affectum
2686 2560 2979 2631 multarum
3028 2572 3209 2614 rerum
3258 2558 3425 2631 ardor

1846 2627 2183 2703 exigere.USi
2208 2637 2391 2703 autem
2417 2643 2619 2684 avarus
2643 2628 2814 2703 laudis
2843 2630 3031 2685 avidus
3055 2637 3166 2703 est,
3197 2638 3252 2703 et
3276 2628 3427 2683 favo-

1847 2698 1980 2779 reni
1994 2700 2269 2756 desiderat
2293 2698 2491 2756 sudore
2518 2699 2750 2779 mercari
2770 2741 2784 2765 ,
2811 2710 2903 2755 aut
2930 2712 3027 2779 per
3059 2699 3423 2779 blandimenta

1847 2772 2033 2846 gloria:
2054 2784 2289 2846 cruceui
2306 2770 2583 2825 narrantis
2612 2770 2858 2846 ignorat,
2883 2780 2978 2846 aut_
3002 2769 3136 2824 lucri
3166 2769 3427 2846 astrictus

1848 2786 2033 2846 gloria:
2054 2786 2272 2825 crucem
2306 2786 2583 2825 narrantis
2612 2786 2858 2894 ignorat,
2883 2786 2978 2850 aui
3002 2786 3136 2824 ωσι-ι
3166 2786 3421 2824 asmcws

1848 2841 2200 2912 compedibus
2256 2839 2453 2912 lingua
2479 2909 2488 2912 _
2517 2855 2623 2912 ven
2667 2841 2706 2895 it
2739 2842 3106 2912 obsequium.
3169 2849 3230 2894 ut
3293 2842 3421 2894 dum

1850 2908 2064 2969 animus
2089 2910 2319 2982 habendi
2342 2908 2621 2979 'cnpidiue
2669 2908 3009 2982 subiugatus
3040 2918 3428 2982 praesumptum

1849 2984 2082 3063 restimat
2097 2980 2426 3063 impleuere
2448 2980 2860 3063 compendium,
2890 2980 2968 3062 sic
3000 2980 3306 3063 ingruentia
3332 2994 3431 3051 per

1850 3054 1974 3126 styli
2006 3051 2327 3126 exercitium
2356 3051 2532 3126 nescit
2559 3050 2751 3126 timere
2776 3050 3216 3126 discrimina,aut
3243 3050 3432 3106 ueCes-

1851 3120 2008 3180 sitate
2035 3121 2320 3177 conclusus
2367 3120 2574 3191 profert
2619 3121 3058 3191 eloquiumisinc
3110 3135 3432 3191 quacunque

1852 3196 1980 3249 lima
2002 3193 2297 3275 captivum,
2322 3190 2379 3275 e_t
2400 3192 2635 3274 nesciam
2658 3190 2879 3275 pudoris
2902 3190 3143 3275 frontem
3160 3190 3428 3275 monstrat

1853 3266 1905 3320 in
1939 3259 2173 3319 medium
2195 3301 2211 3327 ,
2244 3271 2306 3332 ut
2335 3261 2463 3316 dum
2512 3259 2801 3332 intentioni
2846 3259 3160 3326 famulatur,
3195 3261 3424 3332 “diligen-

1853 3338 1982 3392 tiam
2012 3332 2226 3388 decoris
2254 3331 2479 3397 aburat,
2523 3330 2649 3401 quia
2698 3332 2914 3387 dicendi
2948 3339 3268 3387 ornamenta
3303 3330 3427 3401 fnon

1851 3414 1979 3463 sunt
2023 3401 2338 3459 intentionis
2370 3402 2629 3471 negotiii,
2680 3401 2775 3456 sed
2826 3401 3059 3471 quietis,
3092 3416 3193 3457 nec
3222 3400 3444 3471 militiae.

1850 3484 1975 3533 sunt
1996 3474 2139 3545 picta
2166 3473 2351 3545 verba,
2369 3470 2475 3545 sed
2499 3472 2617 3527 otii.
2640 3470 2876 3542 Cainpus
2920 3471 3113 3545 fortem
3157 3470 3419 3542 postulat,

1850 3562 1954 3618 pax
1985 3542 2252 3618 profunda
2288 3542 2505 3597 redimit
2528 3551 2818 3618 ornatum,
2845 3542 2935 3613 qui
2967 3542 3252 3618 proiutura
3278 3555 3425 3596 asse-

1850 3611 1956 3682 rit,
1986 3611 2255 3694 loquelam
2283 3627 2403 3694 quae
2426 3612 2668 3694 periculo
2700 3611 2979 3694 Aa_rtis'est'
3005 3611 3244 3668 colorata
3270 3626 3422 3694 Acori-

1852 3683 2067 3743 ternuit.
2082 3683 2178 3739 His
2190 3684 2408 3753 ergoita
2432 3683 2492 3739 Se
2512 3683 2837 3738 habentibus
2859 3696 3079 3753 causam
3101 3683 3435 3753 narrationis

1852 3760 2066 3815 insinuo
2080 3795 2095 3821 ,
2110 3762 2183 3834 _et
2205 3750 2451 3810 coactam
2478 3768 2665 3834 vocem
2685 3767 2975 3834 pravorum
2990 3750 3432 3834 latratureligio—

1851 3829 1926 3886 sis
1956 3826 2230 3884 mentibus
2257 3824 2597 3887 commendo,
2633 3825 2894 3894 scriptum
2927 3837 3055 3894 esse
3073 3824 3445 3894 reminiscens

1856 3920 1876 3953 ε
1912 3894 2379 3970 tempustacendi,
2395 3903 2456 3970 ei
2473 3903 2686 3970 tempus
2706 3892 2974 3970 loquendi
2986 3892 3185 3970 (Εςειε.
3202 3907 3287 3957 ut,
3303 3892 3426 3970 ἠρ

1857 3970 1942 4027 vel
1968 3963 2090 4046 post
2119 3969 2275 4046 tidem
2306 3964 2623 4046 prophetici
2653 3963 2861 4020 oraculi
2891 3963 3169 4046 cujusdam
3198 3963 3433 4046 oratoris

1849 4034 2155 4116 exeiitpium
2179 4036 2270 4107 qui
2300 4034 2496 4100 refert,
2523 4035 2771 4116 nisicum
2799 4034 3165 4116 necessariam
3215 4034 3428 4116 dicendi

1852 4102 2023 4166 nimis
2053 4102 2289 4178 ineptam
2321 4121 2442 4178 esse
2460 4104 2847 4178 conditionem.
2881 4102 3011 4178 Oris
3030 4119 3170 4178 ergo
3187 4103 3433 4178 ministe-

1854 4183 1991 4236 rium
2026 4174 2467 4250 pro'valitudiue
2494 4176 2695 4250 ingenii
2727 4174 3111 4232 sacerdotibus
3139 4174 3294 4250 dedi,
3337 4175 3433 4229 ad-

1851 4245 2041 4306 versus
2068 4261 2205 4319 quos
2232 4245 2575 4319 sibilantium
2616 4245 2783 4319 eﬁ‘usa
2829 4254 2955 4319 sunt
2978 4245 3431 4319 venenalingua-

1852 4336 2005 4386 rum,
2031 4314 2157 4373 licet
2199 4322 2353 4387 scuto
2396 4315 2604 4387 munita
2656 4316 2780 4371 ﬁdei
2823 4316 3151 4387 spiculorum
3202 4314 3429 4370 imbrem

1853 4389 2113 4465 patientia
2143 4385 2530 4465 religiosa_nou_
2558 4386 2776 4465 timcai,
2825 4385 2880 4441 et
2920 4388 2992 4465 ad
3030 4394 3428 4465 auctorem‘re-

1854 4455 2020 4518 deant
2046 4458 2150 4513 tela
2171 4497 2187 4523 ,
2214 4471 2335 4526 quas
2371 4456 2495 4527 sine
2516 4455 2750 4511 bellandi
2796 4465 2912 4512 arte
2943 4458 3267 4527 diriguntur.
3296 4455 3432 4521 Qui-

1854 4533 1954 4589 bus
1980 4529 2123 4606 eniin
2154 4542 2253 4606 pro
2280 4527 2444 4582 lorica
2471 4526 2725 4606 Christus
2749 4536 2861 4593 est,
2893 4528 3000 4580 vim
3034 4526 3138 4582 non
3162 4535 3429 4606 metuunt,

1853 4612 1908 4657 et
1946 4595 2195 4656 inimicos
2238 4597 2394 4668 longa
2429 4597 2859 4668 exspectatione“
2882 4605 3246 4666 prosternunt.
3279 4595 3433 4668 Quis-

1854 4688 2014 4743 quam
2034 4664 2406 4743 uelamen'in
2441 4664 2544 4723 hac
2569 4668 2687 4722 acie
2710 4664 2963 4743 _pr:eliuut_
2997 4676 3149 4743 putet
3175 4679 3295 4743 esse
3320 4664 3434 4743 for-

1857 4735 2080 4805 midini,
2124 4740 2177 4812 in
2210 4754 2315 4812 qua
2349 4740 2459 4794 Deo
2485 4750 2540 4793 et
2575 4735 2921 4812 pontiﬁcibus
2951 4735 3187 4812 infertur
3207 4736 3327 4792 sine
3352 4735 3460 4790 vi-.

1855 4813 1997 4868 rium
2023 4805 2382 4867 aestimatione
2411 4805 2706 4865 certamen.
2739 4808 3035 4878 Quisquam
3067 4822 3134 4861 ne
3156 4805 3355 4860 ﬁlatim
3378 4816 3433 4859 et

1856 4881 2427 4959 lacessenieuihostem
2449 4880 2645 4940 videat,
2664 4878 3433 4959 etnprieliorumcausisaiiver-

1853 4954 2057 5010 sarium
2095 4952 2327 5011 debilem
2380 4947 2741 5019 expavescat?
2787 4948 2992 5004 Invidet
3039 4949 3154 5018 ipse
3194 4947 3314 5003 sibi‘
3347 4949 3432 5003 vi-

1854 5024 2084 5080 ctoriam
2118 5022 2209 5092 qui
2246 5021 2949 5092 conscientia,vulneratum
2985 5019 3204 5092 aggredi
3250 5027 3432 5092 cessat

1855 5089 2155 5150 inimicum:
2200 5092 2282 5148 Ad
2328 5091 2535 5145 lucrum
2586 5091 2756 5146 hostis
2788 5092 2870 5145 sui
2918 5089 3191 5159 procedit,
3239 5089 3328 5159 qui
3379 5091 3431 5144 in

1853 5164 2190 5220 conﬂictibus
2234 5178 2339 5218 nou
2384 5162 2535 5231 prius
2577 5162 2770 5217 causas
2817 5176 2977 5229 (Illam
3019 5160 3163 5217 aliud
3194 5161 3429 5230 expedit.

1855 5235 1957 5291 Dat
1985 5235 2128 5292 vires
2162 5233 2356 5304 jaculis
2392 5233 2726 5304 innocentia»,
2776 5242 2833 5304 ei
2876 5239 3434 5304 mucronemhacuuut

1853 5322 1919 5362 ex
1951 5321 2107 5376 aequo
2132 5300 2405 5376 venientia
2440 5313 2565 5376 vota
2607 5302 2860 5376 bellandi.
2888 5300 3236 5376 l’ercutiendi
3265 5303 3437 5376 impe-

1866 5387 1975 5431 tum
2002 5372 2118 5447 plus
2142 5376 2347 5446 justum
2375 5372 2843 5453 dolorem__scimus
2861 5373 3081 5453 dedisse
3107 5388 3268 5453 quam
3301 5372 3428 5453 bra-

1864 5442 2017 5511 Chia,
2052 5442 2176 5513 inde
2211 5460 2504 5514 paucorum
2556 5444 2677 5499 telis
2720 5444 3006 5498 multitudo
3034 5442 3141 5499 non
3168 5442 3431 5499 subsistit.

1863 5517 2084 5574 Dicente
2108 5530 2474 5593 ergqmecuin
2502 5519 2762 5593 propheta
2787 5516 2967 5593 plures
2997 5516 3273 5569 nobiscum
3310 5521 3436 5593 sunt

1861 5604 2024 5656 quant
2052 5585 2187 5642 cum
2206 5586 2364 5650 illius,
2392 5585 2714 5655 placiturum
2744 5586 2915 5652 bonis,
2940 5595 3198 5656 quantum
3227 5585 3457 5638 testimo-

1857 5675 2009 5729 opus,
2040 5658 2311 5727 incipiam.
2682 5678 2686 5681 ν
