3974 6446
184 339 321 403 1021

1404 344 1719 405 uacuam
1730 335 1907 407 Liuu‘
1932 352 2335 416 COLLECTIO.

3313 372 3452 430 1012

180 448 661 551 iugulari:
693 454 1763 551 perditasntquam“j‘uctmd‘i‘ta‘tisAacqui-
1794 469 1838 528 Λ
1868 468 1970 524 dus
2024 470 2160 527 dixit
2199 491 2213 527 τ
2246 475 2360 532 haec
2413 476 2613 535 futuris
2662 482 2999 551 temporibus
3050 498 3449 546 conserventur

180 521 867 594 sita,__relegzunus,_tamen
897 521 1097 594 quibus
1125 521 1330 585 mutata
1360 541 1483 585 sunt
1515 533 1616 587 ista
1641 521 1763 588 s'uc-

178 591 441 662 cessibus.
495 592 632 646 Ecce
656 592 770 662 jam
812 594 864 647 in
907 591 1004 653 illo
1045 601 1282 655 sacrario
1323 600 1591 657 libertatis
1632 604 1761 658 nihil

178 660 375 716 servile
418 662 485 716 de
517 660 778 717 idolorum
809 665 1045 723 cultibus
1091 670 1380 724 invenitur.
1408 670 1547 725 Ecce
1594 672 1763 726 bono-

178 746 299 786 rum
321 746 545 810 corona,
569 733 718 788 orbis
741 735 953 810 genius,
970 738 1066 795 ﬂos
1085 740 1356 796 Romanus
1377 742 1468 810 qui
1491 742 1580 797 diu
1612 757 1763 798 vene-

178 810 330 882 ratus
360 810 446 857 est
485 803 672 882 plenus
706 809 996 882 sanctitate
1025 811 1197 882 calcat
1226 803 1437 865 altaria.
1486 812 1626 866 Ecce
1646 813 1759 882 jam

178 871 326 952 furia
372 871 495 925 mea
539 872 612 952 ad
650 875 846 931 cmlum
889 890 1133 952 vocatur,
1179 879 1448 947 laudatur,
1475 871 1756 952 accipilur.

178 940 290 1021 .‘g‘ec
315 955 534 1023 possum
562 942 744 1022 dicere
769 949 1068 1023 perdidisse
1096 940 1181 1004 me
1219 940 1463 1023 sobolem
1484 940 1606 1023 post
1630 968 1758 1023 gra-

177 1011 309 1087 tiam
340 1011 591 1081 baptismi
624 1011 785 1085 quani
814 1021 1090 1087 repentina
1122 1036 1267 1074 mors
1290 1011 1533 1076 abstulit.
1563 1011 1758 1080 Multos

178 1082 510 1164 trabearum,
519 1091 592 1164 _et
615 1082 1542 1164 curulium-possessoressupremus
1569 1108 1759 1164 regna-

177 1165 267 1238 tor
314 1151 432 1238 sine
481 1153 764 1238 dispendio
815 1151 1010 1238 cultus,
1067 1171 1165 1238 aut
1213 1151 1491 1238 dignitatis
1540 1151 1754 1238 ample-

176 1221 362 1276 stitur.
397 1220 541 1279 l'ene
563 1220 676 1294 jam
710 1230 906 1303 tegenti
937 1220 1300 1303 munificentia
1324 1233 1592 1303 triumphi
1622 1220 1759 1289 divi-

175 1305 313 1375 uutti
355 1310 677 1375 mereamur
722 1298 1002 1375 aﬂ‘ectuin,
1049 1311 1104 1356 et
1145 1302 1211 1356 ad
1273 1298 1755 1375 Christi-gloriam

172 1362 393 1438 omlici‘t
414 1367 556 1438 quod
586 1370 785 1422 mundo
811 1362 1038 1427 stridetis
1065 1389 1096 1426 c
1125 1386 1185 1426 se
1214 1362 1566 1438 venerabiles“,
1600 1390 1753 1430 meu-

175 1443 289 1517 t_i_or
325 1435 424 1515 nisi
452 1450 617 1517 egena
648 1439 863 1508 agmina
906 1441 1224 1517 consulatus
1265 1444 1435 1497 nostri
1490 1435 1754 1501 insubsi-

172 1505 271 1559 dio
322 1505 658 1572 miseriarum
686 1505 1085 1577 'priestolantur
1136 1513 1424 1567 adventuum
1452 1554 1468 1578 ,
1510 1523 1565 1569 ct
1608 1517 1752 1570 enim

172 1589 414 1644 purpura
439 1585 616 1630 vestra
644 1592 752 1646 quo
781 1581 905 1633 anni
937 1581 1251 1636 vocabulum
1299 1583 1591 1640 nobilitatis
1620 1586 1752 1640 sub—

172 1646 460 1725 ripientem
513 1647 727 1725 miseris
776 1652 1218 1725 vestimentorum
1280 1652 1555 1725 largitate
1600 1656 1752 1725 pellit

172 1714 438 1789 algorem,
482 1731 651 1789 prope
688 1719 801 1789 jam
851 1720 1047 1776 iterum
1088 1714 1503 1779 necessitatibus
1535 1714 1753 1781 fuerunt

171 1785 435 1856 auxilium
471 1785 703 1856 ilecora'
727 1787 1012 1856 fastorum,
1040 1800 1096 1847 et
1126 1791 1177 1847 in
1218 1794 1383 1848 veteri
1431 1794 1749 1853 inﬁdelitate

169 1854 430 1933 deposita
464 1855 518 1909 iu
558 1858 648 1912 tali
674 1854 1077 1933 praeparatione
1104 1876 1298 1917 census
1326 1864 1602 1933 dispendia
1633 1864 1747 1921 efﬁ-

169 1924 394 2003 ciuntur
416 1925 564 1981 lucra
599 1924 923 2003 animarum.
961 1932 1101 2003 Ecce
1133 1947 1275 1988 nunc
1303 1934 1370 1987 ad
1400 1924 1750 2003 gestator-iam

170 1992 364 2065 sellam
408 1997 713 2065 apostolica:
751 2000 1108 2057 confessionis
1141 2003 1241 2056 uda
1280 1992 1504 2061 mittunt
1549 2006 1751 2061 lumina

170 2064 505 2143 candidatos,
536 2069 872 2143 et__u_beri_bus
893 2072 1091 2143 gaudio
1114 2082 1368 2128 exactore
1394 2074 1609 2131 ﬂetibus
1631 2076 1749 2131 col-

170 2134 285 2188 lata
321 2136 412 2190 Dei
441 2136 701 2215 beneflcio
723 2134 1292 2215 _donavgeruinanlur.
1345 2144 1478 2211 Quis
1509 2158 1750 2215 tempore

168 2218 283 2273 quo
330 2206 591 2284 pretiosis
627 2210 786 2264 verba
829 2206 1068 2284 partibus
1116 2228 1223 2281 quo
1261 2206 1464 2284 prolem
1511 2206 1750 2271 nostram

169 2284 373 2328 mterna
400 2277 629 2356 genitrix
664 2277 851 2356 rursus
880 2277 1285 2356 paritura-nunc
1324 2286 1567 2356 suscipit,
1598 2287 1752 2356 cujus

169 2353 301 2423 post
342 2350 570 2412 primam
610 2350 1291 2423 nativitatemAgrandtcvis
1337 2350 1554 2411 ﬂetibus
1600 2350 1752 2413 alvus

169 2414 452 2493 impletur,
503 2432 624 2486 qure
677 2420 806 2473 mihi
842 2414 1063 2493 proicin
1104 2426 1487 2493 regeneratith
1539 2426 1749 2481 dulcem

169 2481 304 2561 fecit
327 2500 449 2540 csse
475 2481 636 2556 quam
665 2481 876 2558 peperi,
905 2508 1022 2561 quae
1050 2492 1115 2546 ad
1148 2481 1207 2547 se
1235 2496 1512 2550 venientes
1539 2497 1749 2550 senium
1790 2524 1795 2527 -

165 2552 302 2632 facit
328 2552 536 2632 exuere
554 2552 707 2632 clad
735 2552 867 2615 'vitae
893 2552 1154 2632 principia
1194 2563 1372 2619 redire
1399 2566 1751 2621 confractus?

168 2624 302 2703 Quis
328 2627 463 2703 lianc
499 2624 1005 2703 felicitatem,rogo,
1037 2624 1465 2703 ii'iterpellatione
1498 2640 1748 2693 commit-

167 2695 290 2748 tat?
334 2695 466 2762 Quis
509 2712 604 2775 per
634 2695 958 2775 discordiam
986 2695 1225 2775 viperina
1256 2714 1441 2761 mente
1472 2710 1745 2775 composi-

163 2773 278 2817 tam
300 2780 432 2844 aur_e
461 2768 590 2822 mihi
627 2771 807 2824 szeculi
829 2773 983 2842 jubet
1011 2768 1186 2842 perire
1212 2774 1511 2830 beneficia?
1539 2768 1671 2844 Quis
1693 2778 1746 2832 in

166 2837 950 2917 renovatione_mea_occasum
996 2837 1360 2917 clandestinus
1407 2837 1654 2917 inspirat,
1696 2857 1751 2903 ct

165 2919 264 2985 per
291 2905 498 2962 blandae
528 2908 718 2988 frontis
746 2914 979 2988 speciem
1024 2913 1322 2988 inimicitiis
1375 2905 1516 2972 vires
1559 2905 1746 2988 acqui-

164 2975 260 3039 rit,
279 2991 605 3059 generosam
630 2979 681 3034 in
722 2975 811 3037 tali
857 2984 1072 3054 negotio
1099 2988 1405 3055 prosapiam
1433 3004 1540 3059 non
1574 2975 1743 3059 agito-

165 3059 260 3099 sco
279 3048 303 3099 ἲ
404 3048 494 3125 qui
518 3059 643 3125 sunt
676 3059 853 3125 tamen
882 3046 1216 3108 summorum
1235 3046 1371 3125 q'uos
1398 3058 1591 3112 vilibus
1609 3046 1747 3113 Tem-

161 3119 393 3236 pestatis
447 3118 606 3188 hujus
656 3122 894 3191 procella
950 3125 1179 3179 sociavit
1249 3118 1371 3181 aliis
1434 3129 1746 3184 auctoribus

184 3186 467 3236 acinorum
496 3192 910 3236 lml‘lininnlimm
938 3200 1276 3236 nmmulnnlnr
1326 3196 1592 3236 ςηιοηδην
1618 3213 1737 3236 can-

184 3186 469 3267 acinorum
495 3186 910 3268 participatione
937 3200 1294 3268 maculantur.
1326 3196 1592 3268 Splendor
1617 3213 1737 3253 san-

163 3256 378 3335 guinis,
428 3256 574 3315 et'si
605 3256 1064 3335 communionem
1121 3256 1408 3321 criminum
1472 3268 1736 3335 incurrit,

162 3326 346 3405 nescit
382 3338 559 3383 tamen
586 3331 774 3405 ducem
814 3349 872 3388 se
898 3336 1141 3405 praebere
1168 3337 1535 3404 peccantibus.
1572 3326 1741 3394 Habet

162 3396 395 3475 forsitan
446 3408 658 3475 reatum
702 3404 769 3457 de
816 3396 1058 3475 neglecta
1102 3396 1374 3472 cautione,
1426 3424 1531 3462 non
1581 3410 1742 3464 habet

159 3467 388 3548 dignum
438 3470 755 3548 supplicium
805 3467 1181 3548 de'scelerum
1233 3467 1557 3548 principatu.
1627 3478 1742 3536 Sub

160 3536 395 3619 quadam
443 3536 762 3619 verecundia
796 3544 1039 3619 jungitur
1079 3536 1512 3617 delinquentibus
1554 3551 1643 3619 qui
1674 3552 1740 3603 ad

162 3605 347 3660 adulta
371 3605 932 3690 jurg_ia_convocati_i_i_7.
971 3615 1083 3669 Non
1133 3605 1739 3690 mereturdespei'atio-

160 3692 288 3728 nem
313 3680 526 3764 perditi,
553 3682 605 3734 in
630 3697 738 3764 quo
768 3682 940 3764 facilis
974 3695 1181 3764 tantum
1210 3680 1733 3764 crudelitas'impro-

160 3758 344 3800 tiatur.
402 3747 504 3829 vos
554 3747 733 3829 potius
787 3754 942 3810 video
998 3758 1281 3829 triviorum
1335 3747 1741 3829 germinafVos

162 3831 398 3885 agnosco
433 3820 485 3873 iu
515 3824 711 3891 quibus
743 3836 947 3881 natura:
993 3828 1172 3883 vilitas
1205 3820 1590 3886 convenientes
1620 3832 1739 3885 sibi

160 3901 339 3941 mores
365 3894 588 3970 peperit,
606 3909 758 3971 quos
789 3896 1143 3971 degenerasse
1169 3898 1391 3971 claritas
1418 3900 1615 3966 fuerat,
1648 3900 1739 3971 qui

159 3972 259 4037 per
304 3961 541 4014 tuentiue
580 3961 1105 4041 titnlmnréligiouis
1134 3970 1377 4039 gaudetis
1422 3961 1740 4041 impunitate

158 4026 435 4108 vitiorum,
458 4048 686 4111 quorum
713 4034 850 4089 labia
867 4026 1268 4111 _mhrquaniaut
1290 4026 1553 4094 honoru'm
1579 4057 1742 4111 sapor

157 4098 357 4180 tetigit,
389 4111 479 4154 aut
522 4105 765 4180 quie_tis,_
790 4107 878 4174 qui
930 4098 1023 4180 ni;
1057 4124 1218 4164 omne
1265 4112 1459 4180 origini
1500 4098 1740 4180 parendo

158 4167 398 4234 violatis,
451 4167 585 4238 quos
630 4176 695 4229 de
728 4167 1073 4252 llatebrisﬂet
1122 4167 1391 4249 specubus
1448 4167 1739 4252 productos

156 4254 579 4315 prmscnscausa
605 4249 941 4301 monstravit.
969 4250 1100 4315 Quis
1120 4261 1247 4304 ante
1270 4249 1736 4307 concinnatiouem

154 4309 284 4388 mali
325 4311 479 4381 hujus
517 4316 606 4382 qui
655 4319 865 4371 cat-teris
897 4309 1114 4388 agi-fovit
1143 4321 1231 4372 diu
1279 4322 1486 4376 favistis
1527 4332 1735 4375 secrcla

150 4378 358 4456 quibus
394 4378 676 4456 pos—gnos
739 4378 1103 4456 gener-alienis
1160 4392 1461 4446 abdiderat.
1547 4393 1735 4447 Redite

148 4449 336 4519 potius
361 4452 425 4503 ad
455 4454 685 4507 amicam
710 4449 1029 4520 edacitatem,
1064 4462 1220 4514 nobis
1247 4477 1492 4516 serenam
1515 4472 1567 4516 et
1586 4462 1734 4516 diur—

149 4535 280 4597 nam
332 4520 500 4597 lucem
556 4526 861 4594 relinquite.
914 4528 1269 4584 Concordiam
1317 4532 1589 4597 Ecclesiae,
1641 4543 1734 4587 aut

144 4591 422 4655 absentia,
463 4602 555 4646 aut
582 4591 918 4667 correctione
945 4608 1219 4667 praestate.
1254 4599 1309 4655 Si
1359 4609 1536 4656 tamen
1572 4591 1734 4658 vultis

144 4673 251 4712 vos
323 4664 597 4742 numerari
668 4667 806 4721 inter
857 4664 1163 4737 splendidas
1208 4674 1490 4742 prosapias
1518 4682 1737 4727 actuum

142 4732 533 4788 emendatione
559 4732 907 4807 cognoscant.

142 4836 548 4923 Incipitnaclio
600 4847 806 4923 guinue
871 4848 1055 4918 synodi
1117 4865 1338 4923 ccsvur
1374 4853 1736 4923 episwporum

218 4911 314 4962 sub
347 4910 657 4981 Symmacho
688 4933 856 4988 pupa,
885 4910 1115 4991 (corpore
1163 4910 1473 4976 Theoderici
1507 4910 1664 4994 regis.

219 5022 350 5079 Post
378 5027 716 5084 consulatum
745 5032 942 5088 Ameni
987 5049 1111 5089 cum
1164 5036 1218 5090 in
1258 5052 1425 5093 unum
1464 5049 1735 5095 annuente

144 5116 377 5172 Domino
408 5130 534 5176 ante
565 5125 960 5182 conlessionem
999 5128 1145 5183 beati
1183 5128 1329 5185 Petri
1370 5133 1733 5202 apostolorum

141 5209 408 5281 principis
434 5216 842 5285 resedissemus,
869 5229 1055 5276 sancta
1075 5224 1314 5293 synodus
1335 5224 1494 5291 dixit,
1524 5225 1736 5282 libellus

139 5300 239 5372 qui
291 5305 533 5373 synodali
587 5310 910 5366 auctoritate
956 5321 1143 5367 contra
1197 5328 1294 5369 eos
1340 5315 1433 5385 qui
1468 5317 1735 5371 adversus

98 5444 103 5449 .
139 5402 396 5465 quartam
442 5408 682 5454 nostram
724 5402 988 5472 synodum
1036 5418 1156 5474 qua:
1192 5404 1374 5462 habita
1419 5415 1505 5463 est
1552 5407 1737 5465 Roma:

139 5484 373 5553 palmari
430 5493 627 5548 mutire
674 5505 1132 5566 pnesumpserunt
1179 5498 1246 5552 ab
1298 5497 1542 5555 Ennodio
1599 5515 1734 5555 con-

140 5578 382 5647 scriptus
402 5588 488 5636 est
515 5596 699 5638 coram
722 5586 974 5641 omnibus
1005 5586 1300 5653 deferatur,
1329 5599 1386 5644 et
1411 5589 1464 5644 in
1496 5605 1732 5661 przesen-

141 5666 220 5720 tia
250 5668 493 5724 omnium
543 5669 755 5744 legatur
789 5683 953 5746 atque
982 5677 1289 5732 roboretur.
1320 5677 1439 5745 Quo
1471 5680 1726 5746 recitato,

142 5766 201 5827 et
247 5758 319 5815 ab
349 5762 603 5831 omnibus
636 5779 874 5824 consona
903 5783 1036 5826 voce
1063 5768 1317 5828 roborato
1349 5782 1537 5829 sancta
1566 5788 1732 5847 syno-

1865 571 2028 632 atque
2058 567 2126 619 ab
2156 567 2409 623 omnibus
2441 576 2728 626 teneantur
2765 581 2819 628 et
2856 575 2908 628 in
2941 577 3194 633 omnibus
3228 595 3449 636 serven-

1865 658 1970 705 tur.
2001 650 2099 708 llic
2124 653 2333 712 libellus
2361 658 2704 731 integerrime
2736 667 3068 735 synodaliter
3093 668 3160 725 ab
3190 673 3474 728 omnibus-

1864 749 2110 798 tcneatur
2150 754 2313 816 atque
2361 749 2503 813 inter
2531 762 2739 821 quartae
2783 764 2838 809 et
2881 757 3087 825 quintae
3115 763 3443 833 synodorum

1860 841 2166 891 nostrorum
2195 841 2438 897 actiones
2460 842 2858 915 interponatur,
2886 856 2939 902 et
2972 849 3045 905 ita
3078 852 3221 907 sicut
3250 854 3443 911 harum

1858 927 2189 996 synodorum
2236 931 2449 989 decreta
2487 936 2769 1003 habeatur,
2802 940 2928 1011 quia
2971 944 3215 1015 synodali
3257 958 3445 1004 aucto-

1858 1016 2020 1072 ritate
2041 1022 2381 1092 conscriptns
2405 1036 2509 1093 est,
2538 1035 2592 1083 et
2629 1029 2937 1086 roboratus.
2971 1033 3052 1087 Ad
3095 1050 3213 1105 qua:
3238 1036 3445 1096 beatis-

1857 1109 2027 1166 simus
2073 1128 2210 1183 papa
2260 1119 2534 1187 respondit
2580 1119 2733 1189 juxta
2783 1134 3017 1180 vestram
3065 1130 3304 1185 omnium
3348 1131 3445 1189 ﬂat

1857 1198 2222 1264 voluntatem.
2279 1214 2335 1261 et
2388 1217 2448 1263 ut
2492 1208 2766 1279 judicatus
2825 1217 3117 1285 apostolica
3180 1221 3434 1280 habeatur

1856 1291 2150 1347 auctoritas
2168 1302 2221 1348 et
2247 1294 2388 1351 inter
2416 1301 2710 1370 apostolica
2736 1307 2882 1375 quod
2911 1309 3091 1365 dicitis
3120 1311 3404 1385 interpona
3433 1352 3440 1360 -

1856 1386 1944 1432 tur
1978 1379 2215 1448 decreta,
2246 1393 2295 1438 et
2334 1386 2472 1443 sicut
2496 1398 2692 1446 castcra
2736 1396 3034 1464 apostolica
3082 1402 3149 1456 ab
3188 1379 3442 1462 omnibus

1855 1477 2104 1525 teneatur
2148 1473 2387 1532 decreta.
2445 1478 2530 1536 Ad
2582 1497 2702 1552 quae
2761 1500 2950 1543 omnes
3008 1498 3094 1546 ter
3151 1509 3255 1550 una
3304 1511 3439 1554 voce

1853 1562 2271 1630 reSponderunt.
2302 1567 2564 1639 dicentes,
2595 1584 2654 1628 ut
2685 1574 2783 1630 ﬁat
2814 1592 3087 1649 rogamus.
3141 1583 3270 1640 Post
3319 1604 3440 1659 quae

1850 1651 2208 1710 acclamatum
2241 1669 2323 1713 est
2353 1661 2421 1716 ab
2446 1663 2699 1721 omnibus
2718 1668 2989 1741 episcopis
3007 1679 3061 1725 et
3084 1651 3435 1749 presbyteris.

1850 1741 1929 1798 llli
1952 1745 2043 1814 qui
2064 1761 2258 1818 papam
2288 1746 2669 1822 Symmachum
2697 1741 3109 1827 accusaverunt,
3142 1776 3196 1821 et
3217 1741 3441 1826 damna-u

1781 1841 1823 1901 Β
1854 1831 2055 1889 tionem
2084 1836 2135 1891 ei
2176 1836 2378 1895 inferre
2411 1848 2776 1914 tentaverunt,
2809 1856 2864 1903 et
2895 1849 2971 1905 illi
3002 1854 3093 1923 qui
3124 1869 3247 1911 eum
3280 1858 3439 1930 judi-

1853 1936 2135 1993 caverunt,
2161 1940 2256 1985 aut
2285 1941 2476 1989 contra
2503 1947 2747 1992 nostram
2776 1942 3039 2013 synodum
3088 1949 3316 2018 garrire,
3343 1960 3440 2007 aut

1853 2020 2092 2076 scribere
2122 2037 2604 2096 prtesumpserunt,
2629 2039 2688 2085 ut
2712 2033 3037 2092 damnentur
3063 2055 3334 2110 rogamus.
3368 2044 3439 2099 Et

1852 2112 2008 2181 paulo
2033 2122 2153 2184 post
2178 2131 2364 2174 omnes
2394 2121 2630 2193 episcOpi
2660 2133 2714 2179 et
2736 2129 3040 2200 presbyteri
3073 2148 3203 2189 voce
3232 2151 3434 2209 magna

1852 2202 2150 2259 clamantes
2199 2207 2502 2264 dixerunt:
2552 2212 2782 2280 Exaudi,
2829 2217 3068 2286 Christe,
3104 2202 3434 2294 Symmacho

1852 2307 2002 2362 papa:
2026 2294 2168 2363 vita;
2199 2296 2401 2352 dictum
2427 2308 2512 2355 est
2534 2303 2724 2359 octies.
2756 2304 2922 2376 Cujus
2949 2309 3130 2366 sedem
3164 2323 3216 2367 et
3241 2332 3438 2386 annos,

1852 2384 2056 2439 dictum
2083 2395 2166 2441 est
2193 2388 2372 2445 decies
2398 2406 2411 2455 ;
2440 2400 2500 2446 ut
2531 2393 2623 2448 fiat
2652 2411 2927 2467 rogamus,
2961 2400 3161 2456 dictum
3192 2413 3275 2459 Bri.
3303 2384 3434 2462 duo;

1852 2476 2047 2531 decies.
2100 2478 2303 2546 Quibus
2332 2484 2579 2550 cessatis,
2617 2484 2972 2558 Symmachus
3005 2493 3290 2565 episcopus
3334 2497 3436 2553 Ec-

1850 2567 2028 2624 clesiae
2056 2571 2336 2627 catholicrc
2378 2575 2527 2631 urbis
2562 2576 2748 2633 Romae
2780 2581 2927 2635 dixit
2961 2601 2973 2637 :
3016 2584 3280 2652 Quoniam
3318 2586 3431 2645 fra-

1852 2661 2078 2716 ternitas
2124 2671 2303 2718 vestra
2356 2666 2619 2737 singulari
2670 2671 2952 2728 charitatis
2989 2677 3189 2742 studio,
3232 2680 3320 2749 pio
3368 2696 3434 2737 ac

1848 2754 2089 2826 vigilanti
2143 2755 2381 2825 aﬂ‘cctu,
2440 2759 2729 2819 indefessis
2794 2762 3070 2824 laboribus
3125 2786 3190 2825 ac
3241 2772 3434 2843 spiritu

1849 2848 2022 2903 vivaci
2072 2851 2375 2917 studuistis,
2410 2857 2704 2912 venerandi
2755 2869 2956 2929 patres,
3001 2865 3219 2921 tutelam
3252 2883 3433 2924 rerum

1846 2939 2339 2999 ecclesiasticarum
2394 2945 2594 3011 fovere,
2650 2949 2831 3005 sedem
2885 2957 3239 3024 apostolicam
3286 2958 3430 3032 (qua:

1846 3029 2015 3084 solida
2047 3030 2193 3087 Petri
2221 3033 2564 3091 confessione
2595 3039 2830 3095 stabilita
2862 3042 2965 3115 est)
3002 3047 3140 3101 tueri
3180 3029 3431 3115 viriliter,

1846 3120 1931 3174 cui
1973 3119 2101 3191 licet
2133 3123 2334 3194 indigni
2379 3125 2607 3182 Domino
2641 3128 2721 3183 sic
2758 3131 3076 3201 disponente
3110 3152 3429 3206 praesumus,

1769 3208 1813 3270 C
1843 3224 1908 3266 ac
1932 3211 2253 3281 pravitatem
2295 3225 2538 3271 nostram
2562 3216 2883 3286 jamdudum
2918 3224 3101 3281 multis
3130 3226 3434 3284 afﬂictioni-

1842 3301 1941 3356 bus
1972 3302 2256 3373 impulsam
2289 3305 2428 3360 virili
2460 3309 2796 3378 protectione
2839 3312 3160 3372 defendistis
3204 3319 3429 3375 oblocu-

1844 3391 2050 3447 toribus
2072 3402 2126 3448 et
2154 3397 2564 3453 susurrantibus
2604 3400 2927 3469 resistendo,
2970 3406 3061 3475 qui
3099 3409 3253 3465 novis
3282 3425 3428 3466 sem-

1839 3493 1938 3551 per
1964 3480 2195 3547 insidiis,
2226 3497 2441 3554 semper
2464 3486 2669 3558 aliquid
2695 3489 2981 3547 adversum
3009 3510 3107 3551 nos
3135 3504 3192 3551 et
3219 3495 3424 3556 famam

1840 3581 2085 3627 nostram
2145 3575 2460 3643 moliuntur,
2515 3594 2652 3649 quos
2719 3583 2943 3652 spiritus
3010 3587 3099 3643 ille
3148 3589 3430 3649 divisionis

1841 3664 2115 3720 continuis
2143 3667 2384 3737 exagitat
2431 3668 2651 3735 aculeis,
2703 3673 2897 3742 quibus
2928 3685 3010 3732 est
3038 3693 3144 3748 pax
3183 3680 3429 3749 inimica,

1841 3762 1896 3807 et
1940 3754 2205 3811 discordia
2255 3757 2492 3828 placens.
2522 3759 2589 3815 Et
2622 3762 2747 3832 quia
2777 3775 2956 3820 vestra
2997 3767 3212 3825 bonitas
3242 3785 3427 3827 curam

1840 3845 2168 3915 provisionis
2199 3855 2398 3903 nostras
2427 3848 2541 3904 suis
2572 3851 3043 3911 exhortationibus
3071 3857 3342 3927 incitavit,
3372 3870 3431 3916 et

1841 3939 2063 4007 parilem
2087 3939 2231 3994 circa
2256 3940 2506 3998 Ecclesiae
2527 3945 2994 4015 tranquillitatem,
3011 3949 3223 4007 Domini
3252 3954 3425 4010 nostri

1840 4030 2346 4099 contemplationem
2378 4033 2541 4088 animi
2564 4045 2784 4105 praestet
2814 4038 3140 4109 ﬂagitamus,
3176 4051 3236 4098 ut
3279 4044 3430 4101 circa

1840 4126 2205 4193 insidiatores,
2233 4137 2285 4184 et
2307 4143 2680 4200 persecutores
2707 4142 2922 4191 nostros
2941 4136 3127 4192 mitius
3153 4141 3344 4210 agatis,
3368 4152 3425 4198 et

1842 4218 1968 4275 licet
1999 4220 2147 4290 juste
2186 4221 2511 4276 damnentur
2541 4232 2762 4292 propter
2789 4226 3214 4285 misericordiam
3248 4241 3428 4288 tamen

1840 4317 2234 4364 conserventur
2265 4320 2321 4363 ut
2344 4311 2394 4363 in
2422 4311 2578 4365 nobis
2603 4312 2689 4367 illa
2727 4314 2937 4370 Domini
2970 4318 3277 4374 declaretur
3304 4337 3429 4377 sen-

1840 4402 2030 4466 tentia,
2055 4416 2161 4470 qua
2184 4401 2510 4471 prtccipitur,
2541 4401 2611 4455 ita
2636 4402 2896 4461 fratribus
2918 4406 3138 4476 dimitti,
3163 4410 3303 4465 sicut
3324 4411 3428 4466 sibi

1839 4508 1870 4547 a
1892 4492 2118 4547 Domino
2131 4492 2354 4562 cupiunt
2379 4492 2598 4547 dimitti.
2623 4493 2699 4548 De
2724 4505 2921 4551 caetero
2944 4514 3070 4553 vero
3100 4515 3166 4555 ne
3190 4516 3430 4570 unquam

1768 4571 1810 4625 Ι)
1843 4583 1966 4637 talia
1987 4625 2000 4645 ,
2035 4597 2139 4636 non
2173 4582 2512 4638 solummodo
2543 4583 2594 4639 in
2625 4587 2934 4655 apostolica:
2969 4590 3111 4644 sedis
3141 4591 3369 4662 praesule
3392 4608 3424 4649 a

1843 4690 2111 4745 quoquam
2130 4684 2547 4744 praesumantur,
2571 4677 2664 4731 sed
2683 4692 2780 4732 nec
2801 4678 2852 4732 in
2874 4678 2980 4735 ullo
2993 4679 3424 4739 Christianorum

1842 4765 2096 4836 episcopo
2112 4774 2460 4837 usurpentur.
2492 4765 2607 4821 Non
2634 4756 2763 4839 ergo
2793 4785 3013 4826 necesse
3043 4780 3127 4827 est
3155 4788 3319 4844 super
3341 4776 3426 4832 his

1846 4874 1981 4913 nova
2013 4861 2228 4923 cudere,
2263 4859 2356 4915 sed
2386 4867 2570 4916 vetera
2603 4861 2836 4916 recitare
2861 4871 3025 4932 atque
3056 4864 3291 4921 firmare.
3328 4865 3427 4921 Est

1843 4949 1987 5004 enim
2011 4964 2042 5003 a
2072 4949 2255 5005 multis
2284 4950 2720 5006 antecessoribus
2752 4953 2952 5009 nostris
2978 4955 3308 5027 synodaliter
3330 4957 3422 5013 de-

1840 5051 2047 5097 cretum
2104 5051 2263 5113 atque
2310 5042 2582 5097 firmatum
2633 5052 2692 5098 ut
2740 5060 2867 5100 oves
2906 5062 3025 5116 quse
3076 5050 3281 5119 pastori
3326 5067 3424 5107 suo

1840 5131 2143 5187 commissae
2200 5130 2416 5186 fuerunt
2459 5147 2582 5187 eum
2631 5148 2733 5190 nec
2788 5137 3216 5206 reprehendere,
3257 5142 3359 5196 nisi
3391 5157 3420 5196 a

1840 5232 1986 5280 recta
2037 5223 2142 5280 ﬂde
2197 5225 2605 5290 exorbitaverit,
2647 5237 2997 5297 praesumant,
3027 5245 3126 5286 nec
3156 5232 3424 5289 ullatenus

1839 5332 1938 5390 pro
1964 5332 2290 5388 quacunque
2317 5331 2374 5372 re
2406 5316 2543 5380 alia,
2577 5319 2678 5372 nisr
2709 5333 2806 5388 pro
2836 5334 2932 5374 sua
2970 5320 3229 5392 injustitia
3261 5337 3421 5378 accu-

1842 5422 1963 5464 sare
1991 5408 2242 5473 audeant,
2275 5408 2527 5478 quoniam
2554 5409 2788 5479 pastoris
2813 5421 2968 5466 actus
2990 5412 3164 5483 gladio
3184 5414 3297 5469 oris
3314 5428 3421 5468 non

1843 5508 1971 5555 sunt
2005 5498 2267 5564 feriendi,
2296 5513 2606 5568 quanquam
2655 5499 2760 5554 rite
2802 5504 3230 5573 reprehendendi
3272 5506 3419 5560 testi-
3484 5576 3489 5587 ³

1842 5602 2077 5658 mentur,
2119 5604 2218 5646 nec
2246 5589 2385 5647 ullos
2410 5589 2692 5661 episcopos
2725 5593 2837 5648 suis
2868 5595 3028 5651 rebus
3056 5596 3384 5668 exspoliatos
3402 5637 3418 5661 ,

1841 5682 1923 5737 vel
1961 5699 1988 5736 a
2019 5680 2239 5737 sedibus
2279 5681 2333 5735 vi
2384 5689 2475 5735 aut
2504 5678 2648 5744 dolo,
2690 5690 2784 5735 aut
2836 5697 3158 5756 quocunque
3204 5686 3420 5757 ingenio

1838 5772 2041 5844 pulsos,
2072 5773 2211 5829 sicut
2239 5784 2290 5828 ct
2318 5786 2413 5828 vos
2437 5770 2502 5825 de
2530 5770 2683 5827 nobis
2716 5770 3019 5842 judicastis,
3049 5786 3138 5831 aut
3167 5778 3233 5833 ad
3258 5791 3419 5833 svno-
