3974 6448
535 358 672 413 1οῶ

1343 349 1627 406 APPEND.
1668 348 1761 403 AD
1799 345 1973 403 διεδ.
2032 345 2121 398 IX.
2161 373 2231 383 «-
2268 342 2516 398 ISIDDRI
2539 341 2984 401 MERCATORES

3662 341 3816 396 1026

536 471 662 526 dum
695 476 802 523 tam
843 463 1227 536 provincialem
1257 475 1419 530 quam
1449 459 1754 531 generalem
1788 469 1945 528 posse
1971 469 2104 509 con-
2136 459 2184 516 Α
2206 455 2328 523 pari
2368 454 2694 508 adunatione
2724 453 3088 509 manifestato.
3124 453 3372 523 Cumque
3401 455 3815 519 surrexissent,

538 573 756 622 vocare,
784 563 879 610 aut
905 554 959 608 in
986 553 1167 622 aliquo
1185 550 1433 621 judicare
1461 560 1749 617 antequam
1777 554 1971 600 cuncta
1991 558 2113 613 qua:

540 651 621 705 eis
660 646 839 703 ablata
881 651 1008 699 sunt
1039 640 1244 711 legibus
1281 638 1535 708 potestati
1559 651 1745 692 eorum
1774 633 1996 705 pacifice
2018 645 2115 700 per

488 714 497 721 ⁸
539 738 715 796 omnia
731 736 1147 804 reintegrentur,
1172 729 1531 786 decernimus.
1556 727 1715 781 Prius
1748 740 1878 796 ergo
1901 732 2117 794 Oportet

540 826 717 884 omnia
746 825 851 879 illis
876 823 1081 893 legibus
1108 817 1488 891 redintegrari,
1509 825 1563 869 et
1593 814 1862 869 Ecclesias
1887 827 2005 881 qua:
2027 827 2116 866 su-

540 918 698 975 blataa
728 916 832 972 sibi
878 922 1006 970 sunt
1035 928 1156 968 cum
1179 912 1326 966 omni
1364 907 1642 979 privilegio
1667 921 1767 961 suo
1795 904 2028 969 restitui,
2063 911 2119 958 et

543 1009 886 1081 postmodum
934 1021 1042 1061 non
1085 1004 1184 1059 sub
1232 1009 1456 1071 angusto
1487 998 1742 1069 temporis
1788 995 1983 1066 spatio,
2022 995 2119 1051 sed

548 1109 754 1155 tantum
782 1095 1040 1169 temporis
1084 1092 1314 1164 Spatium
1344 1091 1424 1145 eis
1457 1088 1823 1158 iudulgeatur,
1860 1094 2117 1155 quantum

540 1186 823 1257 exspoliati
878 1184 961 1240 vel
1011 1182 1222 1253 expulsi
1264 1195 1385 1237 esse
1413 1179 1693 1243 videntur,
1727 1184 2017 1244 antequam
2048 1173 2118 1228 ad

542 1281 806 1353 synodum
837 1289 1237 1342 convocentur,
1272 1284 1326 1330 et
1360 1275 1430 1329 ab
1459 1273 1711 1329 omnibus
1736 1271 1962 1340 quisque
1989 1284 2118 1339 pro-

543 1371 734 1425 vinciae
769 1383 879 1424 sua:
924 1354 1192 1438 episcopis
1240 1365 1512 1421 audiatur.
1543 1362 1676 1416 Nam
1703 1376 1802 1415 nec
1830 1358 2120 1414 convocari

545 1460 612 1514 ad
642 1473 885 1523 causam,
912 1472 1010 1512 nec
1031 1456 1306 1526 dijudicari
1339 1462 1535 1526 potest,
1560 1451 1889 1521 exspoliutus
1921 1449 2004 1504 vel
2029 1464 2124 1504 ex-

545 1548 752 1619 pulsus,
784 1549 910 1621 quia
938 1562 1040 1602 non
1073 1557 1155 1602 est
1182 1545 1521 1616 privilegium
1544 1558 1652 1613 quo
1679 1541 1968 1612 exspoliari
1995 1555 2122 1611 pos-

547 1643 620 1697 sit
665 1640 778 1711 jam
828 1641 1078 1695 nudatus.
1109 1637 1260 1692 Unde
1303 1645 1359 1691 et
1407 1636 1706 1705 antiquitus
1737 1636 2011 1700 decretum
2041 1640 2125 1686 est

552 1748 740 1789 omnes
771 1730 1140 1804 possessiones
1160 1736 1214 1784 et
1247 1725 1426 1782 omnia
1451 1727 1554 1781 sibi
1581 1725 1791 1780 sublata
1818 1733 1980 1792 atque
2009 1723 2126 1776 fru-

2217 553 2273 599 et
2302 544 2460 614 paulo
2482 553 2599 614 post
2614 545 2806 599 iterum
2830 547 3204 600 consedissent
3225 560 3328 599 una
3350 562 3482 602 voce
3505 548 3813 603 dixerunt:

2217 636 2274 691 Si
2316 638 2436 707 quis
2465 639 2580 692 hzec
2607 653 2724 709 qua:
2751 637 2906 692 hodie
2945 638 2998 692 in
3029 639 3129 693 hac
3176 648 3362 694 sancta
3418 640 3630 709 synodo
3680 655 3823 710 pro-

2220 724 2392 779 hibita
2428 734 2555 780 sunt
2578 724 2870 795 infringere
2899 728 3335 797 praesumpserit,
3362 737 3455 783 aut
3494 729 3821 786 voluntarie

2224 815 2523 885 transgredi
2566 816 2872 881 tentaverit,
2904 816 2950 870 si
2979 815 3207 872 clericus
3232 826 3337 884 est,
3367 819 3543 889 gradu
3569 820 3819 890 proprio

2223 903 2440 975 penitus
2469 917 2676 971 careat,
2715 904 2760 960 si
2788 920 2912 961 vero
2940 906 3239 963 monachus
3280 890 3375 963 aut
3409 909 3589 964 laicus
3614 909 3818 973 fuerit.

2224 995 2602 1050 communione
2626 995 2889 1065 privetur,
2926 1006 2981 1052 et
3005 997 3052 1053 si
3077 1012 3182 1052 non
3202 998 3600 1064 emendaverit,
3626 999 3824 1054 vicino

2222 1089 2573 1144 anathemate
2596 1086 2843 1142 feriatur.
2868 1087 3121 1145 Secretas
3149 1105 3275 1146 vero
3297 1090 3522 1146 insidias
3549 1091 3650 1146 vel
3705 1107 3824 1147 nza-

2223 1180 2450 1235 nifestas
2484 1179 2829 1250 pontiﬁcibus
2866 1194 2896 1236 a
2935 1182 3344 1252 quibuscunque
3387 1182 3590 1250 illatas,
3626 1184 3721 1237 vel
3757 1199 3823 1238 ea

2220 1290 2342 1345 qua:
2390 1273 2551 1342 hujus
2574 1282 2782 1337 sancta:
2810 1274 3002 1345 synOdi
3028 1276 3296 1331 sententia
3320 1277 3754 1347 complectitur,
3774 1277 3821 1332 si

2218 1365 2346 1434 quis
2371 1364 2438 1418 ad
2471 1363 2724 1418 Ecclesia:
2764 1364 3046 1432 pertulerit
3071 1367 3340 1433 notitiam,
3368 1376 3622 1439 potiatur
3654 1369 3827 1424 hono-

2228 1469 2307 1519 re,
2339 1463 2396 1508 ct
2445 1454 2500 1509 hi
2530 1454 2620 1525 qui
2646 1455 2876 1510 adversa
2899 1457 2981 1511 eis
3017 1457 3331 1526 moliuntur,
3362 1461 3508 1515 sicut
3535 1478 3564 1515 a
3604 1466 3826 1518 sancta

2222 1543 2476 1600 Patribus
2505 1543 2705 1599 dudum
2746 1555 3006 1603 statutum
3045 1558 3148 1615 est,
3174 1559 3231 1605 et
3271 1551 3431 1607 hodie
3474 1552 3744 1624 synodali
3770 1564 3827 1609 et

2227 1636 2522 1706 apostolica
2549 1639 2875 1695 auctoritate
2910 1640 3176 1709 firmatur,
3215 1644 3429 1713 penitus
3456 1645 3822 1715 abjicientnr,

2226 1736 2284 1781 et
2304 1726 2494 1782 exsilio
2526 1726 2641 1781 suis
2665 1729 2918 1783 omnibus
2947 1730 3179 1786 sublatis
3208 1742 3464 1804 perpetuo
3494 1735 3823 1802 tradantur,

553 1837 672 1882 ctus
697 1834 922 1879 cunctos
949 1830 1074 1876 ante
1116 1827 1472 1876 contestatam
1507 1817 1653 1872 litem
1673 1825 2001 1896 praeceptor,
2031 1823 2126 1867 aut
2159 1812 2199 1870 Β
2228 1817 2343 1873 hmo
2390 1833 2520 1873 vero
2551 1836 2670 1890 quae
2724 1821 2775 1875 in
2828 1821 2931 1876 hac
2976 1824 3161 1878 saucia
3201 1827 3406 1896 synodo
3430 1834 3643 1882 statuta
3673 1838 3823 1893 sunt,

549 1919 774 1988 primas,
815 1913 1123 1987 posscssori
1163 1912 1428 1967 restituat.
1472 1910 1536 1964 Et
1572 1909 1696 1964 alibi
1729 1894 1990 1978 scriptum
2021 1908 2120 1961 ha-

548 2011 703 2065 betur
730 2026 742 2060 :
770 2009 858 2062 ille
880 2007 970 2077 qui
1002 2006 1314 2061 violentiam
1345 2002 1583 2072 pertulit,
1615 2000 1867 2058 universa
1902 2000 1954 2054 iu
1978 2006 2123 2053 statu

548 2116 656 2170 quo
672 2099 885 2155 fuerant
918 2098 1161 2167 recipiat,
1184 2106 1237 2150 et
1262 2109 1379 2165 qua:
1401 2092 1638 2165 possedit
1671 2107 1895 2148 securus
1922 2098 2122 2145 teneat.

548 2191 614 2246 Et
645 2191 772 2246 alibi
802 2192 857 2245 in
888 2188 1235 2261 synodalibus
1280 2186 1502 2240 Patrum
1547 2185 1797 2246 decretis,
1841 2194 1899 2238 et
1938 2198 2124 2251 regum

551 2281 742 2336 edictis
795 2281 987 2352 legitur
1022 2287 1301 2341 statutum,
1336 2276 1750 2346 redintegranda
1778 2284 1905 2330 sunt
1941 2274 2124 2328 omnia

552 2373 890 2443 0X>p01llllls,
930 2371 1013 2425 vel
1037 2369 1223 2439 ejectis
1250 2371 1514 2440 episcopis
1542 2367 1952 2438 praesentialiter
1978 2368 2126 2422 ordi-

553 2464 769 2518 natione
794 2462 1105 2532 pontificum
1127 2500 1141 2525 ,
1175 2469 1230 2515 et
1266 2460 1317 2514 in
1348 2473 1534 2514 eorum
1565 2459 1706 2513 unde
1746 2459 2125 2513 abscesserunt

551 2565 819 2628 potestate
864 2554 1106 2610 funditus
1133 2552 1433 2607 revocanda
1458 2564 1788 2622 quaecunque
1818 2548 2128 2606 conditione

554 2649 830 2718 temporis,
863 2654 954 2700 aut
1005 2643 1147 2709 dolo,
1189 2652 1282 2697 aut
1309 2642 1641 2711 captivitate,
1666 2649 1758 2695 aut
1790 2641 1986 2694 virtute
2015 2654 2127 2694 ma-

551 2738 754 2809 jorum,
776 2744 869 2790 aut
890 2750 987 2804 per
1015 2747 1361 2803 quascunque
1387 2732 1611 2799 injustas
1630 2745 1823 2787 causas
1847 2746 1934 2786 res
1957 2732 2131 2785 eccle-

555 2829 652 2883 size
677 2827 761 2882 vel
790 2826 1038 2897 proprias
1070 2834 1163 2878 aut
1191 2824 1523 2880 substantias
1548 2823 1844 2894 perdidisse
1872 2838 1997 2878 suas
2030 2840 2126 2879 no-

557 2927 798 2984 scuntur,
827 2926 954 2971 ante
984 2916 1407 2983 accusationem,
1435 2925 1527 2971 aut
1554 2914 1859 2986 regularem
1879 2914 1947 2968 ad
1970 2926 2131 2985 syno-

557 3011 683 3064 dum
713 3007 1052 3063 vocatiouem
1082 3021 1304 3073 eorum,
1354 3017 1407 3063 et
1457 3007 1687 3076 reliqua.
1731 3005 1827 3060 Est
1863 3006 2033 3059 etiam
2076 3006 2130 3060 iu

558 3099 796 3169 antiquis
828 3097 1084 3153 Ecclesia:
1131 3099 1348 3154 statutis
1401 3097 1698 3163 decretum,
1752 3097 1928 3166 utqui
1958 3095 2131 3151 aliena

2226 1919 2281 1966 et
2303 1925 2366 1964 ea
2393 1926 2513 1981 qua:
2546 1911 2598 1965 in
2631 1911 2810 1967 libello
2834 1927 2994 1982 quem
3021 1914 3300 1970 Ennodius
3339 1924 3530 1970 nostra
3573 1919 3825 1973 auctori-

2228 2012 2339 2058 tate
2372 2004 2713 2075 conscripsit,
2758 2006 2897 2062 sicut
2941 2005 2995 2060 in
3045 2007 3330 2076 praesentia
3376 2017 3567 2062 nostra
3617 2009 3824 2064 reiecta

2233 2103 2381 2160 sunt,
2406 2103 2463 2147 ut
2492 2095 2724 2165 propriis
2767 2096 3017 2151 manibus
3066 2096 3412 2163 roborentur,
3440 2115 3715 2171 rogamus
3742 2112 3823 2155 at-

2228 2202 2332 2257 que
2358 2188 2408 2242 in
2432 2195 2748 2258 perpetuum
2770 2199 3183 2256 conserventur,
3203 2190 3342 2245 sicut
3365 2192 3700 2261 praedictum
3723 2201 3824 2256 est,

2229 2288 2408 2332 vestra
2430 2276 2720 2346 apostolica
2747 2277 3070 2332 auctoritate
3096 2277 3395 2333 ﬁrmentur.
3436 2278 3551 2335 Sed
3572 2278 3825 2352 Symma-

2232 2371 2372 2426 chus
2397 2370 2650 2425 Ecclrsia:
2667 2370 2815 2425 urbis
2830 2369 3015 2426 Roma:
3038 2370 3314 2426 catholica:
3337 2373 3638 2441 episcopus
3661 2373 3821 2427 dixit:

2234 2463 2675 2518 Acclamatioues
2704 2473 2915 2517 vestras
2953 2463 3252 2534 synodique
3273 2463 3558 2532 judicium
3589 2482 3827 2536 prasen-

2231 2554 2303 2608 tia
2331 2553 2627 2623 suscipient
2650 2563 2822 2622 gesta.
2851 2552 3169 2622 Adgecitque
3207 2562 3261 2607 et
3283 2554 3451 2609 dixit:
3497 2554 3575 2608 Ea
3600 2569 3734 2624 qua:
3762 2556 3827 2609 ad

2230 2643 3356 2714 suscipiendesveteruosmprtesumptionis
3370 2658 3595 2700 errores
3627 2643 3715 2699 vel
3746 2645 3819 2697 iu-

2233 2735 2395 2791 fensa:
2442 2734 2603 2806 255
2658 2734 3001 2804 pontificibus
3071 2734 3512 2804 praesumptionis
3603 2737 3827 2790 morbos

2230 2828 2423 2897 quibus
2446 2836 2617 2881 status
2647 2825 2805 2895 afﬂigi
2832 2827 2968 2880 solet
2997 2825 3248 2888 Ecclesia:
3270 2840 3680 2895 servorumque
3708 2826 3825 2894 ejus

2231 2918 2546 2974 deliberatio
2607 2916 2851 2987 religioni
2907 2931 3143 2987 congrua
3203 2916 3429 2987 pacique
3491 2916 3825 2978 constituit,

2231 3021 2486 3083 perpetua
2537 3010 2832 3066 sortientur
2856 3009 3111 3065 ﬁrmitate
3136 3050 3152 3074 ,
3187 3020 3243 3063 ut
3273 3019 3553 3063 annuente
3600 3009 3829 3063 Domino

2233 3116 2392 3171 quem
2412 3100 2689 3155 custodem
2707 3113 2886 3153 rerum
2904 3107 3245 3154 constatesse
3265 3098 3532 3153 bonarum
3547 3098 3830 3170 synodali:

558 3163 783 3258 invadit,
825 3206 932 3245 non
965 3199 1122 3246 exeat
1163 3191 1482 3262 impunitus,
1518 3190 1612 3246 sed
1648 3205 1770 3246 cum
1800 3163 2131 3258 multiplica-
2159 3163 2203 3224 (ἶ
2234 3163 2500 3247 ordinatio
2534 3191 2738 3262 vigeat,
2779 3199 2942 3260 atque
2965 3189 3145 3243 omnis
3168 3190 3259 3260 qui
3290 3190 3411 3245 sine
3437 3163 3703 3260 persona
3730 3189 3827 3243 ali-

559 3283 702 3338 tioue
726 3284 906 3338 omnia
939 3283 1208 3338 restituat.
1234 3282 1385 3339 Unde
1403 3292 1459 3338 et
1486 3283 1539 3336 in
1564 3281 2134 3352 Evangelioscriptum

557 3385 643 3430 est
674 3393 686 3428 :
727 3394 746 3428 ι
783 3375 935 3443 Quod
972 3375 1016 3430 si
1060 3375 1261 3445 aliquid
1292 3374 1628 3437 defraudavi,
1682 3374 1847 3429 reddo
1892 3373 2133 3444 quadru-

558 3465 709 3535 plum
747 3462 900 3535 (Luc.
933 3466 1151 3535 xtx,8).
1184 3484 1202 3515 ι
1233 3463 1302 3518 Et
1351 3463 1405 3518 in
1456 3462 1662 3535 legibus
1703 3462 1887 3518 saeculi
1916 3472 2136 3517 cautum

559 3555 822 3611 habetur:
852 3554 953 3624 Qui
982 3572 1091 3610 rem
1120 3556 1348 3626 subripit
1380 3554 1633 3624 alienam,
1661 3555 1738 3611 illi
1767 3555 1920 3625 cujus
1941 3570 2027 3611 res
2053 3555 2137 3611 di-

560 3656 710 3716 repta
739 3656 795 3700 et
820 3646 871 3701 iu
906 3647 1262 3718 undecuplum
1289 3662 1410 3717 qua:
1441 3646 1653 3702 sublata
1681 3654 1827 3712 sunt,
1864 3647 2131 3701 restituat.

560 3736 626 3790 Et
663 3738 718 3791 in
761 3737 878 3807 lege
914 3738 1094 3792 divina
1126 3737 1322 3809 legitur
1368 3753 1382 3789 :
1417 3754 1437 3788 ι
1481 3736 1800 3792 Maledictus
1825 3737 2005 3792 omnis
2042 3738 2133 3806 qui

561 3828 822 3884 transfert
850 3829 1108 3884 terminos
1135 3827 1365 3899 proximi
1390 3828 1471 3884 sui
1492 3843 1508 3894 ;
1529 3836 1585 3882 ct
1611 3828 1743 3883 dicit
1763 3828 1942 3882 omnis
1966 3842 2143 3903 popu-_

558 3917 675 3984 lus;
702 3919 874 3974 Amen
897 3918 1075 3990 (Deut.
1101 3934 1274 3983 xxvu,
1309 3918 1417 3985 l7).
1454 3936 1473 3970 ι
1514 3916 1662 3972 Talia
1690 3932 1821 3988 ergo
1857 3935 1964 3973 non
2001 3933 2137 3988 prae—

561 4021 845 4066 sumantur
868 4012 1072 4080 absque
1104 4011 1209 4065 ulla
1243 4009 1466 4076 ultione,
1503 4023 1605 4065 nec
1632 4019 1988 4065 exerceantur
2015 4012 2139 4066 abs-

570 4115 678 4171 que
721 4116 817 4156 sua
853 4100 1216 4155 damnatione.
1264 4090 1682 4155 Accusatoribus
1732 4114 1859 4156 vero
1906 4101 2140 4157 inimicis

563 4191 651 4245 vel
711 4191 779 4246 de
826 4191 1028 4246 inimici
1079 4191 1238 4246 domo
1291 4191 1697 4270 prodeuntibus,
1728 4191 1812 4247 vel
1852 4192 1943 4263 qui
1980 4220 1983 4223 ν
2014 4207 2145 4253 (ιιιηι

566 4283 804 4339 inimicis
882 4283 1240 4339 immorantur
1286 4292 1380 4338 aut
1435 4284 1669 4355 suspecti
1725 4293 1847 4343 sunt
1900 4298 1970 4340 ne
2019 4301 2139 4341 ere-

571 4376 755 4443 datur,
782 4388 851 4430 ne
870 4373 995 4429 irati
1019 4389 1215 4431 nocere
1242 4374 1482 4445 cupiant,
1513 4390 1582 4431 ne
1605 4374 1716 4431 laesi
1752 4374 1937 4431 ulcisci
1965 4389 2023 4431 se
2046 4390 2140 4430 ve-

564 4465 684 4522 lint.

635 4561 773 4627 Quid
795 4561 859 4616 ad
873 4560 986 4616 haec
998 4560 1171 4628 vobis,
1191 4559 1492 4615 charissimi
1509 4559 1724 4628 fratres,
1747 4560 1998 4617 videntur
2011 4577 2139 4632 pru-

570 4652 753 4707 deutia
796 4660 974 4706 vestra
1004 4666 1102 4722 pro
1135 4650 1501 4706 ecclesiastica
1528 4652 1709 4722 quiete
1756 4651 1841 4707 vel
1880 4651 2140 4708 indemni-

572 4751 685 4797 tate
711 4742 947 4797 universi
976 4742 1191 4798 edicite.
1222 4740 1485 4797 Universa
1513 4744 1750 4815 synodus
1797 4742 1935 4799 dixit
1959 4759 1971 4795 :
2012 4743 2139 4815 Epi-

566 4834 839 4903 scopalcm
864 4834 1293 4902 persecutionem
1315 4841 1371 4889 et
1394 4833 1745 4890 ecclesiarum
1769 4833 1849 4889 vel
1876 4834 2137 4911 vastatio-

566 4941 691 4980 nem
727 4935 891 4996 atque
917 4940 1197 4980 servorum
1227 4924 1322 4979 Dei
1357 4925 1770 4981 insectationem
1794 4924 1914 4980 fulti
1939 4925 2132 4996 praedi-

567 5023 656 5070 cta
684 5016 1011 5071 auctoritate
1032 5023 1087 5071 et
1112 5015 1352 5071 omnium
1368 5025 1681 5073 sanctorum
1708 5017 1926 5071 Patrum
1957 5016 2141 5087 prohi-

567 5101 792 5168 bitione,
843 5113 1131 5174 vestraque
1177 5104 1549 5161 consolatione
1592 5105 1864 5159 communi
1903 5113 2138 5159 tractatu

566 5193 772 5263 pariter
798 5193 853 5247 in
886 5192 1123 5250 futurum
1161 5196 1379 5253 robuste
1400 5211 1465 5252 ac
1490 5196 1758 5252 veraciter
1794 5205 2139 5266 amputantes

566 5296 988 5358 sanctorumque
1036 5287 1255 5343 Patrum
1302 5296 1507 5344 statuta
1555 5287 1829 5344 firmantes
1865 5288 2138 5359 expressis

564 5378 855 5434 sententiis
900 5379 1194 5445 sancimus,
1227 5394 1293 5434 ne
1321 5394 1556 5449 unquam
1603 5379 1733 5434 talia
1787 5394 1819 5433 a
1863 5393 2135 5449 quoquam

563 5471 787 5536 nostris,
818 5479 910 5525 aut
936 5469 1130 5525 futuris
1160 5471 1488 5541 temporibus
1510 5478 1931 5541 praesumantur.
1971 5469 2038 5524 Et
2065 5469 2139 5524 si-

565 5560 732 5618 lentio
758 5561 923 5629 facto,
972 5562 1326 5634 Symmachus
1366 5563 1652 5633 episcopus
1680 5561 1937 5618 Ecclesia:
1985 5560 2136 5616 urbis

567 5651 752 5708 Itoma-
772 5653 906 5708 dixit
931 5670 943 5706 :
970 5653 1123 5720 Quod
1144 5651 1189 5707 si
1214 5652 1380 5722 aliqui
1410 5653 1524 5708 haec
1558 5653 1883 5723 transgressi
1914 5650 2137 5716 fuerint,

569 5747 624 5795 et
652 5741 777 5797 talia
808 5742 1269 5814 przesumpserint,
1293 5741 1425 5813 quid
1444 5757 1606 5814 super
1630 5742 1714 5800 his
1741 5744 1895 5800 vobis
1922 5734 2160 5797 videtur

2236 3284 2387 3352 Cujus
2435 3280 2785 3337 distinctione
2834 3280 3017 3335 venire
3075 3281 3521 3360 praesumpserit,
3575 3282 3828 3354 imposita

2236 3373 2485 3444 superius
2540 3372 2878 3428 districtione
2928 3371 3226 3443 plectetur,
3281 3374 3537 3429 universa
3592 3376 3831 3446 synodus

2236 3465 2400 3519 dixit:
2423 3463 2601 3520 Utfiat
2626 3480 2898 3536 rogamus,
2925 3466 3125 3521 dictum
3148 3473 3231 3520 est
3250 3465 3465 3531 decies;
3488 3474 3547 3520 ut
3568 3469 3827 3523 scandala

2235 3565 2582 3625 amputentur
2603 3563 2658 3609 et
2672 3556 2882 3611 insidia:
2901 3554 3438 3626 atquedctractiones
3461 3572 3595 3626 erga
3624 3559 3830 3628 episco-

2234 3662 2331 3717 pos
2361 3647 2597 3703 vitentur
2622 3662 2895 3718 rogamus,
2919 3647 3122 3704 dictum
3144 3658 3227 3703 est
3251 3650 3566 3713 duodecies.
3597 3650 3670 3705 Et
3693 3651 3829 3707 facto

2236 3735 2451 3792 silentio
2477 3737 2714 3792 universi
2761 3737 2817 3792 in
2863 3747 3047 3794 sancta
3090 3739 3297 3810 synodo
3344 3743 3674 3811 congregati
3724 3742 3829 3797 cla.

2237 3832 2448 3881 mantes
2476 3826 2730 3881 dixerunt
2759 3844 2773 3881 :
2799 3828 3026 3891 Exaudi,
3063 3827 3296 3891 Christe,
3330 3829 3676 3901 Symmacho
3704 3832 3825 3895 vita,

2249 3917 2449 3972 dictum
2494 3927 2577 3973 est
2615 3920 2824 3985 octies;
2869 3922 2957 3978 hic
2989 3931 3072 3977 est
3121 3937 3224 3991 pax
3280 3918 3404 3977 cum
3461 3921 3826 3995 Symmacho.

2238 4009 2440 4064 dictum
2479 4019 2565 4065 est
2598 4012 2800 4066 novies.
2843 4011 3007 4080 Cujus
3052 4013 3234 4069 sedem
3283 4021 3340 4069 et
3375 4030 3576 4080 annos,
3625 4017 3824 4071 dictum

2237 4108 2322 4154 est
2345 4100 2556 4163 decies;
2583 4110 2642 4157 ut
2661 4102 2728 4157 de
2756 4103 3007 4171 prasenti
3037 4102 3153 4169 llat,
3172 4104 3376 4158 dictum
3398 4113 3486 4160 est
3512 4106 3824 4162 duodecies.

2240 4187 2305 4242 Et
2327 4188 2487 4257 paulo
2511 4198 2631 4258 post
2651 4205 2773 4245 cum
2797 4191 3140 4257 resedissent,
3171 4192 3310 4248 farto
3332 4193 3550 4249 silentio
3576 4196 3826 4252 universa

2240 4279 2477 4350 synodus
2508 4280 2645 4334 dixit
2691 4299 2704 4334 :
2744 4281 2998 4351 Quisquis
3034 4283 3351 4339 clericormn
3391 4294 3489 4340 aut
3530 4288 3827 4342 motiacho-

2242 4384 2382 4433 rum,
2414 4379 2508 4424 aut
2540 4371 2796 4427 laicorum
2825 4384 2933 4426 tam
2971 4372 3191 4442 majoris
3216 4374 3422 4430 ordinis
3455 4392 3625 4446 quam
3665 4378 3823 4433 etiam

2243 4459 2542 4529 inferioris,
2600 4473 2719 4532 post
2768 4463 2905 4519 hanc
2958 4463 3186 4521 formam
3228 4467 3383 4522 nobis
3430 4468 3708 4539 prolatam
3746 4472 3825 4525 his

2243 4552 2478 4608 decretis
2512 4555 2784 4610 contraire
2822 4559 3223 4626 praesumpserit
3247 4599 3260 4620 ,
3298 4560 3520 4614 statutis
3547 4562 3824 4617 canonicis

2241 4642 2389 4698 velut
2434 4645 2809 4700 schismaticus
2853 4646 3196 4716 percellatur.
3234 4648 3301 4702 Et
3335 4648 3818 4721 subscripserunt:

2243 4734 2423 4791 Celius
2492 4736 2890 4809 Symmachus,
2958 4739 3242 4808 episcopus
3307 4747 3509 4794 sancta:
3571 4740 3821 4797 Ecclesia:

2244 4827 2525 4884 catholica:
2545 4829 2693 4884 urbis
2714 4828 2899 4884 Roma:
2920 4830 3044 4907 huic
3066 4838 3267 4885 statuto
3290 4846 3319 4884 a
3342 4830 3499 4909 nobis
3527 4831 3818 4902 inspirante

2246 4922 2472 4978 Domino
2537 4931 2697 4992 pacto
2755 4923 3082 4995 subscripsi;
3150 4923 3474 4980 Laurentinus
3538 4926 3819 4997 episcopus

2242 5011 2497 5068 Ecclesiae
2523 5012 2935 5069 Mediolanensis
2962 5014 3090 5069 huic
3129 5023 3332 5071 statuto
3372 5030 3403 5070 a
3443 5016 3608 5073 nobis
3649 5016 3816 5087 inspi-

2241 5113 2396 5160 rante
2434 5104 2664 5161 Domino
2706 5114 2928 5176 peracto
2950 5107 3264 5178 subscripsi.
3319 5108 3517 5165 Petrus
3565 5110 3816 5167 Ecclesia

2241 5192 2570 5250 Ravennatis
2596 5195 2721 5251 huic
2746 5204 2951 5252 statuto
2985 5214 3017 5252 a
3059 5198 3215 5253 nobis
3251 5198 3549 5268 inspirante
3595 5200 3814 5256 Domino

2239 5300 2459 5359 peracto
2484 5291 3041 5361 subscripsi.Eulalius
3068 5293 3353 5363 episcopus
3373 5292 3633 5350 Ecclesia
3658 5294 3814 5365 Syra-

2244 5395 2457 5438 cusana:
2496 5382 2620 5437 huic
2649 5390 2848 5439 statuto
2877 5398 2909 5438 a
2947 5384 3101 5439 nobis
3126 5384 3425 5456 inspirante
3453 5385 3682 5439 Domino
3700 5398 3812 5453 per-

2246 5476 2369 5523 acto
2418 5471 2734 5541 subscripsi.
2765 5468 2913 5529 Felix
2941 5473 3224 5543 episcopus
3251 5473 3659 5530 Terracinensis
3692 5473 3809 5529 sult-

2250 5559 2789 5632 scripsi.Stephanus
2831 5565 3114 5635 cpiscopus
3155 5565 3412 5621 Ecclesire
3457 5563 3808 5621 Cordubensi:

2224 5651 2558 5721 subscripsi.
2602 5651 2928 5711 Fortunatus
2949 5656 3231 5727 episcOpus
3283 5656 3537 5712 Ecclesia:
3576 5652 3806 5709 Valensis

2243 5741 2557 5813 subscripsi.
2574 5743 2843 5816 Benigutts
2874 5745 3213 5817 Equiveusis,
3229 5745 3465 5806 Joannes
3486 5746 3802 5820 Spolitanus,
