3974 6466
490 355 512 408 1
524 355 627 410 027

1309 340 1591 399 APPEND.
1637 337 1726 394 AD
1762 336 1934 393 SALC.
1976 334 2066 389 IX.
2107 362 2177 372 ——
2212 288 2460 387 lSlD‘ORI
2503 325 2943 406 MERCATORIS

3630 322 3776 381 103

489 466 829 539 negligentia:
867 458 1226 538 sacerdotum.
1269 456 1412 511 Sane
1457 462 1609 509 reatu
1652 452 1858 519 majore
1904 449 2071 503 deliu-
2106 455 2148 513 Α
2178 444 2429 499 omnibus
2472 455 2813 511 summopere
2867 440 3118 496 convenit
3164 438 3454 494 observare
3499 446 3557 491 ut
3609 437 3774 492 obla-

492 538 609 632 quit
635 558 726 630 qui
761 554 971 628 potiore
1004 552 1209 606 honore
1238 547 1537 618 perfruitur
1568 553 1624 601 et
1651 543 1901 615 graviora
1946 538 2076 594 facit

495 652 623 707 vitia
649 646 1021 720 peccaminum
1051 639 1357 697 sublimitas
1379 637 1724 707 dignitatum.
1750 634 1875 688 Ideo
1897 640 2078 685 tacere

495 758 604 799 non
623 741 879 797 debemus
901 726 998 791 sed
1035 747 1101 789 ea
1140 746 1260 802 qua:
1291 728 1598 786 necessaria
1642 724 1758 782 fore
1791 720 2077 794 agnoveri-

496 847 638 898 mus,
667 830 896 885 viriliter
920 824 1194 895 corrigere
1232 831 1289 878 et
1332 821 1625 878 emendare
1667 824 1999 887 satagamus,
2025 819 2082 866 et

502 939 566 979 ea
599 936 720 992 quae
746 919 942 976 nociva
970 922 1098 972 sunt
1124 914 1452 983 exstirpare,
1495 916 1662 992 prout
1690 906 1953 963 Dominus
1981 904 2079 960 de-

497 991 668 1079 derit,
721 1027 828 1067 non
880 1008 1235 1080 negligamus.
1276 1004 1359 1059 Ab
1400 991 1669 1057 universis
1718 996 1988 1069 episcopis
2026 1002 2083 1050 et

498 1100 829 1174 presbyteris
882 1098 1241 1155 acclamatum
1290 1104 1376 1149 est
1433 1108 1448 1148 :
1508 1089 1769 1154 Exaudi,
1822 1086 2080 1151 Christe,

499 1192 830 1266 Symmacho
880 1203 1032 1261 papa:
1080 1186 1223 1252 vita;
1267 1185 1470 1241 dictant
1517 1190 1599 1238 est
1645 1179 1866 1251 septies.
1925 1175 2080 1266 litae,

500 1265 908 1345 conﬁrmamus,
934 1288 993 1334 et
1037 1278 1155 1333 haec
1195 1276 1482 1338 docemus;
1512 1272 1719 1326 dictum
1766 1274 1851 1325 est
1889 1265 2083 1322 octies.

503 1373 773 1429 Doctrinze
803 1379 996 1427 vestra:
1043 1366 1246 1439 gratias
1290 1365 1502 1436 agimus
1549 1369 1833 1432 ingentes;
1881 1358 2085 1415 dictum

505 1474 589 1522 est
613 1466 811 1521 decies.
856 1465 965 1518 Ista
1003 1468 1289 1516 teneantur
1310 1466 1369 1514 et
1403 1456 1504 1512 ista
1536 1454 1895 1510 observentur
1924 1465 2086 1521 roga-

510 1572 661 1622 mus;
700 1555 904 1611 dictum
951 1560 1034 1608 est
1075 1549 1386 1607 duodecies.
1433 1546 1634 1617 Dignus
1668 1558 1843 1615 papa,
1894 1542 2089 1612 dignus

504 1647 715 1701 doctor.
770 1645 835 1698 Et
884 1642 1026 1697 facto
1078 1640 1339 1704 silentio,
1395 1635 1756 1705 Symmachus
1806 1632 2091 1702 episcopus

502 1733 1020 1792 dixit:Communis
1077 1730 1230 1788 dolor
1280 1738 1338 1786 et
1393 1726 1659 1800 generalis
1692 1735 1778 1781 est
1821 1723 2088 1795 gemitus,

2180 534 2357 588 tiones
2395 531 2633 585 ﬁdelium
2680 546 2712 585 a
2750 530 2967 585 nemine
3002 538 3420 602 przcsumautur,
3458 538 3519 583 et
3552 527 3775 595 absque

2177 638 2443 678 consensu
2468 630 2523 676 et
2544 620 2823 676 voluntate
2846 620 3083 691 episcopi
3109 620 3161 675 in
3188 620 3341 691 cujus
3368 619 3776 691 dignoscantur

2179 726 2299 770 esse
2335 713 2594 784 parochia
2641 723 2698 768 et
2743 721 3009 784 potestate
3037 713 3315 783 possidere
3366 713 3449 767 vel
3495 712 3779 768 dominari

2181 802 2775 873 tententur;-quoniam
2826 802 3073 858 nonnulli
3115 814 3388 858 memores
3416 805 3505 857 sui
3538 817 3655 874 pro
3702 818 3786 858 re-

2180 896 2441 952 missione
2491 895 2869 966 peccaminum
2913 909 3135 951 suorum
3162 903 3216 950 et
3249 903 3510 965 patet-nte,
3542 894 3691 949 vita:
3731 895 3783 949 iu

2181 989 2457 1045 creatione
2496 987 2564 1043 de
2593 985 2942 1042 facultatibus
2976 986 3089 1042 suis
3128 994 3238 1042 tam
3286 1001 3467 1041 rerum
3507 985 3785 1040 immobi-

2183 1078 2313 1133 lium
2329 1078 2574 1148 quaedam
2593 1092 2722 1134 vero
2738 1092 2835 1147 per
2849 1076 3146 1147 scripturas
3159 1076 3417 1133 Ecclesiis
3429 1076 3787 1131 tradiderunt

2184 1182 2239 1231 et
2263 1175 2373 1230 Deo
2402 1175 2637 1231 creatori
2672 1190 2771 1229 suo
2797 1173 3185 1244 perpetualiter
3211 1173 3455 1229 habenda
3480 1173 3784 1238 dederont;

2184 1281 2293 1337 quo
2312 1273 2498 1321 contra
2527 1264 2771 1319 adversis
2810 1264 2979 1318 Deum
3020 1264 3201 1319 minus
3229 1262 3545 1319 timentibus
3578 1302 3600 1325 ,
3640 1272 3788 1318 eate-

2185 1376 2289 1416 nus
2358 1360 2639 1416 mortifera
2699 1359 3001 1416 calliditate
3061 1368 3352 1426 tenentur,
3416 1370 3481 1415 ut
3543 1359 3788 1415 aliorum

2186 1451 2390 1508 oblatio
2420 1452 2525 1507 illis
2563 1451 2832 1522 pertineat
2871 1451 2939 1507 ad
2970 1450 3203 1505 ruinam.
3230 1450 3340 1506 Nec
3368 1451 3580 1506 intueri
3624 1450 3788 1507 corde

2180 1552 2416 1615 prssunt
2441 1542 2587 1598 diem
2630 1542 2847 1613 judicii,
2877 1541 3007 1597 dum
3053 1541 3233 1596 nimiae
3278 1541 3603 1610 cupiditatis
3642 1540 3789 1596 dele-

2188 1645 2403 1692 ctantur
2420 1634 2635 1689 ardore.
2663 1631 2815 1689 Unde
2855 1647 3144 1703 precamur
3187 1640 3247 1687 ut
3283 1632 3652 1702 antiquorum
3683 1630 3786 1685 Pa-

2195 1735 2338 1783 trum
2374 1724 2591 1797 regulas
2624 1738 2747 1794 qua:
2783 1723 2945 1780 modo
2979 1732 3204 1794 propter
3238 1722 3495 1793 iniuriam
3523 1737 3788 1791 quorum-

504 1828 650 1898 quod
673 1828 814 1882 intra
840 1824 1135 1882 Ecclesiam
1157 1822 1358 1878 nostris
1382 1799 1438 1876 et
1460 1818 1747 1875 retroactis
1760 1814 2093 1887 temporibus
2125 1799 2169 1860 Β
2196 1815 2321 1872 dam
2346 1815 2501 1885 quasi
2529 1813 2713 1870 oblitae
2737 1814 3028 1878 habentur,
3054 1812 3334 1869 renovetis
3357 1852 3374 1878 ,
3416 1820 3483 1866 ut
3514 1811 3627 1866 tale
3644 1811 3787 1879 judi«

503 1920 570 1977 tle
604 1918 883 1973 invasione
932 1928 1115 1971 rerum
1168 1910 1662 1970 ecclesiasticarum
1712 1916 1770 1964 et
1806 1905 2094 1962 vexatione

503 2008 844 2063 sacerdotum
874 2018 1249 2077 cognovunus,
1273 2016 1392 2072 qua:
1418 2016 1507 2056 res
1533 2014 1640 2056 non
1671 2012 1771 2054 nos
1792 1996 1936 2067 solos
1953 2036 1969 2061 ,
2000 1995 2095 2051 sed

502 2115 693 2155 omnes
728 2097 937 2154 Domini
984 2097 1155 2168 tangit
1201 2094 1530 2150 sacerdotes.
1579 2092 1675 2157 Et,
1725 2090 1852 2145 licet
1900 2088 2016 2143 haec
2062 2100 2092 2141 a

506 2188 996 2260 prtedeeessoribus
1026 2185 1231 2241 nostris
1246 2184 1359 2255 jam
1394 2182 1667 2255 prohibita
1697 2188 1847 2245 sunt,
1876 2187 1935 2234 et
1960 2176 2097 2231 tales

507 2281 926 2345 przesnmptores
947 2271 1210 2337 damnati,
1240 2279 1297 2325 et
1330 2284 1360 2323 a
1402 2269 1606 2325 sanctis
1641 2268 1939 2323 canonibus
1966 2278 2100 2319 ana-

510 2364 868 2430 thematizati,
890 2378 957 2420 ne
982 2371 1163 2419 tamen
1191 2361 1367 2416 denuo
1386 2366 1802 2430 prcesumantur,
1824 2366 1907 2413 est
1930 2357 2093 2413 etiam

507 2468 669 2524 super
696 2453 781 2508 his
800 2452 1096 2523 promenda
1133 2449 1429 2515 sententia,
1458 2456 1519 2502 ut
1561 2446 1654 2518 qui
1694 2461 1884 2503 eorum
1908 2459 2092 2502 casum

509 2560 615 2600 non
659 2544 873 2610 timent,
902 2545 1132 2599 timeant
1162 2540 1354 2595 saltem
1384 2554 1572 2594 eorum
1603 2547 1920 2611 perpetuam
1946 2538 2096 2593 dam-

510 2634 818 2697 nationem,
870 2642 927 2688 et
975 2632 1115 2703 quod
1171 2645 1312 2701 saepe
1357 2632 1739 2701 praesumitur,
1796 2628 1992 2699 saepius
2038 2636 2097 2683 ut

508 2727 818 2783 inhibeatur
841 2740 1062 2782 necesse
1090 2732 1194 2780 cst.
1237 2724 1437 2779 Sancta
1466 2722 1706 2793 synodus
1733 2721 1875 2776 dixit
1916 2738 1930 2774 :
1972 2720 2097 2776 llmc

511 2830 579 2870 ue
614 2816 745 2870 (iant
770 2816 945 2870 denuo
992 2811 1237 2886 synodali
1270 2819 1540 2869 conventu
1569 2810 1789 2882 provida
1818 2808 2094 2865 beatudiui

508 2916 706 2963 vestra:
728 2907 995 2964 sententia
1020 2904 1269 2961 cucrvari
1296 2903 1570 2969 convenit,
1599 2912 1654 2957 et
1696 2916 1762 2957 ne
1810 2902 1862 2955 in
1909 2915 2096 2956 exem-

509 2997 658 3067 plum
719 3004 1000 3052 remaneat
1053 2993 1415 3065 praesumendi
1486 2990 1728 3048 funditus
1783 2991 2095 3060 exstirpari.

512 3086 873 3160 Symmachus
900 3085 1185 3157 episcopus
1220 3084 1357 3139 dixit
1385 3103 1396 3137 :
1429 3083 1583 3139 Modo
1616 3084 1741 3154 quia
1780 3084 1921 3140 Deus
1963 3099 2099 3154 pra:-

2192 1909 2340 1965 cium
2370 1922 2538 1977 super
2560 1907 2642 1963 eis
2668 1906 2786 1971 ﬁat,
2814 1914 2874 1961 ut
2901 1905 3070 1976 256
3095 1912 3189 1960 aut
3218 1903 3511 1960 manifeste
3542 1904 3784 1959 haeretici

2194 1997 2286 2067 qui
2306 1996 2604 2053 Ecclesiam
2626 1994 2720 2050 Dei
2752 1993 3037 2058 scindunt,
3061 2001 3116 2047 et
3142 1993 3595 2049 anathematizati
3622 2002 3787 2058 atque

2194 2091 2264 2147 ab
2299 2089 2542 2146 Ecclesia
2570 2087 2663 2142 Dei
2691 2095 2940 2143 extorres
2967 2086 3292 2152 habeantur,
3319 2094 3416 2140 aut
3445 2100 3551 2155 per
3569 2084 3786 2140 satisfa-

2194 2178 2711 2237 ctionemtEcelesiat
2755 2177 2825 2232 ad
2864 2176 3266 2248 paenitentiam,
3300 2185 3359 2232 et
3393 2177 3623 2232 demum
3638 2173 3790 2243 juxta

2195 2273 2412 2343 regulas
2474 2268 2878 2328 ecclesiasticas
2938 2269 3008 2325 ad
3067 2269 3583 2325 reconciliationem
3650 2268 3787 2324 reci—

2195 2365 2433 2434 piantur.
2456 2378 2479 2396 ν

2268 2453 2625 2525 Symmachus
2671 2453 2956 2523 episcopus
3000 2450 3256 2509 Ecclesiae
3301 2451 3601 2508 catholica
3649 2450 3794 2507 urbis

2196 2546 2382 2603 Romae
2410 2546 2579 2602 dixit:
2613 2544 2710 2601 llis
2737 2559 2866 2616 ergo
2899 2544 3003 2600 rite
3038 2544 3343 2614 perpensis,
3371 2560 3442 2600 ne
3477 2544 3556 2598 illi
3604 2544 3661 2598 in
3691 2544 3794 2597 rui-

2198 2653 2323 2693 nam
2349 2637 2591 2692 incidaut
2627 2644 2684 2692 et
2727 2644 2988 2706 perpetuo
3014 2634 3341 2690 damnentur
3368 2634 3566 2700 exitio,
3600 2644 3795 2690 etsan-

2197 2734 2285 2784 cla
2332 2725 2571 2782 Ecclesia
2629 2726 2867 2795 pretioso
2912 2723 3113 2780 Christi
3183 2726 3451 2796 sanguine
3517 2726 3795 2795 redempta

2200 2828 2557 2884 restauretur,
2588 2818 2747 2887 eique
2773 2817 2861 2887 pie
2890 2816 3214 2892 famulantes
3244 2833 3349 2872 non
3392 2817 3795 2888 opprimantur.

2201 2907 2309 2965 Sed
2354 2907 2663 2964 releventur
2702 2921 2953 2962 mensura
2982 2922 3104 2963 cum
3141 2906 3231 2962 Dei
3279 2908 3452 2963 nostri
3486 2908 3797 2963 considera-

2203 3001 2347 3056 tione
2373 3015 2477 3053 una
2504 3014 2628 3055 cum
2665 3008 2850 3054 nostro
2887 2997 3094 3066 judicio
3138 2999 3437 3064 sancimus,
3482 3010 3544 3054 ut
3572 3000 3799 3070 quicuu.

2201 3108 2307 3162 que
2341 3092 2626 3147 immemor
2651 3101 2746 3146 aut
2786 3106 2996 3146 memor
3040 3092 3291 3148 interitus
3315 3092 3398 3148 sui
3433 3109 3527 3149 res
3556 3095 3798 3150 ecclesiae

511 3181 741 3240 sentiam
769 3189 1006 3236 vestram
1032 3178 1265 3235 votivam
1291 3176 1420 3232 mihi
1449 3177 1740 3241 concessit,
1766 3190 1989 3231 necesse
2009 3185 2095 3230 est
2124 3155 2169 3219 (ἶ
2201 3155 2476 3252 delegatas
2496 3190 2552 3237 et
2578 3181 2807 3237 Domino
2830 3181 3063 3247 oblatas,
3093 3182 3296 3253 absque
3321 3184 3528 3254 preprii
3562 3186 3799 3256 episcopi

512 3278 628 3329 rem
665 3272 781 3328 fieri
811 3271 1058 3338 firmam,
1089 3284 1250 3341 quam
1295 3269 1457 3325 credo
1497 3266 1882 3325 ecclesiasticis
1926 3266 2088 3323 facul-

514 3362 714 3419 tatibus
740 3362 1052 3427 convenire,
1082 3368 1142 3414 ut
1169 3368 1468 3431 agnoscant
1508 3374 1698 3415 omnes
1741 3373 1878 3428 quos
1926 3372 2096 3414 vanus

514 3453 665 3510 furor
691 3462 747 3510 et
775 3452 1005 3509 avaritia
1030 3451 1312 3516 excitavit,
1346 3450 1472 3505 talia
1505 3450 1709 3521 absque
1752 3449 1956 3504 ultione
1989 3463 2095 3505 non

513 3560 670 3614 posse
693 3544 967 3614 praesumi.
1007 3543 1206 3598 Sancta
1236 3540 1474 3612 synodus
1507 3541 1644 3595 dixit
1683 3559 1694 3593 :
1731 3540 1947 3596 Scimus
1970 3555 2097 3610 pro-

515 3634 773 3689 visionem
821 3642 1056 3688 vestram
1107 3631 1430 3688 necessariis
1477 3631 1714 3686 studere.
1760 3630 1829 3685 Et
1875 3629 1996 3685 ideo
2042 3629 2094 3683 in

516 3737 692 3783 vestra
739 3735 826 3782 est
876 3733 1149 3796 potestate
1192 3724 1467 3795 sequenda
1503 3723 1811 3793 disponere.
1848 3720 2098 3792 Symma-

513 3822 647 3876 chus
667 3820 951 3893 episcepus
973 3817 1254 3875 catholica:
1276 3816 1529 3873 Ecclesia:
1552 3815 1700 3872 urbis
1722 3813 1909 3871 Romae
1930 3814 2095 3869 dixit:

514 3910 707 3983 Magna
752 3910 969 3982 quidem
1029 3908 1339 3965 venerando
1397 3915 1452 3960 et
1499 3905 1820 3962 sacerdotali
1869 3905 2099 3961 debetur

517 4003 727 4059 cultura
750 4003 1026 4074 proposito
1043 4016 1174 4058 .cum
1207 4000 1455 4055 imminet
1495 3999 1562 4054 de
1602 3998 1780 4054 studio
1805 4013 1928 4069 qua:
1952 4005 2096 4052 recta

518 4103 644 4150 sunt
673 4109 778 4155 non
799 4092 868 4150 de
914 4092 1239 4149 necessitate
1269 4090 1579 4161 disponere.
1612 4088 1720 4145 Sed
1754 4089 2010 4159 quoniam
2044 4088 2097 4142 in

517 4182 785 4253 aliquibus
810 4181 984 4237 aliena
1004 4178 1425 4253 postulantibus,
1455 4178 1710 4234 vitiorum
1758 4186 1934 4234 mater
1972 4193 2094 4233 ava-

520 4274 669 4339 ritia,
707 4272 999 4344 repudiatis
1041 4272 1342 4329 honestatis
1382 4271 1675 4343 repagulis,
1726 4279 1898 4326 totum
1946 4275 2102 4341 putat

519 4365 778 4436 expedire
806 4364 1115 4437 quodlibet;
1157 4372 1211 4419 et
1262 4365 1333 4418 ita
1382 4364 1508 4419 dum
1548 4362 1743 4434 pnedm
1786 4361 1980 4427 inhiat,
2008 4376 2104 4429 pa-

523 4458 708 4514 tientia
764 4472 1012 4527 supernte
1066 4456 1301 4512 civitatis
1357 4456 1598 4510 abutitur
1657 4453 2101 4524 exspectantibus

520 4549 913 4607 correctionem
954 4547 1092 4603 etelo
1120 4548 1431 4602 moderante
1455 4546 1675 4617 judiciis
1702 4560 1760 4600 se
1786 4545 2103 4600 existimant

521 4659 627 4699 non
661 4641 855 4707 teucri,
883 4655 1004 4695 cum
1032 4639 1236 4695 clarum
1265 4637 1335 4692 sit
1357 4638 1499 4706 quod
1543 4638 1683 4706 apud
1719 4647 1898 4691 certos
1925 4636 1978 4690 in
2004 4650 2100 4691 oc-

520 4735 738 4793 casioue
783 4731 1023 4802 rapiendi
1071 4726 1325 4801 procedat
1366 4727 1563 4783 divina:
1612 4742 1763 4782 mora
1794 4725 2098 4781 sententiae.

521 4828 627 4884 Sed
687 4826 845 4882 nobis
901 4839 1036 4896 quos
1095 4821 1383 4893 pastoralis
1441 4836 1571 4876 cura
1627 4829 1682 4875 et
1735 4818 2102 4874 ecclesiastica

520 4918 813 4988 astringit,
845 4931 943 4989 pro
991 4913 1398 4985 dispensatione
1449 4920 1598 4968 certa
1645 4909 1785 4963 ratio
1834 4906 2102 4963 reddenda

521 5009 841 5065 substantia:
873 5023 1008 5078 opus
1036 5014 1144 5074 est,
1171 5014 1232 5060 ut
1262 5003 1679 5061 sollicitudinem
1722 5008 1960 5056 nostram
1999 5014 2104 5052 non

522 5100 696 5155 solum
731 5099 797 5155 ad
826 5100 1134 5170 praesentia,
1165 5099 1262 5161 sed
1283 5097 1446 5171 etiam
1474 5096 1540 5150 ad
1565 5094 1742 5150 futura
1765 5092 1959 5150 smcula
1987 5106 2105 5161 por-

524 5191 793 5258 rigamus,
820 5204 887 5244 ne
912 5190 980 5245 ad
1005 5190 1201 5246 anima:
1231 5197 1430 5244 nostrae
1457 5186 1784 5243 detrimenta
1807 5184 2104 5254 contingat,

525 5279 568 5336 si
594 5279 648 5335 hi
670 5277 762 5350 qui
789 5286 1014 5349 possunt
1038 5279 1257 5334 statutis
1284 5277 1481 5334 debere
1512 5275 1875 5332 innocentiam
1904 5287 2109 5342 praesu-

525 5377 737 5425 mentes
761 5369 827 5425 de
861 5368 1105 5425 libertate
1147 5369 1512 5439 deliquerunt,
1549 5382 1671 5423 eum
1706 5362 1956 5434 religiosa
1990 5374 2110 5430 pos-

527 5470 747 5533 suntet
790 5469 974 5516 nostra
1022 5474 1366 5515 successores
1406 5459 1577 5514 nostri
1619 5463 1886 5530 potestate
1906 5449 2106 5514 fulciri,

528 5554 733 5622 legibus
778 5551 1162 5613 ecclesiasticis
1222 5551 1539 5607 servientes.
1586 5549 1803 5615 .Sancta
1871 5542 2108 5617 synodus

527 5646 665 5701 dixit
703 5664 716 5700 :
752 5646 965 5701 Scimus
1003 5644 1252 5716 spiritum
1288 5643 1382 5698 Dei
1417 5658 1512 5699 cor
1548 5652 1785 5698 vestrum
1819 5657 1940 5705 esse
1979 5655 2105 5698 suc-

2191 3273 2344 3343 jussu
2377 3272 2658 3342 possidens
2686 3274 3089 3343 prtesumpserit
3117 3275 3371 3344 deinceps
3406 3285 3627 3341 tenere,
3667 3293 3797 3348 quo-

2196 3378 2409 3434 cunque
2436 3364 2487 3417 in
2521 3363 2639 3418 loco
2661 3372 2716 3419 et
2754 3364 2984 3419 veritate
3028 3374 3306 3435 comperta
3345 3382 3435 3422 res
3485 3366 3584 3422 Dei
3634 3369 3800 3423 senis

2195 3452 2310 3508 suis
2331 3451 2772 3519 dissimulaverit,
2786 3462 2881 3508 aut
2902 3455 3145 3509 renuerit
3168 3456 3491 3522 reformare,
3518 3457 3800 3514 liminibus

2197 3542 2441 3617 ecclesia.
2488 3541 2557 3598 ab
2599 3543 2853 3614 episcopo
2896 3542 3139 3612 ejusdem
3184 3546 3286 3601 loci
3333 3547 3486 3616 prius
3513 3559 3797 3612 arceatur;

2200 3630 2418 3702 indigne
2464 3630 2609 3686 enim
2654 3631 2725 3686 ad
2775 3631 2947 3687 altare
2990 3632 3084 3686 Dei
3128 3650 3420 3704 proluerare
3461 3639 3801 3707 permittitur

2198 3722 2289 3793 qui
2319 3736 2405 3777 res
2429 3722 2828 3780 ecclesiasticas
2856 3724 3018 3779 audet
3047 3726 3321 3792 invadere,
3355 3736 3449 3783 aut
3495 3729 3725 3799 injuste,
3751 3732 3798 3785 id

2197 3823 2301 3879 est,
2331 3814 2449 3869 siue
2495 3812 2711 3869 licentia
2735 3814 2975 3886 episcopi
3020 3818 3319 3886 possidere,
3359 3828 3453 3875 aut
3501 3821 3693 3892 iniqua
3725 3823 3797 3877 rel

2148 3952 2155 3959 .
2201 3906 2397 3976 injusta
2438 3904 2754 3962 defensione
2803 3907 2855 3961 in
2887 3906 2967 3962 eis
3010 3908 3287 3978 perduret.
3326 3909 3631 3969 Necatores
3660 3916 3796 3970 enim

2199 4009 2494 4067 pauperum
2533 3993 2815 4064 judicandi
2856 4004 2982 4051 sunt
3011 3997 3234 4067 praeﬁxo
3266 4007 3478 4067 tenore,
3510 4011 3569 4058 et
3612 4005 3797 4059 sinon

2200 4090 2610 4146 emendaverint
2643 4089 2835 4144 vitium
2862 4090 3215 4162 exstirpandi.
3262 4093 3428 4150 Debet
3474 4105 3662 4153 tamen
3686 4112 3798 4153 esse

2202 4180 2438 4251 provisio
2461 4188 2521 4234 ut
2544 4180 2840 4236 vindictam
2873 4180 3174 4238 admonitio
3210 4183 3498 4241 manifeste
3528 4189 3798 4257 pmcedat

2204 4281 2258 4328 et
2290 4288 2377 4329 res
2399 4281 2686 4343 usurpatas
2710 4274 2909 4343 injuste
2935 4274 3025 4345 qui
3056 4275 3278 4332 abstulit
3300 4286 3393 4332 aut
3421 4278 3632 4347 injuste
3658 4280 3798 4336 abla-

2207 4373 2291 4421 tas
2320 4365 2535 4431 retinet,
2582 4367 2838 4436 zequitate
2876 4367 3251 4437 patrocinante
3276 4368 3486 4440 legibus
3527 4373 3795 4426 restituat.

2207 4453 2359 4521 Quod
2388 4454 2431 4509 si
2478 4455 2791 4525 neglexerit,
2820 4463 2875 4511 et
2909 4456 3206 4512 necessitas
3233 4458 3555 4528 compulerit
3586 4461 3796 4517 demum

2205 4547 2512 4616 praedonem
2545 4545 2897 4603 sacerdotalis
2922 4546 3188 4604 districtio
3220 4558 3495 4606 maturata
3521 4553 3795 4621 percellat.

2204 4652 2382 4709 neque
2426 4639 2711 4711 quisquam
2735 4654 2833 4710 per
2877 4639 3120 4696 internas
3164 4655 3255 4697 res
3300 4639 3473 4698 Deum
3518 4642 3795 4699 defensare

2206 4731 2430 4796 nitatur.
2456 4732 2580 4801 quia
2613 4732 2705 4787 Dei
2741 4730 2981 4802 potentia
3016 4742 3339 4787 cunctorum
3366 4747 3666 4805 regnorum
3694 4743 3792 4789 tero

2205 4824 2380 4880 minos
2403 4824 2660 4895 singulari
2688 4823 3055 4879 dominatione
3074 4823 3370 4879 concludit.
3402 4823 3558 4893 Quod
3594 4826 3641 4883 si
3670 4840 3789 4896 pne-

2207 4916 2470 4986 sumperit
2495 4924 2553 4971 et
2580 4914 2748 4985 ipsius
2767 4913 3028 4971 oll‘ensam
3053 4923 3111 4970 et
3136 4916 3408 4985 prmdieta:
3435 4917 3793 4973 damnationis

2209 5005 2506 5075 periculum
2544 5005 2849 5062 sustinebit.
2876 5005 3334 5077 Competitoribus
3357 5007 3523 5063 etiam
3554 5010 3792 5079 hujusce-

2209 5094 2353 5149 modi
2400 5093 2552 5150 freua
2590 5095 2948 5151 districtionis
2991 5098 3318 5167 imponimus
3375 5099 3467 5168 qui
3517 5098 3792 5155 facultates

2208 5185 2450 5241 ecclesia:
2476 5186 2578 5242 sub
2603 5187 2786 5257 specie
2815 5187 3081 5259 largitatis
3105 5189 3269 5261 regiae
3308 5189 3393 5246 vel
3433 5191 3791 5260 cujuscunque

2211 5278 2496 5349 potestatis
2542 5278 2787 5348 improba
2838 5282 3187 5352 subreptione
3251 5283 3615 5353 pervaserint.
3670 5281 3789 5338 Sera

2213 5382 2446 5439 namque
2468 5370 2534 5423 de
2560 5368 2646 5426 his
2678 5371 2841 5427 rebus
2868 5372 3205 5443 pmnitudiue
3225 5387 3653 5437 commoremur,
3681 5388 3789 5430 etim

2208 5476 2321 5548 jam
2365 5463 2654 5518 transactis
2685 5463 3015 5535 temporibus
3043 5475 3232 5521 contra
3281 5464 3587 5536 hujusmodi
3624 5479 3789 5536 per-se

2216 5569 2314 5609 nas
2345 5569 2613 5611 canonum
2643 5554 2841 5611 suffulli
2873 5557 3126 5628 praesidio
3160 5571 3218 5614 se
3242 5558 3554 5615 sacerdotes
3591 5557 3787 5613 Domini

2213 5647 2421 5718 erigere
2446 5647 2779 5721 debuissent,
2824 5656 2883 5703 ut
2926 5665 3033 5705 non
3078 5650 3432 5706 mansuetudo
3464 5649 3786 5721 indulgentia

528 5753 772 5807 censum,
813 5746 867 5795 et
907 5738 1165 5794 instinctu
1210 5738 1299 5794 Dei
1334 5751 1429 5794 vos
1467 5737 1537 5794 ita
1567 5736 1732 5808 loqui.
1763 5736 2109 5809 Quapropter
2214 5741 2281 5796 ad
2308 5739 2504 5796 similia
2550 5718 2910 5812 perputranda
2952 5739 3318 5811 improborum
3364 5740 3588 5796 audacia
3617 5718 3785 5795 adhuc
