3882 5316
58 170 181 229 1839

1238 144 1733 220 nscnsraubn
1771 118 2176 218 conserti).

3174 148 3310 218 lude

54 279 275 369 quotidie
322 286 657 351 provocant.
712 258 865 333 Nunc
916 276 1074 332 ...rdo
1118 276 1433 347 injuriarmn
1482 274 1622 331 mole
1652 281 1696 338 Α
1726 283 2009 329 serventur
2072 285 2323 343 rogamus
2347 310 2362 336 ,
2420 270 2623 327 dictum
2686 256 2933 341 vigesi‘es.
2993 271 3096 328 Per
3145 276 3315 330 domi-

54 372 276 446 dcpressi
308 372 521 433 damnis
554 386 771 443 quoque
814 371 1262 442 componentibus
1300 374 1619 427 excitamur.

53 466 190 536 Quod
216 465 264 521 si
296 465 343 521 is
392 464 484 535 qui
529 480 617 520 res
646 463 856 518 Domini
892 463 1150 534 competit
1198 462 1254 517 in
1292 461 1413 519 aliis
1460 477 1623 532 quam

54 553 142 613 nisi
180 571 268 612 res
295 556 476 627 agitur
513 555 748 610 maxime
783 554 922 611 solet
969 552 1259 609 territoriis
1301 551 1626 608 commorari

52 646 375 704 sacerdotem
404 644 507 701 loci
540 645 707 716 ipsius
734 644 824 699 ubi
871 642 1104 699 habebat
1131 641 1416 713 episcopus
1444 640 1629 710 hujus-

51 734 180 791 modi
208 735 477 806 pravitate
504 743 824 798 contentus,
861 733 1109 805 neglectu
1156 747 1400 804 persona:
1432 731 1630 788 litteris

52 825 362 880 instructum
388 825 597 880 reddat.
613 824 766 880 Tunc
786 823 1035 889 antistes;
1051 823 1219 894 ipsius
1237 823 1425 879 fratris
1447 823 1630 879 anxie-

50 925 152 970 tate
176 923 479 985 comperta,
505 922 598 969 aut
637 929 985 985 pervasorem
1016 929 1200 969 rerum
1230 914 1628 969 Dominicarum

51 1006 406 1061 admonitione
427 1006 683 1078 corrigat,
713 1015 806 1061 aut
833 1014 1131 1077 prmtaxata
1158 1006 1423 1062 canonica
1447 1007 1632 1062 distri-

50 1099 217 1155 ctione
247 1101 658 1156 condemnetur.
700 1100 852 1156 Unde
885 1109 939 1155 et
986 1100 1038 1155 in
1074 1100 1373 1156 canonibus
1399 1100 1453 1155 in
1480 1100 1631 1156 Gan-

50 1196 217 1266 διεθηδί
269 1192 512 1251 Ecclesia
563 1195 854 1265 apostolica
904 1195 1227 1251 auctoritate
1258 1195 1514 1259 conditis,
1564 1195 1633 1251 de

48 1286 311 1342 fructuum
333 1285 695 1341 oblationibus
721 1301 839 1354 qum.
869 1282 1135 1340 ministris
1148 1284 1397 1341 ecclesia:
1431 1283 1635 1341 deben-

50 1388 146 1456 tur,
179 1387 238 1432 et
266 1377 332 1433 de
371 1377 459 1431 his
494 1392 614 1446 quae
658 1376 713 1431 in
754 1391 883 1432 usus
917 1390 1211 1447 pauperum
1258 1374 1630 1442 conicruntur,

52 1467 305 1537 scriptum
347 1467 595 1520 habetur.

112 1557 165 1613 Si
197 1558 321 1629 quis
351 1556 655 1613 oblationes
686 1555 930 1614 ecclesue
956 1556 1208 1629 accipere
1242 1556 1328 1613 vel
1365 1556 1495 1615 dare
1531 1560 1629 1614 vo-

1728 378 1855 420 num
1883 364 2099 420 Petrum
2131 373 2189 419 ut
2212 373 2472 436 perpetuo
2500 373 2785 420 serventur
2811 381 3084 437 rogamus,
3113 368 3317 425 dictum

1727 458 1975 530 vigesics.
2003 457 2106 524 Qui
2127 456 2256 513 .h.ec
2285 456 2521 517 violarit,
2561 457 2613 511 iu
2653 473 2713 513 se
2740 457 2895 528 jItha
2946 458 2998 512 in
3047 468 3319 529 prauam.-

1730 556 1842 604 tum
1876 548 2093 604 modum
2147 548 2406 611 inveniat,
2441 547 2644 603 dictum
2672 556 2757 602 est
2781 546 3032 618 vigesies.

1801 640 1870 697 Et
1898 626 2039 695 facto
2072 636 2312 703 silentio,
2355 636 2711 708 Symmachus
2737 639 3024 710 episcopus
3066 638 3321 696 Eeelesim

1730 731 2012 787 catholicae
2041 729 2195 786 urbis
2229 729 2415 786 Roma:
2455 729 2629 784 dixit:
2670 728 2958 787 Prmsentis
2988 730 3320 788 ilillinitiouis

1734 823 1958 880 formam
2000 836 2120 894 qua:
2159 820 2316 892 juxta
2364 830 2672 877 sanctorum
2730 821 2947 878 Patrum
2989 830 3073 879 est
3120 832 3317 879 statuta

1724 914 2029 971 sententias
2064 913 2119 967 in
2151 913 2395 967 omnium
2432 912 2795 968 Ecclesiarum
2840 913 3087 969 notitiam
3128 928 3356 995 perve-f1

1731 1006 1851 1063 nire
1884 1007 2245 1071 decernimus,
2294 1021 2362 1062 ne
2398 1007 2649 1076 cuiquam
2692 1008 2864 1078 possit
2902 1018 3001 1078 pro
3041 1024 3136 1063 sua
3171 992 3320 1080 igni);

1732 1101 1943 1157 ratione
1971 1100 2136 1157 licere
2179 1101 2320 1171 quod
2354 1115 2459 1157 non
2489 1101 2635 1165 licet,
2684 1112 2739 1156 et
2773 1102 2863 1173 qui
2911 1101 3031 1156 talia
3063 1117 3320 1174 pnrsum-

1730 1193 1963 1265 pscrint,
1990 1195 2165 1248 sciant
2188 1210 2246 1250 se
2271 1202 2570 1265 prtetaxato
2592 1195 2979 1250 condemnatos
2997 1211 3118 1250 esse
3139 1197 3316 1251 modo.

1735 1283 1997 1339 Similiter
2017 1293 2069 1339 ct
2099 1284 2205 1340 hoc
2234 1284 2301 1338 ad
2328 1284 2687 1340 Eeclesiarum
2715 1285 2962 1339 notitiam
2989 1294 3168 1341 vestra
3196 1302 3323 1341 cun-

1733 1382 1944 1429 ctorum
1972 1374 2349 1429 exhortatione
2378 1384 2434 1430 et
2465 1375 2671 1465 judicio
2696 1376 2991 1431 censemus
3017 1376 3320 1445 pervenire,

1733 1472 1790 1519 et
1836 1465 1909 1520 ab
1955 1465 2208 1520 omnibus
2256 1458 2485 1522 ﬁrmiter
2540 1458 2733 1532 teneri,
2781 1466 2906 1537 quia
2947 1480 3322 1538 episcoporum

1734 1568 1824 1609 res
1848 1553 2094 1610 ecclesia:
2123 1560 2228 1610 n'on
2258 1554 2578 1612 dubitantur
2611 1571 2753 1620 esse,
2785 1556 2828 1612 si
2861 1556 2913 1612 in
2939 1567 3126 1611 eorum
3151 1555 3325 1612 facul-

46 1647 203 1703 luerit
229 1649 427 1717 praeter
453 1647 691 1718 episcopi
737 1648 1123 1704 conscientiam
1151 1647 1233 1704 vel
1259 1646 1379 1717 ejus
1410 1649 1496 1704 cui
1527 1649 1631 1704 hu-
1662 1629 1709 1690 Β
1738 1643 1938 1699 tatibus
1981 1644 2145 1700 simili
2193 1643 2357 1701 fuerit
2395 1645 2716 1703 crudelitate
2766 1661 3087 1719 pervasores
3140 1660 3320 1704 rerum

43 1738 271 1807 jusmodi
297 1747 426 1795 sunt
445 1737 616 1794 cilicia
644 1740 961 1806 commissa,
992 1754 1093 1797 nec
1112 1752 1236 1796 cum
1265 1738 1383 1809 ejus
1403 1740 1635 1798 voluerit

44 1842 204 1903 agere
234 1831 482 1898 consilio,
506 1830 795 1887 anathema
844 1832 937 1887 sit.
988 1831 1056 1886 Et
1102 1831 1297 1887 iterum
1346 1832 1400 1888 in
1440 1833 1632 1905 eodem

47 1923 319 1980 consilio:
364 1922 420 1979 Si
446 1924 568 1994 quis
613 1922 791 1978 oblata
832 1921 946 1980 Deo
980 1923 1188 1980 dederit
1233 1924 1315 1978 Vel
1363 1926 1636 1996 acceperit

45 2026 241 2083 praeter
263 2014 590 2085 episcopum,
622 2013 707 2070 vel
730 2028 855 2069 eum
881 2015 973 2085 qui
1003 2014 1331 2069 constitutus
1364 2023 1453 2070 est
1478 2016 1548 2070 ab
1568 2030 1637 2070 eo

48 2107 457 2177 dispensandam
500 2105 927 2162 miscricordiam
964 2107 1313 2176 pauperibus,
1342 2114 1397 2161 et
1423 2106 1515 2177 qui
1547 2107 1639 2162 dat

46 2205 98 2253 et
125 2197 219 2268 qui
249 2196 466 2267 accipit,
504 2196 790 2253 anathema
837 2196 930 2252 sit.
956 2195 1125 2252 Valde
1153 2196 1395 2267 iniquum
1422 2212 1553 2269 ergo
1580 2206 1637 2253 et

48 2288 237 2357 ingens
271 2276 612 2358 saeril'egium
662 2295 723 2341 ut
763 2286 1071 2356 quicunque
1118 2286 1203 2342 vel
1250 2302 1347 2357 pro
1396 2286 1637 2342 remedio

44 2385 409 2447 peccatorum,
430 2377 513 2432 vel
539 2376 738 2443 salute,
763 2377 846 2431 vel
878 2376 1065 2448 requie
1086 2377 1388 2431 animarum
1413 2386 1634 2432 suarum

46 2468 413 2539 unusquisque
440 2468 731 2525 venerabili
762 2467 1007 2524 ecclesia:
1029 2468 1339 2533 contulerit,
1367 2478 1459 2523 aut
1487 2477 1636 2525 certe

44 2560 325 2632 reliquerit
345 2561 418 2616 ab
446 2560 533 2616 his
562 2560 756 2630 quibus
790 2560 905 2614 haec
940 2558 1177 2615 maxime
1206 2559 1410 2615 servari
1436 2574 1636 2615 conve-

44 2653 140 2719 nit,
177 2653 233 2709 id
261 2662 363 2716 est,
395 2653 720 2709 Christianis
755 2637 814 2708 ei
841 2653 1012 2708 Deum
1046 2653 1364 2709 timentibus
1404 2653 1638 2708 immini-

44 2745 161 2808 bus,
186 2753 243 2800 et
262 2759 425 2815 super
448 2744 626 2800 omnia
656 2760 685 2799 a
707 2743 1011 2814 principibu
1037 2754 1118 2799 est
1143 2744 1337 2813 primis
1359 2744 1636 2815 regionum

40 2836 94 2890 in
123 2835 271 2891 aliud
303 2834 585 2891 transferri
636 2830 719 2890 vel
762 2835 1025 2889 converti.
1072 2833 1365 2904 Propterea
1396 2834 1487 2904 qui
1524 2835 1638 2889 haec

43 2942 147 2981 non
180 2927 495 2999 praeviderit
536 2934 592 2981 et
637 2924 795 2980 aliter
820 2940 982 2996 quam
1024 2924 1284 2994 scriptum
1316 2932 1401 2980 est
1434 2914 1637 2994 'przedia

1733 1746 2156 1793 memoratarum
2208 1740 2480 1810 praedictio
2527 1756 2796 1797 canonum
2842 1741 3201 1798 districionis
3247 1742 3323 1798 fe-

1733 1827 1948 1884 riantur
1971 1830 2229 1894 vindicta,
2261 1838 2320 1886 ut
2347 1832 2437 1901 qui
2485 1832 2781 1903 majoribus
2818 1834 3051 1903 propriis
3085 1849 3149 1889 ac
3178 1833 3324 1888 nulla

1734 1920 2079 1975 conscientia:
2108 1921 2462 1993 castigatione
2508 1923 2877 1993 corriguntur,
2908 1923 3098 1985 saltem
3145 1923 3322 1980 ecclea

1735 2010 1968 2067 siastic:e
2009 2021 2065 2066 et
2111 2012 2385 2069 canonica:
2424 2014 2675 2069 vindicta:
2701 2013 3074 2084 perfodiantur
3099 2013 3322 2075 aculeis;

1734 2102 2059 2172 generaliter
2095 2119 2224 2159 vero
2256 2105 2566 2176 quicunque
2610 2122 2699 2162 res
2742 2105 2987 2162 ecclesia:
3030 2109 3328 2162 ccutiscare

1735 2202 1829 2245 aut
1858 2191 2138 2262 impetere,
2182 2203 2276 2248 aut
2318 2197 2615 2264 pervadere
2646 2196 2948 2266 periculosa
2987 2208 3080 2252 aut
3120 2213 3216 2252 sua
3253 2200 3328 2251 irr-

1734 2278 2023 2337 fcstatione
2050 2285 2473 2354 praesumpserit,
2523 2285 2625 2341 nisi
2646 2300 2709 2340 se
2734 2286 2998 2343 citissime
3026 2299 3127 2359 per
3149 2289 3329 2345 eccle-

1734 2373 1851 2441 siae,
1879 2375 1946 2430 de
1978 2389 2084 2445 qua
2106 2375 2308 2445 agitur,
2339 2375 2765 2434 satisfactionem
2790 2381 3112 2447 correxerit,
3135 2397 3330 2453 pcipe-

1736 2472 1828 2519 tuo
1854 2466 2199 2522 anathemate
2222 2465 2465 2522 feriatur.
2494 2469 2757 2525 Similiter
2776 2481 2832 2526 et
2857 2471 2909 2525 hi
2935 2472 3026 2543 qui
3044 2487 3137 2529 res
3150 2474 3329 2530 eccle-

1734 2555 1829 2610 sia:
1862 2555 2016 2626 jussu
2044 2556 2128 2611 vel
2166 2556 2451 2627 largitione
2493 2560 2815 2633 principum,
2846 2562 2933 2617 vel
2970 2563 3326 2632 quorumdam

1734 2653 2038 2714 potentum,
2066 2654 2162 2700 aut
2187 2646 2418 2716 quadam
2443 2648 2722 2707 invasione
2747 2660 2839 2705 aut
2873 2651 3151 2723 tyrannica
3177 2662 3330 2724 pote-

1734 2745 1875 2793 state
1907 2738 2249 2805 retinuerint,
2284 2747 2345 2795 et
2387 2740 2509 2797 ﬁliis
2542 2742 2627 2798 vel
2676 2743 2979 2800 lt‘aeredibus
3014 2745 3151 2809 suis,
3197 2754 3257 2800 ut
3294 2748 3328 2800 'a

1736 2827 2056 2896 quibusdam
2096 2826 2208 2896 jam
2251 2825 2451 2884 factum
2491 2831 2815 2898 audivi-mus,
2841 2833 2995 2904 quasi
3038 2834 3330 2891 haeredita—

1739 2916 1851 2973 rias
1879 2918 2218 2987 reliquerint,
2253 2919 2356 2974 nisi
2386 2920 2493 2975 cito
2535 2937 2622 2977 res
2654 2921 2745 2978 Dei
2773 2924 3032 2980 admoniti
3078 2942 3108 2980 a
3156 2926 3332 2997 ponti:-

40 2989 288 3072 ecclesiis
315 3016 508 3071 tradita
534 3014 770 3086 petierit,
798 2989 881 3071 vel
909 2989 1173 3086 acceperit
1201 3022 1294 3069 aut
1316 2989 1635 3085 possederit,
1663 2989 1708 3051 (ἶ
1741 3007 1860 3072 lice,
1879 3008 2061 3079 agnita
2080 3009 2308 3065 veritate
2331 3010 2682 3079 reddiderint,
2704 3023 2964 3084 perpetuo
2982 2989 3328 3085 anathemate

41 3108 123 3163 vel
148 3106 349 3177 injuste
378 3106 682 3163 defenderit
709 3116 802 3162 aut
828 3108 1131 3173 retinuerit,
1164 3106 1264 3162 nisi
1290 3107 1401 3162 cito
1427 3120 1486 3162 se
1515 3121 1637 3161 cor-

44 3199 272 3264 rexerit,
304 3213 413 3268 quo
457 3198 629 3254 iratus
670 3198 814 3254 Deus
854 3198 1064 3252 animas
1108 3196 1363 3268 percutit,
1410 3196 1635 3252 anathe-

44 3299 193 3345 mate
252 3290 513 3356 feriatur,
562 3290 740 3360 sitque
797 3287 1081 3359 accipienti
1125 3296 1181 3344 et
1234 3288 1383 3360 dantj
1419 3296 1474 3342 et
1518 3302 1638 3358 pos-

34 3379 243 3434 sidenti
270 3379 582 3444 anathema,
612 3387 669 3433 et
716 3378 978 3432 instituta:
1018 3391 1193 3448 poena:
1225 3376 1635 3432 contubernium

38 3468 350 3523 assiduum.
401 3467 509 3524 Nec
549 3469 732 3541 aliquo
778 3483 837 3524 se
884 3478 1010 3523 ante
1044 3469 1278 3524 tribunal
1311 3468 1512 3524 Christi
1544 3468 1636 3523 «ὡς

37 3558 255 3613 staculo
304 3558 535 3626 muniat,
566 3558 658 3628 qui
707 3574 738 3613 a
789 3558 1054 3630 religiosis
1098 3558 1380 3615 animabus
1406 3560 1475 3615 ad
1506 3560 1638 3615 sub-

34 3650 304 3705 stantiam
345 3664 642 3719 pauperum
682 3650 941 3705 derelicta
970 3659 1157 3707 contra
1195 3650 1275 3706 fas
1317 3651 1435 3707 sine
1458 3650 1639 3722 aliqua

33 3740 265 3810 pietatis
295 3741 730 3796 consideratione
759 3741 1036 3812 dispergit.
1086 3740 1169 3796 Ab
1214 3742 1482 3798 universis
1520 3742 1640 3813 epi-

32 3831 225 3901 scopis
239 3839 296 3885 et
312 3830 643 3902 presbyteris
661 3830 1018 3886 acclamatum
1040 3839 1157 3887 est:
1188 3830 1260 3888 Ut
1286 3832 1401 3887 haec
1428 3831 1641 3902 penitus

33 3920 459 3987 abscindantnr,
505 3933 778 3992 rogamus.
830 3921 1041 3976 Dictum
1072 3930 1157 3977 est
1204 3922 1532 3992 quinquies:
1571 3921 1643 3979 Ut

32 4012 161 4067 haec
207 4020 557 4082 amputentur
582 4028 888 4085 precamur.
916 4013 1133 4069 Dictum
1171 4022 1256 4070 est
1294 4016 1533 4085 septies:
1568 4014 1641 4070 Ut

34 4117 129 4157 res
162 4100 414 4157 ecclesire
452 4102 647 4172 quibus
700 4102 910 4158 traditae
957 4111 1108 4169 sunt,
1159 4102 1479 4159 intemerato
1518 4105 1643 4174 jure

30 4200 357 4255 serventur,
387 4206 658 4261 rogamus.
690 4190 900 4255 Dictum
930 4200 1016 4248 est
1056 4192 1294 4263 septies:
1331 4193 1399 4250 Ut
1418 4208 1476 4248 se
1513 4195 1639 4249 dttm

30 4282 147 4337 hoc
179 4281 328 4352 quod
371 4289 685 4351 persecutus
713 4290 798 4337 est
834 4282 1076 4353 synodali
1104 4293 1367 4339 conventu
1403 4298 1497 4355 per
1516 4296 1634 4341 om-

29 4374 130 4426 nia
178 4371 671 4428 liautuuanimiter
704 4372 1057 4443 deprecantes
1101 4391 1373 4444 rogamus.
1428 4366 1669 4433 Dictum-

27 4473 125 4520 est
152 4463 370 4519 octies:
408 4462 476 4518 Ut
503 4465 556 4519 in
605 4466 1083 4535 praesumptoribus
1134 4466 1435 4523 vindicetur
1485 4484 1641 4541 roga-

30 4573 191 4613 mus.
222 4557 437 4614 Dictum
459 4566 545 4614 est
562 4558 780 4615 decies:
810 4559 878 4616 Ut
914 4561 1195 4632 disciplina
1217 4573 1464 4620 servetur
1487 4581 1642 4637 roga-

30 4665 195 4704 mus.
228 4648 442 4704 Dictum
473 4658 556 4706 est
578 4650 874 4706 undecies:
908 4650 1039 4719 Qua:
1076 4652 1217 4709 male
1237 4655 1473 4710 admissa
1497 4664 1639 4719 sunt,

30 4757 145 4812 per
175 4755 273 4795 vos
295 4741 658 4811 corrigantur.
685 4742 894 4798 Dictum
916 4754 1000 4800 est
1024 4745 1342 4802 duodecies:
1364 4746 1433 4802 Ut
1460 4747 1644 4805 illicita

32 4833 198 4887 facta
228 4842 592 4901 amputentur,
621 4834 695 4887 ita
721 4842 777 4888 ut
803 4835 1057 4906 deinceps
1081 4852 1187 4891 non
1213 4837 1342 4892 fiant
1371 4853 1640 4910 rogamus.

30 4921 269 4977 Dictum
297 4931 381 4977 est
413 4924 676 4980 tredecies
700 4939 714 4976 :
741 4923 808 4980 Ut
835 4926 1127 4995 apostolica
1156 4928 1426 4985 ordinatio
1443 4929 1643 4984 illibata

30 5021 323 5067 servetur.
368 5012 576 5069 Dictum
620 5024 706 5068 est
755 5019 1169 5084 quatuordecies
1201 5036 1215 5071 :
1247 5020 1449 5092 Dignus
1505 5034 1643 5093 papa

31 5100 203 5173 quod
256 5116 363 5156 non
411 5103 555 5161 licet,
585 5118 696 5156 non
744 5107 854 5161 tiat.
894 5104 1105 5165 Dictum
1159 5117 1242 5163 est
1279 5112 1591 5184 quindecies
1630 5128 1641 5164 :

32 5194 285 5256 Exaudi,
316 5192 543 5263 Christe,
575 5193 905 5266 Symmacho
932 5200 1060 5257 vita.
1098 5201 1309 5260 Dictum
1347 5216 1428 5262 est
1455 5204 1644 5262 sexde-

36 5289 165 5316 ηῗηιο
191 5305 202 5316 ι
228 5285 293 5316 111
322 5302 547 5316 ΛηιιΑ.-ΑΑ
578 5291 1015 5316 nn-nIA.l:-_I..__-
1070 5313 1081 5316 -
1100 5311 1214 5316 -.---,
1268 5299 1326 5316 Ιι·

1740 3097 2019 3153 feriantur.
2050 3099 2292 3169 Iniquum
2314 3100 2459 3156 enim
2483 3116 2604 3158 esse
2626 3119 2934 3167 censemus,
2950 3115 3011 3159 ut
3030 3107 3208 3176 pctins
3235 3123 3330 3159 cu-

1736 3189 1919 3246 stodes
1932 3191 2239 3246 chartarum
2258 3208 2418 3261 quam
2444 3193 2756 3252 defensores
2777 3212 2959 3252 rerum
2974 3199 3176 3254 etedita
3185 3215 3324 3263 rum,

1739 3287 1797 3334 ιιι
1812 3289 2134 3351 ριιωευιιιιιιιι
2155 3292 2232 3337 est
2245 3281 2593 3350 ,judi‘ccmur.
2610 3283 3020 3341 Sananiluinest
3035 3295 3165 3358 ergo
3184 3288 3301 3344 cclc
3314 3315 3332 3330 η

1737 3372 1871 3438 rius,
1906 3387 1972 3427 ne
1999 3373 2209 3445 longius
2228 3377 2595 3432 exsecrandus
2618 3379 2785 3432 animi
2813 3378 3032 3435 morbus
3060 3380 3326 3451 inserpat,

1739 3474 1800 3520 ut
1846 3465 1890 3521 si
1935 3466 2195 3533 medicus,
2234 3483 2355 3523 cuni
2384 3468 2577 3523 viderit
2624 3470 2786 3541 hujus
2841 3472 3038 3526 terreni
3084 3476 3329 3541 corporis

1739 3557 1970 3628 aliquem
1998 3572 2121 3614 esse
2148 3558 2488 3629 languorem,
2518 3576 2768 3631 magnum
2797 3576 2908 3617 sure
2933 3562 3068 3618 artis
3095 3564 3330 3620 aestimat

1738 3646 2143 3715 documentum,
2167 3649 2213 3704 si
2242 3648 2349 3703 cito
2374 3649 2497 3718 quis
2518 3648 2662 3705 illius
2682 3649 2988 3707 intervcntu
3010 3654 3325 3723 desperatus

1739 3738 1953 3804 evadat,
1979 3737 2064 3793 vel
2100 3754 2223 3794 eum
2254 3754 2415 3810 posse
2447 3740 2642 3797 vulnus
2675 3742 2954 3812 aspexeris
2990 3743 3214 3799 adhibet
3253 3744 3327 3797 to-

1741 3835 1940 3893 menta,
1974 3828 2055 3885 vel
2090 3840 2285 3886 caetera
2322 3829 2519 3901 quibus
2566 3831 2691 3887 illud
2736 3843 2911 3903 posset
2960 3836 3101 3904 quod
3147 3844 3329 3889 natum

1742 3919 1920 3977 fuerat
1955 3922 2149 3980 vulnus
2187 3922 2404 3989 obduci,
2446 3939 2510 3981 ac
2548 3924 2594 3979 si
2641 3922 2693 3981 id
2734 3940 2960 3981 manens
3001 3928 3183 3983 sanari
3225 3944 3331 3982 non

1742 4016 1944 4086 poterit
1994 4032 2062 4071 ne
2111 4032 2307 4087 corpus
2359 4016 2623 4088 reliquum
2664 4033 2763 4073 sua
2815 4018 2938 4076 tabe
2984 4030 3332 4092 corrumpat,

1742 4106 1887 4163 ferro
1908 4115 2149 4179 amputet
2185 4108 2327 4178 quod
2368 4110 2618 4175 nocebat,
2644 4125 2752 4181 quo
2775 4110 3038 4181 reliquum
3066 4113 3332 4183 integrum

1741 4206 1798 4253 et
1825 4206 2009 4254 servet
2057 4199 2336 4254 intactum.
2371 4198 2776 4256 Prmcidendum
2827 4202 2878 4256 id
2916 4218 3045 4273 ergo
3072 4212 3153 4259 est
3190 4206 3332 4272 quod

1743 4292 1890 4347 velut
1929 4308 2064 4362 puro
2103 4307 2344 4363 sanoque
2371 4292 2597 4348 nimium
2642 4295 2888 4365 corporis
2935 4295 3128 4348 vulnus
3169 4295 3332 4348 obre-

1743 4385 1849 4455 psit
1880 4402 1893 4436 :
1929 4399 1997 4439 ne
2024 4399 2145 4439 cum
2188 4384 2395 4439 tardius
2427 4385 2773 4454 abstergitur,
2809 4384 2859 4438 in
2899 4384 3028 4454 ipsis
3049 4398 3231 4455 poena:
3257 4386 3333 4436 vi-

1743 4476 1987 4533 sceribus
2017 4477 2175 4548 hujus
2206 4477 2328 4531 mali
2360 4492 2464 4531 non
2496 4474 2788 4531 haurienda
2826 4478 3035 4532 sentina
3074 4474 3330 4531 conﬁdat.

1746 4567 1912 4624 Ferro
1948 4569 2095 4625 enim
2140 4568 2466 4625 abscidenda
2507 4578 2633 4622 sunt
2673 4567 2896 4629 vulnera
2936 4585 3056 4640 qua:
3098 4567 3334 4621 fomenta

1744 4675 1852 4716 non
1891 4661 2150 4716 sentiunt.
2181 4659 2441 4716 Similiter
2470 4667 2526 4716 et
2570 4658 2642 4713 illi
2687 4667 2932 4716 extorres
2977 4660 3176 4716 debent
3222 4658 3338 4713 fieri

1745 4751 1816 4806 ab
1837 4751 2077 4807 Ecclesia
2125 4750 2215 4822 qui
2265 4748 2587 4806 sacerdotali
2630 4749 3000 4806 admonitione
3037 4762 3144 4804 non
3170 4748 3343 4803 corri-

1746 4848 1970 4912 guntur,
2003 4840 2217 4896 dicente
2260 4839 2522 4895 Domino:
2556 4852 2576 4887 t
2612 4836 2835 4895 Auferte
2879 4839 3079 4895 malum
3121 4850 3152 4889 ει
3192 4834 3345 4890 vobis

1747 4930 1931 5001 (Deut.
1960 4944 2075 4993 xix,
2106 4929 2218 4999 l9).
2253 4947 2271 4979 ι
2304 4927 2567 4986 Universa
2596 4928 2840 4996 synodus
2866 4924 3187 4986 acclamavit
3213 4940 3226 4975 :
3270 4921 3344 4977 Ut

1750 5020 1853 5074 ista
1878 5018 2011 5075 fiant
2029 5030 2317 5089 rogamus;
2345 5018 2549 5076 dictum
2580 5022 2664 5071 est
2692 5020 2889 5079 octies.
2918 5019 3028 5076 Ista
3062 5021 3349 5070 serventur

1748 5123 2059 5177 precamur,
2076 5108 2279 5163 dictum
2292 5117 2379 5163 est
2394 5103 2672 5167 decies.Ut
2694 5106 2744 5160 in
2761 5121 3082 5184 perpetuum
3101 5098 3353 5175 maneant

1750 5210 1805 5255 et
1830 5209 2011 5257 vestra
2034 5198 2360 5255 auctoritate
2385 5204 2690 5263 ﬁrmentur,
2706 5200 2914 5262 dictum
2938 5211 3022 5261 est
3042 5193 3350 5254 duodecies.

1751 5290 1900 5316 Dn-..
1925 5294 1958 5316 l2
2024 5291 2235 5316 ἐτι-τη...
2297 5290 2629 5316 Ω--,.-..--..ῑι.ιι
2672 5306 2823 5316 ...ι-μ
2876 5297 2966 5316 .·.-
3033 5290 3233 5316 ,Ιέηθηιη
3272 5290 3356 5316 ac!

2498 5289 2629 5316 ΑΑιὶΑ
2672 5306 2823 5316 ...ι-ρ..
2876 5314 2881 5316 .
