3974 6428
549 319 679 375 1031

1433 323 1721 379 ΑΡΡΕΝΙ).
1757 317 1847 378 ΑΙ)
1878 322 2050 378 ὃέίίϐ.
2084 323 2171 377 l.\'.
2207 355 2268 363 --—
2307 325 2556 384 lSlDORI
2589 329 3030 388 MERCATORIS

3697 340 3844 397 “Et!

545 438 798 492 .‘nandata
838 434 953 503 ejus
990 435 1247 491 faciamus
1295 437 1495 492 minus.
1551 437 1675 492 ll:ec
1717 439 1858 492 enim
1883 439 2133 494 ,charitas
2169 447 2208 500 Α
2241 455 2360 496 esse
2388 451 2612 499 testatus
2645 455 2729 500 est
2758 447 2978 518 dirigat,
3019 457 3078 502 ut
3106 449 3220 504 sine
3245 465 3352 519 quo
3381 449 3517 504 nihil
3547 465 3846 522 possumus

547 531 663 595 Dei,
694 540 750 584 ut
779 530 1026 582 mandata
1056 528 1171 596 ejus
1199 529 1587 594 custodiamus,
1630 539 1684 584 ct
1731 531 1982 584 mamlala
2018 531 2134 601 ejus

547 622 730 694 gravia
762 638 864 675 non
889 629 1032 674 sunt.
1065 619 1249 675 Justus
1278 630 1360 675 est
1386 622 1530 675 enim
1560 623 1840 687 Dominus,
1873 633 1926 677 et
1951 625 2134 679 omnia

541 714 744 784 judicia
774 712 887 780 ejus
917 711 1060 781 justa
1094 725 1240 775 sunt,
1275 723 1433 782 atque
1465 729 1650 767 omnes
1684 716 1782 769 vice
1818 714 1934 782 ejus
1973 717 2135 771 mise-

546 804 778 858 ricordia
801 811 853 856 et
883 803 1081 859 veritas
1108 811 1161 855 et
1185 802 1467 871 judicium,
1493 802 1543 855 in
1573 818 1732 856 manu
1773 803 1862 856 Dei
1894 813 2134 874 potestas

545 905 718 955 terrae,
753 895 836 948 cui
869 893 1218 947 exsecrabilis
1249 903 1331 947 est
1361 894 1538 946 omnis
1572 894 1849 963 iniquitas,
1885 897 1938 949 in
1972 912 2130 950 manu

543 988 634 1040 Dei
667 994 905 1051 potestas
947 986 1193 1047 hominis,
1231 994 1284 1038 et
1311 999 1474 1053 super
1517 983 1707 1039 faciem
1740 985 1932 1040 scribae
1964 986 2133 1056 impo-

543 1086 631 1129 net
670 1077 928 1129 honorem
972 1090 1146 1129 suum.
1182 1073 1359 1128 Perdit
1407 1073 1549 1129 Deus
1590 1076 1903 1129 memoriam
1945 1092 2130 1146 super-

543 1161 732 1221 borum
761 1177 813 1221 et
847 1167 1024 1236 iniqua
1057 1167 1381 1233 gerentium,
1432 1175 1482 1219 cl
1518 1165 1770 1236 relinquit
1813 1171 2128 1223 memoriam

542 1259 820 1313 humilium
839 1269 891 1312 et
915 1259 1173 1312 bonorum
1201 1258 1512 1323 homimun;
1541 1258 1642 1312 hoc
1660 1267 1837 1312 autem
1864 1275 1960 1328 pro
1981 1269 2130 1316 certo

539 1350 701 1404 habet
730 1349 907 1404 omnis
935 1350 1023 1418 qui
1056 1357 1202 1402 recte
1247 1349 1374 1403 colit
1416 1349 1612 1412 Deum,
1639 1349 1763 1416 quia
1795 1349 1901 1402 vita
1943 1348 2059 1416 ejus
2084 1350 2128 1405 si

539 1442 590 1495 in
625 1443 938 1512 probatione
982 1439 1161 1502 fuerit,
1203 1439 1570 1503 coronabitur,
1610 1447 1664 1492 ct
1714 1438 1757 1492 si
1800 1439 1851 1492 in
1903 1439 2128 1494 tribula-

539 1533 703 1592 tione,
732 1532 1069 1585 liberabitur.
1104 1532 1158 1586 Si
1191 1545 1320 1585 vero
1352 1531 1402 1582 in
1446 1530 1783 1585 correctione
1837 1530 2023 1596 fuerit,
2063 1531 2129 1584 ad

537 1624 960 1678 misericordiam
1008 1624 1302 1693 perveniet.
1348 1622 1520 1677 Omne
1550 1625 1690 1692 quod
1735 1623 2130 1691 irreprehcnsi-

535 1715 641 1770 bile
673 1724 757 1769 est
787 1715 1048 1768 catholica
1101 1713 1340 1768 defendit
1391 1713 1652 1769 Ecclesia.
1687 1715 1800 1769 Non
1849 1713 1972 1768 licet
2003 1729 2131 1782 ergo

2237 549 2335 602 per
2357 536 2527 603 ipsum
2552 537 2733 591 omnia
2778 538 3003 608 implere
3031 539 3322 595 valeamus.
3367 539 3641 595 Universa
3673 556 3840 613 sym-

2234 627 2336 682 dus
2365 624 2595 698 surgens
2638 631 2957 685 acclamavit
3031 632 3252 687 Placent
3279 632 3498 696 omnia;
3549 641 3614 686 ut
3642 649 3844 703 perpe-

2235 725 2328 770 tua
2348 717 2640 772 stabilitate.
2664 720 2948 774 firmentur
2981 736 3270 792 rogamus;
3297 723 3507 776 dictum
3531 731 3616 776 est
3640 724 3837 778 octies.

2235 805 2301 858 Et
2326 807 2522 877 adjecit
2546 826 2557 860 :
2588 808 2816 875 Exaudi,
2841 809 3076 876 Christe,
3105 809 3440 882 Symmacho
3464 811 3605 876 vita,
3631 812 3840 866 dictum

2231 904 2317 950 est
2343 897 2532 951 octies.
2557 897 2626 953 Ut
2655 899 2770 954 lucc
2818 900 3136 956 intemerata
3180 911 3493 967 serventur,
3524 901 3734 956 dictum
3759 913 3843 957 est

2232 986 2432 1042 decies.
2469 986 2537 1042 Ut
2568 989 2670 1044 ista
2713 990 3034 1045 intemerato
3071 991 3195 1059 jure
3240 993 3632 1046 custodiantur
3649 1008 3844 1062 preca-

2232 1094 2376 1145 mur,
2405 1080 2608 1136 dictum
2640 1090 2723 1137 est
2749 1083 3056 1138 duodecies.
3094 1082 3195 1150 Qui
3228 1084 3341 1138 lucc
3368 1095 3570 1153 sponte
3597 1084 3859 1138 violaveol

2232 1171 2324 1235 rit,
2353 1181 2612 1243 perpetuo
2652 1177 2997 1230 anathemate
3044 1175 3271 1230 feriatur
3306 1191 3597 1246 rogamus,
3637 1177 3838 1231 dictu-

2231 1270 2313 1318 est
2341 1265 2676 1332 quindecies.
2721 1265 2790 1320 Ut
2832 1267 3045 1322 decreta
3087 1276 3266 1321 nostra
3305 1267 3612 1322 confirmes
3651 1282 3838 1337 preca-

2233 1369 2374 1418 mur,
2409 1353 2611 1410 dictum
2641 1366 2724 1412 est
2752 1358 2932 1412 decies
2972 1368 3027 1413 et
3059 1359 3249 1413 octies.
3291 1359 3358 1412 Et
3399 1358 3556 1414 facto
3595 1359 3834 1425 silentio,

2234 1440 2593 1512 Symmachus
2605 1447 2891 1516 episcopus
2905 1447 3160 1502 Ecclesiae
3173 1447 3455 1502 catholica:
3472 1448 3640 1502 urbis
3656 1447 3834 1503 Roma

2234 1533 2369 1589 dixit
2391 1553 2404 1588 :
2422 1536 2852 1592 Acclamationes
2869 1547 3079 1594 vestras
3095 1539 3390 1610 synodique
3405 1538 3690 1608 judicium
3706 1556 3835 1609 pm

2233 1627 2402 1678 sentia
2427 1637 2575 1696 gesta
2599 1628 2921 1697 suscipiunt.
2942 1628 3006 1682 Et
3032 1629 3257 1698 adjecit:
3289 1626 3358 1681 Ea
3383 1643 3510 1698 qua:
3535 1631 3609 1682 ad
3623 1631 3834 1700 sopier-

2235 1715 2396 1785 257
2429 1719 2528 1770 dos
2567 1727 2864 1772 veternosae
2894 1719 3332 1788 pnesumptionis
3361 1735 3592 1774 errores
3640 1721 3724 1774 vel
3747 1721 3828 1774 in—

535 1808 844 1876 impcratori
888 1806 967 1861 vel
1001 1807 1252 1875 cuiquam
1285 1807 1540 1875 pietatem
1571 1806 1896 1861 custodienti
1927 1806 2124 1875 aliquid
2161 1811 2202 1869 Β
2227 1803 2392 1860 fensze
2443 1807 2604 1860 rebus
2631 1807 3016 1862 ecclesiasticis
3038 1808 3377 1878 aegritudinis
3416 1808 3672 1871 morbos.
3699 1812 3820 1879 qui-

533 1908 720 1953 contra
755 1898 1005 1951 mandata
1054 1897 1230 1950 divina
1282 1912 1636 1966 prmstttttcre,
1684 1912 1781 1951 nec
1828 1897 2122 1966 quidquam

531 1990 672 2058 quod
701 1988 1024 2058 evangelicis
1047 1988 1482 2056 propheticisque
1502 1997 1555 2042 et
1584 1987 1898 2056 apostolicis
1922 1987 2124 2058 regulis

529 2081 710 2134 obviat
749 2095 929 2150 agere,
979 2077 1236 2146 injustam
1283 2078 1427 2132 enim
1469 2077 1730 2146 judicium
1786 2087 1843 2133 et
1884 2079 2126 2133 definitio

531 2171 731 2241 injusta
768 2172 914 2241 regio
938 2178 1080 2224 metu
1112 2170 1193 2222 vel
1221 2169 1372 2238 jussu
1400 2185 1428 2222 a
1449 2168 1722 2236 jmlicibus
1742 2170 1990 2224 ordinata
2018 2185 2124 2224 nou

530 2263 725 2328 valeat,
773 2278 872 2317 nec
908 2261 1200 2331 quidquam
1241 2262 1382 2331 quod
1431 2270 1626 2315 contra
1673 2261 2003 2331 evangelium
2038 2264 2124 2316 vel

529 2353 855 2420 prophetiae
902 2362 996 2406 aut
1033 2352 1344 2421 apostolica:
1381 2351 1643 2406 doctrina:
1681 2351 2121 2406 constitutionem

527 2457 737 2505 eorum,
762 2442 875 2496 sive
914 2451 1225 2496 sanctorum
1254 2442 1476 2495 Patrum
1507 2450 1686 2496 actum
1719 2442 1899 2507 fuerit,
1935 2441 2122 2508 stabit,

525 2533 750 2602 etquod
797 2533 864 2586 ab
903 2532 1205 2588 infidelibus
1244 2542 1338 2587 aut
1388 2533 1662 2588 lucreticis
1708 2532 1912 2588 factum
1959 2534 2124 2588 fuerit

527 2623 753 2677 cumino
783 2624 1108 2678 cassabitur.

597 2713 796 2768 Nociva
848 2730 978 2785 ergo
1018 2715 1189 2769 sancti
1240 2715 1668 2785 praedecessores
1713 2717 1819 2771 mei
1867 2717 2123 2772 damnare

529 2803 868 2858 confidenter
913 2807 1260 2872 studuerunt,
1305 2821 1532 2876 quorum
1575 2816 1628 2862 et
1675 2807 1944 2878 pusillitas
1981 2823 2120 2873 mea,

524 2893 654 2950 licet
699 2897 872 2966 impar
911 2906 966 2950 ct
1013 2897 1256 2963 minima,
1303 2913 1402 2968 pro
1444 2907 1697 2968 suscepto
1739 2907 1914 2952 tamen
1945 2898 2120 2952 divina

525 2986 838 3055 dignatione
894 2988 1194 3044 ministerio
1268 2989 1574 3059 pedissequi
1644 2989 1791 3060 cupit
1855 2989 2118 3051 existere;

525 3093 607 3133 va:
633 3080 777 3134 enim
812 3080 915 3134 erit
946 3080 1100 3134 nobis
1129 3082 1218 3149 qui
1247 3081 1406 3151 hujus
1446 3081 1726 3135 ministerii
1770 3097 1908 3137 onus
1934 3096 2118 3136 susce-

2225 1893 2326 1949 bus
2355 1896 2672 1950 universalis
2697 1895 3030 1951 afﬁciebatur
3069 1896 3312 1951 Ecclesia
3341 1897 3674 1952 deliberatio
3709 1897 3828 1951 reii-

2224 1987 2371 2058 gioni
2417 2003 2653 2060 congrua
2699 1991 2928 2059 pacique
2957 1988 3241 2043 constituit
3289 1987 3558 2044 firmitate
3609 1998 3828 2058 perpete

2226 2080 2523 2144 sociemur,
2549 2087 2608 2132 ut
2647 2087 2939 2149 praestante
2987 2078 3100 2134 Deo
3123 2094 3284 2149 quem
3310 2081 3605 2135 custodem
3644 2095 3824 2134 rerum

2227 2182 2442 2229 constat
2486 2187 2607 2228 esse
2653 2173 2917 2228 bonarum
2975 2173 3252 2243 synodalis
3291 2171 3576 2228 ordinatio
3624 2174 3822 2242 vigeat,

2226 2273 2390 2334 atque
2419 2263 2600 2318 omnis
2628 2263 2718 2332 qui
2762 2263 2880 2318 sine
2920 2278 3165 2333 personae
3214 2262 3442 2331 alicujus
3478 2262 3826 2316 districtione

2227 2355 2415 2408 venire
2468 2354 2891 2424 przcsumpserit,
2947 2353 3117 2406 indita
3170 2353 3422 2422 superius
3468 2353 3817 2407 districtione

2222 2443 2508 2513 plectatur.
2533 2443 2601 2497 Et
2621 2445 3058 2513 subscripserunt
3085 2442 3293 2498 :Celius
3321 2444 3697 2515 Symmachus
3716 2444 3828 2512 epi-

2223 2548 2418 2603 scopus
2450 2533 2706 2588 Ecclesia:
2733 2533 3014 2588 catholica:
3040 2533 3191 2588 urbis
3218 2533 3415 2588 Roma:
3445 2534 3535 2588 his
3555 2535 3826 2587 constitu-

2225 2625 2294 2678 tis
2325 2623 2670 2695 synodalibus
2699 2638 2728 2677 a
2752 2639 2838 2678 me
2863 2623 3104 2692 probatis
3121 2633 3285 2692 atque
3309 2624 3548 2678 firmatis
3570 2636 3824 2677 annuens

2221 2715 2366 2782 sub.;
2397 2714 2591 2769 Petrus
2618 2714 2905 2783 episcopus
2925 2713 3256 2768 Ravennatis
3285 2698 3546 2768 Ecclesia:
3576 2713 3663 2768 his
3696 2727 3825 2766 con-

2222 2807 2426 2862 stitutis
2473 2805 2820 2876 synodalibus
2847 2819 2878 2858 a
2912 2805 3066 2858 nobis
3101 2801 3344 2873 probatis
3371 2813 3538 2872 atque
3581 2802 3818 2856 ﬁrmatis

2222 2912 2470 2952 annuens
2509 2896 2663 2960 sub.;
2697 2893 3046 2948 innocentius
3081 2882 3380 2948 Direntium
3408 2893 3823 2956 Tiberium-um.

2223 2988 2377 3044 Felix
2414 2986 2758 3052 'l‘rarvensis,
2797 2984 3088 3043 Severinus
3113 2983 3516 3040 Tuudaritanus
3537 3026 3554 3050 ,
3579 2983 3822 3039 Bonefao

2221 3081 2338 3136 eius
2385 3077 2842 3150 Aquileianensis;
2875 3075 3114 3131 Silianus
3144 3075 3473 3132 Veliteruius
3498 3115 3516 3140 ,
3546 3075 3826 3129 Maximus

523 3180 676 3240 ptum
739 3171 1001 3227 habemus
1058 3172 1343 3226 veritatem
1406 3171 1704 3227 Salvatoris
1766 3171 1935 3226 nostri
1989 3170 2116 3226 Jesu
2147 3154 2189 3213 (ἶ
2217 3173 2502 3238 Blerauus,
2537 3171 2891 3226 Sebastianus
2918 3168 3186 3234 Furanus,
3213 3168 3512 3224 Emilianus
3534 3169 3818 3229 Furanus,

523 3260 724 3316 Christi
753 3277 916 3330 quam
955 3260 1182 3330 apostoli
1215 3260 1663 3331 praedicaverunt,
1699 3263 1992 3330 praedicare
2027 3277 2116 3315 ne-

525 3352 884 3424 glexeritnus;
917 3369 992 3406 vin
1022 3353 1163 3408 enim
1194 3354 1290 3408 erit
1327 3354 1482 3408 nol-is
1525 3354 1568 3408 si
1595 3354 1809 3408 silentio
1835 3354 2116 3408 veritatem

523 3445 952 3517 oppresseriuuts
993 3445 1084 3515 qui
1135 3461 1359 3514 erogare
1426 3445 1802 3499 nummulariis
1842 3443 2116 3513 jubemur,

524 3538 578 3592 id
610 3547 714 3604 est,
759 3538 1097 3594 Christianos
1125 3538 1350 3608 pepulos
1390 3538 1631 3593 imbuere
1657 3546 1710 3591 et
1733 3538 1946 3592 dooere.
1976 3535 2116 3603 Qui]

525 3631 582 3686 in
623 3630 788 3700 ipsius
833 3629 1033 3684 Christi
1087 3629 1267 3683 futuro
1295 3629 1490 3683 dicturi
1535 3643 1722 3684 smnus
1769 3628 2040 3695 examine,
2073 3629 2118 3684 si

524 3737 830 3778 sermonum
861 3721 977 3791 ejus
1006 3722 1288 3777 veritatem
1339 3720 1742 3786 confundimur,
1785 3721 2120 3792 praedicare?

526 3815 665 3882 Quid
696 3816 799 3871 erit
827 3817 892 3872 de
922 3817 1076 3872 nobis
1098 3832 1220 3871 cum
1248 3815 1555 3871 commissis
1577 3815 1730 3870 nobis
1753 3814 2041 3870 animabus
2065 3823 2120 3869 et

529 3912 594 3964 de
632 3910 807 3966 officio
843 3918 1093 3979 suscepto
1124 3909 1388 3963 rationem
1429 3906 1605 3975 justus
1631 3905 1792 3978 judex
1840 3905 1982 3961 Deus
2025 3921 2122 3959 no-

524 4014 636 4056 ster
681 4003 969 4057 districtim
1019 4001 1295 4072 exegerit?
1340 4001 1462 4054 Ideo
1507 4015 1605 4055 nos
1648 4007 1872 4069 oportet
1908 4014 2123 4069 semper

527 4091 716 4145 nociva
760 4107 1024 4154 resecare,
1075 4100 1150 4154 el,
1203 4089 1497 4143 auxiliante
1545 4088 1792 4154 Domino,
1840 4087 2119 4159 profutura

526 4183 752 4253 erigere.
825 4182 974 4237 Unde
1019 4179 1388 4251 objurgaudo,
1446 4179 1748 4245 hortando,
1809 4180 2120 4246 suadendo,

526 4276 872 4339 blandiendo,
907 4275 1253 4340 consulendo,
1298 4273 1555 4345 prodesse
1607 4272 1802 4343 quibus
1835 4287 2123 4343 possumus

527 4366 874 4429 festinemus;
905 4365 1081 4435 lingua
1107 4375 1287 4419 nostra
1320 4366 1473 4421 bouis
1500 4363 1795 4419 fomentum
1824 4364 1914 4431 sit,
1943 4363 2123 4434 pravis

526 4458 776 4523 aculeus,
822 4457 1037 4512 timidos
1087 4457 1370 4521 retundat,
1414 4455 1582 4509 iratos
1635 4455 1875 4525 mitiget,
1937 4453 2118 4525 pigros

2223 3263 2522 3320 Mercurius
2547 3261 2818 3325 Gauinati,
2853 3260 3120 3316 Maximus
3145 3260 3467 3325 Ticinensis,
3497 3260 3650 3314 Felix
3670 3260 3820 3314 Atel-

2221 3355 2399 3422 lanus,
2423 3351 2714 3407 Cassianus
2765 3350 3114 3414 Mutinensis,
3149 3350 3400 3406 Rusticus
3447 3349 3820 3412 Fuxentinas,

2221 3445 2511 3516 Gerontius
2533 3443 2861 3509 'Siculeusis,
2889 3443 3232 3512 Propinquus
3261 3443 3542 3506 Tabensis,
3571 3443 3819 3512 Stepha-

2222 3553 2324 3593 nus
2363 3535 2688 3601 Venusinus,
2741 3535 3053 3590 Adeodatus
3091 3533 3435 3599 Formianus,
3476 3534 3820 3588 Laurentius

2220 3628 2514 3697 Beuensisn
2544 3625 2854 3682 Bonifacius
2879 3624 3282 3690 Cameritanus,
3321 3625 3660 3680 Fortunatus
3691 3625 3820 3680 Ful-

2221 3721 2490 3794 ginensis,
2516 3719 2702 3775 Justus
2750 3717 3081 3788 Signatiuus,
3127 3717 3430 3774 Mercurius
3473 3716 3817 3780 Siviternus.

2226 3813 2536 3870 Vindemius
2587 3811 2956 3890 Anteatinus,
3017 3808 3330 3880 Stephanus
3394 3806 3817 3877 Neapolitanus,

2221 3904 2498 3976 Augustus
2536 3903 2917 3975 Liparitanus,
2952 3903 3189 3956 llilarius
3224 3901 3526 3963 Tcusauus,
3560 3898 3817 3955 Valenti.

2223 4011 2326 4051 nus
2339 3995 2673 4059 Amiternus,
2701 3993 3099 4049 Maximiliauus
3128 3992 3443 4055 Perusinus,
3471 3989 3818 4045 Fortunatus

2224 4085 2554 4151 Sucstanus,
2590 4083 2934 4140 Innocentius
2969 4081 3362 4142 Feretttiuatis,
3393 4080 3675 4138 .locumlus
3707 4082 3820 4134 Au-

2221 4188 2516 4248 gustanus,
2541 4177 2876 4233 Concordius
2904 4175 3218 4236 Mesitanus,
3245 4173 3516 4242 Trigidius
3544 4172 3819 4241 Tauriga-

2223 4286 2410 4340 ganus,
2444 4269 2634 4324 Vitalis
2665 4267 2982 4331 Fundanus,
3019 4266 3302 4321 Viticanus
3329 4264 3688 4327 Celemensis,
3715 4265 3816 4318 Ca,

2223 4370 2338 4416 stus
2359 4358 2690 4421 Portuensis,
2706 4358 2943 4413 Joannes
2969 4357 3347 4417 Ariminensis,
3365 4354 3570 4408 Aristus
3582 4352 3814 4407 Ostien-

2224 4452 2322 4516 sis,
2361 4448 2749 4504 Proculeianus
2777 4447 3083 4516 Sepinatis,
3122 4445 3397 4499 Martirius
3423 4444 3817 4506 Traconcusis,

527 4517 777 4616 exacual,
819 4550 1031 4604 desides
1073 4517 1679 4610 hortaudoymtcceudat,
1729 4517 2119 4615 refugientibus
2148 4517 2196 4577 θ
2222 4541 2496 4599 Candidus
2534 4539 2867 4602 Tiburtinus,
2889 4536 3074 4591 Victor
3098 4535 3386 4596 Lunensis.
3418 4532 3617 4602 Aprilis
3654 4531 3815 4587 Late-

527 4644 782 4709 suadeat;
831 4641 1037 4712 asperis
1083 4639 1412 4703 blandiatur,
1443 4638 1755 4707 desperatos
1790 4626 2118 4702 consoletur,

525 4746 589 4792 ut
623 4736 748 4806 quia
773 4735 1022 4790 doctores
1063 4731 1293 4787 dicimur
1329 4730 1469 4783 viam
1511 4728 1701 4784 salutis
1753 4727 2123 4799 gradientibus

527 4825 896 4883 ostendamus.
949 4823 1130 4878 Simus
1181 4822 1233 4875 in
1281 4819 1525 4875 custodia
1585 4819 1890 4890 vigilantes;
1945 4819 2123 4873 aditus

529 4927 715 4973 contra
740 4917 912 4971 hostis
928 4915 1150 4969 insidias
1171 4913 1387 4968 solliciti
1417 4913 1739 4976 muniamus,
1761 4920 1814 4967 et
1837 4912 1880 4966 si
1904 4913 2120 4980 quando

528 5024 682 5065 ovem
710 5008 974 5076 perditam
998 5007 1064 5060 de
1094 5005 1399 5060 commissis
1421 5002 1672 5074 gregibus
1698 5017 1852 5058 error
1879 5001 2116 5057 abduxeo

532 5101 622 5167 rit,
653 5107 762 5154 toto
789 5099 932 5152 illam
956 5097 1144 5152 adnisu
1186 5098 1250 5150 ad
1295 5095 1481 5150 caulas
1514 5109 1770 5150 revocare
1812 5092 2120 5149 Dominicas

531 5190 940 5254 contendamus,
972 5199 1029 5242 ut
1049 5189 1113 5243 de
1141 5188 1374 5258 pastoris
1401 5186 1640 5252 nomine,
1668 5185 1808 5255 quod
1840 5184 2120 5250 habemus,

533 5301 637 5341 non
678 5281 1019 5354 supplicium,
1067 5281 1158 5336 sed
1209 5279 1487 5350 premium
1539 5292 1955 5345 consequamur.
1987 5274 2120 5341 Quia

518 5393 659 5449 ergo
704 5378 758 5432 in
802 5375 886 5430 his
915 5376 1164 5429 omnibus
1206 5374 1400 5428 divina:
1449 5371 1636 5442 gratia:
1676 5368 1946 5440 adjutorio
1989 5381 2122 5436 opus

532 5465 1024 5537 estonmipoteutis
1073 5463 1166 5517 Dei
1216 5462 1447 5516 assiduis
1490 5461 1740 5532 precibus
1777 5456 2118 5514 clementiam

533 5573 838 5622 exoremus,
896 5563 1162 5624 quatenus
1211 5553 1278 5607 ad
1334 5553 1448 5608 haec
1499 5550 1654 5606 nobis
1706 5549 2015 5620 operando,
2065 5556 2122 5601 et

534 5653 673 5707 velle
699 5653 921 5714 tribuat,
962 5657 1012 5704 et
1042 5661 1199 5718 posse
1227 5646 1510 5711 concedat,
1539 5655 1699 5716 atque
1728 5645 1778 5699 in
1811 5660 1874 5700 ea
1911 5658 2010 5698 nos
2033 5642 2117 5697 via

537 5759 661 5798 eum
693 5742 867 5798 fructu
904 5740 1029 5797 boni
1066 5740 1264 5809 operis,
1315 5752 1474 5808 quam
1517 5753 1574 5793 se
1615 5744 1801 5806 pastor
1842 5747 2116 5806 pastorum

2223 4635 2518 4698 rianensis,
2548 4634 2794 4689 Asterius
2821 4631 3126 4701 Aquinatis,
3153 4625 3817 4695 AsellusPOpuloniensis,

2223 4725 2555 4796 Grisogonus
2598 4721 2946 4785 Albanensis,
2984 4719 3189 4773 Memor
3219 4717 3534 4776 Cassianus,
3562 4715 3816 4768 Ammius

2227 4817 2564 4879 Polentiuus,
2593 4815 2850 4870 Colouius
2897 4810 3356 4876 Foroelodieusis,
3387 4809 3666 4862 Romanus
3707 4806 3790 4860 Nu

2225 4922 2548 4974 montanus,
2597 4908 2872 4979 Helpidius
2917 4905 3256 4967 Veliternus,
3305 4903 3476 4959 Ursus
3521 4901 3809 4963 Reatinus,

2225 5003 2462 5059 Joannes
2498 5001 2846 5064 Turritanus,
2881 4997 3211 5052 Cresconius
3254 4993 3601 5057 Tudertiuus,
3637 4990 3790 5044 Adeo

2229 5095 2392 5150 datus
2420 5093 2583 5148 Silva:
2615 5091 2880 5154 candidae,
2918 5088 3264 5143 Innocentius
3294 5085 3606 5148 Navcuatis,
3642 5082 3792 5138 Yene

2225 5188 2340 5244 rius
2388 5185 2670 5249 Pallensis,
2699 5182 2936 5238 Joannes
2975 5179 3309 5250 Spolilanus,
3341 5179 3580 5249 Rogatus
3608 5175 3812 5230 Tauro-

2228 5278 2555 5340 menitanus,
2581 5273 2866 5329 Eustasius
2886 5271 3291 5336 Cremonensis,
3321 5268 3611 5326 Servusdei
3644 5266 3810 5321 Fore-

2225 5370 2422 5431 vensis,
2449 5367 2657 5422 Laurus
2679 5363 3042 5434 Vergomatis,
3069 5361 3277 5416 Probus
3299 5357 3804 5421 Carcimeianensis.

2225 5459 2554 5529 Euscarpins
2606 5457 2946 5524 Meresarpte,
2979 5453 3197 5507 Dulcius
3238 5452 3410 5506 sancti
3438 5450 3670 5512 Autimi,
3705 5449 3806 5502 Ru-

2225 5549 2415 5606 fertius
2461 5547 2791 5617 Aguatinus,
2844 5543 3146 5600 Leucadius
3170 5541 3546 5612 lnjuricauus,
3579 5539 3806 5595 Serenus

2223 5639 2483 5706 Nolanus,
2516 5637 2804 5694 Eufradius
2825 5633 3216 5698 Galatinensis,
3249 5632 3549 5686 Martianus
3579 5635 3802 5692 Acauus.

2224 5732 2534 5789 Theotistos
2560 5728 2896 5792 Pessimitos,
2921 5725 3165 5781 Euticius
3187 5722 3501 5788 Tranensis,
3538 5718 3802 5790 Helpidius
