3974 6436
97 375 137 429 Ι
156 375 278 433 033
1308 367 1797 429 DECRETALIUM
1828 367 2232 428 COLLECTIO.
3271 375 3407 431 {Oﬁi

97 490 605 549 Mencenenterius
631 530 647 555 ,
687 489 1018 547 Fortunatus
1061 490 1406 563 Anagninus,-
1455 487 1726 544 Misteriu's
1755 485 1802 547 Α
1831 487 2161 557 generaliter
2206 489 2440 559 optanda
2471 495 2577 554 est,
2629 497 2806 544 tamen
2845 489 3032 545 existit
3067 490 3120 544 in
3155 490 3413 563 magistro

95 580 1719 654 Amorrius,PasrhasiusVulternensis,AquilasEudoxia-
1828 580 2101 637 necessari
2150 578 2350 634 frustra
2403 580 2687 636 monitoris
2732 596 3017 651 personam
3045 582 3290 655 suscipit,
3322 584 3414 653 qui

96 680 257 744 dos,
276 674 622 733 Innocentius
648 675 1225 747 Forosimproniensis,
1242 675 1529 743 Quiriacus
1550 673 1722 729 Troo-
1821 668 2041 738 impacti
2074 686 2180 725 non
2203 670 2462 741 praevalet
2485 672 2755 727 aestimare
2779 673 2990 743 pondus
3017 671 3178 730 ollicii
3208 674 3413 729 vilissi-

90 766 409 831 danensis,
442 767 593 822 Felix
621 767 941 838 Nepesinus,
973 767 1097 823 Pios
1116 767 1542 832 Petenisscnsis,
1570 765 1721 822 llila—
1823 776 1944 839 mus
1964 760 2357 832 comparandus
2379 772 2484 825 est,
2515 762 2615 816 nisi
2640 763 2912 832 praiccllat
2940 765 3086 819 scien
3102 764 3198 830 tia,
3217 764 3308 835 qui
3332 774 3418 821 est

101 859 252 914 rius
274 859 721 930 Temptanensis,
755 858 1027 931 Longinus
1052 858 1290 926 Omissa,
1317 856 1555 914 Joannes
1577 858 1718 914 Nea-
1824 851 2030 907 honore
2054 852 2419 922 prtestantior.
2448 852 2603 908 Dedit
2626 853 2719 909 tibi
2753 854 2958 924 apicem
2984 870 3071 911 res
3089 853 3278 925 iudicii
3306 871 3413 910 non

100 950 427 1021 potuimus,
461 950 713 1006 Talasins
756 950 1127 1016 C;esari¢nsis,
1159 950 1549 1007 Constantinus
1576 950 1720 1006 Mili-
1824 942 2026 999 favoris
2060 944 2253 1016 dignus
2304 943 2560 1014 pontiﬁce
2606 953 2692 1000 est
2744 960 2920 1012 amor,
2965 962 3127 1016 quem
3183 962 3413 1002 censura

107 1043 388 1108 tinensis,
419 1042 699 1098 Musonius
749 1042 1030 1106 llissenus,
1082 1043 1310 1117 Acasins
1348 1042 1718 1107 Arimatheus.

106 1132 413 1189 Firminus
442 1132 697 1198 Termus,
729 1132 968 1186 Adonius
994 1130 1275 1197 Gravissu,
1306 1132 1573 1188 Patricius
1598 1132 1724 1188 Tia-

110 1224 350 1288 nensis,
378 1221 620 1278 Joames
649 1222 822 1287 Artis,
854 1222 1187 1278 Theodotius
1213 1222 1582 1289 Naciazcnsis,
1616 1226 1722 1280 Do-

113 1315 375 1369 rocheus
418 1312 881 1376 Neoccsariensis,
926 1312 1343 1369 Aristomachus
1382 1312 1721 1381 Colcneusis,

1830 1036 2106 1092 conciliat.
2160 1037 2488 1091 Devenustat
2533 1036 2863 1093 institutoris
2903 1038 3156 1109 genium,
3187 1038 3278 1108 qui
3319 1054 3417 1109 per

1828 1124 1999 1180 solam
2030 1125 2266 1196 gratiam
2294 1124 2407 1179 vult
2443 1124 2679 1195 placere.
2712 1124 2791 1182 'l‘u
2823 1127 2911 1182 bis
2947 1127 3191 1183 ertnlitus
3220 1137 3274 1182 et
3305 1127 3418 1184 for-

1826 1224 2006 1271 matus
2028 1215 2150 1271 emli
2181 1215 2461 1272 beneﬁciis
2483 1216 2612 1288 plus
2640 1218 2848 1289 agendo
2882 1217 3134 1288 populum
3181 1218 3418 1275 instituis

1830 1318 2001 1377 quam.
2041 1306 2305 1362 docendo.
2346 1306 2438 1363 llla
2487 1307 2691 1363 monita
2722 1308 3105 1380 discipulorum
3131 1311 3413 1366 conscien-

107 1405 292 1460 Ciros
340 1404 771 1470 Cibistrinensis,
823 1403 1062 1461 Joannes
1107 1404 1471 1472 Sebastensis,
1522 1406 1727 1464 cecc“-
1829 1399 1959 1454 tiam
1987 1399 2243 1471 erudiunt
2269 1416 2390 1470 qua:
2418 1402 2717 1470 probantur
2746 1402 3010 1472 exemplo.
3040 1402 3171 1458 Siue
3213 1404 3418 1473 pudore

113 1496 262 1565 pius
290 1494 788 1566 Sebastranol‘olis,
809 1492 1049 1551 Joannes
1068 1496 1444 1563 Polemnacus,
1473 1497 1726 1556 Grandus

111 1586 530 1652 Cerassitenus,
553 1587 808 1643 Atarbius
838 1587 1176 1655 Talchuntis,
1204 1589 1436 1647 Seleuco
1456 1592 1722 1648 Amasse-

116 1696 237 1736 nus
255 1720 271 1744 ,
297 1680 607 1737 Anthonius
636 1680 971 1741 Amisseuus.

116 1769 377 1841 Explicit
400 1779 553 1826 sexta
576 1772 816 1843 synodus
847 1770 1092 1829 Romana
1114 1771 1214 1828 sub
1225 1771 1552 1845 Symmacho
1565 1786 1723 1845 papa.

121 1882 379 1954 Epicteto
433 1883 667 1953 ejusdem
724 1883 794 1937 ad
864 1882 1205 1954 Laurentium
1274 1883 1721 1940 Mediolanensem

708 1953 1173 2024 archiepiscopum.
1222 2024 1227 2031 Α

206 2044 576 2101 Dilectissimo
631 2054 795 2115 atque
843 2045 1164 2102 charissima
1227 2045 1383 2103 fratri
1427 2046 1725 2104 Laurentio

130 2133 559 2190 Mediolauensis
612 2134 866 2191 Ecclesia:
913 2136 1324 2206 archiepiscopo
1364 2136 1723 2209 Symmachus

127 2223 429 2293 cpiscopus
462 2224 515 2279 iu
546 2224 774 2280 Domino
810 2224 1064 2280 salutem.
1115 2224 1305 2282 Prodit
1335 2227 1601 2299 religiosa
1626 2245 1722 2285 vo-

126 2326 252 2370 tum
284 2316 632 2373 conscientite
679 2332 832 2373 mens
873 2316 1125 2375 laudibus
1168 2320 1360 2376 devota
1402 2320 1723 2392 pontificum

125 2408 370 2465 assertio
420 2409 624 2480 ingenii
662 2418 745 2465 est
787 2410 896 2465 Deo
943 2411 1365 2481 ohsequentibus
1417 2412 1728 2483 mancipare

129 2498 288 2569 quod
319 2497 610 2569 loquimur,
640 2499 693 2554 in
718 2515 948 2569 quorum
976 2502 1266 2570 prtecouiis
1296 2500 1437 2558 forte
1461 2510 1723 2573 angustus

139 2604 333 2646 sermo
388 2590 667 2662 prtefulget
717 2590 1046 2663 imperitiam
1081 2591 1412 2659 manifestat,
1444 2600 1627 2651 tamen
1676 2592 1724 2650 si

128 2683 478 2738 abstineatur
531 2683 754 2739 infantia
812 2685 937 2755 quis
1002 2686 1308 2742 mendicam
1355 2687 1724 2742 narrationem

127 2773 374 2830 mstimet
397 2790 560 2845 quam
588 2781 708 2831 vota
729 2773 1092 2846 locupletant?
1108 2776 1261 2848 Stepe
1283 2776 1616 2834 infacundite
1638 2778 1728 2835 do.

132 2865 285 2919 tibus
301 2878 504 2935 pauper
533 2865 805 2921 invenitur
821 2880 958 2940 vena
980 2867 1347 2938 pmdicantis,
1378 2876 1434 2923 et
1457 2883 1489 2924 e
1513 2869 1728 2928 diverso

134 2953 433 3010 thesaurus
460 2954 643 3010 cordis
665 2954 891 3010 irradiat
918 2956 972 3011 in
998 2966 1242 3028 egestate
1270 2959 1580 3015 verborum.
1624 2958 1726 3028 Qui

130 3045 259 3100 vice
292 3045 387 3101 Dei
433 3045 643 3115 iudicat
680 3062 785 3103 non
815 3047 1090 3105 desiderat
1139 3051 1286 3120 picta
1329 3051 1585 3122 alloquia,
1632 3055 1729 3109 sed

132 3154 263 3209 quae
290 3140 565 3197 iufucatus
596 3142 943 3198 commendat
971 3143 1115 3198 nitor
1140 3144 1362 3216 ingenii,
1394 3145 1521 3215 quia
1569 3145 1621 3199 in
1645 3128 1730 3200 llis

130 3230 301 3286 etiam
328 3232 446 3286 sine
472 3247 658 3289 amore
684 3231 959 3288 blanditur
984 3233 1291 3304 eloquentia
1322 3236 1375 3289 in
1420 3234 1526 3291 illis
1551 3235 1730 3306 splen-

131 3320 324 3378 dorem
349 3336 506 3377 suum
526 3322 737 3377 veritas.
765 3322 905 3376 nuda
937 3324 1302 3379 commendat.
1338 3323 1466 3380 Sive
1493 3323 1725 3392 falleris,

140 3422 230 3471 est
256 3430 419 3470 omne
456 3415 600 3485 quod
627 3416 798 3471 dictat
825 3414 1042 3471 affectio
1070 3417 1139 3472 ad
1168 3433 1399 3489 unguem
1430 3417 1731 3475 fabricatur

143 3506 235 3561 illa
278 3521 400 3576 qua:
451 3506 702 3563 volumus
735 3523 843 3564 non
897 3515 1006 3562 tam
1049 3509 1286 3579 speciem
1339 3510 1475 3565 tecti
1526 3511 1730 3567 habere

137 3610 304 3662 quam
354 3595 783 3652 similitudinem.
812 3597 895 3653 Ad
936 3609 1008 3664 te,
1037 3598 1367 3679 venerabilis
1409 3600 1542 3656 mihi
1582 3602 1727 3657 auti—

139 3694 278 3751 stes,
307 3688 544 3744 maxime
558 3703 737 3744 sermo
761 3699 845 3745 est
866 3692 953 3745 cui
982 3692 1377 3748 immeritorum
1411 3694 1726 3751 testimonio

143 3776 316 3832 virtus
337 3778 479 3849 cepit
504 3780 771 3835 vocabulo
802 3782 854 3835 in
875 3797 985 3851 quo
1008 3795 1161 3839 actus
1187 3783 1460 3855 eloquitur
1475 3785 1561 3840 vel
1579 3786 1726 3857 quod

141 3869 232 3938 qui
281 3884 478 3926 nomen
534 3872 789 3942 appellat.
842 3872 1073 3929 Provida
1118 3886 1399 3945 parentum
1453 3877 1727 3949 dilg-ntia

140 3968 376 4026 tuorum,
400 3962 550 4032 prius
582 3971 632 4018 te
661 3962 783 4033 eligi
814 3963 983 4018 voluit
1005 3981 1166 4034 quam
1195 3967 1437 4036 probari.
1473 3968 1563 4025 Te
1586 3968 1718 4024 olim

141 4051 488 4125 stecularibus
538 4052 888 4110 iuhmreutem
938 4054 1110 4110 titulis
1190 4059 1488 4113 castrensis
1560 4059 1729 4114 sudor

139 4143 394 4200 excoluit.
436 4144 503 4199 Et
546 4145 618 4215 ad
658 4145 917 4201 Ecclesia:
959 4147 1321 4217 gubernacula
1358 4163 1485 4217 pars
1533 4150 1724 4204 adver-

140 4249 199 4290 sa
229 4232 504 4300 solidavit,
533 4234 674 4289 sicut
697 4233 963 4291 Dominus
992 4235 1229 4305 loquitur
1251 4252 1347 4307 per
1374 4238 1722 4308 prophetam:

149 4342 170 4377 (
205 4323 306 4392 Qui
336 4324 389 4378 in
415 4323 639 4380 minimo
667 4323 862 4392 ﬁdelis,
887 4333 943 4382 et
973 4326 1024 4380 in
1041 4340 1236 4401 magno
1263 4325 1434 4383 ﬁdelis
1458 4336 1543 4382 est
1565 4326 1720 4397 (Luc.

141 4412 398 4485 uniti).
430 4433 449 4466 ›
483 4413 560 4470 'l‘e
584 4414 988 4485 sacrumjudex
1013 4425 1068 4472 et
1090 4417 1305 4473 consilii
1332 4418 1584 4473 comitem
1609 4434 1722 4474 me-

134 4505 247 4560 ruit
272 4514 330 4559 et
356 4504 573 4561 laboris.
610 4506 757 4563 Bene
788 4506 1085 4565 initiandus
1115 4508 1379 4565 altaribus
1412 4517 1467 4565 et
1497 4510 1550 4564 iu
1581 4509 1716 4565 laiea

133 4596 547 4651 conversatione
573 4596 717 4667 quod
745 4610 960 4653 sacrum
982 4606 1126 4655 esset
1145 4599 1378 4669 elegisti.
1404 4599 1483 4655 Tu
1518 4601 1725 4670 pudici-

138 4684 227 4741 tia:
255 4684 309 4739 in
339 4684 428 4741 illa
466 4692 628 4745 aetate
659 4699 842 4746 custos
892 4689 1143 4747 inventus
1168 4707 1247 4748 es.
1282 4692 1337 4747 ln
1397 4708 1504 4763 qua
1543 4705 1597 4748 et
1638 4693 1725 4751 lex

137 4778 464 4849 obsequitur
492 4779 799 4838 desideriis.
832 4780 978 4837 Satis
1003 4793 1088 4840 est
1108 4784 1251 4839 enim
1282 4787 1531 4856 pueritia:
1558 4788 1727 4843 ambi-

141 4879 275 4933 tum,
307 4886 471 4940 quam
519 4871 735 4928 licentia
780 4872 937 4930 fulcit
978 4875 1215 4942 horreri,
1245 4877 1498 4933 Christus
1527 4878 1726 4934 milites

138 4974 272 5015 suos
307 4976 445 5031 quos
487 4962 541 5017 in
571 4978 856 5033 personam
898 4965 1073 5021 dulcis
1106 4966 1318 5022 attollat
1361 4968 1505 5025 inter
1544 4969 1724 5035 acies,

139 5050 333 5121 quaerit
365 5053 606 5108 hostiles.
637 5053 854 5111 Ascitus
880 5055 1134 5113 Ecclesia:
1160 5058 1473 5129 pontiﬁcem
1512 5062 1725 5118 actibus

142 5144 373 5215 implesti
409 5157 534 5203 ante
565 5159 807 5218 tempora
840 5150 1137 5225 dignitatis.
1179 5152 1296 5210 Non
1337 5156 1543 5212 advena
1572 5158 1727 5212 heni-

142 5235 319 5306 gnitas
345 5235 444 5293 fuit
466 5254 586 5309 quze
608 5250 813 5297 natura:
840 5242 1021 5299 innixa
1049 5245 1324 5303 radicibus
1339 5247 1412 5302 de
1432 5263 1570 5304 cano
1594 5247 1727 5306 flore

145 5347 364 5401 germen
401 5334 656 5389 ostendit.
696 5335 1017 5406 Temporale
1055 5339 1202 5393 enim
1247 5348 1331 5394 est
1372 5355 1535 5396 omne
1578 5343 1722 5412 quod

144 5422 383 5496 ﬁngitur,
431 5436 749 5498 perpetuum
799 5431 944 5503 quod
996 5445 1117 5487 cmn
1160 5440 1321 5488 :etate
1374 5437 1717 5492 maturescit.

143 5513 258 5574 Non
306 5518 417 5597 tibi.
453 5521 816 5579 sacerdotium
865 5536 979 5577 rem
1010 5521 1136 5577 doni
1169 5525 1442 5581 credimus
1476 5528 1726 5585 evenisse

144 5608 236 5664 sed
260 5609 486 5678 praemii.
511 5610 616 5666 Alii
643 5611 849 5683 vulgari
871 5612 1046 5684 gratia
1077 5612 1423 5672 lenocinante
1446 5632 1725 5675 commen-

146 5697 363 5765 dantur,
388 5698 483 5755 tibi
517 5700 687 5773 rigida
718 5701 867 5757 circa
907 5701 1208 5773 culpabiles
1250 5703 1522 5763 districtio
1569 5707 1724 5766 dedit

148 5788 415 5847 aﬂcctum.
460 5791 637 5849 Manet
674 5802 725 5848 te
761 5792 1052 5863 singularis
1090 5794 1381 5865 sapientia,
1431 5813 1547 5857 uuae
1595 5797 1721 5857 licet

1829 1489 2021 1543 invitat
2042 1490 2109 1543 ad
2130 1491 2517 1557 innocentiam,
2545 1493 2635 1562 qui
2669 1492 2812 1547 illam
2836 1491 2997 1547 fuerit
3021 1493 3135 1563 ipse
3150 1502 3413 1549 sectatus.

1828 1579 1906 1635 Te
1937 1581 2080 1636 inter
2106 1589 2317 1636 secreta
2348 1582 2705 1654 penetralium
2738 1597 2843 1653 quo
2872 1582 2915 1638 si
2947 1592 3136 1639 testem
3167 1591 3415 1638 metuunt

1827 1671 1919 1741 qui
1951 1686 2176 1743 peccare
2202 1672 2516 1743 disponunt.
2555 1669 2915 1729 Nascentibus
2942 1673 3114 1744 culpis
3141 1682 3339 1738 metus,
3363 1679 3420 1727 et

1831 1762 2136 1818 reverentia
2167 1770 2256 1817 tua
2280 1771 2441 1834 negat
2468 1761 2741 1819 effectum.
2776 1762 2878 1831 Qui
2907 1764 3049 1819 in‘er
3079 1764 3301 1819 exordia
3325 1778 3415 1820 oc-

1759 1833 1810 1896 B
1834 1855 2007 1913 currit
2031 1856 2202 1923 vitiis,
2230 1865 2285 1912 et
2313 1852 2654 1913 occasionem
2687 1856 2933 1930 lapsuum
2964 1858 3174 1923 adimit,
3197 1865 3252 1912 et
3282 1872 3414 1913 con-

1829 1946 2181 2016 cupiscentia:
2212 1956 2401 2019 purgat
2435 1956 2739 2013 auctorem,
2772 1949 2889 2003 haec
2939 1946 3257 2003 beatitudini
3314 1955 3418 2003 tuae

1827 2036 1983 2107 quasi
2023 2037 2255 2093 strictim
2294 2053 2391 2109 pro
2421 2038 2620 2110 lingua:
2663 2054 2796 2094 mete
2822 2039 3292 2095 commendatione
3317 2037 3412 2092 de-

1829 2127 2025 2192 dicavi,
2053 2128 2099 2182 si
2129 2129 2379 2198 precibus
2400 2129 2523 2183 vitae
2547 2128 2833 2184 sueccssus
2869 2128 3116 2184 arriserit
3138 2137 3415 2197 gestorum

1832 2226 2050 2272 tuorum
2088 2218 2244 2288 plena
2277 2234 2363 2273 mc
2388 2218 2650 2276 relatione
2679 2221 3033 2283 consecrabo,
3059 2228 3118 2273 ut
3143 2233 3264 2289 quce
3293 2218 3415 2272 uni-

1829 2307 2002 2362 versis
2022 2317 2151 2362 nota
2180 2316 2307 2362 sunt
2337 2310 2612 2363 mansuris
2642 2310 2695 2363 in
2731 2319 3009 2380 posterum
3041 2309 3238 2363 litteris
3281 2322 3419 2379 qua-

1834 2406 1991 2453 tenus
2020 2398 2252 2469 gaudeat
2284 2407 2403 2452 acta
2434 2408 2684 2453 secutura
2713 2409 3018 2456 serventur.

1852 2504 1853 2507 ‘
1935 2487 2071 2543 Item
2102 2487 2322 2559 epistola
2353 2488 2586 2558 ejusdem
2614 2491 2683 2544 ad
2713 2489 2975 2545 Liberium
3005 2491 3303 2561 patricium.

1902 2577 2263 2650 Symmachus
2305 2579 2593 2651 episcopus
2640 2579 2895 2636 Ecclesiae
2936 2580 3218 2637 catholicae
3266 2580 3417 2635 urbis

1830 2669 2016 2725 Roma:
2037 2669 2253 2725 Liberio
2296 2670 2527 2741 patricio
2547 2669 2798 2725 salutem.
2826 2670 2959 2724 Cum
2983 2686 3082 2740 pro
3106 2669 3414 2725 veneranda

1833 2760 2096 2832 religione
2139 2759 2488 2815 conscientia:
2512 2760 2679 2816 verba
2703 2760 2935 2831 dirigitis
2962 2762 3015 2815 in
3054 2759 3420 2831 Aquileiensis

1833 2851 2099 2908 electione
2139 2850 2413 2922 pontificis
2434 2858 2489 2906 et
2516 2850 2713 2906 divinis
2740 2851 2951 2905 initiata
2975 2850 3153 2922 lingua
3182 2848 3425 2906 cultibus

1833 2945 2030 3000 militat
2058 2944 2433 3001 consecrando
2473 2943 2526 2998 in
2572 2944 2740 3014 ignoti
2772 2958 2870 2998 nos
2899 2941 3176 3014 diligentia
3203 2954 3413 2996 sermo-

1833 3052 1963 3092 num
1991 3036 2205 3091 vincula
2236 3044 2556 3102 tenuerunt,
2597 3036 2724 3106 quia
2770 3034 2903 3089 nihil
2944 3042 3165 3105 superat
3193 3032 3417 3099 divitiis,

1834 3128 2048 3198 quoties
2077 3127 2282 3197 aliquid
2318 3126 2579 3197 probatus
2607 3124 2882 3181 extulerit.
2926 3124 3067 3190 Quid
3108 3123 3252 3178 enim
3287 3137 3420 3177 sen-

1757 3191 1802 3253 C
1838 3191 2019 3277 lentiae
2042 3191 2355 3291 sequacium
2392 3218 2735 3288 derelinquat
2758 3217 2976 3288 quando
3003 3215 3227 3284 iustitiae
3255 3214 3418 3269 obse-

1757 4557 1799 4615 Ι)

1833 3314 2040 3384 quitur,
2066 3312 2222 3383 cujus
2244 3312 2296 3365 in
2325 3326 2552 3368 examen
2579 3308 2822 3365 definitio
2844 3323 2948 3363 non
2971 3316 3216 3363 vocatur.
3244 3304 3423 3377 Agitis

1836 3406 1980 3462 bono
2014 3404 2364 3461 conscientia
2396 3404 2542 3473 quod
2569 3411 2755 3458 vestro
2790 3402 2877 3456 vix
2908 3410 3138 3472 negatur
3166 3396 3415 3468 imperio.

1831 3499 2011 3556 Exivit
2047 3498 2188 3554 inter
2216 3497 2450 3552 arbitros
2482 3495 2776 3552 Marcellini
2814 3493 3140 3551 venerabilis
3183 3491 3422 3563 collega,

1832 3593 2099 3648 maximus
2143 3591 2421 3646 hominum
2454 3589 2757 3644 humilitate
2797 3587 3104 3647 sublimior.
3129 3597 3183 3641 et
3214 3599 3281 3638 ne
3315 3597 3414 3653 po-

1838 3684 2020 3739 testati
2070 3682 2225 3737 favor
2267 3695 2366 3751 pro
2397 3680 2606 3750 aliquos
2654 3680 3020 3735 ascriberetur
3071 3679 3419 3749 interpretes,

1829 3776 1972 3846 quod
2001 3774 2068 3828 de
2106 3773 2325 3844 proprio
2351 3772 2621 3842 decerpsit
2650 3772 2885 3843 ingenio,
2921 3771 3121 3825 laudati
3148 3770 3333 3841 junxit'
3350 3768 3418 3823 ad

1829 3867 2082 3938 pretium.
2112 3866 2315 3935 Egistis
2358 3866 2704 3928 mediocrem,
2728 3880 2795 3918 ne
2815 3863 3058 3935 prterelsi
3074 3871 3218 3932 esset
3238 3876 3420 3917 susce-

1827 3968 1915 4029 pta
1948 3958 2282 4028 praedicatio,
2317 3956 2744 4012 clarissimorum
2794 3955 3106 4011 testimonia
3159 3963 3219 4009 ut
3272 3953 3431 4009 vires.

1829 4049 2101 4119 accipiant
2123 4047 2360 4102 culmina
2389 4048 2746 4119 castigantur,
2782 4046 2909 4102 felix
2932 4047 3301 4103 sacerdotium
3324 4046 3413 4101 cui

1828 4139 2022 4194 faciem
2052 4140 2288 4209 prmtulit
2320 4139 2479 4209 plena
2521 4155 2672 4195 meus
2718 4139 2957 4195 luminis.
2988 4141 3151 4195 Beata
3183 4150 3417 4194 conver-

1828 4231 1990 4295 satio,
2018 4247 2139 4300 qua:
2172 4231 2373 4285 idcirco
2405 4232 2457 4284 in
2490 4231 2878 4285 discussiouem
2926 4232 3157 4286 deducta
3207 4240 3324 4295 est,
3357 4238 3418 4285 ut

1829 4330 1978 4376 tanto
2007 4321 2125 4375 viro
2156 4320 2486 4375 affabulante
2511 4330 2812 4391 superaret.
2852 4322 2982 4390 Quae
3008 4339 3112 4379 non
3138 4322 3417 4378 didicisset

1825 4425 2074 4483 saporem
2108 4413 2368 4477 victoriae,
2398 4412 2499 4466 nisi
2531 4413 2891 4483 suhjacuisset
2921 4414 3162 4469 incertis.
3186 4415 3416 4483 Semper

1829 4505 2208 4560 ininicentihus
2250 4504 2479 4577 gloriam
2530 4506 2757 4562 adversa
2787 4516 3133 4577 pepererunt,
3168 4501 3416 4576 providet

1828 4593 2140 4652 defensores
2191 4594 2519 4652 fortissimos
2564 4597 2855 4652 mediocris
2907 4598 3262 4666 impugnatio.
3304 4596 3415 4652 Sed

1826 4688 1953 4761 quid
1984 4689 2224 4760 epistola:
2256 4691 2517 4745 terminos
2549 4690 2875 4761 loquacitate
2905 4689 3154 4759 produxi,
3193 4697 3416 4744 coactas

1828 4779 1944 4850 lege
1970 4779 2192 4850 paginas
2223 4779 2274 4834 in
2303 4780 2537 4834 humana
2570 4776 2989 4835 concinuatione
3015 4786 3410 4850 transgressus.

1827 4867 2001 4939 .lungo
2030 4878 2086 4924 et
2115 4884 2214 4940 ego
2254 4869 2606 4940 amplissimis
2636 4870 2888 4939 partibus
2917 4884 3015 4940 pro
3045 4868 3263 4923 modulo
3293 4868 3415 4923 exi-

1831 4963 2054 5034 guitatis
2085 4962 2302 5033 proprie
2334 4962 2487 5017 vobis
2524 4963 2664 5017 coelo
2688 4961 3023 5031 obsequente
3059 4975 3409 5028 consensum,

1836 5055 2059 5125 etquod
2102 5054 2344 5110 mirabile
2392 5054 2534 5108 inter
2571 5054 2818 5109 homines
2844 5054 3416 5109 hahcturconsidera-

1842 5147 1985 5203 tione
2008 5146 2176 5202 vestri
2190 5147 2450 5201 attrahor
2472 5146 2536 5200 ad
2565 5158 2805 5223 amorem
2828 5188 2841 5213 ,
2868 5147 3126 5217 inspirata
3159 5145 3287 5200 mihi
3315 5159 3433 5215 per:

1834 5240 2065 5295 alterum
2101 5239 2317 5311 placere
2363 5236 2601 5302 affectio,
2631 5239 2755 5292 dum
2795 5246 2974 5293 manet
3014 5239 3254 5293 Charitas
3292 5236 3425 5291 imis

1834 5329 2039 5386 inserta
2073 5331 2408 5395 visceribus,
2452 5330 2841 5401 peregrinante
2887 5344 3116 5400 persona
3158 5327 3415 5384 comitem

1832 5438 1891 5479 se
1938 5430 2119 5477 tamen
2165 5420 2406 5477 cmlestis
2446 5421 2622 5492 gratia
2648 5420 2932 5477 desideriis
2970 5417 3180 5490 jungat,
3198 5417 3414 5475 erdem

1831 5516 2042 5587 cupitis
2070 5515 2232 5570 datur
2280 5513 2523 5581 affectus,
2574 5523 2683 5568 aut.
2712 5515 2895 5568 veniat
2938 5512 3139 5568 bonum
3194 5509 3415 5580 pontiﬁz-

1830 5618 1987 5663 catus
2058 5617 2154 5663 aut
2209 5606 2391 5663 faciat.
2464 5608 2600 5662 Data
2643 5621 2773 5662 xviii
2820 5604 3047 5660 Kalend.
3113 5604 3233 5671 die,
3281 5602 3417 5657 iudi-

1830 5700 2010 5757 ctione
2036 5714 2156 5755 vui.
