3974 6428
1357 351 1647 408 APPEND.
1682 352 1775 407 AD
1798 350 1970 408 S/EC.
2023 350 2112 406 IX.
2144 381 2213 390 —
2245 350 2499 408 lSlDORl
2534 353 2978 410 MEBCATORTS

3672 479 3779 494 σε...

1003 618 1637 713 INCIPIUNT
1708 614 2243 716 DECRETA
2310 616 2976 713 HORMISDE
3051 618 3426 716 PAPIE.

2024 812 2318 835 mil——

624 963 675 1022 1.
704 967 976 1022 Adversus
998 964 1231 1020 Nestorii
1265 971 1320 1017 et
1350 962 1651 1017 Eutichctis
1677 958 2059 1031 blasphemias.

621 1070 676 1124 2.
707 1069 783 1126 De
813 1069 1075 1142 mysterio
1096 1068 1405 1134 Trinitatis,
1428 1067 1556 1137 quid
1578 1082 1846 1136 personae,
1872 1064 2002 1135 quid
2034 1064 2129 1119 de-

552 1166 771 1235 signent
801 1165 1138 1227 substantiae.

620 1264 675 1321 3.
715 1265 792 1321 De
863 1265 1145 1322 divinitate
1196 1274 1252 1321 et
1326 1265 1662 1327 humanitate
1732 1263 1946 1322 Domini
2003 1261 2131 1319 Jesu

549 1356 772 1417 Christi.

620 1450 1028 1508 Gloriosissimo
1067 1460 1230 1520 atque
1265 1451 1695 1507 clementissimo
1737 1450 1847 1505 lilio
1884 1449 2127 1514 .lusrtao,

550 1544 828 1606 Aucusro,
864 1543 1141 1604 llonntsna
1174 1543 1479 1613 cpiscopus.

619 1633 766 1688 lnter
791 1648 851 1688 ea
879 1648 999 1702 qua:
1017 1634 1083 1688 ad
1115 1635 1377 1688 unitatem
1416 1633 1667 1688 Ecclesia:
1696 1638 1987 1704 pertinent,
2008 1646 2131 1702 pro-

547 1727 840 1797 pterquam
868 1727 1011 1783 Deus
1036 1727 1337 1785 clementia:
1353 1735 1546 1783 vestra:
1565 1726 1725 1798 elegit
1745 1726 2053 1796 imperium,
2075 1726 2130 1780 in

548 1821 742 1881 litteris
764 1820 1092 1886 contulistis,
1119 1819 1223 1874 hoc
1250 1834 1463 1891 quoque
1490 1819 1813 1880 venerabilis
1840 1819 2131 1888 imperator

544 1928 675 1968 cura
695 1912 818 1968 ﬁdei
840 1913 925 1968 cui
950 1911 1319 1983 multipliciter
1335 1927 1427 1967 vos
1443 1913 1659 1967 studere
1673 1910 2011 1975 declarastis,
2037 1907 2129 1962 ad-

538 2001 566 2075 j.
583 2001 691 2066 'cit,
720 2012 779 2060 ut
822 2001 1122 2072 aliquorum
1147 2016 1338 2071 preces
1360 2000 1696 2071 perferenda:
1724 2002 1791 2057 ad
1810 1996 2131 2057 hﬁmilitatis

545 2114 677 2153 meae
693 2106 785 2151 not
809 2097 937 2150 tiam
947 2094 1307 2165 iungerentur
1326 2112 1343 2161 ;
1367 2095 1560 2164 quibus
1575 2095 1655 2150 vel
1672 2095 1800 2166 quid
1813 2092 2129 2165 qumstionis

541 2192 778 2246 oriretur
795 2204 1147 2260 agnoscerem
1164 2230 1182 2254 ,
1196 2188 1284 2243 vel
1301 2189 1367 2244 ad
1386 2188 1814 2244 submovendum
1837 2187 2128 2258 propositae

543 2281 962 2341 censultationis
985 2280 1298 2350 ambiguum
1330 2293 1649 2349 responsum
1679 2293 1712 2337 a
1742 2292 1834 2332 me
1861 2277 2127 2347 religiosae

541 2376 821 2431 sententiae
851 2374 1183 2430 conveniens
1208 2372 1544 2435 redderetur,
1577 2371 1685 2441 legi
1717 2370 1899 2428 omnia
1927 2368 2126 2424 solliei-

542 2466 726 2529 tudine
755 2481 916 2535 quam
939 2465 1162 2521 decebat
1187 2481 1202 2530 ;
1236 2472 1289 2519 ct
1318 2462 1444 2518 licet
1468 2462 1534 2517 ad
1565 2460 1807 2533 responsi
1838 2459 2129 2529 plenitudi-

542 2573 665 2613 uem
692 2555 939 2611 sufficere
961 2556 1243 2626 potuisset,
1273 2556 1318 2611 si
1349 2554 1438 2610 illa
1472 2562 1679 2609 tantum
1705 2568 1828 2623 quae
1848 2551 1915 2606 ab
1940 2558 2128 2606 aucto-

541 2649 691 2705 ribus
739 2656 867 2703 sunt
917 2648 1140 2703 deﬁnita
1186 2648 1612 2712 subscriberem,
1659 2656 1862 2712 tamen,
1910 2656 1967 2702 ut
2001 2644 2128 2700 reli-

541 2738 677 2810 giosi
717 2737 978 2808 propositi
1029 2737 1198 2792 vestri
1249 2751 1660 2791 remunerarem
1691 2734 1967 2800 allectum,
2018 2751 2124 2795 non

541 2827 972 2883 subtrahendum
1006 2827 1212 2883 credidi
1260 2827 1393 2882 mihi
1424 2841 1642 2898 quoque
1667 2829 1937 2884 sermonis
1963 2828 2121 2884 obse-

543 2922 753 2991 quium-

562 3070 566 3075 ,
613 3013 743 3071 Car.
775 3013 813 3068 ι.
846 3013 985 3081 Quid
1017 3014 1160 3069 enim
1190 3023 1276 3072 est
1305 3014 1446 3085 quod
1470 3013 1869 3084 emergentibus
1892 3011 2123 3069 Nestorii

542 3116 599 3161 et
618 3105 916 3161 Eutichetis
932 3106 1153 3162 venenis
1178 3114 1402 3176 paterna
1425 3105 1610 3163 omisit
1636 3104 1960 3161 instructio?
1979 3103 2125 3165 Pene

541 3199 1052 3269 omnesimpictates
1077 3214 1201 3254 cum
1232 3197 1605 3255 inventoribus
1630 3205 1741 3253 tam
1765 3196 2121 3253 nefandorum

537 3289 854 3361 dogmatum
883 3292 1260 3347 convenientia
1297 3292 1350 3346 in
1390 3307 1554 3348 unum
1598 3290 1854 3362 synodica
1902 3289 2122 3345 decreta

540 3391 887 3452 presserunt,
922 3398 1022 3438 nec
1066 3381 1295 3438 ulterius
1341 3382 1603 3438 remansit
1649 3381 1799 3441 locus
1838 3380 1978 3441 ullus
2013 3389 2120 3435 tam

540 3474 676 3532 diris
724 3473 964 3544 perﬁdia:
1011 3473 1311 3530 seminibus
1358 3474 1670 3544 amputatis,
1707 3481 1802 3529 aut
1847 3473 2122 3532 Christum

541 3568 828 3623 Dominum
885 3568 1107 3623 credere
1145 3567 1264 3624 sine
1303 3568 1487 3627 carnis
1532 3567 1700 3625 fuisse
1749 3569 1997 3632 veritate,
2030 3576 2123 3622 aut

2162 961 2207 1020 Α
2240 965 2419 1010 tamen
2453 954 2572 1009 ﬁdei
2608 954 2865 1009 terminos
2911 963 3111 1019 servat,
3135 954 3361 1025 quilibet
3392 957 3659 1012 curiosus
3681 971 3834 1012 scru-

2238 1047 2646 1117 tatorinquirat.
2676 1045 2843 1117 258
2873 1045 2988 1102 Non
3009 1062 3145 1116 opus
3162 1046 3467 1116 adiectione
3509 1048 3714 1119 plebis,
3744 1061 3833 1104 aut

2235 1138 2592 1195 instructione
2606 1137 2879 1208 perfectis,
2905 1137 3008 1192 nisi
3037 1138 3174 1192 forte
3202 1137 3407 1191 mavult
3425 1138 3728 1207 quisquam
3742 1140 3833 1192 du-

2233 1226 2408 1283 hilare
2430 1243 2589 1297 quam
2605 1226 2848 1291 credere,
2863 1234 3075 1280 certare
3091 1240 3252 1296 quam
3278 1240 3462 1291 nosse,
3485 1226 3652 1295 sequi
3675 1226 3829 1282 dubia

2234 1337 2395 1392 quam
2434 1336 2655 1376 servare
2684 1320 2923 1375 decreta.

2302 1411 2364 1466 li.
2398 1408 2530 1466 Nam
2565 1410 2611 1464 si
2635 1409 2872 1463 Trinitas
2898 1408 3055 1470 Deus,
3086 1407 3190 1463 hoc
3211 1418 3312 1474 est,
3343 1407 3531 1473 Pater,
3564 1417 3616 1461 et
3648 1407 3829 1473 Filius,

2233 1510 2287 1559 et
2315 1500 2550 1571 Spiritus
2578 1508 2818 1555 sanctus.
2855 1498 2998 1553 Deus
3027 1506 3205 1552 autem
3234 1514 3372 1553 unus
3410 1497 3736 1568 specialiter
3759 1498 3835 1554 le-

2232 1593 2487 1665 gislatore
2517 1591 2728 1646 dicente
2754 1606 2765 1640 :
2799 1609 2817 1639 ι
2848 1587 3008 1653 Audi,
3034 1588 3217 1653 lsrael,
3248 1589 3513 1644 Dominus
3545 1590 3692 1645 Deus
3714 1600 3831 1645 tuus

2232 1697 2371 1738 unus
2397 1690 2478 1736 est
2521 1680 2801 1750 (Deut.vt,
2841 1678 2919 1748 5),
2955 1698 2973 1731 ι
3026 1678 3117 1748 qni
3165 1678 3322 1733 aliter
3367 1678 3563 1743 habet,
3613 1694 3831 1733 necesse

2230 1780 2336 1837 est,
2364 1780 2458 1825 aut
2491 1770 2827 1826 divinitatem
2871 1769 2924 1823 in
2949 1769 3113 1823 multa
3144 1770 3367 1834 dividat,
3394 1780 3493 1823 aut
3521 1770 3833 1839 specialiter

2231 1864 2537 1933 passionem
2568 1862 2666 1933 ipsi
2699 1860 2950 1916 essentia:
2980 1860 3263 1915 Trinitatis
3293 1860 3589 1931 impingat,
3615 1871 3670 1915 et
3693 1862 3830 1930 (ιιιοὰ

2232 1955 2374 2011 absit
2411 1970 2441 2008 a
2469 1953 2706 2009 ﬁdelium
2740 1951 3031 2016 mentibus,
3076 1951 3178 2006 hoc
3213 1961 3317 2013 est,
3361 1960 3455 2005 aut
3483 1951 3675 2022 plures
3705 1952 3830 2007 deos

2231 2061 2383 2102 more
2433 2043 2673 2117 profana:
2719 2042 3036 2115 gentilitatis
3081 2040 3355 2107 inducere,
3387 2042 3829 2097 autsensibilem

2229 2152 2445 2208 pinnam
2480 2137 2548 2191 ad
2593 2150 2712 2190 eam
2752 2142 3002 2188 naturam
3048 2148 3170 2203 quze
3216 2134 3389 2188 aliena
3432 2143 3515 2188 est
3566 2133 3636 2187 ab
3686 2134 3830 2189 omni

2233 2229 2487 2298 passione
2521 2225 2833 2282 transferre.
2867 2224 3047 2280 Unum
3089 2234 3171 2279 est
3214 2234 3401 2281 sancta
3427 2225 3699 2289 Trinitas,
3724 2241 3827 2280 non

2158 2328 2199 2387 Β
2230 2318 2620 2387 multiplicatur
2662 2331 2909 2381 numero,
2962 2331 3066 2371 nec
3121 2318 3314 2372 crescit
3360 2327 3687 2387 augmento,
3733 2332 3829 2373 nec

2232 2418 2408 2480 potest
2431 2419 2524 2463 aut
2555 2409 2907 2480 intelligentia
2947 2408 3332 2478 camprebendi
3359 2450 3373 2474 ,
3412 2418 3512 2463 aut
3545 2409 3651 2464 hoc
3682 2409 3830 2480 quod

2231 2500 2376 2555 Deus
2406 2509 2490 2555 est
2518 2499 2846 2555 discretione
2889 2497 3117 2570 seiungi.
3152 2498 3283 2566 Quis
3323 2514 3457 2571 ergo
3496 2500 3574 2554 illi
3616 2508 3829 2555 secreto

2229 2600 2447 2647 attenta:
2498 2589 3037 2661 impenetrabilisque‘
3074 2589 3414 2656 substantia,
3463 2591 3613 2660 quod
3652 2604 3831 2659 nequ

2229 2682 2340 2737 ulla
2381 2682 2674 2737 visibilium
2709 2680 2794 2735 vel
2831 2677 3178 2735 invisibilium
3224 2689 3605 2734 creaturarum
3649 2679 3831 2749 potuit

2229 2773 2553 2844 investigare
2598 2780 2791 2826 natura
2838 2769 3118 2842 profanam
3163 2770 3487 2826 divisionem
3519 2779 3700 2825 tentet
3748 2770 3831 2824 in-

2228 2878 2438 2937 gerere,
2478 2874 2532 2917 et
2556 2861 2723 2917 divini
2756 2861 2939 2917 arcani
2966 2860 3286 2932 mysterium
3314 2875 3578 2916 revocare
3608 2860 3682 2913 ad
3713 2859 3829 2914 cal-

2229 2954 2409 3009 culum
2440 2954 2607 3008 moris
2638 2952 2853 3007 humani
2876 2952 2899 3005 ?
2929 2951 3234 3006 Adoremus
3256 2951 3495 3016 Patrem,
3519 2960 3576 3005 et
3599 2951 3828 3016 Filium,

2228 3043 2567 3115 et‘Spirilum
2597 3052 2863 3107 sanctum,
2896 3041 3267 3097 indistinctam
3292 3042 3566 3107 distincte,
3609 3042 3829 3096 incom-

2227 3111 2646 3207 prehensibilem
2692 3145 2749 3189 et
2785 3132 3206 3188 inenarrabilem
3247 3131 3606 3187 substantiam
3637 3130 3827 3185 Trini-

2229 3225 2377 3291 tatis,
2408 3224 2497 3279 ubi
2529 3232 2584 3279 et
2614 3225 2659 3279 si
2688 3223 2922 3278 admittit
2954 3236 3240 3276 numerum
3267 3220 3408 3275 ratio
3435 3235 3828 3291 personarum,

2226 3317 2412 3371 unitas
2450 3324 2631 3370 tamen
2671 3329 2777 3368 non
2820 3312 3057 3368 admittit
3105 3312 3355 3368 essentia:
3392 3312 3824 3381 separationem.

2230 3406 2302 3461 Ita
2341 3415 2522 3462 tamen
2553 3413 2611 3460 ut
2645 3418 2926 3460 servemus
2956 3403 3151 3459 divina:
3182 3403 3399 3474 prepria
3440 3412 3673 3466 naturae,
3708 3417 3829 3457 ser-

2227 3514 2416 3553 vemus
2458 3497 2672 3567 propria
2701 3495 2991 3565 unicuique
3028 3509 3275 3564 personat
3303 3513 3316 3549 :
3347 3503 3406 3548 ut
3440 3509 3539 3549 nec
3566 3494 3829 3563 personis

2228 3587 2525 3644 divinitatis
2565 3585 2916 3667 singularitas
2954 3584 3269 3655 denegetur,
3303 3598 3404 3638 nec
3429 3582 3495 3638 ad
3521 3583 3826 3637 essemiam

540 3658 787 3717 eumdem
818 3674 929 3750 non
951 3666 1005 3715 et
1036 3660 1203 3715 Deum
1232 3668 1288 3714 et
1330 3658 1603 3714 hominem
1632 3658 1702 3713 de
1724 3657 1953 3713 materni
1981 3656 2119 3711 uteri
2150 3684 2195 3745 ρ
2231 3680 2334 3734 hoc
2358 3679 2501 3749 quod
2528 3686 2612 3734 est
2649 3656 2926 3750 {,mpr'ium
2968 3675 3247 3730 nominum
3288 3673 3675 3729 transferam...
3710 3673 3829 3728 ηδ,

538 3751 859 3805 intemerata
908 3748 1237 3806 fecunditate
1269 3750 1535 3821 prodiisse
1558 3789 1573 3816 ,
1604 3764 1730 3805 cum
1760 3748 1902 3805 alter
1929 3762 2121 3804 eorum

538 3840 1015 3910 dispensationem,
1041 3858 1146 3913 qua
1168 3841 1358 3897 salvati
1381 3857 1568 3898 sumus
1593 3840 1841 3913 negando
1861 3848 2123 3910 quantum

539 3934 598 3991 in
636 3934 751 4004 ipso
778 3942 862 3989 est
899 3934 1109 3990 irritam
1151 3934 1380 4000 faceret,
1407 3932 1546 3990 alter
1574 3933 1829 4003 opinione
1851 3930 2124 3986 contraria

537 4023 634 4081 sed
678 4024 956 4095 impietate
1003 4023 1272 4081 consimili
1327 4024 1380 4077 in
1427 4022 1622 4081 eodem
1673 4021 1903 4077 Domino
1934 4029 2125 4076 nostro

538 4118 667 4175 Jesu
699 4117 921 4175 Christo
956 4126 1282 4190 potestatem
1309 4116 1548 4174 divinam
1572 4132 1604 4172 a
1625 4131 1757 4171 vera
1787 4114 2126 4170 humanitate

538 4208 873 4275 secluderet;
919 4221 1093 4278 neque
1124 4207 1216 4264 ille
1263 4207 1582 4265 recordatus
1605 4245 1625 4273 ,
1646 4205 1772 4277 quia
1801 4204 2125 4275 palpandam

538 4313 760 4356 carnem
796 4314 951 4354 suam
978 4298 1226 4355 Christus
1253 4296 1590 4363 ostenderit,
1622 4310 1796 4367 neque
1826 4295 1916 4351 ille
1946 4295 2121 4352 Evan-

538 4374 662 4463 gelii
711 4406 920 4449 memor
962 4393 1188 4445 verbum
1218 4404 1437 4445 carnem
1470 4387 1675 4445 factum
1712 4402 1834 4443 esse
1875 4385 2121 4449 dicentis,

539 4485 625 4540 cui
650 4500 751 4540 vox
776 4483 988 4539 Domini
1016 4481 1392 4538 indeﬁcicnter
1414 4481 1670 4536 insonare
1695 4478 1978 4544 debuerat,
1999 4477 2125 4549 quia

538 4576 677 4631 dixit
704 4587 759 4631 et
784 4576 1003 4632 docuit:
1037 4594 1055 4628 ι
1085 4574 1255 4630 Nemo
1281 4574 1528 4628 ascendit
1566 4574 1619 4627 in
1646 4570 1865 4640 coelum,
1896 4570 1998 4628 nisi
2032 4573 2126 4641 qui

538 4669 607 4731 de
645 4669 783 4725 caelo
825 4668 1121 4730 descendit,
1169 4667 1311 4729 ﬁlius
1362 4667 1596 4722 hominis
1638 4668 1731 4737 qui
1774 4676 1859 4723 est
1890 4667 1948 4728 in
1986 4667 2126 4724 coelo

540 4754 724 4830 (Joan.
766 4777 852 4828 ιιι,
885 4762 994 4831 15).
1026 4780 1044 4814 ι
1075 4760 1230 4830 διερε
1268 4760 1382 4815 lucc
1410 4767 1466 4814 et
1493 4760 1678 4815 multis
1714 4760 2123 4832 precedentium

538 4861 663 4906 sunt
691 4851 1079 4922 comprehensa
1107 4852 1409 4907 sententiis.
1442 4850 1548 4907 Sed
1588 4865 1689 4906 nec
1713 4852 1997 4907 clementia
2032 4867 2124 4907 ve-

538 4952 675 5007 stra,
703 4943 828 4999 licet
870 4943 983 5012 jam
1015 4945 1157 5002 dicta
1195 4946 1324 5011 sint,
1365 4945 1642 5002 fastidiose
1671 4946 1871 5017 poterit
1897 4946 2123 5016 repetita

2229 3786 2393 3842 gnum
2433 3780 2519 3826 est
2556 3778 2755 3824 sanctae
2795 3777 2850 3823 et
2889 3766 3434 3838 ineomprehensibile
3490 3765 3826 3836 mysterium

2230 3860 2537 3917 Trinitatis.
2585 3861 2727 3915 Deus
2761 3861 2939 3925 Pater,
2992 3859 3136 3914 Deus
3172 3857 3363 3923 Filius,
3401 3856 3543 3912 Deus
3570 3855 3829 3926 Spiritus

2228 3964 2467 4020 sanctus,
2494 3953 2733 4009 Trinitas
2763 3952 3009 4009 indivisa.
3039 3952 3105 4007 Et
3136 3961 3316 4008 tamen
3346 3960 3528 4007 notum
3551 3960 3667 4017 est,
3695 3952 3829 4021 quia

2229 4046 2503 4119 proprium
2542 4055 2626 4102 est
2663 4044 2838 4101 Patris
2869 4054 2929 4099 ut
2958 4051 3247 4116 generaret
3270 4042 3485 4109 Filium,
3529 4045 3827 4114 proprium

2227 4137 2350 4202 Filii
2381 4136 2500 4204 Dei,
2528 4145 2585 4192 ut
2612 4152 2679 4192 ex
2705 4134 2868 4191 Patre
2911 4135 3060 4191 Patri
3096 4146 3411 4192 nasceretur
3434 4133 3661 4204 :equalis
3690 4151 3829 4205 pm-

2225 4227 2404 4298 prium
2429 4226 2661 4297 Spiritus
2682 4226 2877 4292 sancti,
2904 4235 2962 4281 ut
2990 4227 3057 4282 de
3077 4225 3240 4282 Patre
3267 4236 3325 4283 et
3342 4225 3477 4283 Filio
3493 4228 3835 4295 procederet

2227 4318 2331 4374 sub
2362 4333 2468 4373 una
2505 4317 2805 4374 substantia
2838 4318 3071 4373 deitatis.

2298 4407 2387 4464 ιιι.
2434 4407 2720 4480 Pmprium
2749 4423 2964 4479 quoque
2993 4408 3115 4465 Filii
3148 4409 3264 4478 Dei,
3291 4418 3353 4465 ut
3378 4410 3530 4481 juxta
3574 4408 3632 4464 id
3672 4411 3825 4479 quod

2226 4503 2488 4573 scriptum
2518 4512 2621 4566 est,
2654 4501 2706 4557 in
2737 4502 3047 4558 novissimis
3061 4503 3394 4573 temporibus
3422 4499 3661 4556 Verbum
3693 4517 3829 4557 care

2229 4592 2401 4657 ﬁeret,
2436 4602 2490 4647 et
2521 4592 2789 4647 habitaret
2822 4592 2873 4646 in
2905 4592 3078 4658 nobis,
3108 4593 3186 4647 ita
3216 4592 3356 4647 intra
3379 4591 3584 4647 viscera
3612 4600 3827 4646 sancte

2226 4682 2409 4738 Mariae
2457 4683 2685 4754 virginis
2732 4684 3013 4754 genitricis
3049 4684 3149 4739 Dei
3189 4684 3359 4739 unitis
3402 4683 3653 4752 utrisque
3704 4685 3826 4739 sine

2227 4774 2406 4845 aliqua
2440 4774 2759 4830 confusione
2799 4776 3031 4840 naturis,
3062 4781 3122 4829 ut
3149 4774 3241 4845 qui
3270 4784 3398 4829 ante
3429 4783 3681 4844 tempora
3706 4785 3827 4829 erat

2227 4868 2396 4922 Filius
2420 4867 2539 4932 Dei,
2563 4867 2714 4922 ﬁeret
2734 4866 2872 4921 ﬁlius
2901 4866 3155 4933 hominis,
3182 4876 3237 4921 et
3262 4875 3577 4921 nasceretur
3606 4868 3665 4920 in
3692 4878 3827 4921 teat-

2226 4977 2379 5035 pore,
2408 4960 2648 5017 hominis
2691 4960 2881 5016 matris
2910 4958 3125 5015 vulvam
3168 4976 3276 5014 non
3320 4960 3593 5029 aperiens,
3626 4968 3685 5014 et
3713 4961 3824 5013 vir-

540 5051 887 5108 cosnosccre.
916 5054 1017 5095 nec
1046 5038 1198 5094 nobis
1229 5040 1487 5110 pudorea
1517 5055 1637 5110 quae
1664 5049 1789 5095 ευιιι
1834 5057 1866 5095 a
1916 5040 2122 5111 tn‘aede-
2152 5043 2198 5101 D
2225 5054 2509 5125 ginitatem
2558 5052 2749 5108 matris
2787 5051 3006 5108 deitatis
3044 5051 3245 5106 virtute
3291 5066 3400 5106 non
3443 5050 3688 5106 solvens.
3732 5051 3821 5105 Di-

539 5129 848 5185 cessoribus
875 5132 1074 5187 nostris
1102 5133 1390 5203 praedicata
1420 5132 1718 5189 revolvere.
1750 5133 1934 5204 Neque
1974 5135 2115 5188 enim

539 5221 795 5293 possibile
828 5230 932 5288 est,
969 5231 1028 5277 ut
1056 5223 1127 5279 sit
1163 5225 1451 5281 diversitas
1478 5224 1878 5294 prmdicationis
1908 5225 1997 5282 ubi
2036 5236 2122 5282 εει

537 5332 645 5372 una
669 5317 842 5371 forma
883 5316 1157 5384 veritatis;
1193 5333 1294 5374 nec
1322 5319 1390 5374 ab
1421 5334 1479 5374 re
1500 5318 1833 5388 iudicabitur
1861 5320 2118 5387 alienum,

538 5409 585 5465 si
613 5425 737 5466 cum
769 5411 855 5466 his
885 5426 1007 5467 cum
1035 5412 1230 5481 quibus
1252 5412 1604 5468 convenimus
1626 5411 1730 5469 ﬁde
1759 5429 2123 5485 congruamus

537 5507 594 5557 et
638 5503 909 5575 dogmate.
950 5504 1323 5559 Revolvantur
1338 5504 1442 5575 piis
1475 5506 1902 5561 mansuetudinis
1928 5515 2122 5562 vestra:

539 5594 762 5653 auribus
777 5597 994 5651 decreta
1022 5596 1299 5667 synodica.
1320 5597 1386 5651 Et
1406 5595 1578 5653 beata:
1607 5614 1762 5669 papa:
1782 5598 1977 5654 Leonis
1993 5613 2119 5653 eon-
2178 5606 2187 5614 '

540 5686 811 5742 venientia
832 5702 1000 5743 sacra:
1026 5687 1145 5743 ﬁdei
1180 5689 1494 5745 constituta.
1525 5688 1729 5745 Eadem
1759 5688 2115 5746 invenietisiu

540 5776 648 5833 illis
673 5795 794 5849 quae
824 5781 1206 5838 reccnsueritis
1232 5782 1285 5837 in
1317 5782 1534 5837 nostris.
1565 5782 1705 5851 Quid
1727 5799 1859 5855 ergo
1887 5793 1973 5840 est
1998 5793 2119 5855 post

540 5867 690 5929 illum
720 5870 923 5934 fontem
952 5873 1192 5933 ﬁdelium
1220 5878 1608 5935 statuendum?
1647 5876 1784 5953 Quid
1823 5878 2050 5952 amplius
2072 5880 2118 5937 si

2225 5161 2389 5216 gnum
2416 5144 2573 5214 plane
2588 5144 2696 5199 Deo
2719 5152 2977 5199 nascente
2998 5143 3332 5215 mysterium,
3357 5153 3416 5197 ut
3437 5153 3689 5198 servaret
3708 5158 3824 5213 par-

2230 5248 2340 5294 tum
2371 5239 2488 5294 sine
2516 5237 2886 5310 corruptione,
2917 5236 3008 5308 qui
3049 5244 3369 5305 conceptum
3398 5234 3530 5290 fecit
3557 5249 3684 5291 esse
3712 5237 3823 5291 sine

2229 5332 2434 5388 semine
2475 5346 2699 5411 servans
2727 5330 2872 5400 quod
2901 5345 2967 5384 ex
3002 5328 3164 5384 Patre
3193 5337 3315 5385 erat
3343 5338 3398 5384 et
3424 5340 3821 5401 repraesentans

2229 5424 2374 5494 quod
2401 5438 2468 5478 ex
2497 5432 2672 5478 matre
2698 5421 2955 5491 suscepit.
2990 5419 3122 5475 Nam
3147 5421 3337 5491 jacens
3369 5421 3427 5474 in
3448 5421 3721 5491 praesepio
3746 5420 3820 5474 ιὶ-

2230 5510 2460 5565 debatur
2491 5511 2544 5565 in
2577 5509 2746 5575 cmlo;
2773 5508 3027 5563 involutis
3055 5509 3251 5580 pannis
3280 5508 3539 5563 adoratur
3567 5524 3599 5581 ξι
3630 5510 3819 5579 magis,

2229 5601 2372 5657 inter
2413 5602 2667 5657 animalia
2715 5600 2896 5656 editus
2926 5601 2993 5657 ab
3018 5600 3227 5670 angelis
3271 5601 3576 5667 nuntiatur,
3607 5603 3700 5656 vix
3742 5601 3819 5655 in-

2226 5710 2444 5768 gressus
2482 5696 2766 5752 infantiam
2804 5698 3139 5754 annuntians
3177 5698 3463 5770 mysticam
3500 5698 3624 5753 sine
3669 5699 3816 5759 insti-

2229 5798 2415 5846 tuente
2450 5790 2753 5847 doctrinam
2781 5806 2795 5855 ;
2824 5790 2965 5845 inter
3001 5790 3307 5847 rudimenta
3344 5804 3618 5846 annorum
3645 5788 3814 5862 pueri-

2226 5878 2357 5937 liunt
2398 5881 2563 5940 edens
2614 5880 2920 5947 caelestium
2968 5881 3124 5960 signa
3171 5882 3452 5937 virtutum.
3482 5880 3632 5939 Idem
3678 5880 3817 5947 enim

3460 6421 3508 6428 ——.
3576 6421 3606 6426 ~—
3684 6422 3714 6426 ἡ
3780 6419 3924 6428 ~—
