3974 6432
852 323 860 328 ·
873 325 961 335 ἰτα--

182 372 322 430 1037
1381 362 1872 426 DECRETALIUM
1908 358 2312 420 COLLECTIO.
3300 350 3438 406 i038

180 494 328 549 Deus
382 498 438 549 et
483 488 646 544 homo
688 501 798 544 non
846 492 906 543 ut
947 487 1018 542 ab
1068 483 1372 543 inﬁdelibus
1416 484 1617 540 dicitur
1660 480 1761 537 sub
1786 482 1834 541 Α
1863 477 2112 534 manibus
2132 474 2312 531 omnia
2340 472 2466 540 sint,
2495 478 2551 529 et
2578 466 2834 543 synodica
2870 465 3181 529 constituta,
3213 470 3269 520 et
3289 463 3435 521 beati

173 590 378 654 quarta
414 577 817 636 iutroductione
864 591 1130 647 personae,
1175 575 1270 632 sed
1320 575 1434 646 ipse
1462 573 1556 628 Dei
1591 570 1762 626 Filius
1860 583 2012 638 papa:
2052 564 2249 622 Leonis
2293 563 2569 635 dogmata,
2617 557 3022 654 perstrimtisse,
3049 554 3230 654 potius
3271 567 3438 654 pauca

178 644 328 729 Deus
361 681 416 727 et
449 673 611 728 homo
640 670 782 725 idem
811 644 984 723 virtus
1027 677 1082 724 et
1113 644 1420 732 inﬁrmitas,
1465 663 1758 728 humilitas,
1859 675 2021 730 quam
2048 657 2297 714 evolvere
2325 653 2529 711 credidi
2554 650 2962 709 convenientius
2991 647 3265 703 universa.
3291 644 3444 700 Nunc

174 772 239 818 et
267 760 541 830 maiestas,
570 758 864 823 redimens,
890 764 947 813 et
968 755 1236 822 venditus,
1262 756 1314 810 in
1344 768 1504 810 cruce
1535 753 1760 824 positus,
1862 767 1992 809 vero
2034 763 2330 822 agnoscere
2371 746 2504 803 satis
2538 754 2624 802 est
2656 752 2714 799 et
2743 755 2958 807 cavere,
3009 740 3085 794 ita
3115 736 3447 830 proprietate

173 862 239 910 et
267 828 390 909 cmli
417 866 583 923 regna
620 849 866 920 largitus.
900 847 978 902 ita
1005 857 1204 903 nostrae
1244 845 1572 902 inﬁrmitatis
1592 842 1764 914 parti-
1862 853 1918 900 et
1944 840 2238 899 essentiam
2283 837 2623 929 cegitandam
2660 843 2720 890 ut
2760 834 2969 929 sciatur
2998 828 3142 929 quod
3180 840 3445 929 personae,

179 957 315 1013 ceps
343 952 402 996 ut
447 919 622 1012 possit
654 919 914 1004 interimi,
965 935 1040 992 ita
1088 936 1337 1008 ingenitae
1380 933 1633 1005 potentiae
1661 931 1767 986 Do-
1864 933 2006 1005 quod
2032 945 2132 988 nos
2159 936 2410 1001 oporteat
2459 924 2675 983 deferre
2703 922 3042 982 substantiaz.
3089 919 3221 1013 Quae
3245 919 3338 1013 qui
3367 919 3452 970 in—

180 1009 367 1087 minus
394 1009 466 1085 ne
484 1028 656 1100 possit
693 1036 870 1083 morte
908 1027 1174 1083 consumi.
1208 1025 1462 1096 Sepultus
1487 1032 1572 1081 est
1608 1024 1766 1095 juxta
1865 1027 2121 1083 decenter
2149 1024 2419 1095 ignorant,
2442 1028 2536 1075 aut
2563 1018 2753 1074 callida
2785 1016 3066 1086 impietate
3088 1009 3448 1100 dissimulant,

178 1126 240 1180 id
279 1122 425 1195 quod
470 1099 634 1178 homo
658 1120 826 1177 voluit
858 1119 1042 1185 nasci;
1069 1127 1127 1174 et
1160 1119 1315 1189 juxta
1354 1116 1406 1172 id
1450 1117 1593 1186 quod
1617 1114 1765 1170 Patri
1865 1117 1993 1171 dum
2045 1115 2305 1171 omittunt
2341 1111 2485 1182 quod
2532 1110 2606 1165 sit
2635 1106 2912 1179 proprium
2935 1103 3061 1161 Filii
3104 1102 3159 1157 in
3186 1099 3455 1155 Trinitat‘e

175 1225 305 1273 erat
327 1215 540 1279 similis,
564 1213 884 1279 resurrexit,
907 1212 1117 1283 patiens
1134 1210 1418 1267 vulnerum
1442 1217 1500 1267 et
1520 1207 1769 1264 Salvator

176 1322 453 1379 aegrorum
501 1320 642 1361 unus
686 1303 1097 1369 defunctorum,
1136 1312 1194 1357 et
1230 1300 1532 1356 viviﬁcator
1566 1298 1774 1355 obeunt.

181 1404 342 1466 tium,
372 1400 440 1455 ad
470 1399 684 1455 inferna
710 1397 1059 1463 descendens,
1088 1406 1146 1452 et
1170 1412 1200 1452 a
1226 1395 1405 1451 Patris
1432 1395 1638 1467 gremio
1661 1411 1767 1452 non

180 1492 465 1547 recedens.
504 1489 658 1546 Unde
681 1496 739 1544 et
764 1488 1000 1544 animam
1028 1503 1190 1558 quam
1214 1501 1315 1557 pro
1345 1486 1613 1543 communi
1641 1500 1769 1543 con-

181 1580 393 1636 ditione
436 1577 635 1648 posuit,
676 1593 776 1649 pro
819 1576 1080 1648 singulari
1127 1577 1327 1631 virtute
1366 1584 1423 1632 et
1468 1575 1768 1631 admirabili

177 1669 426 1739 potentia
475 1682 600 1723 mox
647 1666 958 1736 resumpsit.
1000 1665 1127 1723 Haec
1170 1666 1244 1722 ita
1285 1680 1425 1733 esse,
1472 1680 1573 1721 nec
1606 1665 1769 1721 ullam

180 1760 577 1815 dubitationem
608 1766 859 1829 oportere
886 1758 1164 1828 recipere,
1196 1756 1250 1813 id
1281 1766 1386 1823 est,
1418 1771 1486 1812 ne
1509 1756 1772 1814 Dominus

183 1859 379 1906 noster
404 1849 564 1906 Jesus
583 1848 833 1905 Christus
879 1855 974 1903 aut
1022 1847 1166 1904 inter
1204 1847 1446 1918 corporis
1488 1848 1771 1917 passiones

182 1938 337 1995 Deus
387 1954 495 1995 non
540 1953 665 1995 esse
711 1940 1059 2008 crederetur,
1106 1948 1200 1994 aut
1258 1955 1327 1995 ne
1371 1939 1514 1995 Deus
1564 1944 1771 1994 tantum

183 2045 299 2086 non
347 2029 511 2085 etiam
549 2029 709 2085 homo
754 2028 895 2085 inter
928 2044 1094 2100 opera
1140 2029 1467 2085 mirabilium
1511 2027 1773 2099 stupenda

187 2127 454 2181 virtutum
481 2125 757 2196 proposito
787 2139 887 2181 nos
917 2124 1149 2180 duorum
1192 2124 1560 2194 apostolorum
1609 2122 1775 2179 infor-

186 2215 362 2270 mavit
398 2213 643 2284 exemplo
690 2214 856 2269 Deum
905 2228 1029 2270 esse
1079 2227 1138 2269 se
1164 2213 1442 2270 Christum
1490 2212 1775 2269 Dominum

189 2315 441 2361 nostrum
484 2305 630 2361 Petri
680 2304 807 2372 ﬁde,
845 2305 1121 2361 hominem
1171 2304 1392 2361 Thomas
1441 2305 1778 2363 dubitatione

190 2397 502 2452 declarans.
534 2396 671 2463 Quid
708 2396 990 2462 intererat,
1012 2406 1074 2452 ut
1092 2411 1254 2468 quem
1281 2411 1339 2452 se
1361 2396 1606 2453 homines
1633 2398 1780 2453 diee-

189 2494 317 2540 rcnt
339 2484 628 2555 discipulos
656 2484 812 2540 vellet
848 2484 1169 2554 inquzerere,
1199 2483 1302 2541 nisi
1333 2493 1392 2539 ut
1419 2484 1779 2554 respondente

189 2574 407 2631 Petro:
437 2594 456 2627 ι
494 2575 574 2629 Tu
606 2589 666 2631 cs
689 2574 940 2630 Christus
982 2573 1152 2631 Filius
1192 2574 1288 2630 Dei
1334 2574 1441 2629 vivi
1487 2573 1669 2646 (Joan.
1699 2590 1776 2639 χι,

192 2667 317 2737 27),
347 2685 368 2720 ι
407 2666 671 2723 fateretur
710 2681 814 2722 non
845 2667 949 2722 hoc
979 2666 1046 2723 de
1082 2682 1249 2724 carne
1276 2674 1331 2723 et
1361 2667 1621 2738 sanguine
1655 2682 1782 2739 pro-

191 2758 395 2826 ditum,
423 2759 519 2815 sed
550 2759 712 2814 Patre
738 2759 850 2815 Deo
888 2758 1188 2830 inspirante
1235 2759 1553 2826 revelatum,
1597 2768 1655 2813 ut
1684 2774 1783 2829 per

194 2848 567 2904 testimonium
593 2849 817 2907 laudare
841 2850 1208 2922 responsionis
1233 2849 1366 2906 ﬁdes
1386 2851 1666 2922 pateﬁeret
1694 2865 1783 2906 vc-

195 2937 417 2994 ritatis?
457 2939 595 3007 Quid
620 2940 781 2996 etiam
816 2941 1096 3006 intererat,
1127 2951 1186 2996 ut
1220 2950 1521 3012 apparente
1540 2950 1663 3012 post
1699 2956 1783 2997 re-

195 3017 592 3088 surrectionem
616 3034 861 3099 Domino,
888 3031 1124 3090 Thomas
1157 3042 1365 3090 tantum
1390 3035 1603 3091 abesset
1625 3044 1784 3091 cane-

199 3124 306 3191 ris,
333 3132 394 3179 ut
418 3124 567 3180 solus
600 3125 920 3196 ambigeret,
963 3137 1023 3181 ut
1061 3127 1187 3181 dum
1228 3128 1389 3183 unius
1432 3128 1681 3184 manibus
1727 3143 1784 3183 se

195 3223 483 3287 pateretur
523 3215 696 3288 tangi,
722 3216 791 3270 ab
820 3216 1173 3272 universitate
1200 3215 1437 3271 ﬁdelium
1471 3216 1593 3286 quis
1616 3224 1781 3284 esset,

197 3310 379 3381 possit
420 3308 683 3380 agnosci?
736 3307 851 3364 Non
899 3322 1027 3378 ergo
1075 3308 1141 3363 ad
1181 3308 1572 3380 explorandum
1627 3308 1787 3365 disci-

197 3415 241 3470 ιι
267 3397 389 3452 .lum
442 3395 760 3467 interposita
789 3404 873 3453 est
901 3396 1166 3452 dubitatio
1191 3397 1285 3452 sed
1313 3397 1537 3468 quaesita
1566 3410 1788 3469 prospe-

200 3488 383 3544 ritatis
409 3487 713 3544 instructio.
736 3487 818 3542 Au
842 3502 909 3544 ne
931 3486 1075 3543 aliud
1097 3495 1374 3558 exspectat
1392 3487 1534 3558 quod
1559 3502 1618 3544 se
1643 3487 1785 3543 idem

199 3578 471 3634 Reatinus
495 3577 746 3650 Cleopha:
786 3594 907 3634 cum
952 3578 1057 3634 alio
1094 3577 1524 3649 discipulo,cum
1568 3576 1635 3635 ad
1662 3578 1789 3635 Em-

202 3685 371 3726 maus
414 3670 699 3727 tendentes
745 3670 811 3726 de
861 3684 921 3726 se
970 3669 1365 3740 loquerentur,
1416 3670 1666 3726 inseruit.
1719 3670 1789 3725 Et

201 3775 516 3832 quanquam
539 3762 609 3817 de
627 3760 1025 3817 resurrectione
1045 3760 1256 3816 Domini
1278 3775 1375 3833 per
1394 3760 1648 3817 mulieres
1669 3775 1789 3831 quae

201 3852 395 3923 prima:
434 3852 504 3908 ad
544 3860 953 3909 monumentum
987 3862 1379 3921 convenerant,
1418 3852 1787 3927 agnovissent,

202 3951 388 4000 tamen
419 3953 479 4000 ut
495 3960 594 4015 per
627 3960 817 4001 eorum
839 3944 1233 4001 dubitationem
1260 3947 1415 4003 daret
1449 3946 1643 4003 futuris
1684 3961 1788 4003 sm-

201 4036 344 4093 culis
366 4036 622 4092 credendi
648 4035 958 4093 ﬁrmitatem
990 4036 1255 4109 incipiens
1280 4053 1309 4093 a
1332 4038 1513 4111 Moyse
1537 4046 1592 4095 et
1617 4036 1793 4095 omni-

201 4130 308 4186 bus
347 4130 625 4202 prophetis
678 4148 699 4182 ο
733 4130 1038 4203 oportuisse
1061 4129 1337 4188 Christum
1368 4132 1502 4203 pati,
1524 4140 1580 4188 et
1607 4132 1681 4187 ita
1709 4131 1796 4187 in-

205 4229 355 4277 trare
386 4221 439 4276 iu
466 4221 693 4293 gloriam
742 4236 894 4277 suam
942 4219 1095 4294 (Luc.
1131 4238 1280 4287 XXIV,
1316 4222 1434 4294 26),
1470 4241 1489 4275 ι
1524 4223 1793 4291 interpre-

206 4319 374 4366 tatur.
431 4309 679 4367 Ostendit
720 4326 818 4383 pcr
864 4312 1169 4383 passionem
1210 4312 1501 4368 humanam
1542 4318 1790 4365 naturam

204 4408 262 4457 et
286 4399 523 4455 divinam
559 4401 614 4456 in
643 4417 715 4457 eo
736 4414 857 4457 esse
882 4416 979 4473 per
1007 4400 1231 4473 gloriam
1261 4401 1645 4472 multiplicibus
1678 4401 1792 4456 haec

202 4502 520 4547 sanctarum
551 4492 954 4564 Scripturarum
996 4494 1341 4551 insinuantur
1366 4494 1644 4566 exemplis.
1680 4492 1792 4549 Nec

203 4583 350 4653 apud
418 4583 722 4655 religiosam
775 4585 1164 4641 conscientiam
1233 4594 1415 4654 tuam,
1469 4584 1794 4641 venerabilis

207 4671 526 4741 imperator,
554 4681 808 4744 tanquam
837 4674 1017 4744 ignota
1046 4675 1321 4741 dicuntur,
1346 4674 1480 4730 ﬁdes
1507 4674 1649 4730 enim
1679 4674 1793 4745 ipsa

205 4779 375 4834 quam
408 4779 439 4819 a
471 4772 523 4821 te
549 4773 862 4822 constanter
889 4766 1152 4822 asseritur
1178 4767 1296 4832 tibi,
1320 4766 1496 4821 reddit
1547 4768 1650 4822 hoc
1678 4782 1795 4822 mu-

207 4855 378 4920 neris,
420 4866 478 4911 ut
525 4857 775 4912 sensibus
825 4857 933 4913 tuis
975 4865 1031 4913 et
1058 4856 1308 4914 aﬁ‘ectum
1357 4856 1440 4912 sui
1476 4857 1694 4924 inferat,
1741 4867 1798 4914 et

208 4944 495 5000 scientiam
522 4961 621 5017 per
645 4961 805 5016 quam
829 4945 1141 5019 diligentius
1189 4954 1484 5012 asseratur,
1527 4946 1791 5001 infundat.

209 5035 280 5091 Et
320 5045 499 5092 tamen
548 5038 778 5093 interest
818 5038 1237 5109 dispensationis
1282 5037 1415 5093 mihi
1454 5038 1696 5104 creditzc,
1738 5047 1795 5092 ut

206 5141 311 5196 ego
337 5142 552 5197 quoque
587 5127 669 5183 vel
700 5129 841 5198 apud
884 5129 1118 5185 scientes
1144 5137 1286 5194 nota,
1316 5143 1421 5187 non
1460 5137 1688 5196 taceam,
1734 5138 1797 5184 ut

209 5217 540 5272 succedente
586 5218 687 5273 sibi
728 5234 825 5289 per
868 5219 1014 5276 vices
1062 5219 1793 5290 temporum‘eatholicorum

209 5308 594 5378 prmdicatione
627 5325 906 5374 sensuum,
939 5313 1080 5382 quod
1110 5311 1484 5367 indeﬁcienter
1508 5312 1795 5379 asseritur,

213 5401 334 5457 sine
355 5400 461 5457 ﬁne
488 5403 763 5470 credatur,
792 5403 954 5460 latius
998 5405 1115 5460 haec
1138 5420 1259 5476 qua:
1288 5407 1357 5461 ad
1389 5405 1645 5460 deitatem
1692 5405 1797 5459 hu-

214 5492 641 5561 tuanitatcmqne
668 5495 878 5549 Domini
927 5495 1095 5551 nostri
1126 5495 1251 5551 Jesu
1275 5494 1476 5550 Christi
1503 5495 1794 5565 pertinent,

211 5593 269 5639 et
299 5585 446 5639 ineo
496 5585 676 5640 unitas
717 5587 834 5641 sine
875 5588 1190 5644 confusione
1234 5596 1456 5643 naturas
1501 5587 1673 5659 potui,
1716 5602 1801 5643 se-

211 5677 449 5732 cundum
478 5687 717 5734 veterum
741 5678 959 5735 deﬁnita
989 5680 1278 5745 disserere,
1305 5680 1350 5734 si
1374 5687 1517 5735 esset
1542 5679 1802 5735 adversus

211 5783 307 5824 eus
350 5766 441 5822 oui
492 5767 575 5823 his
625 5768 919 5829 discutiunt
962 5770 1363 5839 disputandum.
1416 5767 1522 5827 Sed
1570 5783 1692 5825 cum
1747 5768 1800 5823 in

1870 1208 2094 1264 tendunt
2127 1205 2352 1262 insidias
2378 1203 2593 1260 unitati.
2620 1200 2728 1257 Sed
2757 1200 2801 1256 si
2829 1214 2950 1268 quae
2979 1195 3277 1268 praedicata
3302 1197 3450 1258 sunt,

1868 1299 2059 1355 validis
2083 1304 2371 1353 teneantur
2396 1294 2507 1349 ﬁxa
2530 1292 2822 1356 radicibus,
2851 1303 2953 1345 nec
2980 1303 3011 1343 a
3042 1294 3265 1358 paterna
3284 1281 3454 1338 tradi-

1870 1393 2014 1448 tione
2043 1388 2333 1451 rcceditur,
2364 1391 2749 1441 etconstanter
2770 1376 3156 1451 qumstionibus
3184 1373 3453 1429 obviatur.

1938 1482 2104 1539 Sacra
2128 1478 2327 1536 Justini
2358 1475 2689 1548 imperatoris
2719 1473 2788 1527 ad
2812 1468 3150 1525 Hormisdam
3173 1480 3382 1536 papam.

1939 1571 2319 1632 Sacratissimo
2369 1583 2435 1624 ac
2473 1566 2786 1624 beatissimo
2847 1558 3253 1629 archiepiscopo
3304 1554 3460 1608 almae

1870 1666 2019 1723 urbis
2040 1664 2227 1720 Romae
2252 1669 2306 1718 et
2339 1658 2660 1732 patriarcha:
2694 1655 2987 1712 ΙΙοιυιιεΜε
3009 1691 3025 1718 ,
3068 1649 3325 1706 Jusrtxus
3360 1646 3458 1705 im-

1870 1764 2110 1828 perator.

1803 1822 1843 1881 Β
1872 1822 1890 1828 “
1947 1847 2103 1903 Scias
2167 1844 2324 1900 nobis
2354 1884 2368 1911 ,
2429 1840 2592 1898 Pater
2650 1837 3054 1911 religiosissime
3083 1873 3097 1899 ,
3163 1830 3306 1903 quod
3368 1828 3460 1883 diu

1877 1917 2105 1975 summis
2128 1915 2321 1972 studiis
2344 1908 2687 1985 quaerebatur
2709 1908 3062 1981 patefactum,
3092 1912 3147 1958 et
3171 1912 3461 1970 antequam

1875 2006 2213 2072 advenerint,
2237 2003 2330 2074 qui
2358 2019 2390 2058 a
2418 2001 2575 2058 nobis
2604 1998 2858 2057 destinati
2874 2005 3018 2062 sunt,
3051 1992 3195 2066 quod
3218 1989 3458 2047 Joannes

1874 2099 1960 2154 vir
2005 2094 2350 2153 beatissimus
2395 2092 2626 2147 antistes
2668 2103 2819 2145 novae
2867 2086 3054 2141 Romae
3098 2089 3302 2145 noster,
3353 2091 3463 2132 una

1877 2207 2002 2249 cum
2030 2189 2178 2246 clero
2202 2186 2356 2243 vobis
2385 2183 2748 2246 consentiunt,
2786 2179 2950 2235 nullis
2983 2176 3262 2232 variantes
3295 2167 3461 2224 ambi-

1877 2280 2193 2354 guitatibus,
2232 2275 2396 2332 nullis
2444 2273 2604 2330 divisi
2654 2269 2960 2328 discordiis.
3019 2260 3466 2354 Sciasglibellum

1877 2351 1946 2429 ab
1992 2385 2060 2427 eo
2105 2367 2470 2437 subscriptum
2516 2376 2707 2435 quem.
2743 2359 3075 2418 offerendum
3129 2351 3468 2409 indicaveras

1878 2459 2345 2518 sanctissimorum
2370 2454 2595 2510 Patrum
2641 2450 2873 2507 concilio
2919 2451 3332 2517 congruentem,
3363 2452 3469 2510 quo

1878 2566 2067 2609 omnes
2125 2552 2461 2606 concurrunt
2501 2544 2669 2599 alacri
2724 2555 2888 2613 opere
2932 2535 3274 2606 suscipienda
3320 2539 3466 2595 vota,

1881 2651 1993 2698 tam
2038 2647 2240 2696 nostra:
2279 2650 2446 2707 quam
2486 2627 3094 2700 Constantinopolitanae
3140 2622 3285 2680 sedis
3332 2635 3466 2692 quoc

1878 2730 2127 2788 veritatis
2170 2740 2429 2785 coruscus
2473 2723 2651 2796 fulgor
2694 2721 2981 2778 illuminat.
3016 2717 3217 2774 Omnes
3263 2713 3462 2770 accele-

1882 2831 2008 2879 rant
2055 2819 2416 2878 libentissime
2457 2830 2595 2887 quos
2643 2814 2881 2871 oblectat
2904 2812 2991 2866 via
3014 2807 3270 2873 dilucida,
3296 2813 3356 2861 ut
3386 2820 3464 2861 se-

1882 2924 2122 2987 quantur
2161 2913 2297 2970 scita
2324 2911 2546 2967 Patrum
2574 2906 2946 2964 sanctissimas
2974 2904 3123 2974 leges
3154 2896 3471 2972 probatissi-

1885 3018 2133 3074 masque,
2158 3011 2212 3059 et
2238 3000 2484 3058 consiliis
2496 2997 2854 3069 quorumdam
2872 2992 3121 3059 ﬁrmatis,
3145 2990 3238 3062 qui
3264 2995 3472 3045 rectum

1889 3093 2145 3150 tenebant
2190 3090 2461 3146 tramitem
2508 3088 2738 3144 aliorum
2788 3083 3054 3142 correctis
3079 3082 3173 3153 qui
3195 3080 3471 3151 vagaban-

1811 3168 1857 3231 C
1890 3195 1999 3251 tur,
2042 3182 2236 3239 incerti
2271 3182 2325 3237 in
2365 3195 2462 3239 eos
2486 3194 2579 3236 res
2611 3176 2904 3249 colligitur,
2936 3184 2998 3230 ut
3023 3174 3290 3229 unitatem
3330 3169 3474 3226 indi-
3542 3168 3549 3175 ’

1886 3277 2063 3334 vidua:
2083 3274 2365 3331 Trinitatis
2393 3272 2493 3344 ipsi
2524 3284 2740 3342 quoque
2783 3268 2836 3323 in
2867 3267 3075 3324 unitate
3103 3264 3288 3322 colant
3321 3278 3473 3317 men-

1889 3371 2042 3438 tium,
2071 3376 2326 3440 negatum
2354 3374 2438 3421 est
2468 3364 2611 3420 inter
2641 3362 2822 3418 divina
2854 3359 3112 3432 mysteria
3152 3355 3476 3412 memoriam

1888 3461 1943 3517 in
1972 3467 2250 3531 posterum
2289 3454 2406 3512 ﬁeri
2439 3452 2604 3509 libelli
2638 3466 2800 3523 quem
2839 3449 3079 3506 diximus
3116 3444 3301 3502 Acacii
3337 3457 3472 3514 prae-

1886 3552 2214 3611 varicatoris
2234 3549 2506 3623 quondam
2530 3547 2693 3620 regis:
2714 3547 2876 3618 hujus
2897 3544 3048 3600 urbis
3064 3540 3326 3614 episcopi,
3350 3552 3475 3593 nec-

1890 3659 1997 3700 non
2038 3652 2097 3701 et
2133 3642 2362 3699 aliorum
2407 3638 2769 3696 sacerdotium
2808 3636 2903 3707 qui
2945 3634 3031 3690 vel
3079 3632 3240 3704 primi
3288 3642 3477 3686 contra

1889 3734 2185 3792 constituta
2212 3738 2482 3787 venerunt
2502 3726 2817 3801 apostolica,
2842 3725 2930 3783 vel
2957 3736 3303 3782 successores
3326 3734 3478 3776 erro-

1891 3826 1967 3882 ris
1993 3824 2122 3881 facti
2149 3830 2306 3891 sunt,
2331 3830 2387 3879 ct
2418 3821 2564 3877 nulla
2595 3835 2768 3891 usque
2802 3818 2870 3875 ad
2898 3818 3148 3874 ultimum
3175 3814 3320 3871 diem
3349 3818 3479 3868 sunt

1889 3915 2208 3992 pmnitentia
2235 3912 2486 3971 correcti.
2517 3911 2587 3968 Et
2610 3911 2869 3982 quoniam
2897 3923 3088 3966 omnes
3126 3916 3329 3963 nostra:
3351 3902 3479 3959 reli-

1892 4009 2067 4081 gionis
2092 4006 2415 4079 admonendi
2464 4012 2611 4071 sunt,
2637 4014 2699 4060 ut
2718 4000 3026 4074 exemplum
3068 3998 3351 4055 imitentur
3393 3994 3471 4049 ci-

1891 4099 2078 4156 vitatis
2116 4094 2643 4169 regize,sdestinanda
2685 4093 2889 4165 ubique
2930 4088 3254 4165 principalia
3282 4099 3482 4159 praece-

1892 4201 1985 4263 pta
2030 4191 2323 4247 ediximus.
2377 4188 2553 4244 Tanto
2616 4185 2909 4256 ﬁagramus
2949 4180 3226 4254 religionis
3271 4175 3483 4243 oﬁicio,

1899 4294 2050 4339 tanto
2078 4280 2399 4338 aﬁ'ectamus
2446 4277 2627 4334 studio
2673 4290 2858 4347 pacem
2908 4274 3188 4330 catholicm
3230 4270 3354 4326 ﬁdei
3384 4283 3482 4340 pro

1896 4373 2290 4432 rcmenuranda
2335 4370 2587 4427 celeriter
2632 4384 2857 4440 pacem,
2915 4376 3115 4423 nostrae
3170 4361 3482 4434 reipublicae

1897 4484 1997 4539 pro
2045 4463 2386 4521 cottciliando
2434 4459 2690 4530 subjectis
2744 4459 2880 4515 meis
2924 4470 3163 4528 superno
3207 4451 3478 4525 praesidio.

1821 4544 1871 4604 Ι)
1899 4558 2036 4626 Quid
2063 4558 2205 4612 enim
2228 4554 2445 4627 gratius.
2465 4551 2688 4624 reperiri
2716 4557 2914 4622 potest,
2945 4548 3075 4619 quid
3104 4544 3325 4615 iustius,
3351 4540 3484 4611 quid

1900 4648 2184 4713 illustrius,
2213 4660 2374 4717 quam
2396 4644 2518 4715 quis
2541 4643 2682 4717 idem
2714 4655 2936 4712 regnum
2963 4635 3210 4691 continet
3235 4632 3484 4700 idemque

1902 4740 2025 4797 ﬁdei
2069 4739 2248 4795 cultus
2286 4736 2533 4802 irradiat,
2584 4747 2679 4790 eos
2724 4746 2830 4788 non
2874 4730 3087 4786 diversa
3132 4722 3483 4785 contendere,

1901 4833 2002 4888 sed
2036 4829 2279 4887 collectis
2315 4828 2371 4884 in
2394 4826 2621 4883 .eisdem
2661 4822 2912 4881 sensibus
2953 4819 3203 4875 instituta
3238 4813 3485 4869 venerari

1904 4938 2010 4978 non
2058 4923 2295 4977 humana
2344 4926 2526 4974 mente
2577 4912 2893 4983 illata,-sed
2951 4913 3005 4968 in
3065 4910 3260 4966 divina:
3308 4906 3487 4978 provi-

1904 5015 2100 5071 dentiae
2126 5011 2417 5085 spiritum?
2464 5010 2598 5069 Oret
2642 5009 2808 5080 igitur
2831 5014 3024 5063 vestrae
3061 5001 3336 5073 religionis
3364 5014 3484 5054 san-

1904 5109 2082 5173 ctitas,
2110 5116 2174 5163 ut
2201 5104 2345 5178 quod
2375 5102 2621 5177 pervigili
2654 5101 2832 5157 studio
2854 5114 2954 5170 pro
2980 5095 3271 5154 concordia
3304 5091 3480 5148 Eccle-

1903 5200 2108 5255 siarum
2155 5195 2438 5253 catholicae
2482 5193 2608 5249 ﬁdei
2657 5198 3001 5263 procuratur,
3046 5186 3214 5243 divini
3249 5182 3491 5240 muneris

1903 5291 2197 5364 opitulatio.
2229 5289 2343 5361 jugi
2396 5285 2760 5359 perpetuitate
2811 5283 3017 5339 servari
3069 5287 3291 5337 annuat.
3354 5277 3490 5331 Data

1905 5384 2116 5439 decimo
2137 5381 2406 5438 Kalendas
2431 5379 2580 5446 Maii,
2609 5375 3097 5447 Constantinopoli.

1908 5473 2139 5530 Libellus
2185 5472 2309 5542 ﬁdei
2348 5469 2574 5526 Joannis
2643 5464 3199 5542 C‘Ottstqntinopolilmti
3263 5460 3499 5542 epist-opt

1976 5538 2204 5599 directus
2250 5543 2318 5597 ad
2357 5554 2596 5598 sanctum
2646 5538 2985 5592 llormisdam
3024 5538 3339 5609 ῃηρηηιιηξη
3387 5543 3487 5601 qua

1977 5614 2387 5669 anathematiznt
2424 5611 2654 5667 Nestorii
2683 5622 2728 5663 et
2763 5602 3050 5662 Eutzchelia
3097 5610 3141 5654 ει
3187 5602 3487 5673 reliquorum

1977 5686 2340 5740 ha’reticorum
2371 5681 2734 5753 blnsphemias.

1977 5777 2225 5835 Redditis
2252 5777 2383 5834 mihi
2409 5776 2605 5833 litteris
2627 5784 2818 5831 vestrae
2848 5771 3136 5829 sanctitatis
3174 5774 3221 5824 in
3259 5765 3499 5830 Christo,
