3974 6478
500 374 639 432 1039

1292 376 1581 434 KPPEND.
1635 377 1725 431 AD
1763 376 1936 433 δεῖς.
1979 376 2066 431 IX.
2105 407 2175 419 --
2213 376 2467 435 lSlDORl
2495 378 2940 437 MEBCATOIUS

3630 382 3797 439 1660

492 483 668 541 frater
709 483 1048 551 clrarissimc,
1094 499 1190 555 per
1206 484 1443 542 "Gratum
1480 485 1873 542 charissimam.
1909 485 2078 540 oomi-
2105 494 2150 552 Α
2179 486 2367 544 stolica
2391 488 2548 543 sedes
2564 489 2821 559 przedicat
2843 505 2930 545 me
2955 489 3217 557 futurum,
3242 492 3296 547 in
3320 506 3429 563 qua
3450 502 3540 549 est
3560 492 3789 564 integra

494 585 632 643 tem,
674 584 731 631 et
763 590 908 632 nunc
948 591 1046 646 per
1063 576 1396 633 Germanum
1436 585 1492 633 et
1518 576 1795 633 Joannem:
1823 591 2081 635 reveren-

496 665 750 722 dissimos
776 666 1057 737 episcopos
1087 673 1142 722 et
1162 665 1399 724 Felicem
1425 675 1482 722 et
1503 666 1822 723 Dioscorum
1846 664 2077 721 sanctis'

494 756 664 812 simus
701 757 976 822 diaconos,
1027 767 1084 817 et
1130 757 1390 814 Blandum
1436 758 1812 829 presbyterum
1864 757 2087 814 laetatus

494 863 613 905 sum
658 849 726 905 de
772 848 1003 920 speciali.
1043 850 1329 907 cltaritatis
1368 860 1562 907 vestrae
1605 850 1895 906 sanctitate
1931 848 2077 919 quod

495 937 756 994 unitatem
780 940 1243 999 sanctissimamm
1267 941 1365 997 Dei
1389 940 1752 1001 Ecclesiarum
1780 940 2075 996 secundum

469 1092 475 1103 δ
496 1034 736 1082 veterum
749 1026 968 1084 Patrum
987 1029 1219 1100 requiris
1241 1030 1674 1097 traditionem,et
1697 1028 2078 1084 dilaceratores

495 1115 834 1173 rationabilis
875 1118 1057 1190 gregis
1087 1118 1288 1175 Christi
1336 1134 1524 1176 amore
1570 1120 1787 1190 pulsare
1830 1116 2074 1174 festinas.

492 1204 687 1263 Certus
712 1207 877 1278 igitur
904 1209 1040 1264 scito
1071 1225 1169 1280 per
1193 1209 1395 1275 omnia,
1426 1208 1793 1274 sanctissime,
1824 1208 1952 1278 quia
1985 1223 2076 1263 se-

495 1297 895 1367 cundumquod
928 1299 1082 1354 vobis
1110 1300 1304 1370 scripsi
1345 1309 1520 1356 tecum
1547 1314 1671 1354 cum
1700 1299 1927 1354 veritate
1956 1313 2083 1354 scu-

495 1385 635 1443 tiens
662 1403 851 1445 omnes
878 1404 906 1443 a
939 1397 993 1445 te
1026 1390 1335 1459 repudiatos
1360 1390 1646 1445 hereticos
1679 1404 1869 1454 renuo,
1896 1397 1953 1444 et
1978 1403 2079 1460 ego

496 1491 687 1546 pacem
734 1478 964 1550 diligens
1014 1481 1384 1538 sanctissimas
1413 1480 1837 1549 DciEcclesias,
1876 1480 1927 1535 id
1973 1491 2075 1546 est,

492 1567 789 1637 superioris
817 1578 1011 1625 vestra:
1039 1577 1097 1626 et
1121 1570 1344 1635 novella:
1376 1571 1532 1626 istius
1560 1571 1745 1627 Boium
1769 1587 1931 1627 unam
1958 1586 2079 1628 esse

496 1659 705 1730 accipio
740 1660 886 1716 illam
923 1663 1103 1718 sedem
1132 1663 1355 1733 apostoli
1386 1663 1533 1719 Petri
1563 1673 1618 1721 et
1660 1665 1816 1721 istius
1840 1673 2080 1736 augustae

492 1749 728 1807 civitatis
759 1768 917 1806 unam
946 1768 1067 1809 esse
1093 1753 1591 1810 deﬁuio.0mnibus
1625 1756 1762 1811 aclis
1786 1770 1815 1810 a
1846 1755 2077 1811 sanctis-

2151 577 2388 648 ~devotio
2428 576 2751 636 Christianae
2798 581 3077 651 religionis
3117 590 3175 638 et
3218 584 3463 645 perlecta
3494 584 3789 648 soliditas,

2175 665 2498 735 promittens
2519 666 2572 721 in
2592 668 3112 739 sequentitempore
3145 679 3526 740 sequestratae
3568 686 3602 725 a
3626 687 3790 726 corn-

2176 756 2432 811 munione
2463 756 2717 812 Ecclesiaa
2753 758 3038 814 catholica:
3076 758 3130 814 id
3168 768 3254 815 est
3280 760 3337 814 in
3362 759 3634 816 omnibus
3669 773 3773 822 non

2174 846 2580 903 consentientes
2599 846 2713 905 sedi
2735 847 3046 918 apostolicae
3065 863 3474 906 eorumnomen
3514 850 3671 903 inter
3686 864 3780 903 sa-

2175 951 2266 990 cra
2300 951 2406 992 non
2435 936 2773 993 recitandum
2797 948 2920 995 esse
2943 941 3220 1011 mysteria.
3247 940 3403 1008 Quod
3434 942 3482 997 si
3512 942 3575 997 in
3598 942 3789 1013 aliqua

2176 1025 2508 1096 professione
2552 1041 2668 1083 mea
2703 1029 2920 1085 deviare
2967 1040 3269 1099 tentavero,
3316 1034 3407 1089 his
3449 1049 3597 1104 quos
3647 1049 3789 1089 (αι-

2176 1114 2423 1171 demnavi
2462 1125 2516 1172 et
2548 1131 2647 1188 per
2677 1118 3188 1177 condemnationem
3217 1123 3497 1193 propriam
3538 1136 3782 1177 consort-

2178 1214 2285 1261 tem
2314 1205 2478 1277 259
2506 1222 2592 1262 me
2629 1223 2750 1264 esse
2793 1209 3068 1279 proliteor.
3105 1209 3242 1266 Huic
3269 1225 3400 1267 vero
3444 1210 3789 1283 professioni

2178 1294 2470 1366 subscripsi
2502 1312 2664 1351 manu
2701 1312 2821 1354 mea
2849 1306 2906 1355 et
2942 1299 3114 1355 direxi
3144 1314 3243 1371 per
3262 1300 3472 1371 scripta
3505 1300 3616 1356 tibi
3647 1298 3791 1355 Hor-

2180 1386 2365 1441 misdte
2395 1397 2584 1441 sancto
2616 1396 2679 1442 et
2710 1388 3031 1444 beatissimo
3052 1388 3219 1461 fratri
3262 1398 3318 1447 et
3357 1404 3520 1461 papae
3565 1405 3799 1462 magna

2181 1476 2365 1532 Romae
2402 1493 2500 1548 per
2541 1480 2886 1549 supradictus
2910 1479 3243 1537 Germanum
3284 1490 3341 1538 et
3367 1480 3651 1538 Joannem
3690 1496 3787 1538 ve-

2180 1567 2451 1624 nerabiles
2472 1570 2773 1641 episcopos,
2798 1570 3033 1627 Felicem
3057 1581 3112 1627 et
3140 1573 3461 1628 Dioscorum
3487 1574 3801 1638 diaconus,~

2180 1670 2235 1716 ct
2258 1661 2520 1715 Blandum
2565 1662 2961 1732 presbyterum.
3015 1663 3085 1718 Et
3124 1663 3232 1719 alia
3270 1678 3441 1719 manu
3468 1681 3483 1717 :
3512 1662 3787 1727 Joannes.

2182 1748 2556 1805 misericordia
2585 1749 2678 1804 Dei
2708 1750 2994 1821 episcopus
3026 1750 3653 1821 Constantinopolitano:
3679 1766 3781 1807 lto-

494 1840 653 1897 simis.
697 1852 930 1912 quatuor
975 1845 1228 1916 synodis,
1281 1847 1333 1900 id
1365 1854 1480 1911 est,
1519 1844 1756 1911 Νξοωηε,
1808 1846 2074 1903 Consi”-
2111 1834 2150 1891 Β
2183 1839 2334 1896 vellat
2359 1838 2544 1895 Romae
2580 1840 2708 1896 huic
2734 1854 2820 1895 me
2848 1840 3173 1911 professioni
3217 1844 3579 1899 consentiens
3606 1844 3787 1898 omni-

495 1931 719 2003 tinopoli
751 1943 805 1988 et
832 1933 1026 2004 Ephesi
1060 1944 1116 1990 et
1149 1935 1538 2003 Cltalcedonm,
1570 1936 1637 1991 de
1665 1937 2076 1991 continuatione

496 2021 621 2078 ﬁdei
668 2024 913 2080 instituta
944 2042 1063 2082 esse
1089 2028 1344 2084 Ecclesiae
1387 2030 1649 2095 assentio,
1678 2043 1730 2086 et
1767 2030 1901 2084 nihil
1941 2030 2075 2085 titti-

494 2114 624 2169 bare
653 2115 721 2171 de
753 2115 890 2173 bene
923 2117 1177 2188 iudicatis
1204 2119 1401 2188 patior.
1447 2116 1554 2174 Sed
1585 2130 1639 2174 ct
1674 2130 1935 2175 conantes
1982 2128 2074 2174 aut

493 2204 642 2260 uisos
673 2221 844 2276 usque
872 2207 940 2261 ad
971 2223 1133 2263 unum
1169 2209 1375 2278 apicem
1403 2208 1724 2279 placitorum
1759 2211 2076 2279 perturbare

494 2292 675 2361 lapsos
706 2308 825 2350 esse
857 2310 887 2349 a
918 2304 1105 2351 sancta
1137 2296 1230 2353 Dei
1261 2298 1501 2369 generali
1540 2308 1597 2353 et
1642 2299 1935 2369 apostolica
1970 2298 2087 2354 Ec-~

492 2384 655 2440 tlcsia
681 2387 815 2452 scio,
845 2396 899 2442 et
929 2388 1033 2443 tuis
1051 2388 1233 2446 verbis
1258 2398 1406 2447 recte
1431 2390 1589 2446 dictis
1612 2392 1892 2447 evidenter
1918 2401 2076 2447 utens

489 2488 588 2543 per
617 2476 901 2544 praesentia
930 2478 1131 2549 scripta
1156 2479 1273 2535 lucc
1297 2481 1438 2548 dico,
1470 2482 1594 2551 quia
1625 2482 1795 2551 prima
1822 2482 1968 2538 salus
1994 2490 2076 2539 est

495 2556 669 2622 recte’
683 2566 807 2623 lidei
866 2570 1107 2641 regulam
1156 2572 1450 2638 custodire,
1483 2583 1540 2628 et
1573 2588 1603 2627 a
1634 2574 1855 2629 Patrum
1908 2575 2076 2630 tradi-

497 2657 642 2711 tione
680 2658 986 2715 nullatenus
1033 2660 1291 2728 deviare;
1339 2663 1465 2733 quia
1502 2678 1606 2717 non
1649 2671 1823 2733 potest
1866 2665 2077 2719 Domini

497 2748 670 2802 nostri
695 2747 822 2803 Iesu
849 2751 1189 2819 praetermitti
1234 2752 1500 2806 sententia
1534 2752 1800 2808 dicentis:
1846 2772 1865 2805 ι
1903 2753 1981 2807 Tu
2022 2767 2087 2809 es

490 2837 685 2894 Petrus
726 2849 783 2895 et
814 2855 976 2910 super
1021 2842 1161 2897 lianc
1206 2850 1413 2912 petram
1458 2842 1740 2900 aediﬁcabo
1785 2845 2077 2900 Ecciesiam

497 2946 671 2986 meam
702 2932 917 3000 (Matth.
949 2950 1062 2999 xvr,
1091 2934 1202 3005 18),
1239 2955 1260 2986 ι
1294 2936 1408 2991 haec
1432 2951 1555 3007 qius
1577 2938 1719 2992 dicta
1748 2950 1877 2993 sunt
1899 2954 2087 2994 rerum

494 3022 793 3089 probantur
821 3021 1120 3089 cllectibus,
1144 3026 1270 3094 quia
1303 3026 1355 3080 in
1385 3028 1512 3083 sede
1544 3029 1833 3098 apostolica
1860 3030 2082 3085 inviola-

494 3112 620 3167 bilis
652 3128 866 3182 semper
890 3114 1153 3171 catliolica
1183 3117 1489 3173 custoditur
1521 3118 1748 3189 religio:
1782 3120 2084 3191 lzmczigitur

502 3199 654 3256 ﬁdes.
710 3181 817 3258 Nec
850 3205 1045 3260 cadere
1081 3205 1383 3276 cupientes,
1417 3207 1513 3263 scd
1539 3181 1758 3264 Patrum
1797 3181 2082 3281 sequentes
2108 3181 2154 3243 Ο

501 3294 554 3349 in
584 3294 841 3349 omnibus
865 3296 1155 3352 constituta
1202 3298 1725 3355 anathematizantes
1750 3315 1940 3355 omnes
1969 3301 2079 3356 ha:-

502 3401 653 3442 reses
686 3397 742 3441 et
768 3388 1037 3459 praecipue
1066 3387 1372 3445 Nestorium
1420 3390 1756 3458 hmreticum,
1784 3391 1877 3460 qui
1914 3406 2085 3460 quon-

495 3478 617 3533 dam
650 3478 1261 3550 Constautinopolitame
1288 3482 1436 3536 urbis
1464 3481 1566 3536 fuit
1589 3483 1897 3553 episcopus,
1926 3482 2082 3537 dant-

498 3579 685 3624 natum
735 3571 788 3625 in
828 3570 1057 3626 concilio
1083 3571 1353 3641 Ephesin
1383 3588 1414 3627 a
1443 3572 1602 3628 beato
1628 3572 1921 3629 Caelestino
1947 3589 2083 3644 papa

500 3659 648 3713 urbis
679 3660 886 3727 Romae,
938 3669 994 3717 et
1020 3676 1071 3715 Aa
1099 3660 1395 3716 venerabili
1441 3662 1559 3717 viro
1596 3662 1798 3735 Cyrillo
1823 3665 2084 3736 episcopo

496 3750 874 3809 Alexandrina:
900 3754 1134 3810 civitatis
1171 3764 1226 3809 et
1255 3770 1360 3809 una
1389 3769 1515 3810 eum
1542 3754 1632 3811 illo
1662 3756 2089 3812 anathematiza-

496 3857 638 3906 mus,
668 3852 722 3899 et
740 3843 1046 3913 Eutichem,
1067 3854 1123 3901 et
1149 3847 1461 3902 Dioscorum
1493 3846 1866 3903 Alexandrinae
1891 3848 2085 3904 civita-

499 3937 568 3991 tis
590 3938 1252 4009 cpiscopmn,damnatum
1273 3940 1328 3996 in
1351 3949 1538 3997 sancta
1561 3942 1765 4012 synodo
1786 3942 2093 3998 Chalcedo-

498 4028 653 4084 nensi
711 4047 871 4098 quam
920 4042 1243 4088 venerantes
1292 4035 1575 4102 sequimur
1599 4043 1654 4089 et
1691 4034 2084 4106 amplectimur.

500 4115 631 4182 Quae
667 4133 899 4186 sequens
933 4130 1176 4183 sanctam
1205 4122 1467 4192 synodum
1501 4122 1773 4178 Nicmnam
1825 4124 2087 4194 apostoli-

500 4224 621 4264 cam
655 4208 815 4265 lidem
842 4212 1184 4282 praedicavit;
1219 4213 1302 4269 his
1329 4213 1715 4285 coniungentes
1743 4215 2087 4271 Timothequ

500 4302 861 4372 parricidam,
887 4304 1159 4359 llellurnm
1184 4305 1645 4374 cognominatum,
1662 4307 2090 4362 anathematiza-

505 4408 646 4456 mus,
687 4403 743 4449 et
780 4393 938 4463 hujus
970 4395 1289 4466 discipulum
1327 4405 1382 4452 et
1412 4412 1697 4467 sequacem
1748 4399 1799 4452 in
1838 4398 2090 4454 omnibus

500 4482 720 4540 Petrum
744 4486 1167 4542 Alexandrinum
1190 4489 1440 4543 similiter
1468 4491 1914 4545 condemnantes.
1941 4491 2087 4544 Ana-

509 4575 925 4632 Ibematizamus
998 4578 1248 4634 similiter
1302 4578 1557 4634 Acacium
1603 4581 1874 4651 quondam
1946 4581 2085 4635 Con—

502 4668 995 4739 stantinopolitante
1022 4671 1173 4725 urbis
1196 4670 1527 4741 episcopum,
1554 4671 1868 4742 complicem
1888 4684 2088 4726 eorum

503 4765 560 4811 ct
587 4772 878 4829 sequacem
915 4759 1138 4825 factum,
1182 4775 1281 4818 nec
1312 4775 1417 4816 non
1445 4767 1501 4815 et
1525 4769 1961 4829 perseverantem
1988 4773 2084 4816 eo-

506 4866 623 4906 rum
669 4853 1032 4907 communioni
1076 4865 1129 4906 et
1177 4852 1608 4924 participationi.
1649 4851 1889 4919 Quorum
1937 4851 2081 4907 enim

504 4943 625 5013 quis
663 4943 1098 4998 COIlllIllllllOﬂCm
1133 4944 1479 5014 amplectitur
1516 4957 1703 4998 eorum
1736 4943 1966 4998 similem
1995 4942 2089 4999 ad-

498 5034 883 5101 judicatiouem
922 5033 982 5088 in
1017 5033 1466 5089 condemnatione
1495 5033 1864 5104 consequitur.
1912 5032 2089 5088 Simili

509 5125 668 5177 modo
701 5131 756 5178 et
782 5123 1002 5179 Petrum
1047 5123 1446 5180 Autiochenum
1501 5127 1925 5180 condenmantes
1966 5138 2092 5178 ana-

509 5216 925 5272 thematizamus
967 5232 1091 5272 cum
1120 5218 1448 5289 sequacibus
1475 5217 1608 5286 suis,
1637 5226 1692 5273 et
1713 5216 1971 5272 omnibus
2002 5232 2093 5271 su-

506 5306 830 5380 prascriptis
865 5326 879 5362 :
921 5310 1063 5364 unde
1083 5308 1375 5379 probamus
1403 5319 1460 5367 et
1484 5311 1863 5381 amplectimur
1884 5308 2091 5379 episto-

423 5448 428 5452 .
510 5402 594 5460 las
618 5418 805 5459 omnes
832 5403 975 5459 beati
1003 5404 1205 5461 Leonis
1231 5421 1383 5477 papae
1418 5406 1567 5461 urbis
1590 5405 1775 5462 Romae
1802 5419 1937 5475 quas
1965 5418 2095 5459 con-

507 5497 728 5568 scripsit
757 5498 824 5553 de
847 5505 997 5553 recta
1023 5497 1147 5554 fide.
1180 5498 1540 5571 Quapropter,
1575 5499 1715 5555 sicut
1743 5498 2092 5570 praediximus

508 5600 796 5661 sequentes
814 5591 866 5645 in
889 5590 1141 5645 omnibus
1162 5591 1341 5647 sedem
1366 5590 1734 5661 apostolicam,
1760 5600 1812 5646 et
1831 5589 2093 5661 praedica-

510 5696 632 5737 mus
673 5680 855 5737 omnia
888 5697 1010 5753 qua:
1052 5680 1122 5737 ab
1162 5681 1276 5752 ipsa
1320 5681 1536 5737 decreta
1583 5689 2093 5751 suntetpmptcrea

512 5786 668 5842 spero
706 5771 760 5828 in
786 5788 890 5828 una
919 5772 1410 5832 communicatione
1449 5772 1728 5831 vobiscum
1759 5788 1919 5844 quam
1969 5788 2096 5845 apo-

2176 1932 2278 1987 bus
2336 1930 2664 2000 supradictis
2726 1931 3022 2002 subscripsi
3062 1947 3229 1989 sanus
3269 1933 3329 1989 in
3367 1933 3635 1989 Domino.
3672 1932 3793 1989 Ora

2175 2038 2273 2092 pro
2325 2022 2503 2087 nobis,
2556 2022 2902 2078 sanctissime
2946 2032 3002 2077 et
3049 2024 3364 2079 beatissime
3416 2023 3789 2079 frater.Data

2173 2127 2360 2168 mense
2408 2112 2618 2177 Mat-tio,
2670 2113 2758 2168 die
2804 2128 2994 2177 xxviii,
3039 2113 3329 2170 indictione
3356 2114 3791 2181 n,eonsulibus

2177 2204 2404 2260 Domino
2429 2204 2645 2260 Justiuo
2700 2204 3029 2275 imperatore
3058 2206 3300 2277 Augusto
3348 2216 3408 2263 et
3452 2207 3703 2263 lle-radio
3726 2220 3787 2262 tv

2175 2309 2257 2350 CC.
2285 2309 2391 2349 mra
2423 2310 2507 2350 DC.

2180 2404 2418 2479 Epistula
2466 2406 2772 2479 Hormiadte
2815 2424 2967 2479 papae
3014 2409 3085 2461 ad
3143 2408 3409 2479 leuitatem
3464 2425 3789 2478 emptu

2250 2476 2509 2548 (Jititamg
2535 2476 2792 2548 Ecclesia.-
2817 2476 2896 2533 de
2929 2480 3294 2535 communione
3323 2476 3787 2548 Constantinopo—

2250 2545 2432 2601 litanti:
2456 2546 2732 2602 Ecclesiaz.

2250 2657 2384 2714 Vota
2413 2666 2597 2714 nostra
2644 2658 2969 2713 cliaritatem
3004 2668 3146 2713 tuam
3174 2658 3346 2715 latere
3381 2658 3643 2715 nolumus
3666 2700 3685 2723 ,
3714 2673 3793 2714 ne

2184 2750 2275 2821 qui
2321 2750 2594 2821 particeps
2638 2748 2740 2805 fuit
2790 2749 3171 2806 sollicitudinis
3229 2752 3553 2820 gaudiorum
3598 2750 3791 2805 fructu

2182 2840 2437 2895 reddatur
2462 2840 2729 2903 extorris,
2768 2849 2822 2895 et
2850 2840 2970 2895 ideo
2993 2840 3648 2913 Constantinopolitanam
3678 2840 3789 2897 Ec-

2180 2932 2401 2988 clesium
2440 2934 2507 2989 ad
2537 2935 2971 2991 communionem
3007 2944 3245 2991 nostram
3284 2938 3515 2993 rediisse
3547 2937 3798 2991 Domitio

2181 3023 2513 3093 propitiante
2563 3025 2902 3079 tradentibus
2961 3024 3332 3096 significamus
3378 3025 3668 3096 alloquiis,
3730 3035 3791 3081 et

2185 3116 2563 3170 mandatorum
2593 3131 2713 3186 qua:
2735 3115 2930 3186 legatis
2952 3117 3153 3172 nostris
3178 3117 3429 3173 dedimus
3446 3118 3499 3173 in
3523 3118 3793 3175 omibus

2187 3209 2383 3265 seriem
2412 3208 2583 3277 fuisse.
2605 3209 2928 3279 completam
2949 3249 2966 3275 ,
2993 3209 3060 3266 de
3082 3222 3186 3280 qua
3220 3220 3404 3280 parte,
3438 3220 3497 3265 ut
3527 3211 3598 3265 ad
3628 3211 3784 3266 dile-

2185 3301 2420 3358 ctionem
2446 3289 2594 3357 tuam
2621 3302 2831 3373 plenius
2856 3302 3109 3372 perfecta:
3133 3303 3388 3373 gaudium
3425 3304 3749 3373 perveniret
3766 3343 3787 3369 ,

2187 3391 2348 3447 libelli
2370 3388 2594 3447 Joannis
2623 3390 2813 3448 fratris
2834 3399 2891 3447 et
2914 3393 3319 3448 consacerdotis
3342 3393 3511 3447 nostri
3532 3392 3789 3463 episcopi

2184 3482 2763 3555 ConstantiuopoliLani
2792 3494 2847 3540 et
2867 3483 3061 3540 Justini
3089 3484 3491 3539 clementissimi
3512 3484 3791 3555 principis

2185 3570 2424 3631 Orientis
2445 3590 2723 3631 sacrarum
2750 3575 3053 3630 litterarum
3075 3575 3403 3644 exemplaria
3431 3574 3641 3632 pariter
3661 3589 3789 3629 cie

2184 3662 2419 3719 didimus
2477 3666 2828 3730 destinamla,
2896 3665 3202 3734 iudicantes
3270 3665 3623 3719 nihilominus
3684 3680 3791 3735 per

2188 3753 2424 3811 Orientis
2462 3765 2646 3825 partes
2686 3756 2947 3826 plurimos
2980 3757 3265 3826 epit-opus
3297 3756 3378 3811 sic
3404 3755 3621 3811 fecisse.
3674 3754 3786 3809 Su-

2188 3856 2371 3917 pcrcst
2395 3857 2453 3902 ut
2478 3863 2509 3902 a
2564 3848 2720 3903 nobis
2768 3848 3197 3918 competentibus
3224 3848 3473 3917 precibus
3515 3845 3790 3900 divinitas

2187 3947 2413 3994 exorata
2441 3939 2703 3994 concedat
2722 3981 2735 4000 ,
2766 3949 3033 4009 quatenus
3073 3938 3141 3993 de
3172 3938 3400 3993 aliarum
3427 3952 3646 4007 quoque
3679 3936 3759 3993 Ec

2188 4032 2479 4087 clesiarum
2511 4031 2973 4102 redintegratioue
3004 4031 3360 4102 gratulemur.
3399 4030 3472 4084 Ea
3493 4044 3631 4085 vero
3660 4044 3787 4099 qua

2189 4120 2495 4192 signiﬁcare
2517 4121 2825 4177 curavimus
2844 4160 2865 4186 ,
2889 4121 2940 4175 iu
2970 4135 3157 4174 eorum
3186 4119 3529 4175 sacerdotum
3551 4119 3650 4188 qui
3682 4118 3787 4173 ira»

2192 4211 2432 4265 ternitati
2458 4218 2576 4265 tuae
2613 4210 2777 4264 vicini
2815 4218 2944 4273 sunt
2984 4209 3203 4265 curabis
3236 4209 3479 4280 perferre
3531 4209 3784 4265 notitiam

2191 4311 2247 4356 ut
2272 4312 2326 4356 et
2353 4301 2453 4372 ipsi
2484 4300 2551 4357 de
2578 4299 2772 4357 ell‘ectu
2805 4308 2968 4357 tanta:
2994 4299 3073 4357 rei
3112 4301 3319 4379 gratias
3358 4301 3644 4357 uobiscum
3675 4315 3786 4355 cm-

2190 4392 2340 4450 lestis
2383 4393 2770 4451 misericordia:
2810 4393 3091 4450 beneficiis
3150 4393 3357 4449 referre
3401 4409 3509 4449 non
3546 4401 3784 4449 cessent.

2194 4484 2335 4539 Deus
2367 4493 2417 4540 te
2450 4484 2772 4540 incolumem
2804 4484 3103 4549 custodiat,
3136 4483 3307 4540 frater
3331 4484 3680 4540 cbarissime.

2196 4595 2330 4651 Item
2360 4597 2430 4651 ad
2464 4597 2724 4652 Joannem
2762 4598 3057 4678 episcopum
3083 4597 3157 4679 .de
3191 4599 3401 4652 directis
3446 4597 3707 4652 institutis
3734 4606 3785 4653 α

2768 4684 2875 4722 ιίεθ
2904 4683 3202 4722 cetumtasa.

2262 4756 2629 4813 Dilectissimo
2655 4756 2810 4812 fratri
2836 4755 3025 4813 losum
3056 4757 3355 4814 Honmsna.

2258 4849 2408 4905 Fecit
2432 4849 2647 4906 dilectio
2670 4859 2758 4904 tua
2778 4866 2889 4906 rem
2907 4850 3159 4907 cliaritati
3176 4850 3368 4907 etfidei
3390 4858 3784 4922 congruentem

2189 4941 2554 5009 utfadveutum
2578 4959 2732 4999 suum
2761 4944 2826 4997 ad
2844 4943 3049 4999 Italiam
3077 4944 3233 4999 nobis
3255 4944 3789 5001 directislitterisin-

2190 5034 2418 5099 dicaret,
2440 5042 2493 5088 et
2527 5050 2647 5105 quae
2669 5035 2722 5088 in
2756 5043 2807 5088 te
2841 5034 2914 5088 sit
2947 5050 3159 5094 summa
3192 5035 3460 5105 religiosae
3494 5035 3788 5090 voluntatis

2192 5127 2519 5183 ostenderet.
2536 5127 2710 5197 Atque
2728 5127 2934 5181 utinam
2957 5127 3027 5185 ad
3041 5126 3298 5198 plenioris
3318 5125 3551 5183 affectus
3571 5127 3787 5182 satieta-

2195 5231 2303 5276 ti'm
2339 5220 2758 5291 prmseutizetute
2787 5220 2944 5279 nobis
2970 5221 3162 5291 gaudia
3184 5213 3567 5292 contigissent,
3590 5230 3651 5274 ut
3671 5235 3789 5291 gra-

2195 5310 2490 5365 tularcmur
2505 5325 2603 5365 nos
2622 5317 2674 5363 et
2689 5308 2956 5381 colloquio
2970 5318 3024 5364 et
3040 5310 3358 5380 ptenitentia
3372 5308 3499 5370 frui.
3517 5324 3683 5379 quam
3702 5325 3787 5364 su-

2195 5417 2315 5459 mus
2329 5410 2454 5457 ante
2479 5417 2573 5472 per
2598 5403 2800 5473 scripta
2826 5403 3113 5473 complexi,
3131 5412 3501 5459 verumtamen
3523 5401 3783 5474 probasti,

2198 5492 2543 5548 dilectissime
2568 5492 2737 5549 frater
2761 5534 2776 5559 ,
2826 5507 2934 5564 quo
2974 5493 3332 5549 Christianam
3364 5494 3525 5547 ﬁdem
3557 5509 3783 5548 venera-

2201 5585 2278 5641 ris
2299 5582 2511 5640 all‘ectu.
2534 5584 2669 5640 Dum
2690 5600 2753 5640 ea
2777 5601 2896 5655 qua?
2915 5584 2982 5639 ad
3008 5584 3223 5656 regulas
3247 5583 3468 5638 Patrum
3493 5584 3781 5654 pertinent,

2200 5685 2253 5733 et
2284 5676 2355 5732 ad
2380 5676 2636 5731 mandata
2658 5676 2924 5733 catholica
2956 5676 3075 5733 sine
3095 5675 3272 5746 aliqua
3297 5676 3452 5745 cupis
3483 5684 3784 5745 transgres-

2205 5770 2357 5828 sione
2387 5781 2605 5827 servare
2633 5782 2859 5840 sperans
2881 5808 2895 5836 ,
2926 5777 2984 5824 ut
3014 5767 3320 5841 prorogatis
3349 5767 3694 5840 generalibus
3718 5764 3782 5824 ad
