3882 5316
23 67 102 119 ID:
114 81 147 117 1,

1248 77 1735 163 DECRETALIUM
1775 79 2193 141 COLLECTIO‘.

3136 92 3275 163 itus

20 177 386 248 llispanienses
423 180 705 238 Beclesias
748 185 1057 243 constitutis
1107 204 1271 261 super
1317 208 1438 262 qua:
1490 200 1583 246 ant
1613 196 1657 252 Λ
1689 205 1877 248 nemus
1896 203 2099 276 errata,
2125 195 2207 251 vel
2237 196 2605 254 custodiamus
2653 198 2921 260 catholica
2950 204 3271 274 constituta,

18 268 359 341 negligentius
380 281 472 326 ant
499 273 833 347 irreligiosus
858 277 991 334 fiunt
1012 282 1597 340 ecclesiasticisdisri-

17 358 164 428 plinis
204 363 571 431 congruentia
597 367 907 423 sauciamus
937 371 1080 439 quod
1119 374 1349 449 amplexi
1381 390 1585 429 sumus.

17 446 143 513 Quid
175 450 336 503 enim
386 461 480 506 aut
535 455 690 509 nobis
737 456 945 512 dulcius
975 446 1151 529 quam
1181 464 1302 517 cum
1344 464 1607 520 fidelibus.

19 536 169 607 loqui,
206 546 298 591 aut
339 540 449 595 Deo
477 544 660 612 aptius
686 560 849 614 quam
881 549 1161 607 (leviautes
1188 554 1255 607 ab
1283 570 1469 609 errore
1500 571 1587 610 re-

16 628 244 680 vocare?
277 626 590 686 Salutantes
629 633 793 703 igitur
825 637 1149 694 charitatem
1175 657 1279 712 qua
1310 641 1589 715 jungimur

17 730 102 785 per
123 717 441 777 Cassianum
472 722 756 779 diaconum
786 736 935 783 tuum
964 731 1334 802 significamus
1363 752 1461 789 nos
1502 736 1585 790 di—

19 801 208 863 reitisse
236 810 509 879 generalia
534 814 852 883 constituta,
878 801 1179 888 quihnsvel
1204 838 1267 877 ea
1298 839 1417 895 qua:
1432 822 1586 892 juxta

16 911 237 954 canones
265 902 469 957 servari
501 905 733 961 debeant
770 922 1142 979 competenter
1175 916 1480 982 ediximus,
1505 916 1589 970 vel

16 988 145 1040 circa
185 1004 280 1045 eos
310 994 401 1062 qui
445 1009 517 1048 ex.
557 996 707 1052 clero
757 998 1072 1058 Graecorum
1101 1006 1321 1061 veniunt
1350 1048 1365 1072 ,
1423 1025 1586 1079 quam

15 1080 201 1138 habere
230 1094 477 1153 Oporteat
505 1092 1187 1159 cantionem,suflicienter
1210 1102 1583 1159 instruximus.

15 1169 109 1224 Sed
136 1187 315 1230 causa:
348 1177 515 1247 ipsius
542 1181 785 1240 ordinem
814 1188 1338 1263 instructionemque
1375 1193 1587 1250 abunde

15 1262 235 1321 decretis
261 1269 647 1330 ecclesiastic’s
672 1290 768 1331 vos
796 1278 1065 1335 docebunt
1091 1322 1106 1349 ,
1152 1290 1211 1336 ut
1237 1262 1589 1351 agnoscentes

12 1361 61 1405 et
106 1352 396 1424 impiorum
442 1365 930 1434 transgressionem
982 1378 1037 1424 et
1086 1372 1393 1442 apostolica:
1446 1374 1589 1430 sedis

13 1455 187 1498 curam
228 1460 327 1517 pro
376 1447 596 1506 Patrum
640 1455 839 1524 regulis
877 1460 1256 1529 excubantem,
1289 1465 1586 1521 ostendatis

1690 290 1867 339 tamen
1898 283 2023 354 quia
2050 284 2273 345 Joannis
2303 283 2510 355 fratris,
2541 297 2598 344 et
2623 290 2927 362 cocpiscopi
2973 292 3145 348 nostri
3171 310 3273 350 no-

1689 372 1769 429 bis
1801 374 2165 435 iusiuuatioue
2196 376 2469 452 vulgatum
2505 390 2588 436 est
2608 390 2797 437 contra
2825 398 3092 440 canonum
3115 402 3275 443 reve—

1690 465 1914 519 rentiam
1944 469 2197 525 nonnulla
2228 472 2825 542 prtcsnmi,,periculum
2855 476 2997 546 quod
3041 476 3277 531 doctori~

1689 556 1787 610 bus
1812 557 2060 614 imminet
2088 561 2154 615 de
2180 556 2555 635 taeiturnitate
2592 563 2890 630 declinans,
2933 573 2988 621 et
3045 567 3280 636 prophe-

1689 648 1795 713 tica
1817 665 1947 705 voce
1975 665 2331 723 compunctus
2363 669 2471 725 qua
2504 654 2657 722 dicit,
2693 655 2917 728 loquere
2973 673 3041 713 ne
3072 667 3274 724 taceas,

1687 743 2025 811 generalibus
2045 745 2360 803 edicendum
2396 748 2601 803 credidi
2632 751 2961 819 constitutis.

1712 824 1715 827 ’
1756 833 1886 888 Car.
1919 834 1955 888 Ι.
1992 835 2058 891 Ut
2087 836 2139 890 iu
2167 824 2541 895 sacerdotibus
2570 832 2886 896 ordinandis
2925 857 3046 913 qua:
3068 832 3196 897 sunt
3243 857 3278 897 a

1690 922 1938 981 I'atribns
1961 928 2378 1001 praiseripta,ct
2412 929 2632 987 definita
2664 931 2936 1004 cogitetis,
2962 932 3090 1003 quia
3136 932 3280 988 sicut

1687 1024 1770 1069 est
1797 1025 1958 1085 caput
2006 1017 2264 1073 Ecclesia:
2291 1017 2577 1087 Christus,
2614 1021 2813 1076 Christi
2859 1033 3036 1076 autem
3090 1021 3277 1077 vicarii

1688 1105 2021 1172 sacerdotes,
2049 1107 2126 1161 sic
2147 1117 2202 1162 et
2232 1108 2284 1162 in
2321 1108 2581 1179 eligendis
2603 1108 2687 1176 his
2714 1125 2899 1166 curam
2925 1120 3139 1181 Oportet
3158 1125 3280 1167 esse

1688 1194 2048 1263 per-Spioniam.
2086 1196 2595 1266 lrrepreheusibiles
2657 1201 2803 1255 enim
2857 1215 2980 1256 esse
3028 1202 3282 1256 convenit

1687 1297 1824 1352 quos
1872 1299 2105 1354 praeesse
2135 1301 2357 1342 necesse
2392 1297 2475 1343 est
2505 1288 2864 1358 corrigendis,
2893 1304 2994 1344 nec
3017 1289 3282 1359 quidquid

1689 1374 1764 1430 illi
1794 1376 1983 1432 deesse
2002 1392 2247 1452 persona
2273 1395 2438 1451 penes
2457 1396 2620 1451 quam
2642 1389 2727 1437 est
2745 1381 3021 1452 religionis
3042 1395 3275 1447 summa,

1689 1475 1745 1522 et
1771 1467 2070 1525 substantia
2106 1468 2423 1539 disciplime.
2455 1469 2711 1526 Estimct
2750 1471 2873 1541 quis
2896 1470 3128 1541 pretium
3178 1468 3283 1524 Do-

14 1540 97 1588 t'os
134 1550 363 1605 perosns
397 1542 773 1604 damnatorum
811 1554 1116 1621 consortia,
1151 1564 1207 1610 et
1238 1571 1425 1614 amare
1456 1557 1586 1613 fide-
1617 1556 1661 1615 B
1692 1556 1871 1611 minici
1898 1556 2099 1628 gregis,
2127 1565 2185 1610 ut
2222 1557 2357 1612 sciat
2414 1558 2555 1627 quod
2612 1540 2863 1613 meritum
2915 1558 3281 1649 constituendi

16 1627 153 1684 lium.
206 1630 275 1685 Et
320 1633 446 1702 quia
499 1649 597 1707 per
647 1640 1067 1701 insinuationem
1124 1646 1430 1705 dilectionis
1480 1658 1584 1705 tum
1685 1644 1875 1700 deceat
1907 1627 2026 1700 esse
2061 1647 2329 1715 pastoris;
2372 1645 2474 1700 hoc
2502 1645 2719 1721 fictita,
2770 1646 2948 1701 sinon
2993 1635 3281 1700 sacerdotii

14 1717 158 1787 hujus
190 1723 352 1778 nobis
380 1734 464 1780 cst
493 1729 592 1782 via:
630 1731 895 1799 patefacta
920 1733 1241 1805 prudentia,
1272 1753 1583 1794 remunera-
1684 1736 1887 1806 gradus
1918 1734 2059 1790 saltu
2106 1736 2339 1805 quodam
2395 1717 2609 1806 passim.
2646 1734 2798 1790 laicis
2851 1733 3273 1790 transferantur.

12 1828 120 1869 inus
146 1815 568 1875 sollicitudinem
601 1831 776 1891 tuam,
806 1835 859 1880 et
899 1829 1129 1884 servatis
1155 1830 1448 1901 privilegiis
1472 1845 1585 1885 mc-
1685 1826 1866 1899 Longa
1894 1826 2054 1883 debet
2080 1828 2248 1883 vitam
2279 1843 2431 1884 suam
2461 1827 2779 1898 probatione
2807 1837 3133 1894 monstrare,
3192 1827 3280 1883 cui

15 1904 446 1974 tropolitanorum
483 1912 628 1969 vices
669 1914 821 1970 vobis
851 1918 1161 1988 apostolica.-
1192 1921 1337 1978 scdis
1362 1932 1585 1978 eatenus
1685 1918 2042 1991 gubernacula
2072 1920 2482 1975 committuntur
2512 1918 2786 1974 Ecclesiae.
2843 1918 2963 1975 Non
3015 1930 3278 1988 negamus

12 1997 423 2070 delrgamus,ut
446 2005 702 2077 inspectis
731 2008 853 2065 istis
880 2011 995 2067 sive
1016 2027 1079 2067 ea
1103 2028 1223 2083 qua:
1247 2013 1314 2069 ad
1347 2029 1586 2071 canoucs
1686 2026 1807 2068 esse
1828 2012 1882 2067 in
1910 2012 2065 2069 laicis
2085 2012 2196 2068 Deo
2237 2011 2467 2082 placitos
2512 2026 2711 2077 mores,
2763 2009 2860 2065 sed
2913 2010 3112 2064 milites
3153 2022 3283 2063 suos

12 2091 297 2157 pertinent,
328 2094 443 2149 sive
471 2110 534 2149 ca
569 2111 690 2167 quse
722 2113 753 2153 a
792 2100 948 2156 nobis
974 2110 1101 2157 sunt
1135 2119 1306 2175 nuper
1332 2105 1584 2160 mandata
1685 2103 1939 2175 probatos
1952 2103 2051 2158 sibi
2066 2102 2578 2174 quaeruntinstitnta
2604 2100 2801 2156 fidelia.
2823 2100 3037 2155 Discere
3058 2099 3284 2168 quisque

11 2193 323 2251 serventur,
349 2186 463 2241 sive
488 2203 609 2259 qua:
638 2191 704 2245 dc
746 2191 1130 2249 ecclesiasticis
1168 2197 1471 2252 cansistna:
1502 2213 1587 2253 re-
1687 2194 1845 2250 debet
1915 2202 2204 2275 antequam
2250 2193 2446 2248 doceat
2475 2232 2490 2258 ν
2560 2201 2618 2247 ει
2668 2191 2971 2262 exemplum
3022 2189 3287 2262 Γθίίείοδίθ

10 2270 251 2329 velatinui
302 2277 653 2350 contigerunt
722 2282 824 2336 sub
871 2291 963 2339 tua
1012 2284 1171 2340 nobis
1224 2286 1586 2343 insinuatione
1687 2270 2110 2341 Conversationis
2168 2285 2235 2340 de
2284 2299 2342 2339 se
2393 2284 2571 2355 potius
2625 2283 2746 2340 aliis
2815 2292 3075 2355 praestare
3121 2296 3285 2352 quam

11 2365 321 2430 pandantur.
357 2368 474 2423 Erit
511 2370 599 2425 hic
638 2373 801 2427 studii
833 2389 896 2429 ac
940 2376 1321 2433 sollicitudinis
1356 2388 1492 2445 tum,
1529 2389 1587 2435 ut
1688 2389 2033 2445 praesumere.
2109 2372 2547 2430 Emendatiorem
2596 2388 2717 2429 esse
2759 2372 3015 2429 convenit
3064 2370 3283 2442 populo.

12 2455 156 2511 talem
181 2459 304 2514 tein
335 2460 549 2530 hisqu
572 2462 1289 2537 injunguulttrexhibeas,ut
1317 2471 1477 2526 fidem
1508 2477 1588 2526 iu-
1688 2482 1845 2536 quem
1888 2481 2115 2523 necesse
2163 2476 2250 2522 est
2297 2482 2457 2523 orare
2510 2483 2611 2538 pro
2663 2466 2903 2537 populo;
2964 2465 3123 2538 101³8³
3189 2465 3286 2520 οδο

11 2550 416 2624 tegritatemqne
436 2554 553 2631 ejus
573 2556 833 2629 cujusque
855 2544 1041 2616 curam
1066 2562 1298 2632 suscipis
1322 2564 1583 2618 inviteris.
1687 2560 1994 2615 scrvatioue
2034 2558 2319 2630 religiosus
2372 2558 2549 2614 eultus
2595 2558 2843 2614 tradatur
2896 2565 2957 2613 ιιι
2994 2557 3177 2624 licet",
3231 2565 3289 2612 ει

9 2637 198 2697 Dataiv
216 2628 848 2720 NonasAprilisAgapito
877 2649 1169 2718 llconsnle,
1199 2628 1306 2709 aera
1326 2669 1583 2709 nexum.
1665 2645 2032 2707 elericalibns
2061 2628 2341 2721 obsequiis
2394 2650 2724 2705 erudieudns
2783 2649 3067 2716 inserviat,
3113 2657 3172 2704 nt
3217 2644 3286 2702 ad

71 2729 200 2785 Itan:
234 2734 456 2803 cpistola
492 2735 794 2793 llormisda:
825 2739 893 2794 ad
920 2743 1186 2813 episcopos
1222 2742 1513 2814 llispaniw.
1688 2743 1981 2799 venerandi
2018 2744 2219 2816 gradus
2244 2759 2453 2811 summa
2480 2743 2793 2812 perductus,
2826 2741 2920 2813 qui
2973 2741 3045 2797 sit
3076 2739 3287 2795 fructus

72 2821 123 2878 l.
162 2822 240 2876 De
270 2825 644 2883 sacerdotibus
672 2827 825 2898 juxta
868 2831 1112 2889 instituta
1148 2850 1415 2891 canonum
1443 2837 1585 2892 ordi-
1626 2900 1655 2905 _
1690 2837 2008 2893 humilitatis
2034 2838 2290 2892 ostendit.
2325 2835 2434 2892 Nec
2456 2835 2573 2891 leve
2605 2851 2707 2892 nec
2728 2852 2958 2892 vacuum
2987 2834 3106 2901 fuit,
3142 2832 3286 2905 quod

6 2914 210 2969 uandis.
1613 2900 1657 2960 θ
1693 2942 1794 2982 nec
1822 2927 1964 2998 apud
1990 2936 2205 2983 veteres
2233 2928 2450 2998 quidem
2482 2928 2586 2982 nisi
2617 2928 2819 2983 levitici
2851 2928 3068 2999 generis
3089 2925 3189 2980 viri
3218 2923 3288 2979 ad

67 3007 120 3061 2.
157 3008 227 3065 Ut
255 3024 356 3081 pro
374 3010 696 3084 episcopatu
716 3031 998 3087 praemium
1024 3034 1139 3073 non
1164 3020 1479 3090 accipiatur.

66 3098 119 3152 5.
152 3098 228 3154 De
259 3100 491 3156 concilio
520 3119 616 3173 per
646 3120 818 3161 annos
844 3107 1083 3179 singulos
1103 3109 1442 3166 celebrando.

69 3188 449 3249 Dilectissimis
503 3195 761 3252 fratribus
808 3200 1078 3271 episcopis
1129 3215 1228 3271 per
1276 3201 1586 3274 Hispaniam

3 3283 310 3339 constitutis
338 3284 636 3343 llonutsm.

68 3371 359 3431 Benedicta
386 3376 625 3436 Trinitas
647 3378 790 3437 Dens
822 3392 1007 3439 noster
1037 3383 1133 3455 qui
1164 3399 1261 3455 per
1287 3385 1592 3445 miscricor-

2 3462 138 3518 diam
167 3464 325 3523 suam
352 3468 609 3527 Romanae
639 3474 949 3544 reipublicae
979 3478 1383 3547 per‘universas
1410 3487 1593 3549 partes

0 3570 104 3613 suze
121 3563 280 3630 pacis
298 3563 687 3634 tranquillitate
701 3564 916 3633 diffusa,
936 3569 1089 3625 nobis
1107 3586 1323 3642 quoque
1343 3572 1485 3627 viam
1501 3572 1590 3628 de-

0 3655 365 3708 monstranda:
377 3655 518 3712 circa
545 3674 641 3714 nos
657 3660 938 3717 charitatis
961 3661 1207 3728 indulsit,
1227 3673 1285 3719 ιιι
1304 3665 1398 3737 qui
1415 3666 1594 3726 cohae-

0 3756 180 3800 remus
206 3744 464 3803 firmitate
487 3750 633 3813 fidei,
651 3751 944 3824 jnngamur
961 3769 1175 3825 quoque
1206 3757 1381 3813 votiva
1398 3757 1611 3829 jocun-r

0 3834 162 3891 ditate
186 3837 465 3909 colloquii,
483 3856 588 3911 quo
616 3841 824 3899 facilius
845 3845 970 3901 dum
992 3864 1088 3918 per
1110 3847 1412 3905 litterarum
1438 3852 1594 3909 minio

0 3930 162 3984 stcria
194 3932 265 3984 ad
290 3946 386 3987 vos
414 3948 582 4003 usque
606 3938 997 4007 perteudimns,
1031 3941 1194 4003 etiam
1217 3942 1380 3998 corda
1410 3954 1593 4002 vestra

0 4019 56 4072 ad
92 4021 410 4094 religiosum
444 4025 648 4080 cultum
686 4029 995 4099 apostolicis
1022 4031 1482 4090 admonitionibus
1512 4035 1595 4091 in-

0 4114 269 4182 citemus;
311 4125 366 4172 et
392 4118 517 4172 dmn
552 4118 857 4179 dilectionis
891 4123 1083 4196 pignus
1122 4135 1325 4183 nostrae
1361 4129 1593 4186 reddidi-

0 4220 136 4272 mus,
160 4207 315 4262 velut
340 4208 607 4278 quoddam
629 4211 867 4267 debitum
898 4215 1113 4285 plenum
1140 4219 1287 4275 circa
1309 4220 1593 4277 Dominum

0 4305 367 4355 monstremus
398 4298 668 4357 affectum.
712 4301 1010 4377 Jnugamus
1035 4308 1229 4381 igitur,
1258 4311 1592 4370 dilectissimi

0 4384 214 4454 fratres,
240 4392 528 4449 continuas
554 4404 609 4449 et
633 4396 860 4452 humiles
881 4416 1090 4471 preces,
1115 4411 1172 4459 et
1193 4404 1476 4462 Dominum
1502 4425 1597 4465 no.

0 4490 167 4538 strnm
190 4484 308 4539 oris
330 4494 387 4542 et
411 4487 593 4542 cordis
612 4487 873 4561 lacrymis
895 4495 1388 4572 supplicantesjugi
1410 4502 1571 4573 depre

0 4577 216 4633 natione
238 4593 545 4648 poscamus,
572 4590 633 4636 ut
661 4592 717 4636 et
742 4584 1082 4643 institutione
1115 4596 1171 4644 et
1200 4606 1363 4662 opere
1386 4593 1460 4648 illi
1497 4611 1593 4651 cu-

0 4668 72 4731 ius
101 4680 233 4723 esse
260 4670 498 4725 membra
522 4672 770 4743 cupimus
798 4674 1123 4747 haereamus,
1144 4694 1243 4736 nec
1264 4698 1503 4752 unquam
1528 4686 1594 4739 ab

0 4761 79 4816 illa
107 4762 195 4818 via
229 4780 354 4833 qua:
376 4764 625 4823 Christus
669 4776 755 4823 est
783 4770 941 4825 devio
971 4774 1191 4829 tramite
1244 4775 1593 4841 declinemus,

0 4871 58 4912 ne
91 4858 164 4911 ab
202 4873 275 4912 eo
294 4856 440 4926 justo
467 4874 629 4930 quem
674 4875 773 4916 nos
802 4863 963 4934 impie
1001 4865 1355 4935 relinquimus
1380 4867 1596 4925 desera-

0 4965 133 5004 mnr.
151 4949 316 5017 Quod
340 4965 456 5004 cum
473 4935 693 5023 superni
721 4953 923 5011 favoris
945 4959 1143 5013 auxilio
1155 4974 1218 5014 ea
1245 4960 1395 5016 nobis
1417 4970 1597 5036 potest

0 5046 209 5099 ratione
241 5045 577 5115 contingere,
604 5045 649 5100 si
674 5048 970 5116 apostolica
998 5052 1269 5119 dogmata,
1294 5051 1336 5108 si
1367 5053 1593 5112 Patrqu

0 5136 255 5189 mandata
291 5147 584 5193 servemus.
616 5132 796 5193 ’Dixit
850 5136 995 5196 enim
1053 5141 1309 5199 Dominus
1358 5158 1591 5204 noster:

0 5242 13 5279 t
42 5224 145 5294 Qui
176 5222 361 5292 diligit
386 5240 482 5296 me,
519 5240 837 5284 sermonem
866 5247 1041 5285 meum
1073 5232 1404 5296 scrvabit,ct
1428 5237 1595 5292 Pater

1692 3028 1880 3074 sancta
1932 3017 2361 3074 admittebantur
2410 3017 2628 3085 altaria,
2685 3034 2754 3074 ne
2800 3019 3036 3089 pessime
3079 3015 3287 3072 meritis

1693 3118 1786 3162 ant
1812 3108 1986 3178 pretio
2041 3117 2135 3161 aut
2160 3108 2581 3179 pnesumptione
2605 3108 2931 3178 contemptis
2983 3105 3050 3161 ad
3101 3120 3288 3162 saeros

1690 3196 1868 3253 cultus
1895 3197 2067 3268 impar
2096 3197 2394 3253 accederet.
2430 3196 2602 3263 'l‘nuc,
2665 3197 2970 3268 migrabant
3017 3210 3288 3267 prmroga‘

1706 3291 1811 3345 tiva
1853 3289 2181 3345 familiarum
2210 3289 2276 3345 ad
2303 3291 2544 3345 instituta
2575 3289 2842 3365 cultorum
2870 3307 2883 3343 :
2910 3303 3052 3345 nunc
3077 3297 3160 3344 est
3191 3286 3288 3342 do-

1692 3376 1871 3436 ctrina
1901 3396 1999 3452 pro
2024 3395 2241 3452 genere.
2269 3381 2419 3449 Quod
2448 3381 2552 3436 illis
2585 3381 2683 3437 fuit
2704 3380 2991 3447 uasci,hoc
3016 3378 3286 3434 uobisim-

1692 3477 1804 3532 bni.
1822 3477 1945 3532 lllos
1974 3476 2319 3533 tabernaculo
2339 3476 2734 3543 dabatuatura,
2756 3491 2856 3531 nos
2878 3473 3141 3529 altaribus
3154 3488 3284 3543 par-

1696 3567 1828 3621 turit
1887 3565 2206 3636 disciplina;
2249 3581 2347 3620 nec
2388 3574 2595 3621 tantum
2622 3565 2702 3621 de
2760 3564 2913 3619 laicis
2976 3559 3289 3619 consecrari

1693 3658 2025 3725 inhibemus,
2048 3657 2144 3713 sed
2167 3672 2232 3712 ne
2254 3657 2319 3711 de
2345 3655 2731 3727 pteniteutibus
2758 3654 3046 3726 quisquam
3067 3651 3285 3724 quidem

1696 3738 1766 3808 ad
1798 3749 2361 3823 hnjusmodigradnm
2409 3748 2671 3818 profanus
2719 3756 3014 3803 temerator
3061 3742 3285 3814 aspiret.

1695 3834 1839 3901 Satis
1865 3842 1939 3898 illi
1964 3843 2259 3914 postulanti
2292 3843 2363 3898 sit
2410 3842 2584 3896 venia.
2612 3840 2729 3908 Qua
2754 3839 3088 3897 conscientia
3109 3838 3289 3893 absolo

1694 3947 1784 3993 vat
1808 3953 1959 3992 reum
1990 3937 2082 4008 qui
2112 3951 2171 3993 se
2191 3942 2410 4006 peccata
2437 3949 2532 3989 sua
2557 3933 2754 4004 populo
2785 3931 2889 3987 scit
2920 3940 3055 3985 teste
3076 3927 3291 3985 confes-

1694 4044 1833 4084 sum.
1866 4026 2000 4103 Quis
2029 4026 2170 4082 enim
2201 4041 2363 4096 quem
2404 4024 2567 4096 paulo
2594 4032 2719 4078 ante
2742 4020 3169 4091 viditjaceutem
3201 4033 3288 4072 ve-

1694 4119 1925 4188 nefrctur
1974 4116 2317 4179 antistitem?
2364 4114 2658 4186 praeferens
2714 4111 3004 4168 miserandi
3045 4108 3291 4164 criminis

1698 4210 1868 4265 labem
1896 4224 2000 4263 non
2031 4207 2194 4263 habet
2224 4206 2455 4262 lucidam
2483 4204 2773 4261 sacerdotii
2804 4202 3141 4274 dignitatem.

1766 4299 1830 4356 ll.
1858 4299 1970 4356 lloc
1990 4314 2204 4371 quoque
2225 4298 2293 4353 ad
2317 4298 2593 4369 praemissa
2625 4293 2998 4365 conjungimus
3027 4304 3094 4344 ne
3126 4289 3291 4343 bene-

1699 4394 1993 4453 dictionem
2034 4410 2134 4467 per
2167 4392 2569 4463 impositionem
2602 4403 2792 4443 manus
2818 4401 2936 4457 quae
2958 4383 3139 4439 divina
3169 4396 3291 4437 esse

1700 4489 1962 4554 creditur,
1986 4487 2105 4557 quis
2131 4486 2305 4557 pretio
2328 4488 2626 4553 comparet,
2660 4478 2921 4549 quoniam
2950 4484 3074 4531 ante
3102 4472 3293 4527 oculos

1700 4594 1819 4636 esse
1851 4578 2129 4642 convenit,
2162 4574 2306 4647 quod
2331 4573 2519 4637 Simon
2549 4570 2813 4640 Spiritum
2837 4577 3085 4657 sanctum
3106 4561 3295 4664 volens

1706 4672 2078 4743 redemptione
2127 4667 2387 4734 mercari,
2433 4660 2676 4734 Apostoli
2730 4658 2895 4716 fuerit
2940 4658 3301 4714 detestatione

1702 4778 2015 4834 permissus.
2044 4760 2195 4819 Tunc
2243 4757 2447 4819 deinde
2493 4754 2613 4823 (illis
2653 4767 2768 4845 non
2818 4751 2926 4845 vile
2982 4750 3141 4845 putat
3184 4754 3306 4845 esst:

1703 4854 1848 4923 quod
1877 4850 2171 4917 venditur?
2197 4848 2369 4907 Istam
2404 4842 2775 4909 sacerdotibus
2798 4836 3116 4900 ordinandis
3159 4844 3312 4923 reve-

1704 4920 1939 5004 rentiam
1959 4951 2139 5002 servet
2166 4940 2409 5021 electio,
2441 4948 2504 4998 ut
2519 4935 2574 4989 in
2600 4934 2758 5000 gravi
2780 4944 3060 4991 murmure
3089 4920 3317 5028 potilio:

1702 5053 1822 5094 rum
1849 5041 2096 5097 divinum
2128 5012 2422 5105 credam}
2454 5041 2572 5091 esse
2595 5024 2881 5094 iudicium.
2906 5026 2985 5083 lbi
3013 5017 3161 5077 enim
3185 5012 3325 5069 Deus

1701 5131 1793 5187 ubi
1848 5132 2079 5204 simplex
2129 5126 2245 5182 sine
2295 5128 2600 5199 pravitate
2663 5133 2996 5185 consensus;
3032 5117 3221 5206 verum

1701 5225 1841 5281 hanc
1868 5231 1961 5298 qui
1986 5227 2087 5280 lem
2136 5227 2367 5291 partem
2425 5212 2816 5289 sollicitudinis
2861 5225 2915 5273 et
2959 5204 3337 5298 admonitio-nis

3026 5286 3057 5316 .’
3089 5284 3317 5316 ηιῖοηιιιιὶ
