3974 6428
582 347 725 407 ιοιδ

1460 295 1748 406 APPEND.
1792 351 1883 406 AD
1919 348 2089 406 82Εο.
2133 349 2226 405 lx.
2259 352 2329 391 ὲ-
2352 346 2602 407 ΙΞΙΒΟΒΙ
2638 350 3107 408 MERCATORlS'

3714 358 3826 415 l0“

585 463 845 535 redempti
872 463 1223 531 voluntatem,
1255 465 1339 520 vel
1381 476 1573 537 sponte
1620 464 1673 521 in
1723 468 1826 523 hoc
1856 465 1942 523 vel
1985 481 2164 521 necesv
2193 467 2240 526 A
2270 471 2323 520 et
2361 464 2670 535 apostolicae
2709 466 2853 521 sedis
2895 465 3241 523 veneratione
3285 468 3575 535 consuluit,
3606 487 3714 541 quo
3758 489 3835 529 or-~

585 555 747 610 sitate
769 557 1128 611 consenserit.
1157 557 1294 624 Quid
1326 559 1545 627 prodest
1569 559 1642 613 illi
1676 576 1772 616 suo
1820 574 2006 616 errore
2055 576 2161 614 non

585 645 771 715 pollui,
796 648 886 717 qui
916 662 1235 703 consensum
1261 657 1482 718 przestat
1504 650 1746 705 erranti?
1781 650 1977 706 Procul
2002 650 2165 706 dubio

584 746 774 793 contra
804 738 1056 792 mandata
1078 740 1389 807 committit,
1441 749 1493 794 et
1533 740 1623 810 qui
1673 742 1836 796 habet
1883 748 2165 812 peccatum

584 830 888 900 proprium,
928 838 981 884 et
1002 831 1093 901 qui
1130 841 1408 901 peccatum
1446 834 1688 904 sequitur
1716 833 1948 889 alienum
1994 835 2167 891 incas-

585 935 703 974 sum
739 921 953 976 anintus
979 922 1183 978 resistit
1212 922 1518 992 cupiditati,
1550 924 1592 979 si
1625 941 1729 978 non
1759 925 1963 980 resistit
1999 933 2052 980 et
2103 925 2170 980 ti-

585 1013 741 1067 mori.
772 1013 1044 1068 Adversus
1074 1013 1190 1070 haec
1216 1012 1429 1070 facilius
1449 1013 1559 1071 Deo
1583 1014 1873 1083 adjuvante
1918 1015 2167 1086 provide-

584 1104 751 1169 bitur,
784 1105 828 1161 si
862 1107 1008 1161 circa
1060 1107 1510 1177 metropolitanos
1567 1106 1843 1177 privilegia
1886 1122 1915 1161 a
1964 1106 2170 1161 sanctis

585 1194 840 1252 Pati-ibus
885 1200 1181 1253 constituta
1233 1210 1611 1270 permaneant,
1672 1200 1716 1253 si
1768 1198 2169 1269 metrOpolitani

584 1290 727 1343 circa
760 1291 1043 1360 parochias
1065 1307 1193 1346 suas
1244 1293 1489 1347 ordinem
1541 1309 1717 1357 suum,
1764 1309 1825 1348 ea
1865 1309 1970 1363 qua
2022 1293 2177 1348 decet

584 1384 936 1437 veneratione
965 1384 1292 1448 custodiant,
1322 1396 1382 1440 ut
1410 1401 1509 1440 nec
1530 1386 1722 1441 electio
1760 1387 2007 1455 praesulis
2056 1401 2173 1441 em-

582 1484 675 1546 pta
706 1477 860 1530 detur
888 1477 1099 1546 pretiis,
1130 1484 1185 1548 et
1212 1492 1309 1532 nec
1339 1478 1687 1547 obsequentis
1709 1479 2020 1547 sitquazsita
2047 1492 2176 1548 ope-

589 1563 762 1629 ribus,
789 1566 881 1620 sed
916 1568 989 1620 ita
1017 1567 1120 1620 fixa
1150 1566 1454 1621 habeantur
1476 1567 1527 1621 in
1559 1567 1814 1623 cordibus
1829 1569 2179 1638 quemadmo-

584 1651 710 1707 dum
740 1653 1049 1723 releguntur
1073 1656 1124 1709 in
1151 1655 1467 1725 Scripturis.
1497 1655 1551 1710 Si
1580 1657 1723 1711 nulla
1753 1658 1858 1713 sint
1880 1660 1933 1713 in
1964 1660 2176 1728 templis

582 1743 912 1811 emptionum
960 1744 1190 1811 semina,
1228 1743 1371 1798 nulla
1400 1754 1559 1799 erunt
1591 1744 1821 1801 fomenta
1869 1748 2171 1816 discordiae,

2266 556 2390 612 dine
2438 572 2505 612 ex
2543 556 2688 613 clero
2737 556 3048 612 Graecorum
3088 557 3427 615 venientibus
3474 561 3644 617 tribui
3693 562 3831 618 debe-

2268 653 2350 700 ret
2415 653 2599 701 sancta
2636 685 2651 712 ,
2714 644 3042 711 communio,
3096 655 3321 716 propter
3379 663 3600 704 causam
3653 649 3834 707 scilicet

2264 736 2444 794 Acacii
2498 753 2528 792 a
2588 737 3076 808 prtedecessoribus
3140 739 3342 794 nostris
3412 754 3511 810 pro
3574 740 3831 795 heretico-

2267 846 2388 885 rum
2440 829 2820 886 communione
2852 830 3115 895 damnati,
3160 829 3213 884 in
3256 845 3362 900 qua
3412 833 3502 901 qui
3557 833 3712 887 scab
3736 832 3831 901 ejus

2267 918 2587 989 contagione
2613 933 2717 974 non
2742 918 3006 982 dividunt,
3046 933 3076 971 a
3121 929 3304 973 nostra
3337 922 3720 978 communione
3750 924 3831 978 ba-

2266 1010 2498 1066 beantur
2540 1010 2771 1080 excepti.
2813 1009 2998 1065 Laudo
3054 1011 3387 1081 propositum
3419 1012 3523 1066 viri
3588 1013 3692 1068 hoc
3738 1016 3832 1070 zelo

2268 1102 2413 1158 circa
2444 1100 2626 1167 fidem,
2652 1109 2707 1156 et
2749 1100 3044 1170 apostolica
3073 1101 3319 1157 instituta
3356 1102 3641 1167 ferventis,
3672 1113 3727 1158 ιιι
3757 1121 3833 1160 ne-

2272 1206 2377 1264 que
2407 1206 2504 1261 per
2525 1190 2881 1263 ignorantiam
2902 1189 3119 1261 quidem
3146 1206 3454 1262 quanquam
3476 1207 3642 1248 cceno
3662 1196 3833 1249 erroris

2273 1282 2433 1337 alieni
2463 1290 2762 1352 pateretur,
2792 1280 3083 1351 immergit.
3116 1281 3284 1352 Digna
3314 1281 3430 1337 haec
3452 1297 3592 1336 cura
3619 1282 3831 1341 fidelibus

2273 1383 2333 1428 ut
2359 1373 2591 1429 sollicito
2623 1372 2803 1427 studio
2828 1387 3043 1443 semper
3070 1372 3366 1442 invigilent,
3391 1381 3446 1427 et
3475 1373 3832 1444 inculpatosse

2276 1464 2344 1518 ab
2369 1464 2513 1517 omni
2544 1462 2901 1533 perversitate
2931 1472 3275 1517 consecrent.
3305 1462 3424 1533 lpsa
3452 1472 3545 1518 est
3568 1465 3711 1519 enim
3735 1465 3831 1521 ﬁdei

2275 1552 2585 1608 innocentia
2625 1561 2681 1605 ιιι
2709 1552 3026 1623 praevideat,
3050 1566 3119 1606 ne
3164 1551 3249 1605 vel
3288 1568 3418 1607 casu
3455 1554 3634 1623 possit
3657 1570 3830 1611 errare.

2277 1641 2688 1698 Satisfacientes
2710 1641 2873 1712 igitur
2893 1652 2948 1695 et
2969 1639 3326 1694 laudabilibus
3346 1641 3640 1696 desideriis
3667 1658 3832 1697 mento-

2276 1733 2383 1789 rati
2414 1732 2535 1797 viri,
2572 1741 2627 1788 et
2670 1746 2942 1788 memores
2970 1731 3139 1785 nostri
3167 1731 3304 1786 sicut
3334 1742 3558 1800 oportet
3580 1733 3733 1788 ofﬁcii
3760 1735 3830 1787 do-

580 1831 675 1887 sed
708 1840 968 1901 regnante
1019 1833 1287 1889 charilalc
1340 1835 1439 1889 sub
1490 1834 1577 1888 illa
1622 1851 1783 1907 quam
1834 1836 1991 1894 nobis
2044 1854 2171 1909 pro.
2200 1821 2244 1880 Β
2273 1833 2526 1881 cumeuta
2557 1837 2784 1895 quaeque
2824 1822 2891 1877 de
2926 1820 3181 1876 Ecclesia:
3201 1822 3418 1877 scriniis
3438 1832 3764 1878 assumentes
3780 1826 3830 1877 ad

581 1924 730 1978 misit
752 1924 912 1990 Deus,
938 1934 993 1980 et
1021 1925 1294 1990 retribuit,
1335 1941 1467 1994 pace
1492 1927 1721 1983 vivatur.

649 2012 735 2066 Ill.
762 2012 842 2069 Ob
862 2014 967 2069 hoc
996 2013 1185 2070 Patres
1207 2016 1542 2085 providentia
1599 2032 1706 2086 qua
1768 2017 2002 2088 Spiritus
2048 2036 2174 2075 san-

579 2110 701 2158 etus
722 2104 958 2161 cultores
987 2120 1115 2160 suos
1143 2121 1506 2177 compungere
1538 2108 1792 2178 dignatus
1814 2119 1897 2165 est
1935 2112 2170 2179 incitati,

576 2192 662 2248 bis
687 2193 738 2248 in
770 2210 913 2250 anno
945 2211 1044 2266 per
1072 2196 1361 2266 parochias
1406 2197 1645 2267 singulas
1687 2199 1915 2254 concilia
1980 2201 2170 2256 haberi

579 2272 905 2351 docuerunt,
930 2293 988 2340 ut
1013 2286 1067 2341 in
1110 2302 1276 2342 unum
1326 2286 1477 2356 juxta
1533 2289 1765 2346 salubris
1814 2291 2171 2349 institutionis

578 2372 828 2444 dogmata
861 2378 1195 2449 congregati,
1246 2394 1346 2449 pro
1398 2379 1783 2438 ecclesiasticis
1828 2384 2010 2440 causis
2062 2394 2173 2440 Ira-

574 2466 787 2520 ctandis
809 2466 980 2524 libere
1002 2470 1381 2534 convenirent,
1414 2479 1473 2523 ut
1522 2471 1564 2525 si
1610 2469 1767 2539 juxta
1806 2483 1989 2529 votum
2049 2475 2169 2531 uni-

575 2568 734 2608 versa
764 2557 1086 2621 consistunt,
1116 2559 1284 2614 Deum
1311 2558 1516 2627 junctis
1547 2563 1769 2618 vocibus
1798 2563 1890 2634 qui
1943 2576 2169 2636 prmstat

574 2643 880 2702 desiderata
926 2649 1255 2704 collaudent.
1299 2649 1521 2706 Dillicile
1569 2662 1652 2707 est
1698 2656 1843 2708 enim
1886 2664 1947 2710 ut
1989 2657 2170 2727 cujus-

580 2752 744 2807 quam
774 2754 870 2793 cor
896 2742 1081 2809 pravis
1111 2742 1189 2796 sic
1211 2742 1632 2810 cogitationibus
1655 2745 1955 2811 iuduretur,
1978 2756 2083 2802 uta
2109 2763 2169 2805 se

571 2828 811 2896 patiatur
839 2829 1101 2899 culpanda
1133 2831 1269 2908 ﬁeri,
1301 2849 1422 2888 cum
1454 2836 1669 2891 noverit
1712 2853 1770 2892 se
1794 2837 2061 2906 judicium
2084 2838 2168 2895 fu-

573 2926 752 2972 turum
768 2934 896 2988 esse
932 2921 1167 2977 concilii.
1196 2922 1529 2980 Prrecinctos
1552 2927 1618 2980 ad
1648 2927 1789 2983 hanc
1824 2929 1967 2984 viam
2018 2945 2162 2986 sem-

571 3023 670 3077 per
702 3009 913 3067 lumbos
933 3011 1191 3080 habeant,
1234 3016 1467 3072 scientes
1496 3019 1763 3076 rationem
1793 3031 2011 3077 actuum
2039 3037 2165 3079 suo-

572 3116 692 3154 rum
722 3118 843 3158 esse
873 3105 1216 3161 reddendam.
1257 3108 1672 3179 Suspendantur
1711 3115 1781 3167 ab
1813 3112 2019 3170 illicitis
2066 3131 2163 3185 per

566 3186 1015 3261 formidinem,:et
1037 3195 1126 3264 qui
1152 3197 1496 3268 nequiverint
1517 3215 1613 3271 per
1638 3201 1919 3271 pudorem.
1938 3203 2013 3258 De
2032 3219 2164 3260 con-

565 3282 836 3340 veniendo
865 3293 1052 3341 notum
1087 3296 1171 3342 est
1204 3303 1441 3345 canones
1483 3286 1702 3347 sanctos
1762 3292 1853 3348 bis
1908 3293 1960 3347 in
2017 3309 2162 3351 anno

567 3377 938 3445 constituisse,
967 3388 1022 3435 et
1045 3381 1375 3450 praefinitum
1407 3382 1624 3453 quidem
1670 3383 1713 3440 si
1769 3386 2026 3455 possibile
2056 3395 2159 3453 est,

568 3465 950 3525 inviolabiliter
976 3473 1229 3528 convenit
1256 3476 1536 3530 custodiri.
1570 3475 1675 3531 Sed
1708 3476 1753 3532 si
1802 3486 1897 3533 aut
1947 3488 2158 3550 tempo-

566 3572 688 3613 rum
723 3560 1037 3630 necessitas,
1068 3571 1165 3618 aut
1188 3574 1531 3636 emergentes
1558 3581 1735 3622 causae
1758 3566 1862 3623 hoc
1916 3584 2023 3623 non
2067 3584 2163 3637 pa-

572 3648 779 3705 tiuntur
818 3650 1051 3721 impleri,
1084 3652 1249 3710 semel
1281 3655 1470 3711 saltem
1499 3657 1749 3728 quamvis
1802 3674 1906 3715 non
1947 3659 2163 3714 licuerit

571 3740 690 3796 sine
722 3741 831 3798 ulla
877 3747 1249 3814 excusatione,
1276 3749 1619 3818 prazcipimus
1662 3752 1976 3807 convenire.
2009 3751 2157 3819 llzec,

569 3829 769 3889 fratres
796 3834 1126 3902 charissimi,
1167 3847 1222 3894 et
1246 3838 1352 3894 alia
1389 3856 1509 3911 qu:e
1535 3840 1758 3897 Patrum
1790 3843 1992 3915 regulis
2035 3859 2162 3899 con-

569 3921 833 3992 tinentur,
856 3925 911 3981 in
941 3925 1098 3985 labiis
1125 3938 1180 3983 et
1204 3928 1258 3983 in
1286 3929 1543 3986 cordibus
1568 3932 1772 3988 nostris
1811 3931 2041 3988 indivisa
2071 3947 2159 3988 re-

568 4015 897 4073 tractatione
921 4020 1262 4086 meditemur,
1294 4029 1350 4076 et
1374 4022 1514 4077 sicut
1539 4023 1799 4093 scriptum
1837 4030 1942 4089 est,
1974 4039 2161 4080 narre-

568 4118 690 4159 mus
714 4121 777 4160 ea
819 4107 944 4163 filiis
973 4109 1195 4176 nostris,
1221 4120 1277 4165 ut
1328 4127 1390 4166 ea
1444 4112 1771 4168 meditentur
1819 4113 1872 4169 in
1902 4115 2159 4171 cordibus

568 4194 700 4261 suis,
725 4195 975 4254 sedentes
1004 4197 1057 4255 in
1083 4199 1265 4264 domo,
1308 4201 1648 4258 ambulantes
1681 4202 1734 4258 in
1764 4204 1981 4271 itinere,
2033 4203 2159 4260 dor-

567 4286 800 4343 mientes
836 4295 998 4358 atque
1026 4302 1331 4363 surgentes,
1381 4295 1506 4364 quia
1541 4314 1560 4347 ι
1596 4293 1784 4352 beatus
1833 4295 1885 4351 in
1931 4297 2159 4353 Domino

566 4376 659 4448 qui
691 4376 742 4433 in
765 4378 880 4450 lege
906 4378 1024 4449 ejus
1057 4382 1404 4440 meditabitur
1438 4385 1526 4442 die
1574 4401 1637 4441 ac
1687 4396 1846 4445 nocte
1899 4386 2074 4458 (Psal.
2114 4404 2154 4456 t,

560 4467 666 4542 2).
701 4488 720 4521 ι
768 4470 880 4527 lloc
929 4480 985 4528 et
1029 4473 1288 4541 magister
1329 4477 1566 4545 gentium
1622 4478 1944 4550 discipulum
2000 4496 2158 4537 suum

562 4569 782 4616 secutus
816 4561 1048 4618 instituit
1084 4564 1385 4621 admonens
1420 4568 1575 4623 :baec
1628 4569 1912 4636 meditare,
1956 4570 2011 4626 in
2072 4573 2157 4629 his

560 4656 703 4715 esto,
755 4651 1048 4723 subjiciens
1077 4654 1468 4724 plenitudinem
1507 4674 1521 4711 :
1553 4657 1772 4713 attende
1826 4658 1921 4714 tibi
1966 4668 2022 4715 et
2062 4662 2157 4716 do-

556 4740 763 4807 ctrinre,
796 4743 922 4813 quia
963 4745 1006 4799 si
1039 4744 1287 4802 fidelibus
1308 4746 1427 4803 sine
1454 4746 1852 4805 intermissione
1890 4750 2153 4807 incunth-

555 4843 677 4885 mus
701 4831 983 4899 institutis,
1031 4836 1408 4906 separabimur
1445 4853 1475 4892 a
1524 4838 1692 4906 vitiis,
1736 4839 1864 4893 dum
1908 4841 2146 4910 impensa

556 4932 684 4973 cura
726 4921 907 4980 divino
933 4927 1083 4994 operi
1116 4927 1354 4982 humano
1400 4928 1575 4984 locum
1626 4944 1734 4985 non
1798 4930 2016 5001 reliquit
2060 4947 2148 4987 er-

554 5007 684 5061 ruri.
728 5008 859 5065 Data
888 5028 938 5066 tv
963 5013 1145 5071 Nonas
1172 5014 1394 5087 Aprilis,
1427 5018 1664 5089 Agapeto
1690 5017 1731 5072 ll
1769 5020 2010 5074 consule.

556 5095 688 5179 Item
721 5102 943 5179 epistola
966 5103 1265 5179 Ilqrmisdm
1286 5125 1438 5179 papa:
1465 5109 1533 5162 ad
1557 5109 1821 5179 episcenos
1850 5109 2142 5179 Ilispnnirr,

625 5168 681 5223 in
737 5168 853 5252 quo
896 5175 970 5228 eis
1013 5175 1242 5252 Joannis
1287 5168 1857 5252 Constantinopolitnni
1916 5168 2147 5252 episcopi

626 5240 1003 5309 professionem
1027 5247 1228 5325 dirigit,
1256 5260 1467 5318 oropter
1489 5240 1765 5306 orientales
1797 5240 2013 5307 clericos
2055 5240 2145 5325 qui

626 5328 803 5367 eorum
826 5317 1241 5371 communionem
1268 5317 1631 5388 poposcerunt.

624 5402 788 5476 260
830 5406 1208 5467 Dilectissimis
1239 5412 1498 5468 fratribus
1525 5414 1792 5487 episcopis
1830 5414 1927 5488 pér
1955 5415 2144 5487 llisg-a-

556 5496 698 5551 uiam
726 5500 1035 5559 constitutis
1065 5502 1364 5560 [Ιοιιιιιδωι.

624 5586 831 5645 Interea
897 5604 1015 5664 qua:
1075 5596 1281 5652 notitiae
1343 5607 1541 5654 nostrze
1594 5597 1825 5656 Joannes
1874 5599 2040 5655 frater
2093 5610 2147 5656 et

560 5678 913 5750 eoepiscopus
973 5694 1156 5740 noster
1203 5686 1381 5741 studio
1436 5687 1828 5745 Ecclesiasticae
1901 5689 2148 5744 utilitatis

564 5768 829 5839 ingessit,
875 5776 972 5830 lzoc
1014 5762 1232 5849 quoque
1278 5797 1377 5850 pro
1428 5780 1621 5837 affectu
1676 5782 1955 5839 cntlolicze
2001 5783 2146 5848 fidei,

2271 1914 2559 1972 concilium
2601 1923 2841 1970 vestrum
2906 1928 3004 1983 pro
3073 1912 3444 1984 generalitatis
3512 1915 3829 1970 instructione

2270 2007 2587 2072 direximus,
2610 2014 2671 2059 ut
2690 2019 2751 2058 ex
2778 2004 2883 2060 illis
2903 2003 3115 2074 plenius
3129 2019 3248 2073 qua:
3273 2013 3401 2059 sunt
3421 2014 3551 2060 acta
3575 2006 3827 2069 discentes,

2270 2099 2338 2154 ab
2360 2099 2506 2153 omni
2531 2114 2627 2153 vos
2647 2097 2946 2153 errantium
2973 2096 3350 2151 communione
3377 2097 3673 2167 separetis,
3694 2113 3829 2167 neque

2268 2189 2415 2244 enim
2466 2199 2550 2244 est
2583 2170 2888 2258 pe‘rsonalis
2916 2188 3023 2242 odii
3051 2202 3215 2242 causa
3250 2188 3302 2242 in
3330 2187 3533 2259 impios
3566 2197 3825 2258 transgres-

2269 2295 2422 2335 sores
2452 2280 2618 2345 dicta,
2647 2280 2757 2335 Deo
2793 2280 3090 2350 inSpiranle
3113 2279 3404 2346 sententia,
3434 2280 3491 2335 in
3519 2296 3627 2349 qua
3650 2281 3824 2351 quidem

2268 2383 2454 2435 causa,
2468 2385 2804 2440 nequaquam
2819 2386 2848 2424 a
2868 2370 3249 2440 praedicatione
3269 2372 3633 2437 cessavimus,
3653 2380 3704 2425 et
3716 2371 3829 2441 prin-

2268 2465 2416 2533 cipes
2439 2463 2809 2534 supplicando,
2831 2472 2885 2518 ct
2907 2462 3237 2529 sacerdotes,
3261 2472 3315 2516 et
3340 2462 3576 2533 populos
3602 2472 3655 2518 et
3673 2464 3823 2517 admo-

2268 2555 2464 2616 nendo,
2518 2562 2575 2607 ut
2608 2562 3034 2624 transgressores
3078 2552 3308 2608 absoluti
3341 2553 3409 2608 ad
3459 2563 3668 2610 rectam
3703 2552 3826 2607 fidem

2267 2642 2464 2699 affectu
2495 2644 2612 2709 Dei,
2635 2654 2689 2698 et
2724 2644 2915 2715 judicii
2969 2643 3162 2698 timore
3196 2654 3609 2700 converterent.
3641 2643 3734 2698 Sed
3754 2643 3828 2697 ob-

2267 2734 2488 2789 stinatio
2515 2735 2822 2790 miseranda
2850 2749 2916 2789 eo
2940 2736 3269 2805 perduxerat
3302 2735 3444 2801 illos,
3476 2745 3541 2790 ιιι
3569 2737 3721 2792 nullis
3736 2751 3827 2790 mo-

2265 2825 2348 2881 dis
2399 2825 2676 2881 mortifera
2726 2841 2929 2882 venena
2959 2827 3266 2890 vincantur,
3313 2827 3406 2883 sed
3461 2829 3611 2883 mala
3660 2829 3825 2884 semina

2267 2915 2389 2972 fixis
2421 2916 2472 2972 in
2489 2916 2726 2973 deterius
2748 2917 3011 2988 pullulent
3035 2918 3325 2975 radicibus.
3355 2919 3503 2992 Ergo
3526 2919 3820 2976 dilectissimi

2265 3006 2463 3063 fratres
2483 3007 2550 3063 ad
2570 3009 2748 3063 omnia
2766 3019 3135 3080 competentes
3153 3010 3423 3076 instructi,
3448 3021 3676 3067 servate
3686 3026 3770 3067 vos
3784 3018 3825 3063 et

2266 3095 2567 3151 Ecclesiam
2601 3097 2694 3153 Dei
2719 3098 2960 3168 Apostoli
2990 3100 3364 3157 exhortatione
3386 3102 3715 3171 compuncti.
3742 3100 3824 3154 Nos

2265 3195 2444 3242 autem
2469 3188 2705 3244 libellum
2733 3190 2999 3257 misimus,
3028 3192 3127 3246 sub
3157 3208 3265 3262 quo
3297 3193 3340 3248 si
3375 3195 3505 3264 quis
3530 3192 3824 3249 communio-

2263 3293 2387 3333 nem
2414 3288 2654 3335 vestram
2707 3282 2774 3337 de
2801 3282 3158 3339 orientalibus
3187 3284 3401 3340 clericis
3422 3285 3742 3356 poposcerit,
3767 3286 3819 3338 ad

2262 3386 2382 3427 eam
2396 3373 2566 3444 possit
2595 3374 2833 3440 admitti,
2856 3376 3151 3431 secundum
3171 3393 3332 3448 quam
3353 3387 3406 3433 et
3430 3377 3504 3433 de
3541 3378 3765 3433 Thracia
3784 3385 3824 3430 ct

2266 3465 2522 3536 Scythize,
2553 3466 2864 3537 lllyricique
2905 3468 3152 3537 partibus
3188 3469 3269 3523 vel
3305 3468 3451 3538 Epiri
3494 3470 3710 3533 veteris,
3749 3466 3820 3521 sel

2260 3566 2310 3613 et
2344 3559 2639 3613 secundum
2668 3574 2832 3628 quam
2858 3559 2925 3615 de
2950 3558 3121 3629 Syria:
3136 3559 3333 3615 multos
3352 3559 3471 3629 jam
3497 3567 3706 3614 constat
3727 3572 3820 3612 erce

2260 3657 2560 3719 susceptos,
2600 3648 2899 3718 gaudentes
2949 3648 3017 3703 ad
3055 3659 3203 3704 recta
3254 3646 3553 3713 conﬂuere,
3586 3657 3640 3703 et
3695 3647 3817 3702 devia

2261 3736 2583 3793 declinasse.
2636 3737 2793 3793 Unde
2863 3754 2966 3809 pro
3014 3740 3364 3809 subreptione
3415 3739 3733 3793 mandamus
3777 3743 3820 3789 ut

2259 3829 2436 3886 omnis
2465 3844 2595 3884 cura
2620 3837 2672 3885 et
2712 3829 3016 3886 sollicitudo
3045 3831 3222 3887 omnis
3248 3830 3518 3900 invigilet,
3541 3831 3653 3901 jam
3676 3827 3819 3884 nullas

2260 3920 2309 3976 si
2357 3920 2675 3991 ignorantia:
2722 3920 2894 3987 locus,
2925 3921 3106 3976 nullus
3149 3930 3336 3975 utatur
3370 3919 3732 3992 simplicitatis
3749 3933 3820 3973 ex-

2259 4011 2541 4067 cusatione
2571 4010 2868 4081 praeterita.
2903 4010 3109 4066 Scienti
3140 4015 3367 4081 peceare
3394 4011 3697 4067 necessaria
3719 4022 3819 4064 cott-

2260 4101 2426 4158 fessio
2446 4110 2549 4157 est.
2591 4100 2826 4158 Necesse
2856 4109 2941 4158 est
2978 4110 3039 4157 ut
3066 4115 3308 4157 errorem
3360 4102 3460 4157 sibi
3511 4102 3706 4157 scribat
3747 4096 3816 4166 qui

2261 4201 2596 4248 monstratur
2623 4192 2889 4249 institisse
2914 4208 3083 4264 pravo
3105 4193 3306 4248 itineri.
3339 4191 3665 4249 Bonefacius
3690 4196 3816 4245 nota-

2259 4286 2375 4343 rius
2433 4295 2634 4343 sanctae
2683 4286 2938 4342 Ecclesia:
2991 4285 3248 4342 Romana:
3303 4300 3371 4341 ex
3446 4285 3651 4341 scrinio
3710 4278 3814 4337 editi

2258 4379 2586 4452 exemplaria
2611 4377 2777 4434 libelli
2798 4378 3133 4449 exsequitur.
3518 4366 3541 4381 ³

2331 4494 2510 4550 Prima
2540 4494 2685 4551 salus
2713 4504 2798 4550 est
2824 4503 2981 4549 recta:
3023 4491 3150 4547 fidei
3191 4491 3433 4561 regulam
3476 4488 3753 4551 custodire,
3773 4494 3815 4539 et

2263 4605 2295 4644 a
2323 4588 2632 4646 constitutis
2686 4587 2905 4642 Patrum
2957 4583 3260 4640 nullatenus
3307 4583 3558 4647 deviare;
3611 4589 3665 4636 et
3710 4576 3810 4648 quia

2262 4697 2370 4736 non
2409 4689 2586 4751 potest
2640 4678 2854 4735 Domini
2888 4676 3059 4733 nostri
3095 4675 3222 4732 .lesu
3250 4674 3453 4730 Christi
3507 4667 3809 4745 praetermitti

2259 4772 2551 4837 sententia,
2585 4771 2816 4826 dicentis
2847 4788 2860 4825 :
2895 4788 2914 4821 ι
2948 4769 3028 4824 Tu
3072 4782 3131 4825 es
3172 4768 3386 4833 Petrus,
3416 4777 3467 4822 et
3497 4782 3659 4838 super
3697 4764 3806 4820 banc

2257 4873 2468 4934 petram
2496 4862 2773 4918 aediﬁcabo
2788 4861 3078 4918 Ecclesiam
3106 4875 3280 4915 meam
3308 4858 3521 4931 (Matth.
3554 4873 3661 4922 μοι,
3693 4852 3802 4920 l8),I

2255 4965 2384 5023 elc.,
2412 4954 2528 5010 hzec
2550 4969 2670 5025 qua:
2695 4953 2836 5009 dicta
2861 4961 2987 5008 sunt
3010 4969 3192 5008 rerum
3221 4953 3519 5022 probantur
3539 4948 3804 5008 elfeuibns,

2253 5048 2380 5119 quia
2422 5048 2477 5102 in
2522 5047 2653 5103 sede
2696 5045 2989 5117 apostolica
3019 5053 3171 5100 extra
3203 5043 3465 5100 maculam
3495 5054 3701 5111 semper
3740 5044 3805 5090 est

2253 5139 2519 5196 catholica
2547 5147 2757 5194 servata
2800 5136 3010 5208 religio.
3040 5135 3122 5191 De
3151 5150 3254 5205 qua
3303 5148 3417 5204 spe,
3444 5142 3500 5187 et
3529 5130 3631 5185 ﬁde
3675 5124 3802 5183 mini-

2253 5246 2339 5286 me
2370 5229 2613 5300 separari
2646 5230 2944 5299 cupientes,
2987 5237 3043 5283 et
3070 5224 3292 5281 Patrum
3323 5216 3607 5294 sequentes
3636 5216 3801 5275 consti-

2252 5330 2383 5387 tuta,
2420 5320 2947 5376 anathematizamus
3001 5333 3190 5374 omnes
3238 5318 3507 5382 htercses,
3564 5311 3801 5386 pmcipne

2252 5413 2556 5470 Nestorium
2582 5411 3022 5482 hzercticum,qui
3049 5410 3318 5480 quondant
3342 5398 3798 5472 Constantinopoli-

2254 5514 2392 5560 tanze
2440 5504 2543 5558 fuit
2593 5503 2744 5559 urbis
2787 5503 3093 5573 episc0pus,
3144 5500 3457 5555 damnatum
3506 5495 3559 5552 itt
3602 5489 3797 5550 concilio

2254 5596 2525 5666 Ephesino
2555 5611 2584 5650 a
2609 5595 2771 5651 beato
2804 5594 3095 5650 Caelestino
3146 5609 3281 5665 papa
3310 5591 3459 5647 urbis
3486 5589 3679 5648 Romze,
3702 5591 3749 5637 et
3768 5596 3791 5632 τι

2254 5688 2545 5743 venerabili
2563 5688 2679 5744 viro
2700 5685 3294 5759 CyrilloAlexandriuae
3305 5682 3535 5739 civitatis
3562 5673 3798 5732 antistite:

2255 5780 2513 5838 Similiter
2539 5781 3058 5839 anathematizamus
3082 5778 3386 5844 Euticbcm,
3427 5786 3481 5831 et
3511 5773 3789 5830 Dioscoruzu
