3974 6434
198 320 343 383 tcta
430 298 441 311 ’

1371 297 1861 398 accusantium
1901 302 2301 408 COLLECTIO.

3325 325 3465 428 ιοις

196 442 624 541 Διθνὶιιιιίιῐίιιιιιη
666 445 719 499 in
778 455 965 504 sancta
999 454 1203 521 synodo
1229 468 1390 524 quant
1421 457 1700 527 sequimur
1732 467 1788 514 et
1816 463 1861 523 Α
1891 460 2073 533 Neque
2098 467 2241 520 enim
2269 464 2674 529 difficultatibus
2708 482 2791 529 est
2818 475 3136 535 cedendum.
3161 479 3276 537 Non
3316 485 3460 541 enim

193 530 580 604 amplectimur
615 534 1036 597 Cltaleedonensi
1064 544 1397 612 damnatum,
1430 564 1551 618 quae
1599 561 1784 606 secuta

192 634 447 678 sanetum
476 627 764 682 concilium
785 627 1059 688 Nicenum
1080 636 1237 692 fidem
1265 640 1612 707 apostolicam
1644 658 1783 711 pra:-

193 716 425 772 dicavit.
477 718 823 777 Detestanmr
848 734 901 779 et
930 725 1269 784 Timotheum
1300 732 1626 800 parricidam
1657 732 1783 789 Hel-

192 805 381 863 lnrum
431 821 818 880 cegtzoatento,
866 816 1182 887 discipulum
1230 838 1443 892 quoque
1502 823 1669 894 ipsius
1727 834 1783 881 et

192 912 486 967 sequacem
540 900 594 954 in
648 903 899 960 omnibus
930 904 1149 964 Petrum
1181 911 1600 969 Alexandrinum
1654 932 1782 972 eon-

191 986 539 1045 tlemnatnus.
572 990 746 1047 Etiam
785 997 1308 1058 anathematizamus
1359 1004 1616 1062 Acacium
1642 1009 1782 1064 Con.

191 1078 733 1149 stantinopolitanum
762 1087 1030 1154 quondam
1061 1090 1471 1162 episeopnm,ab
1489 1098 1779 1166 apostolica

188 1168 327 1222 sede
366 1168 702 1238 damnatum,
755 1189 942 1231 eorum
994 1180 1311 1251 complieem
1359 1193 1413 1239 et
1469 1202 1778 1258 sequacem,

187 1257 281 1311 vel
310 1260 400 1328 qui
433 1261 484 1314 in
537 1277 723 1318 eorum
777 1271 1154 1327 communione
1201 1257 1618 1345 permanserint.
1676 1281 1778 1349 Qui

123 1426 128 1430 η
188 1350 455 1418 Aeacius,
487 1371 715 1424 quorum
747 1373 806 1413 se
852 1367 1217 1422 communioni
1276 1371 1490 1427 miscuit
1539 1374 1775 1443 ipsorum

188 1442 427 1498 sltnilen
468 1447 669 1504 habere
694 1453 893 1509 meruit
942 1455 993 1510 in
1049 1458 1395 1519 damnatione
1426 1442 1771 1523 sententiam.

187 1532 416 1590 Petrum
463 1539 810 1600 nihilominus
832 1545 1232 1608 Antiochenum
1278 1545 1596 1614 damnamus
1649 1576 1772 1615 cum

186 1628 518 1695 sequacibus
559 1633 692 1697 suis,
719 1643 773 1689 et
814 1638 1065 1697 omnibus
1094 1646 1498 1715 suprascriptis.
1536 1647 1775 1720 Suscipi-

188 1731 315 1771 mus
336 1729 514 1774 autetn
546 1731 600 1775 et
624 1725 916 1793 probamus
941 1731 1196 1800 epistolas
1226 1735 1367 1791 beati
1398 1738 1591 1795 Leonis
1620 1758 1771 1813 papae

183 1808 475 1865 universas
503 1826 638 1880 quas
668 1813 735 1869 de
787 1816 1043 1887 religione
1093 1821 1397 1880 Christiana
1429 1808 1770 1901 conscripsit,

182 1899 331 1955 sicut
352 1902 701 1971 praediximus
730 1918 1017 1977 sequentes
1052 1911 1105 1967 in
1131 1915 1381 1972 omnibus
1417 1899 1769 1988 apostolicam

183 1990 400 2055 sedem,
426 2003 481 2048 et
506 1996 862 2063 praedicantes
893 2002 1072 2057 omnia
1103 2005 1219 2074 ejus
1243 2009 1557 2066 constituta.
1577 2011 1639 2066 Et
1669 2027 1771 2084 per

181 2082 369 2137 omnia
397 2099 555 2153 spero
585 2096 641 2143 ut
666 2088 717 2143 in
766 2106 873 2146 una
900 2097 1278 2154 communione
1306 2100 1579 2158 vobiscum
1604 2082 1768 2174 quam

182 2173 347 2229 sedes
369 2177 663 2245 apostolica
693 2180 972 2249 praedicat,
1021 2199 1141 2243 esse
1194 2202 1429 2257 merear,
1459 2191 1514 2247 in
1545 2173 1650 2263 qua
1685 2204 1770 2251 est

180 2265 396 2336 integra
426 2279 480 2323 et
522 2285 646 2326 vera
700 2272 1025 2332 Christiana:
1072 2278 1372 2350 religionis,
1426 2292 1481 2339 et
1529 2285 1767 2354 perfecta

181 2355 454 2425 soliditas,
480 2361 801 2430 promittens
827 2374 1194 2435 sequestratos
1214 2384 1244 2423 a
1268 2373 1646 2429 communione
1662 2376 1765 2431 Ec-

178 2446 366 2504 clesia:
417 2452 719 2518 catholicas,
773 2454 827 2509 id
882 2465 987 2524 est,
1039 2474 1145 2514 non
1206 2463 1606 2521 consentientes
1654 2467 1768 2523 sedi

179 2542 517 2611 apostolicze,
545 2560 731 2601 eorum
761 2548 977 2603 nomina
1006 2550 1146 2606 inter
1172 2566 1328 2609 sacra
1357 2570 1464 2610 non
1495 2558 1767 2615 recitanda

178 2646 309 2689 esse
334 2637 611 2706 mysteria.
643 2636 795 2706 Quod
827 2640 872 2693 si
926 2640 980 2696 in
1014 2642 1194 2713 aliquo
1219 2659 1248 2698 a
1281 2662 1399 2702 mea
1436 2649 1767 2718 professione

180 2722 402 2781 deviare
458 2735 756 2796 tentavero,
818 2731 904 2787 his
938 2749 1076 2804 quos
1124 2735 1396 2804 damnavi,
1450 2741 1766 2811 complicem

180 2830 273 2870 me
302 2832 421 2873 mea
437 2822 703 2877 sententia
725 2837 847 2879 esse
871 2825 1145 2894 profiteor.
1179 2827 1330 2884 Hanc
1355 2837 1535 2884 autem
1560 2830 1768 2898 profes-

175 2906 390 2963 sionem
413 2917 702 2983 meam'ego
725 2928 887 2968 manu
914 2929 1032 2970 mea
1060 2917 1376 2988 subscripsi,
1400 2927 1454 2974 et
1469 2920 1768 2979 liormisdte

176 3007 374 3056 sancto
400 3015 465 3056 ac
485 3004 779 3059 venerabi'i
808 3020 959 3076 papae
986 3006 1134 3061 urbis
1162 3007 1348 3064 Roma:
1375 3008 1565 3066 direxi.

174 3087 262 3145 De
294 3090 717 3147 reconciliatione
767 3092 1023 3149 Romana:
1074 3105 1123 3150 et
1170 3093 1766 3169 Constantinopolitame

841 3184 1111 3242 Ecclesiae.

253 3274 618 3332 Dilectissimo
663 3275 817 3334 fratri
881 3277 1176 3335 EPIPHAMO
1235 3279 1533 3336 llosutsm.

249 3367 415 3426 Multo
435 3371 631 3441 gaudio
658 3387 778 3427 sum
801 3372 1040 3444 repletus
1058 3375 1201 3444 quod
1223 3375 1365 3432 circa
1392 3375 1647 3432 Ecclesite
1668 3391 1765 3447 pa-

170 3475 319 3524 cem,
345 3470 402 3517 et
435 3462 762 3517 sanctissimi
794 3463 1137 3533 imperatoris
1157 3505 1173 3531 ,
1216 3474 1269 3521 et
1303 3466 1608 3521 dilectionis
1635 3477 1759 3533 tute,

171 3553 287 3610 tale
302 3554 537 3609 studium
561 3554 758 3611 litteris
777 3555 1050 3623 indicasti,
1063 3560 1206 3629 quod
1230 3559 1528 3630 legatorum
1548 3574 1762 3629 quoque

167 3659 421 3701 meorum
451 3646 751 3703 assertione
771 3647 995 3718 cognovi
1035 3649 1404 3706 manifestum.
1434 3649 1572 3706 Hinc
1612 3652 1758 3708 enim

166 3750 422 3805 superna:
476 3736 864 3794 misericordiae
934 3738 1319 3797 documentum
1381 3742 1704 3812 perdocetnr
1742 3783 1756 3807 ,

166 3823 394 3892 quando
414 3831 471 3880 et
498 3826 757 3882 mundani
794 3826 1068 3898 principes
1103 3843 1300 3886 causas
1331 3828 1454 3885 fidei
1480 3846 1602 3886 cum
1652 3832 1758 3888 rei-

162 3913 403 3985 publica:
451 3916 795 3973 ordinatione
843 3917 1185 3988 conjungunt
1212 3961 1228 3985 ,
1286 3929 1342 3977 et
1390 3920 1754 3978 Ecelesiarum

165 4004 432 4077 presules
457 4006 598 4076 quod
625 4005 692 4063 ad
724 4007 1182 4078 dispensationem
1212 4010 1293 4066 sui
1320 4012 1556 4085 pertinet
1587 4012 1753 4069 officii

165 4110 446 4153 memores
464 4107 853 4168 exsequuntur.
902 4098 1126 4155 Talibus
1155 4101 1300 4155 enim
1332 4100 1608 4174 indigebat
1634 4111 1756 4173 post

163 4187 456 4244 discordize
476 4189 743 4259 procellas
766 4190 955 4260 religio
982 4189 1288 4246 Christiana
1315 4190 1618 4249 rectoribus
1638 4192 1753 4263 qui,

163 4278 496 4347 compressis
542 4281 767 4351 provida
824 4282 1228 4353 dispensatione
1290 4282 1613 4348 turbinibus,
1660 4284 1751 4339 diu

160 4373 574 4443 peregrinatam
598 4387 788 4444 pacem
816 4376 1034 4445 depntsa
1065 4384 1383 4444 tempestate
1406 4376 1750 4442 reducerent,

162 4468 227 4520 ut
279 4462 331 4515 in
369 4460 549 4516 futura
578 4471 702 4532 post
727 4463 920 4519 saecula
967 4464 1033 4518 ad
1066 4464 1324 4534 propositi
1377 4464 1460 4519 sui
1504 4464 1748 4535 exempla

162 4551 474 4615 tendentes,
511 4552 611 4607 sibi
669 4553 737 4607 ad
800 4552 1143 4608 scribendum
1172 4553 1537 4610 indubitanter
1563 4562 1748 4609 osten-

84 4660 94 4669 ο
163 4642 385 4705 tierent,
417 4641 676 4711 quidquid
705 4641 816 4698 Deo
841 4642 1096 4713 placitum
1125 4643 1356 4713 posteris
1384 4658 1483 4714 pro
1510 4659 1605 4699 sua
1630 4643 1749 4698 imi-

164 4732 370 4787 tatione
423 4731 696 4789 fecissent.
738 4733 1130 4789 Benedicamus
1187 4732 1493 4800 Dominum,
1547 4735 1749 4792 fratres

158 4823 491 4888 charissitni,
515 4824 618 4879 hoc
644 4823 834 4880 diebus
862 4824 1064 4880 nostris
1098 4824 1266 4881 fuisse
1293 4840 1632 4891 concessum,
1691 4836 1747 4882 et

156 4915 292 4971 totis
330 4915 657 4982 orationum,
689 4925 743 4973 et
786 4932 1042 4973 curarum
1073 4918 1279 4973 viribus
1329 4918 1653 4983 adnitamur,
1689 4930 1747 4975 ιιι

155 5022 280 5077 qua:
308 5008 400 5062 Dei
430 5022 593 5077 opere
622 5008 764 5066 bene
783 5018 959 5079 empta
997 5018 1143 5075 sunt,
1175 5010 1292 5081 ipso
1317 5009 1602 5081 adjuvante
1650 5025 1748 5080 per

156 5100 341 5172 omnia
388 5100 782 5171 compleantur.
839 5101 1177 5172 Sperandum
1227 5103 1370 5158 enim
1425 5111 1530 5166 est.
1572 5114 1629 5157 ut
1675 5104 1741 5158 ad

152 5166 471 5260 compagem
502 5190 747 5262 corporis
773 5192 858 5247 sui
907 5192 1116 5262 reliqua
1146 5208 1266 5262 qua:
1318 5193 1495 5249 adhuc
1525 5194 1740 5259 desunt,

152 5286 422 5351 membra,
454 5284 736 5350 feStinent,
767 5294 823 5342 et
874 5300 904 5341 a
952 5286 1255 5357 potioribus
1282 5288 1493 5344 minora
1519 5304 1625 5343 non
1659 5288 1741 5341 di-

152 5388 429 5447 screpant.
455 5379 536 5434 Ad
576 5380 721 5449 quod
770 5395 859 5436 me
903 5396 1025 5435 cum
1049 5380 1270 5450 dilectio
1302 5389 1388 5436 tua
1420 5380 1742 5437 Christiana:

156 5469 337 5523 studio
356 5469 644 5525 charitatis
670 5471 939 5537 hortatur,
970 5471 1130 5526 debet
1162 5471 1302 5541 quod
1345 5471 1537 5527 invitat
1565 5471 1738 5540 sequi,

152 5569 211 5615 et
241 5561 381 5630 quod
412 5564 699 5617 amandum
730 5565 924 5620 suadet
972 5564 1244 5635 amplecti.
1298 5563 1542 5621 Similem
1595 5565 1739 5619 enim

146 5651 262 5719 jam
293 5652 413 5708 fidei
436 5670 624 5709 curam
653 5664 904 5726 gerentes
950 5673 1046 5726 per
1066 5714 1067 5717 η
1091 5656 1393 5727 religiosam
1428 5658 1740 5727 patientiam

148 5758 249 5833 par
276 5745 437 5801 etiam
467 5746 750 5822 praemium
772 5748 838 5805 de
864 5747 989 5806 boni
1015 5750 1196 5822 operis
1218 5763 1501 5822 speramus
1523 5748 1735 5811 affectu.

1891 552 2144 624 fatigatur
2174 560 2384 629 asperis
2410 561 2561 628 fides,
2590 580 2691 620 nec
2734 566 2801 621 ad
2850 569 3113 625 caelorum
3159 575 3326 629 ardua
3366 591 3461 646 per

1884 644 2120 714 proclive
2149 652 2516 717 contenditur,
2548 670 2646 710 nec
2692 661 3185 717 remunerationem
3217 664 3354 719 citra
3367 644 3462 720 ila-

1883 731 2032 788 boris
2058 739 2376 793 exercitium
2428 742 2549 810 quis
2597 755 2855 801 meretur.
2890 747 3041 805 Unde
3081 766 3149 806 ne
3202 751 3463 811 facientes

1882 820 2023 877 bona
2070 824 2424 895 deficiamus,
2484 833 2789 900 specialiter
2840 836 3229 905 admonemur,
3297 845 3460 900 etiam

1885 918 2023 1002 teste
2051 912 2335 974 Psalmista
2372 936 2384 973 :
2420 937 2437 971 ι
2468 920 2614 977 Beati
2645 925 2735 993 qui
2762 928 3071 984 custodiunt
3088 928 3376 1002 judicium,
3408 944 3462 991 et

1881 998 2089 1057 faciunt
2109 1004 2375 1074 justitiam
2414 1008 2467 1063 itt
2499 1013 2646 1067 omni
2678 1012 2920 1085 tempore
2951 998 3178 1088 (Psaint.
3203 1038 3286 1089 (.v,
3318 998 3399 1094 '5),
3434 1043 3456 1080 ο

1881 1090 2007 1161 quia
2062 1109 2168 1148 non
2225 1096 2437 1153 initimn
2485 1099 2687 1158 laboris
2716 1108 3207 1166 remunerationem
3255 1090 3459 1183 praemii

1880 1183 2161 1237 cnnsuevit
2221 1185 2482 1266 invenire,
2531 1189 2626 1246 sed
2683 1195 2966 1252 terminus.
3021 1198 3163 1272 Ergo
3222 1204 3460 1262 studium

1880 1269 2263 1328 sollicitudinis
2285 1279 2563 1345 assumite,
2581 1281 2776 1350 quibus
2797 1295 2877 1339 est
2892 1303 2995 1342 una
3016 1287 3066 1342 in
3083 1269 3463 1352 communione

1878 1359 2107 1415 societas
2130 1371 2185 1417 et
2207 1365 2499 1422 credulitas
2523 1371 2973 1439 quemadmodum
2998 1377 3063 1431 de
3092 1378 3299 1435 unitate
3320 1380 3463 1438 sedis

1878 1449 2205 1537 apostolicae,
2234 1462 2289 1507 et
2317 1453 2929 1530 Constantinopolitanae
2970 1464 3223 1522 Ecclesia:
3259 1470 3462 1537 pariter

1877 1535 2214 1595 exsultantns
2267 1541 2319 1595 in
2361 1543 2625 1611 Domino;
2677 1547 2749 1601 ita
2793 1550 2860 1604 de
2889 1551 3215 1623 reliquorum
3253 1535 3464 1629 quoque

1877 1627 2019 1684 sicut
2055 1628 2340 1688 affectione
2369 1634 2627 1692 admones
2655 1638 3077 1710 reintegratione
3101 1627 3387 1713 laetemur,
3406 1657 3463 1705 ct

1875 1737 2127 1778 curemus
2155 1724 2386 1795 primam
2415 1735 2473 1781 ut
2519 1727 2678 1783 fidem
2704 1732 3179 1806 integritatemque
3216 1747 3459 1798 nostram

1804 1823 1848 1887 Β
1879 1812 2283 1871 immaculatum
2319 1817 2388 1871 ab
2416 1818 2561 1873 omni
2608 1822 2926 1893 contagione
2953 1840 3265 1890 servemus;
3318 1829 3460 1887 nosti

1873 1904 2042 1970 enim,
2084 1902 2253 1961 frater
2273 1906 2610 1973 charissime,
2644 1926 2707 1966 ac
2737 1913 3092 1979 sanctissime,
3120 1917 3245 1987 quia
3272 1918 3459 1976 Eccle-

1872 1994 2088 2049 siastica
2112 2005 2329 2049 servant
2360 1996 2568 2052 vincula
2600 2000 2943 2056 concordiam
2974 2021 3095 2075 qua:
3122 2021 3221 2061 nos
3246 2006 3315 2061 ab
3338 2009 3449 2063 hae-

1871 2086 2165 2141 reticorum
2197 2095 2446 2143 tueantur
2473 2090 2703 2158 insidiis,
2730 2109 2825 2164 per
2844 2111 2963 2164 qua:
2986 2096 3148 2151 etiam
3181 2114 3447 2156 canonum

1870 2177 2171 2232 custoditur
2194 2178 2492 2249 integritas.
2512 2180 2606 2238 His
2635 2182 2688 2237 in
2714 2184 2908 2239 robore
2935 2202 3030 2242 suo
3051 2189 3196 2243 omni
3220 2190 3453 2245 circum-

1873 2270 2151 2347 spectione
2173 2272 2426 2337 servatis,
2451 2273 2687 2328 remedia
2715 2278 3059 2345 sperantibus
3078 2278 3454 2335 conferuntur.

1869 2360 2048 2418 Habet
2093 2363 2237 2417 enim
2285 2364 2773 2437 ecclesiasticarum
2822 2369 2957 2424 ordo
3007 2370 3352 2441 regularum,
3403 2380 3458 2428 et

1872 2450 2041 2521 ipsius
2082 2451 2254 2507 forma
2276 2452 2505 2523 jnstitia:
2554 2464 2612 2510 ut
2642 2458 2907 2513 medicina
2941 2460 3273 2516 rationabilis
3297 2462 3455 2518 beni-

1870 2532 2009 2613 gnte,
2041 2552 2094 2598 et
2128 2543 2361 2599 fideliter
2388 2546 2732 2615 sperantibus
2762 2566 2864 2604 non
2895 2561 3138 2622 negetur,
3167 2568 3269 2609 nec
3294 2556 3446 2625 quis-

1870 2646 2032 2702 quam
2070 2633 2143 2688 ita
2177 2643 2260 2690 est
2284 2633 2351 2690 ab
2380 2636 2716 2694 humanitate
2743 2639 3028 2704 discretus,
3058 2658 3217 2712 quem
3259 2662 3364 2701 non
3414 2663 3446 2703 a

1872 2722 2051 2794 rigore
2080 2725 2421 2782 discretionis
2453 2727 2676 2784 inclinet
2702 2738 2858 2786 cauta
2883 2732 3221 2804 simplicitas.
3250 2735 3358 2791 Sed
3389 2745 3450 2794 ut

1870 2823 2025 2870 caute
2052 2815 2153 2872 hoc
2194 2826 2530 2890 exterasque
2558 2820 2827 2890 querelas,
2853 2830 2947 2877 aut
2972 2839 3187 2881 errores
3224 2826 3451 2898 alicujus

1870 2918 1937 2961 eo
1967 2904 2147 2962 valcas
2199 2907 2479 2978 expedire,
2512 2908 2864 2969 dilectissime
2920 2911 3108 2983 frater,
3158 2930 3445 2986 personam

1872 3010 2047 3051 meam
2074 3004 2125 3051 te
2150 2997 2202 3051 in
2230 2998 2334 3054 hoc
2363 3008 2577 3069 oportet
2610 3000 2851 3064 induere,
2885 3003 3145 3059 scientem
3171 3005 3225 3059 in
3256 3006 3443 3077 hujus-

1872 3086 2014 3139 modi
2066 3088 2264 3151 causis,
2313 3088 2455 3145 sicut
2499 3091 2811 3160 prtedictum
2842 3102 2945 3160 est,
2973 3094 3102 3165 quid
3149 3096 3447 3153 cavendum

1793 3165 1838 3226 C
1870 3173 1973 3241 sit;
2004 3174 2076 3229 ita
2106 3176 2285 3230 omnia
2314 3178 2737 3247 praevidendum,
2763 3189 2820 3235 ut
2847 3196 2956 3237 non
2998 3182 3242 3254 ambigas
3272 3191 3323 3241 te
3358 3200 3448 3240 ra-

1870 3268 2067 3324 tionem
2121 3270 2540 3340 dispensationis
2592 3272 2752 3343 hujus
2782 3274 2892 3331 Deo
2919 3292 3040 3333 esse
3092 3277 3441 3347 reddendam,

1864 3358 1939 3415 ita
1993 3368 2172 3415 tamen
2222 3369 2281 3415 ut
2320 3377 2415 3417 eos
2463 3363 2555 3433 qui
2603 3364 2758 3420 vobis
2815 3363 3017 3421 fuerint
3064 3368 3445 3424 communione

1862 3455 2073 3517 sociati.
2130 3455 2219 3511 vel
2260 3472 2357 3527 per
2405 3472 2504 3513 vos
2544 3456 2659 3513 sedi
2699 3458 3009 3528 apostolica:
3058 3467 3243 3515 vestra
3288 3459 3445 3519 nobis

1861 3547 2062 3617 scripta
2092 3547 2386 3614 declarent,
2413 3550 2611 3620 quibus
2640 3550 2801 3605 etiam
2831 3559 2887 3605 et
2929 3551 3020 3622 qui
3053 3552 3439 3608 continentiam

1860 3635 2159 3693 libellorum
2207 3638 2519 3704 obtulerint,
2550 3639 2836 3695 inseratur.
2870 3640 2963 3695 Sic
2985 3640 3128 3696 enim
3163 3648 3219 3697 et
3255 3639 3441 3696 Severi

1858 3728 1946 3785 vel
1975 3729 2195 3800 Sulpicii
2229 3728 2310 3785 vel
2338 3729 2681 3801 complicum,
2705 3740 2800 3787 aut
2821 3731 3079 3787 similium
3100 3730 3443 3805 absolvemus

1857 3834 2095 3877 errores.
2120 3820 2231 3876 Nec
2255 3835 2441 3876 eorum
2484 3822 2578 3893 qui
2620 3822 2802 3879 sanari
2841 3822 3137 3893 potuerint,
3165 3821 3441 3892 dispendia

1859 3910 2151 3979 patiamur.
2202 3908 2355 3978 Quod
2402 3909 2524 3967 ideo
2568 3912 2721 3967 vobis
2756 3912 3064 3983 specialiter
3111 3911 3442 3968 credidimus

1857 4001 2238 4073 imponendum
2268 4001 2336 4058 ad
2365 4002 2701 4075 diligentiam
2728 4013 2965 4060 vestram
2994 4019 3024 4060 a
3065 4013 3253 4061 nostro
3276 4015 3443 4060 onere

1857 4091 2264 4157 transferentes,
2294 4093 2420 4164 quia
2445 4109 2553 4150 non
2600 4109 2767 4166 parva
2789 4093 2903 4166 jam
2953 4096 3274 4152 documenta
3302 4094 3441 4151 resi-

1854 4192 2057 4242 stentes
2089 4186 2354 4242 haereticis
2377 4187 2710 4255 reddidistis,
2731 4204 2832 4245 nec
2856 4188 3017 4245 debet
3037 4187 3104 4244 de
3126 4202 3192 4245 eo
3213 4187 3440 4261 ambigi,

1854 4292 2014 4349 quem
2045 4279 2183 4335 bene
2203 4278 2492 4351 contigerit
2520 4280 2811 4352 explorari.
2871 4279 3041 4337 Simul
3071 4296 3288 4338 assume
3317 4296 3435 4338 me-

1853 4368 2028 4423 delam
2058 4368 2363 4436 tttedicinm,
2403 4369 2565 4424 simul
2611 4370 2891 4443 accingere
2933 4372 3254 4427 auctoritate
3274 4370 3442 4441 justi-

1856 4459 1961 4515 titc.
1990 4459 2059 4515 Et
2088 4460 2167 4516 sic
2188 4460 2332 4515 circa
2362 4460 2636 4531 simplices
2671 4460 3005 4517 humanitate
3034 4460 3266 4526 mollire,
3293 4470 3352 4515 ut
3380 4460 3439 4516 in

1853 4550 2229 4606 haereticorum
2276 4551 2597 4623 contagione
2642 4551 3017 4621 perdurantes,
3077 4559 3169 4605 aut
3209 4564 3303 4605 eos
3339 4549 3436 4621 qui

1850 4643 2215 4699 innocentiam
2243 4643 2518 4708 simulant,
2549 4651 2745 4698 etcum
2773 4641 2972 4697 nostris
3012 4640 3125 4697 sola
3148 4656 3281 4697 voce
3306 4657 3436 4698 con-

1850 4733 2108 4799 sentiunt,
2152 4734 2219 4790 ab
2249 4733 2334 4790 his
2375 4733 2571 4803 quibus
2600 4748 2696 4803 pro
2727 4731 2977 4787 Ecclesia:
3014 4731 3434 4803 reintegratione

1848 4827 2147 4884 consulitur
2196 4835 2251 4883 et
2297 4826 2644 4897 providetur,
2700 4823 3077 4879 excludantur.
3132 4823 3244 4879 Nec
3284 4825 3432 4880 enim

1849 4922 2066 4992 expedit
2084 4922 2228 4978 circa
2247 4937 2340 4978 eos
2359 4919 2779 4977 ecclesiasticam
2798 4926 3101 4989 temperare
3121 4932 3428 4974 censuram.

1847 5012 1965 5069 Non
1994 5014 2138 5069 enim
2164 5021 2323 5069 erunt
2356 5011 2469 5081 jam
2501 5010 2875 5066 miserationes
2898 5011 3054 5066 bonze
3095 5024 3194 5080 pro
3240 5023 3430 5066 eorum

1847 5108 2044 5176 quibus
2068 5106 2272 5163 consuli
2300 5115 2515 5175 oportet
2544 5104 2866 5160 necessitate
2912 5103 3142 5171 collatm,
3173 5112 3228 5161 et
3273 5104 3319 5161 si
3344 5105 3428 5159 in-

1846 5201 2080 5255 discrete
2123 5200 2324 5254 fuerint
2365 5199 2522 5254 bonis
2550 5197 2813 5267 malisque
2844 5213 3178 5255 communes.
3206 5197 3275 5252 Et
3300 5196 3426 5268 quia

1847 5290 2452 5363 llierosolymitanorum
2502 5288 2806 5345 faciendam
2851 5289 3081 5345 credidit
3131 5293 3185 5343 in
3231 5287 3430 5343 litteris

1847 5390 1935 5436 tua
1965 5383 2182 5438 dilectio
2209 5382 2562 5448 mentionem,
2593 5396 2823 5453 quorum
2849 5382 3014 5437 etiam
3063 5380 3132 5436 ad
3158 5395 3256 5435 nos
3280 5394 3429 5450 qure-

1846 5473 1970 5528 dam
1999 5473 2172 5529 delata
2208 5472 2474 5544 proressio
2496 5480 2601 5538 est,
2632 5472 3001 5528 necessarium
3043 5471 3276 5525 diximus
3307 5483 3424 5524 res-

1843 5566 2082 5636 pondere
2114 5583 2233 5637 qua:
2258 5581 2495 5637 congrua
2523 5573 2667 5621 sunt.
2698 5564 2795 5620 llis
2841 5565 2931 5636 qui
2977 5570 3291 5618 sanctorum
3321 5559 3424 5615 Pa-

1845 5668 1985 5713 trnnt
2030 5659 2321 5713 constituta
2360 5657 2687 5713 custodiunt.
2721 5655 2778 5711 Si
2812 5656 2899 5710 illa
2930 5654 3051 5709 fidei
3075 5653 3425 5708 fundamenta

1843 5757 2190 5817 venerantur,
2213 5748 2279 5804 ab
2307 5747 2392 5805 his
2416 5763 2632 5817 quoque
2662 5746 2757 5821 qui
2780 5760 2876 5817 per
2897 5760 2988 5801 eos
3006 5743 3206 5817 Spiritu
3234 5752 3425 5798 sancte
