3974 6462
501 386 638 447 ΝΠ

1315 386 1602 442 ΑΡΡΕΝΟ.
1637 385 1726 441 AD
1767 384 1939 441 SJEC.
1982 382 2074 439 IX.
2112 414 2184 426 -—-
2216 383 2465 440 lSlDORl
2503 378 2942 442 MERCATORIS

3640 382 3775 440 1M8

502 502 860 567 couiponente
905 492 1122 571 definita
1174 502 1320 557 sunt,
1360 509 1466 549 non
1522 503 1919 549 removeantur.
1972 500 2083 548 A‘ut
2113 505 2153 561 Α
2183 501 2232 546 et
2255 507 2629 563 coepiscopum
2649 494 3264 551 nostrumvenerabilem
3284 495 3460 549 virum
3478 493 3774 549 Joannem.

502 590 646 644 cnim
676 586 911 657 perfecta
950 593 1094 651 sunt,
1128 592 1180 639 et
1210 586 1510 656 adjectione
1539 601 1643 640 non
1674 584 1913 657 indigent
1946 604 1959 640 :
1989 596 2083 642 aut

502 679 640 732 bene
660 677 855 737 valida,
888 684 943 730 et
973 676 1093 731 ideo
1126 691 1230 730 non
1284 675 1562 739 mutanda,
1606 676 1821 746 quando
1872 691 1969 745 per
2017 691 2081 731 ea

502 765 682 820 omnia
735 764 1111 820 haereticorum
1158 780 1362 820 venena
1417 781 1725 836 compressa
1776 777 1928 830 sunt;
1987 782 2084 822 nec

503 854 796 924 quidquam
820 853 1272 911 Chalcedonensis
1294 855 1529 928 synodus
1544 857 1684 927 quod
1704 856 1829 911 utile
1845 857 2083 927 qualibet

504 942 781 1015 diligentia
808 947 1068 1016 potuisset
1096 950 1396 1003 exercitare
1426 949 1705 1019 praeteriit,
1731 965 1851 1019 quae
1877 965 2082 1019 praece-

507 1037 747 1091 dentium
776 1053 991 1107 quoque
1030 1039 1303 1106 dogmata,
1334 1038 1415 1092 vel
1465 1038 1663 1094 clarius
1718 1039 2085 1095 manifestavit

501 1127 587 1183 vel
615 1128 845 1196 repetita
894 1131 1219 1184 auctoritate
1254 1130 1487 1184 firmavit
1536 1129 1769 1199 speciale
1814 1130 2082 1200 quoddam

502 1220 762 1276 adversus
799 1220 1137 1287 Nestorium,
1169 1233 1223 1279 et
1264 1224 1547 1283 Eutielirm
1599 1240 1851 1295 aggressa
1904 1234 2084 1280 certa-

502 1331 649 1382 men,
672 1330 727 1371 et
747 1317 975 1372 alterum
1005 1318 1257 1373 deitatem
1289 1317 1500 1372 Domini
1532 1319 1699 1373 nostri
1723 1316 1849 1373 Jesu
1881 1318 2082 1373 Christi

504 1421 533 1459 a
565 1422 728 1461 carne
755 1415 1078 1475 separatam,
1105 1417 1159 1463 et
1192 1408 1309 1462 ideo
1337 1417 1579 1462 sanctam
1611 1406 1833 1462 Mariam
1866 1408 1959 1462 Dei
1990 1424 2083 1480 ge-

505 1494 754 1550 nitricem
803 1498 1165 1566 pronuntiare
1200 1497 1487 1563 vitantem,
1522 1496 1749 1553 alterum
1800 1498 2083 1554 veritatem

501 1588 686 1642 carnis
716 1588 768 1642 in
804 1589 1030 1645 Domino
1062 1598 1396 1644 renuentem.
1430 1589 1667 1657 Quando
1690 1590 1947 1645 Dominus
1986 1606 2085 1643 no-

502 1686 615 1734 ster
636 1678 791 1735 Iesus
818 1679 1065 1736 Christus
1120 1682 1260 1736 idem
1292 1678 1460 1736 Filius
1483 1676 1602 1747 Dei,
1634 1682 1773 1737 idem
1817 1682 1960 1737 filius
1989 1682 2086 1737 ho—

503 1769 689 1835 minis,
713 1786 818 1825 una
850 1772 902 1826 in
934 1773 1142 1827 duabus
1165 1773 1383 1828 naturis
1404 1788 1632 1842 persona
1664 1773 1983 1837 divinitatis,
2032 1782 2083 1828 et

2182 583 2276 637 sed
2300 592 2354 637 ct
2382 584 2518 639 filios
2549 597 2761 641 nostros
2785 585 3118 650 lleraclium,
3149 586 3385 641 Probum
3422 595 3484 641 et
3504 585 3779 640 Constan-

2185 673 2352 727 tinum
2381 673 2632 730 diacones
2652 676 3020 731 ecclesiastico
3062 676 3267 731 honore
3315 676 3678 745 dignissimos
3711 673 3780 728 ad

2183 770 2400 819 causam
2445 766 2769 835 pertinentia
2825 767 3172 837 rescripsisse
3215 766 3486 829 contenti,
3517 763 3778 834 gratuiati

2183 872 2368 911 sumus
2390 857 2445 911 in
2469 858 2815 913 viro-ordinis
2853 860 3051 924 nostri,
3083 867 3141 913 et
3160 859 3435 923 meritum,
3467 865 3527 912 et
3561 856 3783 925 religio-

2183 964 2301 1003 sum
2326 964 2422 1003 nos
2444 949 2713 1005 invenisse
2734 951 3067 1022 propositum
3089 960 3279 1006 etcum
3302 951 3603 1021 legationis
3626 965 3780 1002 man-

2184 1039 2309 1094 dato
2335 1040 2620 1111 sapientia,
2640 1050 2703 1119 .et
2734 1042 2977 1097 moribus
3002 1057 3302 1113 congruens
3347 1042 3539 1096 votiva
3590 1055 3781 1095 coeunt

2186 1145 2271 1184 res
2297 1140 2353 1186 et
2382 1131 2535 1201 plena
2568 1133 2744 1204 gaudii
2782 1148 2865 1189 ρει
2892 1144 2949 1188 ut
2991 1142 3119 1188 sunt
3157 1134 3305 1201 iuxta
3350 1132 3783 1188 :estimationem

2183 1222 2511 1292 probabiles,
2541 1232 2596 1280 et
2623 1242 2760 1295 quos
2798 1226 2971 1281 sancti
3017 1227 3414 1282 communionis
3448 1225 3631 1283 ofﬁcii
3661 1242 3785 1283 cum

2187 1311 2366 1383 tigerit
2388 1327 2509 1369 esse
2538 1327 2838 1371 consortes.

2186 1418 2646 1498 ItemHorinisdm
2682 1426 2752 1498 ad
2782 1426 3072 1481 Sniuslium
3112 1427 3317 1497 Hispal.
3347 1430 3517 1498 episc.
3552 1429 3627 1483 de
3651 1444 3786 1483 cost-

2255 1494 2413 1546 missa
2448 1495 2554 1547 vice
2588 1511 2679 1565 per
2714 1496 2961 1550 Brelicum
3001 1509 3049 1552 et
3093 1494 3419 1552 Lusitaniam
3459 1499 3781 1568 prorincias.

2256 1581 2589 1638 Charissimo
2621 1583 2773 1639 fratri
2804 1584 3041 1642 Salustio
3070 1586 3373 1642 lloriuisda.
3399 1588 3784 1657 Suscipienlcs

2186 1671 2343 1741 plena
2380 1672 2733 1729 fraternitatis
2766 1685 2870 1731 tua:
2897 1677 3079 1733 votiva
3122 1679 3489 1749 gratulatione
3517 1678 3783 1748 colloquia

2186 1768 2306 1832 quae
2350 1778 2449 1818 nos
2493 1765 2721 1835 geminas
2752 1765 2940 1822 salutis
2986 1778 3090 1823 tute
3118 1768 3535 1823 lietificarerunt
3565 1769 3783 1830 indicio.

502 1860 683 1917 carnis
731 1877 831 1918 nec
877 1863 1085 1919 naturis
1127 1864 1193 1918 ad
1242 1865 1506 1919 unitatem
1552 1863 1811 1930 confusis,
1843 1880 1910 1920 ne
1938 1865 2087 1920 velut

2193 1852 2449 1923 siquidem
2493 1855 2788 1910 retulerunt
2840 1865 2890 1910 te
2933 1858 3197 1927 corporali
3239 1874 3362 1914 cum
3405 1859 3786 1929 spiritualibns

501 1959 694 2018 quarta
742 1967 971 2021 persona
1022 1953 1203 2009 addita
1250 1954 1535 2018 Trinitati,
1574 1973 1592 2006 ι
1625 1956 1717 2011 sed
1766 1957 1879 2026 ipse
1920 1955 2088 2011 Filius

502 2036 598 2096 Dei
638 2042 932 2097 exinanivlt
968 2045 1315 2115 semetipsum
1366 2045 1591 2100 formam
1632 2047 1772 2102 servi
1815 2048 2088 2116 accipiens

506 2132 763 2203 (Philipp.
804 2152 865 2197 ιι.
894 2136 977 2205 7);
1014 2157 1031 2188 ι
1066 2148 1288 2207 propter
1316 2140 1459 2209 quod
1500 2148 1554 2193 et
1584 2155 1744 2193 unam
1778 2155 1876 2194 nec
1903 2140 2099 2195 divisi-.

508 2222 673 2278 bilem
700 2227 1019 2294 profitemur
1041 2230 1333 2282 essentiam
1374 2226 1678 2289 Trinitatis.
1704 2238 1760 2283 et
1791 2231 2089 2300 proprieta—

508 2320 613 2368 tem
642 2326 817 2369 tamen
843 2332 996 2372 suam
1025 2318 1226 2373 scimus
1252 2320 1429 2374 inesse
1452 2319 1694 2389 personis
1723 2332 1919 2375 :-unam
1944 2322 2086 2374 enim

501 2403 681 2463 Patris
706 2406 1020 2477 profitemur
1044 2425 1163 2465 esse
1186 2427 1495 2481 personam,
1526 2428 1685 2465 unam
1709 2412 1828 2467 Filii
1855 2413 1943 2467 Dei
1966 2429 2086 2466 eum

504 2506 774 2565 assumpta
813 2513 997 2564 carne,
1028 2516 1190 2555 unam
1225 2500 1462 2571 Spiritus
1501 2503 1698 2568 sancti,
1734 2512 1789 2559 et
1831 2520 2089 2575 personas

501 2588 922 2657 proprietatibus
949 2589 1312 2661 designantes,
1345 2603 1400 2647 et
1422 2608 1519 2663 per
1552 2593 1812 2648 unitatem
1842 2595 2105 2651 essentize

504 2676 865 2746 inseparabile
888 2678 1176 2735 Trinitatis
1196 2682 1513 2752 mysterium
1537 2682 1891 2748 confitentes;
1919 2699 2091 2753 neque

503 2769 647 2823 enim
674 2768 872 2840 ambigi
900 2778 1077 2839 potest
1094 2771 1320 2826 verbum
1353 2772 1447 2827 Dei
1478 2772 1619 2828 inter
1646 2773 1868 2844 virginis
1883 2776 2089 2831 viscera

503 2871 603 2926 per
623 2873 843 2913 carnem
870 2858 1163 2915 humanam
1196 2861 1552 2931 assumpsisse
1582 2872 1863 2929 naturam,
1897 2880 1995 2919 nec
2024 2866 2091 2919 ab

504 2948 799 3005 obstetrice
817 2948 1014 3005 factum
1042 2950 1183 3006 intra
1211 2953 1433 3007 vulvam
1455 2962 1768 3008 naturarum
1793 2956 2094 3010 munitione

505 3034 759 3091 divisum.
807 3036 941 3092 Nam
974 3038 1115 3094 sicut
1145 3057 1251 3096 non
1284 3050 1381 3096 est
1410 3042 1462 3096 in
1506 3057 1572 3097 eo
1617 3044 1927 3100 humanitas
1975 3044 2092 3100 sine

510 3125 621 3181 Deo
643 3128 808 3194 edita,
839 3129 919 3185 sic
946 3130 998 3184 in
1025 3146 1242 3188 crucem
1271 3148 1375 3188 non
1409 3142 1492 3189 est
1520 3134 1865 3204 impassibilis
1896 3136 2093 3191 divini-

2188 1941 2377 1996 ofliciis
2408 1942 2773 1999 incolumitate
2803 1946 3115 2011 subnixum,
3154 1962 3459 2017 congruum
3502 1962 3634 2001 esse
3671 1962 3785 2016 per-

2189 2036 2464 2103 speximus
2503 2033 2643 2090 hanc
2690 2034 2858 2105 ipsam
2889 2050 3050 2105 quam
3102 2047 3280 2093 mente
3309 2042 3564 2108 gerimus
3614 2039 3785 2093 verbis

2189 2127 2445 2195 expedire
2493 2125 2758 2181 laetitiam.
2812 2128 3037 2183 Edidisti
3083 2129 3225 2184 enim
3270 2129 3398 2183 boni
3456 2130 3783 2185 documenta

2189 2217 2459 2289 pontificis
2489 2217 2617 2273 dum
2664 2227 2718 2273 et
2760 2219 3099 2289 praedicanda
3134 2218 3289 2276 facis.
3338 2229 3392 2274 et
3444 2234 3509 2274 ea
3559 2221 3785 2274 suadere

2191 2326 2294 2363 non
2335 2308 2535 2364 ditl'ers.
2570 2308 2982 2381 Prterogativam
3021 2311 3088 2364 de
3116 2310 3283 2364 nostri
3313 2310 3659 2379 sumpsimus
3679 2310 3781 2365 ele-

2191 2402 2367 2457 ctione
2390 2402 2843 2472 judicii,’quando
2883 2401 2932 2455 id
2962 2412 3011 2456 te
3053 2411 3242 2471 sponte
3285 2401 3544 2472 amplecti
3600 2399 3786 2457 didici-

2191 2507 2311 2546 mus
2336 2492 2476 2562 quod
2501 2492 2711 2546 caeteris
2736 2491 3083 2561 imperamus.
3116 2490 3347 2547 Oramus
3387 2490 3666 2560 siquidem
3703 2489 3783 2543 die

2189 2582 2367 2637 vinam
2396 2581 2736 2637 clementiam
2771 2590 3326 2651 cunctosagnoscere,
3357 2590 3410 2635 et
3434 2580 3556 2634 haec
3582 2580 3652 2634 ad
3675 2589 3783 2633 stu-

2191 2673 2276 2728 dia
2319 2673 2701 2729 ecclesiasticae
2748 2672 2896 2743 pacis
2952 2672 3304 2727 instrumenta
3355 2670 3780 2725 transmisimus.

2191 2765 2269 2821 Tu
2298 2774 2425 2820 vota
2447 2775 2652 2829 nostra,
2699 2775 2754 2820 et
2782 2765 2920 2821 fideli
2969 2764 3322 2834 intelligentia
3366 2762 3688 2834 percepisti,
3732 2770 3785 2818 ct

2191 2857 2349 2914 officii
2390 2859 2634 2929 protinus
2661 2858 2942 2914 devotione
2961 2857 3259 2928 complesti,
3282 2848 3497 2912 cunctis
3521 2855 3784 2911 fratribus

2194 2952 2561 3012 innotescens,
2592 2964 2711 3019 quze
2743 2964 2838 3018 per
2865 2948 3136 3003 caelestem
3161 2949 3387 3019 gratiam
3417 2947 3639 3002 cunctis
3663 2960 3785 3017 pro-

2194 3038 2372 3093 futura
2412 3053 2758 3110 cognoveras.
2793 3037 3225 3110 Suffmgantihns
3253 3037 3411 3108 igitur
3442 3036 3536 3091 tibi
3568 3044 3649 3091 tot
3675 3050 3787 3090 me-

2192 3128 2312 3182 ritis
2342 3128 2443 3198 piae
2479 3127 2853 3184 sollicitudinis
2884 3139 2940 3184 et
2977 3128 3374 3188 laboris..certe
3394 3126 3509 3195 jam
3551 3128 3786 3183 delectat

505 3224 593 3273 tas
619 3232 649 3271 a
675 3217 856 3273 carnis
878 3221 1128 3289 passione
1149 3221 1343 3287 divisa,
1374 3224 1515 3293 quod
1542 3225 1767 3296 virginis
1795 3235 2003 3296 partus,
2036 3236 2093 3283 et
2119 3212 2162 3273 C
2195 3216 2494 3289 iniungere.
2538 3233 2658 3289 quae
2685 3219 2751 3272 ad
2780 3217 2951 3273 nostri
2984 3233 3173 3293 curam
3210 3227 3425 3273 constat
3462 3215 3632 3272 officii
3658 3232 3782 3289 per-

509 3305 833 3364 intemerata
866 3309 1190 3376 fecunditas,
1224 3321 1278 3368 et
1306 3314 1597 3384 singularis
1645 3333 1674 3371 a
1712 3319 1944 3375 mortuis
2001 3336 2090 3377 re-

508 3399 794 3464 surrectio,
839 3400 900 3455 et'
927 3402 995 3457 ad
1043 3403 1211 3459 caelos
1255 3406 1490 3461 declarat
1540 3410 1808 3465 ascensio.
1867 3410 1994 3468 H‘JBC
2046 3412 2090 3468 si

507 3488 960 3557 quemadmodum
990 3508 1021 3547 a
1060 3493 1311 3550 Patribus
1348 3499 1639 3553 constituta
1684 3509 1829 3567 sunt,
1878 3512 2092 3557 servata

506 3583 750 3648 credant,
776 3599 875 3639 nec
902 3584 1126 3641 definita
1156 3590 1548 3645 transcendant
1571 3606 1598 3643 a
1624 3608 1730 3662 quo
1758 3594 1975 3649 tramite
2000 3594 2090 3664 qui

508 3671 781 3729 declinant
810 3674 909 3745 ipsi
945 3677 1048 3731 sibi
1098 3679 1354 3734 nebulam
1383 3679 1737 3738 dubitationis
1768 3684 2090 3740 obtendunt.

509 3760 618 3819 Nos
647 3773 829 3822 autem
860 3766 991 3834 illud
1019 3769 1375 3840 apostolicum
1407 3772 1834 3843 contemplantes
1863 3784 2092 3831 conten-

510 3854 663 3911 tiosis
699 3859 1026 3929 respondere
1056 3876 1163 3915 non
1194 3878 1416 3919 necesse
1444 3873 1566 3934 est;
1598 3874 1651 3918 et
1676 3881 1773 3921 nos
1794 3866 1936 3921 hanc
1962 3882 2092 3922 con-

510 3947 850 4002 suetudinem
881 3965 986 4004 non
1022 3949 1306 4019 habemus,
1343 3962 1399 4009 et
1421 3970 1522 4010 nec
1544 3954 1785 4010 Ecclesia
1809 3956 1924 4010 Dei.
1967 3957 2094 4015 Haec

511 4036 631 4093 ideo
655 4035 892 4120 breviter
924 4040 1162 4105 definivi,
1194 4043 1319 4112 quia
1364 4060 1461 4099 nec
1492 4045 1688 4117 ambigi
1722 4049 1979 4103 convenit
2027 4049 2093 4103 de

509 4126 689 4189 rebus,
725 4128 796 4181 ita
822 4143 920 4196 per
953 4127 1112 4184 ﬁdem
1141 4131 1378 4188 definitis
1405 4134 1620 4205 smpius,
1655 4145 1710 4191 et
1733 4151 1869 4207 pene
1904 4153 2096 4209 super-

510 4230 682 4271 vacua
728 4226 812 4274 est
845 4220 1093 4291 allegatio
1144 4238 1264 4293 qua:
1302 4224 1588 4282 adhibetur
1616 4227 1923 4298 instructis,
1969 4248 2091 4287 cum

511 4320 676 4374 super
698 4306 813 4363 htec
852 4309 917 4363 ad
953 4309 1431 4369 clementissimum
1460 4316 1760 4388 principem
1790 4335 1898 4376 non
1928 4336 2091 4391 parva

505 4395 617 4466 jam
653 4400 1149 4469 perstrinxerimus.
1179 4404 1251 4461 Ut
1291 4404 1419 4476 quia
1470 4408 1536 4463 de
1581 4409 2095 4484 Hierosolymitano-

512 4502 628 4541 rum
646 4487 978 4557 professione
1010 4494 1401 4563 l‘CSpOlldilllUS.
1428 4495 1543 4551 Hoc
1569 4514 1782 4572 quoque
1803 4502 2092 4557 aestimavi-

512 4594 631 4634 mus
654 4581 840 4636 salutis
873 4598 1060 4639 eorum
1088 4600 1250 4641 causa
1288 4597 1658 4656 competenter
1684 4593 2007 4659 addendum,
2034 4604 2093 4649 ut

511 4670 554 4724 si
576 4672 973 4726 communionis
995 4674 1307 4742 apostolicae
1327 4691 1387 4730 se
1412 4677 1658 4733 dederint
1673 4680 1887 4745 unitati,
1902 4691 1955 4736 et
1972 4699 2091 4752 pro-

515 4759 806 4817 fessionem
828 4777 983 4845 suam
1007 4766 1209 4836 scripto
1237 4767 1395 4838 261
1443 4768 1703 4835 indicent,
1721 4786 1879 4839 quam
1905 4772 2092 4845 legetis

510 4849 704 4905 vestris
746 4853 884 4921 apud
914 4852 1433 4925 Constantinopolim
1465 4858 1654 4927 poSitis
1697 4856 1949 4928 offerant,
1999 4874 2089 4917 aut

511 4952 608 5007 per
633 4955 759 4996 suos
784 4942 849 4996 ad
877 4957 973 4999 nos
996 4943 1248 5014 dirigant,
1278 4956 1370 5002 aut
1393 4946 1718 5006 fraternitati
1747 4962 1938 5009 vestras
1974 4966 2085 5010 trao

509 5026 660 5095 dant,
690 5033 879 5087 eodem
927 5042 1106 5090 tamen
1139 5037 1278 5092 sicut
1307 5037 1561 5103 diximus,
1605 5050 1791 5098 tenore
1845 5048 2088 5101 conscri-

511 5129 675 5190 ptam,
705 5139 826 5193 qua;
846 5126 911 5179 ad
935 5141 1031 5181 nos
1057 5128 1230 5184 modis
1253 5128 1503 5187 omnibus
1531 5132 1631 5188 sub
1654 5144 1836 5189 nostra
1865 5137 2087 5192 ordina-

512 5210 657 5267 tione
679 5212 971 5270 def‘eratur.
999 5216 1074 5272 De
1118 5217 1692 5280 Thessalonicensibus
1738 5240 1967 5295 quorum
2021 5229 2088 5283 ad

509 5317 610 5358 nos
648 5302 807 5375 legati
834 5320 931 5376 per
950 5306 1358 5367 clementissimi
1388 5320 1443 5367 et
1491 5311 1788 5371 fidelissimi
1835 5317 2091 5390 principis

508 5396 602 5452 filii
633 5398 803 5453 nostri
831 5398 1225 5458 ordinationem
1248 5413 1536 5471 venerunt,
1567 5421 1633 5460 ne
1670 5407 1799 5477 quid
1842 5409 2091 5466 omisisse

508 5491 813 5560 c’redamur,
848 5508 1009 5551 nosse
1038 5511 1134 5551 vos
1183 5496 1429 5553 volumus
1476 5500 1771 5555 secundum
1823 5500 1926 5559 hoc
1947 5504 2088 5574 quod

509 5580 734 5638 Domino
791 5597 977 5641 nostro
1021 5585 1148 5642 Josu
1197 5586 1412 5644 Christo
1479 5590 1776 5661 inspirante
1830 5594 2093 5664 placuerit

509 5672 721 5729 omnem
767 5690 986 5731 causam
1014 5684 1197 5732 nostra
1246 5678 1597 5749 dispositione
1649 5685 2006 5750 tractandam,
2035 5696 2091 5743 et

509 5761 648 5819 sicut
673 5776 890 5839 oportet
937 5768 1142 5843 impleri
1172 5770 1547 5840 ordinandam,
1587 5773 1698 5830 haec
1728 5790 1825 5846 per
1865 5776 2088 5832 fratrem

2194 3308 2385 3373 tinere,
2432 3315 2491 3362 ut
2520 3309 2812 3378 provinciis
2852 3316 3001 3365 tanta
3047 3308 3435 3381 longinquitate
3473 3309 3783 3379 disjnnetts,

2191 3407 2247 3456 et
2279 3400 2519 3454 nostram
2565 3399 2740 3467 possis
2790 3399 3044 3455 exhibere
3090 3402 3400 3469 personam,
3452 3409 3508 3454 et
3556 3397 3784 3454 Patrum

2193 3489 2393 3560 regulis
2434 3489 2695 3545 adhibere
2739 3490 3060 3545 custodiam.
3119 3490 3278 3545 Vices
3328 3491 3512 3561 itaque
3566 3499 3785 3546 nostras

2191 3592 2290 3651 per
2316 3578 2568 3635 Bazticam
2600 3578 3041 3651 Lusitaniamque
3065 3580 3368 3650 provincias
3393 3580 3563 3637 salvis
3615 3581 3785 3652 priri-

2192 3669 2346 3740 legiis
2375 3681 2495 3741 quae
2524 3670 2956 3742 metropolitanis
2982 3672 3252 3742 episcopis
3277 3672 3514 3728 decrevit
3540 3672 3783 3742 antiqui-

2195 3760 2906 3833 tas,.pr:esentiiauctoritate
2918 3763 3329 3830 committimus,
3345 3773 3613 3833 augentes
3637 3772 3782 3817 tuam

2196 3853 2354 3923 hujus
2384 3853 2797 3924 participatione
2831 3855 3114 3911 ministerii
3145 3855 3487 3926 dignitatem,
3538 3856 3783 3909 relevan-

2197 3957 2276 4001 tcs
2303 3956 2517 4001 nostras
2537 3947 2777 4017 ejusdem
2807 3948 3043 4003 remedio
3064 3947 3481 4017 dispensationis
3499 3947 3780 4002 excubias.

2195 4034 2261 4089 Et
2287 4034 2413 4089 licet
2437 4035 2503 4090 de
2529 4036 2756 4108 singulis
2793 4052 2898 4093 non
2934 4037 3173 4107 indigeas
3212 4038 3423 4093 edoceri
3470 4053 3635 4107 quem
3667 4037 3779 4107 jam

2194 4126 2538 4196 probavimus
2569 4129 2784 4184 cautius
2808 4129 3056 4185 universa
3094 4144 3332 4195 servare,
3361 4132 3572 4199 gratius
3605 4143 3777 4186 tamen

2193 4234 2313 4274 esse
2339 4218 2496 4285 solet,
2529 4218 2573 4274 si
2619 4219 2815 4275 iterum
2863 4229 3063 4276 trames
3108 4218 3444 4287 ostendatur,
3477 4232 3533 4276 et
3583 4222 3779 4277 laboris

2196 4309 2455 4381 iujunclio
2479 4311 2725 4382 superius
2754 4311 2981 4368 formata
3011 4322 3362 4370 monstretur.
3389 4314 3655 4370 Paternas
3680 4316 3780 4386 igi-

2198 4409 2285 4455 tur
2324 4400 2532 4468 regulas
2572 4409 2629 4456 et
2677 4401 2894 4457 decreta
2947 4418 2977 4457 a
3025 4405 3230 4460 sanctis
3274 4404 3494 4461 definita
3537 4405 3780 4461 conciliis

2199 4493 2266 4547 ab
2291 4493 2541 4548 omnibus
2567 4496 2829 4551 servanda
2861 4498 3197 4553 mandamus.
3228 4498 3286 4553 ln
3330 4498 3414 4554 his
3447 4499 3777 4570 vigilantiam

2125 4561 2171 4620 ί)
2202 4594 2371 4649 tuam,
2402 4585 2455 4640 in
2484 4585 2569 4641 his
2604 4601 2790 4641 curam
2835 4585 3088 4643 fraterna:
3131 4589 3339 4645 monitu
3385 4590 3778 4645 exhortationis

2196 4675 2557 4732 extendimus.
2589 4675 2682 4731 llis
2704 4693 2767 4733 ea
2790 4693 2894 4748 qua
2925 4679 3143 4750 dignum
3165 4690 3247 4734 est
3271 4680 3579 4736 reverentia
3607 4689 3778 4736 casto.

2194 4765 2338 4830 ditis,
2366 4765 2567 4820 nullum
2595 4765 2854 4836 relinquit
2886 4768 3056 4837 culpa:
3081 4768 3281 4835 locum,
3325 4785 3425 4825 nec
3457 4781 3663 4824 saucue
3689 4770 3778 4824 οι)-

2192 4858 2516 4913 servationis
2533 4858 2891 4914 obstaculum.
2914 4859 2989 4915 lbi
3019 4859 3374 4932 fasucfasque
3404 4864 3776 4933 prtescriptum

2194 4958 2297 5016 est,
2323 4951 2396 5006 ibi
2418 4952 2746 5022 prohibitum
2768 4955 2834 5009 ad
2851 4955 2992 5024 quod
3018 4955 3193 5010 nullus
3214 4956 3409 5011 audeat
3429 4957 3695 5026 aspirare,
3710 4955 3774 5009 iit

2189 5056 2504 5097 concessum
2520 5042 2645 5112 quid
2662 5042 2853 5099 debeat
2866 5059 3018 5100 mens
3031 5043 3139 5100 Deo
3153 5045 3415 5116 placitura
3430 5059 3773 5115 praasumerc.

2191 5132 2413 5200 Quoties
2424 5134 2740 5190 universalis
2754 5137 2926 5204 poscit
2943 5137 3213 5208 religionis
3231 5153 3397 5192 causa
3409 5140 3478 5193 ad
3493 5138 3774 5193 concilium

2192 5234 2245 5281 te
2260 5226 2439 5282 cuncti
2458 5225 2652 5282 fratres
2663 5236 2923 5284 evocante
2942 5229 3281 5292 conveniant,
3310 5236 3369 5281 et
3379 5228 3585 5300 siquos
3596 5243 3775 5283 eorum

2192 5316 2452 5387 spiritalis
2485 5317 2682 5388 negotii
2715 5316 3339 5396 pulsatiiiteiitio,jurgia
3356 5318 3502 5375 inter
3516 5321 3776 5376 eosobor-

2197 5416 2249 5462 ta
2265 5422 2568 5477 compesce,
2584 5408 2824 5467 discussa
2840 5409 3010 5466 sacris
3023 5408 3226 5479 legibus
3239 5410 3655 5483 determinando
3666 5427 3774 5468 cer-

2199 5498 2418 5553 timiua.
2446 5499 2715 5573 Quidquid
2745 5512 2926 5557 autem
2954 5500 3025 5556 illi
3047 5517 3144 5571 pro
3169 5501 3273 5557 fide
3297 5503 3573 5560 veteribus
3586 5502 3777 5560 consti-

2200 5591 2328 5645 tutis
2365 5591 2448 5647 vel
2471 5591 2689 5661 provida
2713 5592 3068 5663 dispositione
3094 5594 3396 5665 przecipies,
3425 5594 3512 5650 vel
3537 5608 3772 5667 persona

2196 5682 2518 5738 auctoritate
2540 5693 2738 5738 nostra:
2763 5681 3057 5750 formabis,
3075 5695 3243 5741 totum
3272 5685 3341 5740 ad
3366 5685 3653 5742 scientiam
3681 5699 3770 5740 no-

2196 5785 2362 5832 stram
2377 5775 2650 5833 instructa:
2666 5775 2940 5834 relationis
2954 5780 3295 5836 attestatione
3309 5780 3609 5851 perveniat.
3627 5779 3700 5838 Eo
3716 5776 3780 5833 fit
