3882 5316
68 294 202 351 4049

1183 267 1673 350 necner‘mim
1714 290 2117 349 conseruo.

3162 298 3331 399 nso

70 416 125 462 ut
153 412 333 462 noster
372 404 582 463 animus
606 402 765 462 oﬂicii
793 403 1058 462 cbaritate
1087 403 1196 460 dati
1222 445 1238 470 ,
1271 413 1327 460 et
1357 414 1479 460 tuus
1501 418 1655 458 sccu-
1684 408 1728 465 Α
1759 401 1904 456 omni
1954 400 2253 457 intentione
2297 400 2666 459 ordinavimus
2687 445 2702 472 ,
2751 414 2809 473 ut
2865 411 3188 485 venerabilis
3234 415 3340 473 Eo.

70 500 220 555 ritate
235 496 540 568 perfruatur
558 497 787 568 accepti.
830 497 972 553 Deus
1004 504 1056 561 te
1093 495 1416 552 incolumem
1465 505 1646 552 custo—

69 591 192 655 diat,
222 589 394 645 frater
411 590 721 646 cbarisime.
1590 655 1595 659 ,

69 682 379 753 Πεεετὲριιιηι
433 681 731 737 Hormisda:
773 699 922 752 papae
975 682 1047 753 ad
1076 751 1084 753 _
1112 682 1379 753 episcopos
1432 681 1644 739 Bwticte

300 754 579 822 provincia:
621 756 684 807 de
734 751 1183 823 congratulatione
1228 751 1395 824 pacis.

58 839 71 889 λ
131 856 407 917 Fratribus
469 861 835 918 dilectissimis
896 862 1165 919 universis
1219 862 1487 935 episcopis
1545 878 1645 935 per

66 956 309 1012 Bzeticam
333 955 665 1025 provinciam
688 955 998 1011 constitutis
1023 954 1301 1012 HOBIISDA
1335 956 1638 1027 episcopus.

131 1046 268 1113 Quid
296 1054 404 1100 tam
432 1045 588 1102 dulce
613 1045 862 1110 sollicito,
891 1061 1053 1115 quam
1082 1046 1222 1116 quod
1249 1046 1377 1101 mihi
1401 1046 1468 1101 de
1491 1046 1642 1103 vobis

60 1138 400 1193 innotescunt
419 1136 517 1192 illa
542 1151 664 1207 quae
686 1135 892 1208 cupio?
918 1136 1059 1204 Quid
1076 1145 1192 1193 tam
1209 1136 1483 1207 religiosis
1510 1150 1640 1192 eon-

64 1230 277 1285 veniens
298 1228 562 1285 institutis
585 1244 749 1299 quam
777 1237 835 1283 ut
863 1230 1003 1284 inter
1024 1243 1085 1285 se
1113 1228 1426 1285 sacerdotes
1450 1242 1636 1299 pacem

66 1333 218 1389 quam
246 1333 343 1375 eos
372 1333 593 1375 necesse
636 1327 714 1375 est
761 1318 882 1374 aliis
929 1332 1028 1388 pro
1076 1317 1254 1374 otﬁcio
1305 1319 1637 1375 annuntiare

65 1407 426 1462 conservent?
470 1406 693 1463 Plenam
742 1406 915 1465 fateor
957 1406 1373 1479 gratulationum:
1423 1409 1636 1478 suscepi

64 1496 198 1566 quod
235 1495 416 1551 votiva
462 1494 592 1550 mibi
635 1495 701 1551 de
744 1495 1010 1551 ebaritate
1039 1510 1171 1566 quae
1218 1496 1363 1551 inter
1403 1511 1498 1552 vos
1531 1507 1633 1561 est,

66 1594 114 1639 et
175 1583 534 1643 Ecclesiarum
600 1598 737 1654 pace
810 1584 1007 1640 litteris
1064 1585 1383 1651 indicastis;
1446 1594 1636 1656 sponte

67 1674 187 1729 mihi
246 1674 509 1746 quidquid
572 1674 782 1730 hortari
843 1683 1132 1745 poterant,
1197 1676 1458 1747 quidquid
1515 1692 1634 1733 mo-

1748 491 1914 548 clesia
1960 490 2577 563 Constantinopolitano,
2624 510 2835 552 necnon
2876 500 3183 571 complures
3219 504 3339 565 alia

1748 590 1869 636 vota
1915 578 2229 651 suscipiant
2260 591 2463 649 vestra,
2520 599 2624 639 non
2661 585 2834 643 solum
2864 588 2920 644 in
2960 595 3194 658 exteris,
3238 595 3334 653 sed

1745 669 1798 725 in
1850 669 2159 728 auferendis
2203 672 2367 727 etiam
2415 674 2725 730 nominibus
2772 692 2838 732 ex
2881 680 3051 736 sacris
3083 681 3339 751 diptiebis

1744 776 1864 831 quae
1917 760 2241 816 removenda
2296 760 2527 817 maxime
2574 764 2924 834 postulastis,
2968 782 3154 825 verum
3201 786 3333 825 non-

1742 850 1902 907 nullae
1970 850 2189 907 fuerunt
2263 852 2474 921 urbes,
2541 864 2596 911 et
2658 855 2919 913 Ecclesiae
2992 866 3101 915 tam
3174 859 3334 917 Ponti

1741 957 1905 1012 quam
1955 942 2117 1006 Asiae,
2165 958 2231 999 ac
2276 944 2546 1014 praecipue
2587 946 2899 1016 orientales,
2950 966 3179 1020 quarum
3220 952 3334 1006 ele-

1742 1034 1842 1090 rici
1887 1034 1971 1090 vel
2035 1035 2219 1106 populi
2291 1037 2542 1091 omnibus
2597 1041 2891 1107 pertentati
2958 1042 3120 1099 minis
3170 1052 3332 1114 atque

1742 1124 2204 1194 persuasionibus.
2266 1134 2445 1180 tamen
2504 1142 2845 1199 nequaquam
2897 1128 3020 1189 ﬂexi
3060 1140 3222 1193 sunt,
3270 1146 3331 1187 ut

1734 1213 1931 1269 tollant
1977 1216 2321 1280 antistitum,
2386 1225 2440 1271 et
2503 1218 2761 1288 repellant
2831 1222 3049 1276 nomina
3095 1238 3329 1293 quorum

1731 1306 1880 1373 apud
1922 1319 2027 1361 eos
2075 1306 2258 1374 opinio
2299 1307 2499 1373 lloruit,
2548 1310 2643 1365 sed
2695 1320 2866 1367 morte
2924 1314 3091 1367 vitam
3144 1315 3329 1379 duriq-

1741 1407 1855 1447 rem
1911 1393 2202 1460 aestimant,
2254 1395 2299 1449 si
2357 1404 2597 1451 mortuos
2644 1399 3144 1466 comlemnaverint,
3194 1417 3331 1472 quo-

1743 1498 1860 1536 rum
1920 1482 2293 1555 gloriabantur
2348 1486 2471 1563 jura
2542 1489 2915 1556 superstitum.
2982 1489 3118 1556 Quid
3169 1492 3332 1563 igitur

1736 1573 2005 1630 iaciamus
2056 1576 2370 1647 huiusmodi
2426 1580 2768 1649 pertinaciae,
2811 1596 2931 1651 qua:
2996 1598 3095 1639 nec
3161 1583 3329 1641 Deum

1732 1667 1964 1723 audiens
2031 1669 2244 1735 existit,
2300 1679 2355 1726 et
2400 1680 2669 1727 tormenta
2726 1675 2782 1728 in
2830 1684 3035 1729 tantum
3080 1675 3330 1744 despicit,

56 1783 186 1824 πει-θ
236 1768 474 1827 deum.“
517 1776 620 1824 est,
656 1786 675 1820 ι
706 1766 1003 1825 Conﬁrmet
1051 1769 1154 1825 hoc
1183 1769 1326 1825 Deus
1377 1769 1521 1839 quod
1561 1777 1718 1838 e313
1748 1769 1807 1814 ιιι
1861 1759 2097 1832 amplum
2153 1761 2257 1817 sibi
2299 1776 2365 1817 ac
2420 1761 2671 1819 festivum
2708 1762 2965 1832 Judicet,
3012 1764 3057 1819 si
3102 1779 3329 1834 corpore

66 1868 309 1929 operatus
375 1858 431 1914 in
494 1858 666 1925 vobis,
706 1878 725 1912 ι
753 1867 807 1914 et
870 1875 990 1930 qum
1044 1859 1300 1930 praecepit
1350 1875 1458 1931 pro
1515 1861 1634 1916 oni-

66 1966 262 2006 marum
320 1951 496 2008 salute
547 1951 830 2018 facienda,
880 1953 994 2008 bare
1048 1954 1163 2024 ipse
1217 1969 1335 2024 quae
1380 1956 1639 2025 praecepit

66 2058 154 2113 pro
196 2059 259 2099 ea
312 2060 423 2114 qua
477 2060 578 2100 nos
637 2044 895 2111 redemit,
952 2045 1152 2116 pietate
1204 2045 1407 2113 faciat,
1459 2055 1515 2102 et
1580 2047 1636 2101 in

65 2135 215 2191 istam
272 2136 402 2191 boni
465 2135 635 2192 nuntii
690 2151 788 2192 nos
838 2151 1054 2207 quoque
1113 2136 1488 2207 religiosorum
1551 2137 1633 2192 vi-

62 2238 170 2280 cem
212 2224 546 2281 reddidimus
586 2225 915 2283 nuntiorum.
969 2224 1243 2295 Quidquid
1291 2241 1412 2282 cum
1463 2226 1640 2282 orien-

71 2313 251 2370 talibus
322 2329 463 2384 quos
537 2314 606 2369 ad
676 2314 930 2373 Ecclesiae
1000 2331 1197 2385 corpus
1219 2316 1639 2385 gunitatemque

62 2412 332 2459 revocatos
361 2402 456 2458 Dei
491 2403 660 2461 nostri
682 2418 786 2473 ope
805 2402 998 2459 litteris
1026 2403 1447 2474 significavimus
1477 2404 1640 2461 desti-

67 2494 215 2561 natis,
264 2494 444 2551 denuo
503 2510 625 2550 eum
676 2504 860 2565 aptum
918 2494 1082 2550 fuerit
1151 2494 1394 2564 repetitis
1453 2494 1636 2553 vobis-

64 2599 175 2639 cum
219 2585 668 2659 participabimus
713 2585 947 2641 indiciis.
993 2584 1114 2641 Mox
1162 2593 1285 2656 post
1330 2595 1635 2643 nostrorum

66 2677 281 2733 reditum
334 2676 406 2734 ab
454 2676 806 2733 orientalibus
861 2678 1028 2739 missa
1074 2676 1269 2748 legatio
1322 2687 1437 2743 est;
1491 2686 1638 2732 certa

68 2771 312 2841 speravit,
369 2780 517 2827 certa
547 2769 836 2835 consuluit,
891 2770 986 2825 sed
1032 2769 1262 2828 facimus
1303 2769 1372 2826 de
1406 2770 1491 2825 his
1520 2785 1640 2840 qua:

64 2862 266 2918 fuerant
318 2862 548 2927 dicenda
590 2862 994 2933 compendium,
1050 2861 1164 2932 ipsa
1214 2863 1392 2932 potius
1442 2864 1510 2918 ad
1559 2862 1640 2917 in-

64 2949 363 3007 struendam
431 2951 676 3006 notitiam
732 2959 965 3009 vestram
1023 2966 1143 3020 qua:
1200 2966 1231 3006 a
1298 2952 1453 3006 nobis
1515 2959 1640 3007 sunt

60 3056 306 3117 responsa
361 3041 677 3108 dirigentes,
720 3056 790 3098 ne
826 3041 955 3111 quid
1004 3040 1106 3096 sibi
1160 3040 1261 3097 sub
1309 3040 1485 3110 spatio
1515 3056 1639 3111 pro-

1729 1852 2051 1923 .priusqnam
2112 1854 2367 1926 religioso
2419 1856 2646 1913 desistat
2696 1858 2961 1914 consilio?
3015 1858 3179 1915 Nobis
3208 1859 3331 1929 qui-

1745 1945 1867 2019 dem
1894 1945 2107 1999 videtur
2131 1960 2268 2015 opus
2293 1960 2413 2001 esse
2439 1948 2655 2005 mollius
2673 1950 2888 2021 agendi,
2917 1960 2968 2004 et
2986 1951 3324 2005 clementius.

1739 2038 1870 2106 Quae
1918 2039 1965 2093 si
2015 2053 2122 2093 non
2151 2040 2204 2092 in
2241 2048 2330 2094 tua
2377 2040 2867 2111 sanctitudinejam
2892 2058 2988 2097 nec
3016 2043 3069 2097 in
3100 2042 3204 2097 alio
3228 2058 3326 2111 po-

1742 2136 1924 2189 terunt
1952 2129 2222 2197 inveniri.
2269 2130 2403 2185 Nam
2459 2147 2632 2203 neque
2678 2134 2976 2203 sanguinis,
3020 2143 3076 2191 et
3126 2134 3328 2204 suppli-

1740 2222 1947 2279 ciorum
1988 2223 2198 2292 cupidi,
2250 2224 2393 2292 quod
2440 2223 2646 2278 dictum
2695 2226 2858 2280 etiam
2904 2216 3066 2295 grave
3111 2233 3214 2285 est,
3257 2225 3327 2279 li-

1741 2313 1983 2378 bellum,
2029 2315 2410 2385 suscepimus,
2476 2330 2649 2384 neque
2698 2325 2758 2371 ιιι
2802 2330 2969 2385 parvo
3014 2314 3325 2369 discrimine
3392 2346 3405 2356 ο

1742 2416 2057 2461 remaneant
2099 2405 2421 2476 imperfecta
2451 2406 2756 2462 concordia:
2795 2406 3082 2471 desideria,
3130 2405 3225 2460 sed
3256 2406 3325 2459 ad

1738 2495 2137 2565 propagaudam
2178 2510 2286 2565 quo
2328 2510 2613 2565 possumus
2656 2497 2844 2551 ordine
2891 2496 3325 2567 coniunctionem

1741 2586 2110 2641 membrorum
2159 2584 2438 2641 Ecclesiae.
2501 2584 2695 2652 Utrum
2743 2587 2945 2654 itaque.
2977 2585 3326 2655 praestantius

1739 2679 1844 2733 erit
1891 2678 2162 2735 minorum
2219 2679 2395 2749 gratia
2448 2680 2503 2732 in
2556 2686 2730 2733 totum
2785 2692 2906 2732 esse
2960 2676 3113 2730 nobis
3169 2690 3327 2730 acce-

1740 2778 1862 2841 ptas
1906 2779 2088 2833 tantas
2142 2770 2547 2837 multitudines,
2586 2786 2654 2824 an
2698 2770 2975 2845 concessis
3016 2769 3225 2840 exiguis
3269 2777 3327 2823 ct

1742 2859 1985 2915 remissis
2038 2857 2262 2929 majora,
2315 2867 2371 2914 et
2416 2859 2565 2914 omni
2614 2859 2826 2915 ratione
2872 2845 3160 2928 quaerenda
3204 2872 3326 2912 cor-

1740 2952 1865 3022 rigi,
1912 2960 1974 3006 ut
2014 2967 2137 3022 qua:
2183 2966 2293 3015 non
2323 2950 2482 3007 licuit
2525 2966 2621 3022 per
2666 2950 2846 3006 omnia
2892 2950 3083 3005 saltem
3124 2961 3189 3002 ex
3238 2963 3328 3004 ne-

1740 3040 1992 3096 cessariis
2044 3042 2293 3110 partibus
2346 3040 2701 3111 allegeutur,‘
2739 3041 2948 3095 veniam
2998 3041 3181 3109 itaque
3223 3053 3326 3094 no-

61 3132 241 3189 lixiore
294 3143 589 3200 terrarum,
643 3142 737 3191 aut
800 3133 983 3203 opinio
1037 3133 1299 3198 vindicet,
1336 3142 1432 3188 aut
1481 3133 1708 3192 errorC
1741 3132 1946 3185 minnm
2010 3131 2371 3201 postulamus,
2415 3146 2519 3186 non
2589 3130 2768 3185 Acacii
2800 3170 2816 3196 ,
2872 3145 2978 3184 non
3045 3132 3326 3200 utriusque

59 3231 328 3288 assumat,
401 3236 528 3278 eum
597 3222 665 3277 ad
737 3237 916 3277 rerum
956 3294 960 3301 Δ
994 3221 1152 3278 fidem
1220 3221 1390 3292 ipsam
1458 3222 1631 3278 teneri

60 3313 242 3370 suﬁicit
292 3313 605 3370 veritatem.
666 3313 818 3382 Quod
886 3322 1067 3371 autem
1130 3314 1198 3369 ad
1244 3314 1631 3370 continentiam

58 3414 357 3461 vestrarum
413 3406 648 3477 pertinet
707 3405 1008 3463 litterarum
1037 3445 1053 3472 ,
1111 3406 1348 3476 Oportuit
1420 3406 1635 3476 quidem

59 3494 308 3552 desideria
358 3496 569 3567 plenius
615 3497 892 3568 expedire,
949 3505 1008 3553 ut
1054 3497 1338 3553 testimat-is
1389 3496 1639 3553 erunibus

58 3602 368 3658 responsum
460 3590 654 3649 rationi
728 3607 1029 3663 congruum
1104 3591 1437 3647 redderetur.
1529 3591 1637 3647 Sed

55 3677 170 3744 quia
200 3679 609 3749 privilegiurum
659 3689 925 3746 veterum,
973 3689 1029 3736 et
1078 3689 1404 3736 statutorum
1456 3688 1637 3750 pater-

55 3783 238 3825 norum
303 3771 577 3827 indidistis
644 3772 834 3829 iisdem
904 3772 1101 3828 litteris
1165 3773 1493 3828 men-tionem
1567 3772 1636 3828 ad

55 3857 346 3917 Salustium
400 3861 643 3927 fratrem,
701 3871 759 3919 et
813 3863 1189 3934 coepiscopum
1233 3872 1481 3918 nostrum
1534 3864 1635 3919 sub

53 3951 149 4007 bac
216 3960 376 4023 parte
431 3953 844 4023 rescripsimus,
910 3954 1063 4009 vobis
1133 3969 1348 4024 quoque
1403 3954 1635 4011 strictim

54 4056 166 4110 quae
216 4043 364 4098 dicta
415 4052 544 4098 sunt
596 4043 702 4099 illis
750 4044 911 4100 latius
944 4044 1268 4110 indicantes,
1323 4062 1388 4099 ne
1426 4046 1639 4116 privile-

54 4132 133 4201 gia
184 4149 287 4189 nos
350 4133 555 4188 indulta
610 4133 995 4199 convellerent,
1047 4142 1102 4190 et
1153 4134 1288 4189 nibil
1351 4143 1458 4189 tam
1512 4151 1638 4189 con-

53 4226 271 4285 veniens
336 4227 460 4283 ﬁdei
510 4226 788 4296 judicare,
852 4242 1016 4298 quam
1066 4235 1127 4281 ut
1176 4227 1231 4281 in
1289 4226 1491 4282 honore
1540 4243 1638 4282 suo

53 4330 83 4370 a
131 4317 390 4374 Patr-ibus
445 4318 662 4374 decreta
722 4328 1030 4377 serventur.
1096 4317 1238 4373 Deus
1298 4327 1478 4373 autem
1541 4332 1637 4373 vos

53 4404 352 4463 incolumes
397 4408 684 4474 custodiat,
739 4411 931 4464 fratres
986 4408 1314 4464 cbarissimi.

192 4484 199 4491 ’
280 4498 531 4559 Justinus
576 4500 858 4570 imperator
892 4498 1189 4554 Hormisdw
1224 4514 1395 4570 paptc.

119 4588 238 4656 Quo
303 4589 505 4646 fuimus
573 4605 746 4660 nuper
797 4598 853 4645 et
900 4604 1009 4659 quo
1063 4604 1250 4644 sumus
1309 4589 1489 4644 studio
1535 4603 1632 4658 pro

54 4679 407 4736 conciliandis
446 4680 726 4737 sententiis
771 4680 1092 4737 catholicam
1142 4681 1298 4736 fidem
1342 4680 1631 4736 colentium

56 4777 113 4823 ut
153 4771 345 4826 eodem
399 4770 579 4825 animo
633 4772 813 4825 cuncti
863 4779 1188 4828 venerentur
1236 4786 1433 4825 numen
1493 4769 1633 4823 indi-

53 4856 270 4913 viduum
320 4857 601 4915 Trinitatis
623 4858 802 4929 palam
852 4859 1044 4916 fecisse
1085 4857 1456 4932 dignoscitur;
1493 4871 1634 4913 nunc

56 4945 290 5019 legatum
343 4951 410 5005 ad
469 4959 705 5007 vestram
757 4949 1141 5009 beatitudinem
1203 4951 1343 5008 ultro
1398 4952 1467 5007 ob
1534 4953 1636 5007 hoc

59 5038 229 5109 ipsum
284 5041 576 5113 dirigentes
630 5041 855 5097 Gratum
898 5044 1073 5101 virum
1128 5043 1445 5115 magistrum
1502 5041 1639 5101 scri—

223 5147 332 5160 ιικΑ
383 5135 672 5160 -Αηεοι-,ε--ηι
740 5134 947 5160 θηηιλλ...
1012 5140 1307 5160 _--.---!..l---

1732 3219 1925 3292 Petri,
1976 3234 2085 3274 non
2137 3218 2379 3275 Dioscort
2439 3218 2523 3273 vel
2572 3217 2887 3285 Timothei,
2951 3233 3180 3287 quorum
3230 3231 3326 3271 vo-

1719 3313 1926 3368 .cabula
1968 3313 2038 3368 ad
2083 3326 2183 3368 uos
2233 3312 2375 3368 data:
2412 3312 2723 3366 sanctitatis
2765 3320 2870 3366 tum
2912 3310 3153 3381 epistolae
3196 3324 3326 3365 con-

1738 3404 2006 3470 tinebant,
2060 3405 2156 3461 sed
2214 3418 2352 3473 quos
2398 3403 2452 3457 in
2501 3403 2623 3458 aliis
2667 3402 2962 3459 celebravit
3012 3402 3325 3458 civitatibus

1738 3496 2115 3566 episcoporum
2167 3495 2504 3561 reverentia,
2554 3502 2610 3549 et
2658 3494 2761 3550 hoc
2812 3494 3053 3564 exceptis
3105 3493 3327 3550 urbibus

1739 3582 1829 3638 ubi
1892 3592 2090 3639 vestrae
2154 3582 2508 3639 beatitudinis
2569 3582 2767 3641 libellis
2827 3582 2941 3652 jam
2999 3583 3054 3637 in
3109 3582 3323 3653 plenum

1734 3674 2007 3729 admissus
2060 3684 2164 3741 est,
2220 3675 2324 3730 nisi
2375 3674 2516 3733 hanc
2564 3689 2779 3745 quoque
2836 3673 3327 3743 partem-benevo-

1738 3763 1903 3827 lentia
1946 3764 2202 3820 statuerit
2238 3773 2417 3820 vestra
2458 3765 2644 3823 mitius
2684 3766 3099 3836 eorrigendam.,
3125 3763 3323 3820 Verum

1740 3871 1838 3911 nec
1886 3855 2093 3925 judicio
2145 3866 2297 3914 caret
2349 3873 2438 3913 res
2487 3859 2633 3915 sedis
2683 3856 3037 3928 apostolicae,
3093 3864 3153 3911 ut
3215 3869 3321 3911 non

1743 3943 1916 4021 magis
1967 3949 2122 4004 venia
2181 3951 2408 4005 dicenda
2461 3950 2571 4015 sit,
2628 3966 2789 4019 quam
2859 3949 3152 4005 deliberata
3207 3946 3321 4016 jam

1738 4055 1800 4096 ac
1851 4050 2131 4110 perspecta
2184 4040 2447 4095 deﬁnitio.
2495 4040 2821 4097 Anastasius
2865 4039 3129 4108 siquidem
3191 4040 3322 4097 reli-

1738 4129 2055 4199 giosissima:
2102 4131 2380 4184 memoriae
2436 4138 2629 4183 vestrae
2668 4128 2879 4184 culmen
2924 4128 3176 4185 Ecclesia:
3230 4146 3325 4200 pa-

1737 4221 1844 4275 lam
1916 4230 2212 4292 aperteqne
2271 4219 2570 4283 constituit,
2633 4237 2755 4276 eum
2824 4224 2927 4278 hoc
2987 4223 3127 4278 idem
3182 4225 3322 4279 scri-

1738 4314 1911 4380 beret,
1977 4313 2253 4384 negotium
2313 4313 2585 4369 decessori
2644 4323 2828 4379 nostro
2877 4315 3011 4371 satis
3059 4330 3181 4370 esse
3226 4331 3321 4385 pa-
3407 4348 3422 4359 -

1736 4422 1853 4463 cem
1915 4406 2324 4473 affectantibus,
2393 4409 2439 4464 si
2504 4424 2697 4465 nomen
2764 4419 2971 4465 tantum
3028 4408 3323 4463 reticentur

1664 4480 1943 4556 l’Acacii.
2000 4500 2144 4571 Ergo
2198 4500 2383 4570 priora
2435 4511 2629 4556 vestrae
2687 4501 2832 4555 sedis
2894 4502 3185 4555 constituta
3234 4515 3322 4555 se-

1739 4590 1945 4661 quitur,
1999 4591 2090 4661 qui
2138 4605 2244 4647 non
2288 4605 2481 4645 omnes
2534 4590 2824 4645 memorias
2870 4598 3200 4645 mortuorum
3235 4588 3319 4657 ju-

1739 4683 1884 4739 dicat
1939 4683 2407 4749 contemnendas,
2469 4691 2527 4737 ut
2594 4681 2869 4750 indignum
2926 4682 3203 4736 .Itabcatur
3265 4689 3320 4736 et

1742 4778 2133 4847 incongruum,
2190 4778 2234 4832 si
2296 4791 2400 4830 non
2467 4774 2727 4845 placidior
2767 4779 3020 4831 omnibus
3073 4790 3178 4827 non
3230 4780 3321 4828 so?-

1742 4866 1850 4920 lum
1903 4867 2189 4930 defunctis,
2237 4866 2528 4921 sed-etiam
2586 4867 2970 4929 superstitibus
3021 4872 3213 4918 vestra-
3245 4863 3327 4917 di-
3398 4870 3401 4873 '

1740 4957 1988 5028 vulgetur
2043 4957 2098 5012 in
2150 4956 2298 5013 omni
2361 4957 2468 5012 line
2516 4965 2783 5008 terrarum
2859 4957 3072 5014 leuitas.
3118 4953 3183 5004 lit
3226 4953 3331 5006 hoc

1740 5048 1956 5118 quidem
2011 5063 2115 5103 non
2171 5046 2600 5103 dubitaverimus
2627 5081 2642 5105 ,
2696 5045 2770 5096 ita
2828 5050 3123 5119 gratiosum
3184 5043 3338 5096 vobis

1743 5138 1977 5160 f.---..-...-
2033 5145 2084 5160 -.ο
2129 5136 2353 5160 “Α-Ξίζι.ιι
2406 5136 2531 5160 -.-ιε

2439 5148 2451 5160 α
2472 5156 2483 5160 -
2499 5137 2591 5160 ιζ...
2644 5146 2827 5160 ’ωε-λιι-
2973 5140 2984 5160 Ι
3004 5137 3143 5160 Δ,ιῖιιιι
3187 5144 3312 5160 manu
