3974 6430
517 360 650 427 tom
672 440 677 445 ,

1361 359 1654 417 APPEND.
1685 350 1779 415 AD
1820 346 1990 414 sise.
2035 355 2127 412 Ix.
2164 354 2502 413 -—iSlDORl
2553 341 2993 413 uenenatas

3648 341 3789 412 itii!

498 481 786 555 promissa
809 520 824 547 ,
889 492 983 551 per
1038 468 1302 533 Joannem
1359 476 1536 531 virum
1595 473 2102 530 reverendissinnnn
2124 474 2178 529 ιλ
2210 477 2338 524 tam.
2359 467 2708 541 luteiligimus
2723 464 3341 540 quoqueetsuscipimus
3355 467 3789 537 conii.lentes,et

520 574 833 643 episcopum
889 568 1224 640 dirigendam
1267 566 1423 622 vobis
1484 566 1537 620 in
1571 563 1855 635 ,przesenti
1908 560 2103 617 merito

502 665 871 730 credidimus,
913 673 975 718 ut
1017 678 1047 717 a
1078 670 1257 715 vestra
1296 658 1424 715 sede
1465 659 1631 713 etiam
1660 666 1817 712 tenor
1855 656 1970 725 ejus
2008 654 2096 708 ad-

525 731 725 812 missus
795 754 861 809 ad
934 751 1264 824 colligendas
1329 749 1617 821 proficiat,
1687 756 1744 801 et
1791 745 2105 800 adunandas

521 844 722 915 ubique
765 841 1103 899 venerabiles
1147 838 1435 901 Ecclesias,
1468 847 1522 894 et
1568 836 2105 907 liierosolymitanam

522 936 816 1008 prtecipue,
859 934 946 990 cui
1002 941 1209 988 tantum
1270 942 1460 987 Omnes
1511 928 1744 984 favorem
1793 927 2110 997 impendunt

525 1026 679 1099 (ιιιθεί
737 1027 898 1082 matri
944 1022 1236 1082 Christiani
1284 1008 1556 1086 nominis,
1604 1028 1665 1074 ut
1710 1033 1866 1075 nemo
1915 1018 2111 1073 audeat

528 1120 596 1175 ab
646 1134 709 1175 ea
769 1132 890 1174 sese
946 1117 1277 1173 discernere.
1332 1114 1669 1169 Consensum
1738 1113 1922 1182 itaque
1984 1125 2111 1182 pro-

524 1210 704 1281 prium
757 1219 903 1266 tuam
958 1208 1303 1264 sanctitatem
1353 1205 1627 1276 epistulari
1656 1218 1870 1274 quoque
1912 1204 2110 1274 pagina

533 1300 783 1357 convenit
845 1298 1162 1365 declarare,
1229 1305 1291 1351 ut
1356 1295 1573 1363 cognito
1635 1293 1887 1348 omnibus
1950 1301 2113 1360 atque

531 1394 796 1464 patefacto
826 1399 1067 1447 tenorem
1095 1388 1331 1459 ejusdem
1370 1385 1630 1441 chartula:
1678 1399 1708 1438 a
1752 1383 1907 1439 vobis
1950 1383 2111 1437 etiam

533 1482 782 1544 laudari,
846 1490 902 1536 et
973 1478 1238 1534 tenaciter
1296 1474 1572 1537 custodiri,
1642 1473 1816 1528 laetior
1882 1474 2115 1527 mundus

531 1576 745 1632 existat.
782 1573 914 1627 Data
944 1586 975 1623 v
1006 1570 1131 1625 ldus
1161 1565 1498 1638 Septembris
1543 1561 2116 1626 Chalcedone,‘RuSIi-

530 1679 595 1720 co
616 1659 857 1727 consule,
882 1667 1101 1730 aeccpta
1128 1657 1299 1728 pridie
1315 1654 1580 1710 Kalendas
1603 1653 1856 1709 Decemb.
1889 1667 2038 1710 cons.
2064 1667 2111 1709 s.

1054 1743 1343 1814 Exemplar
1363 1759 1594 1815 precum.

2204 562 2523 617 confitentes
2539 561 2665 631 quia
2680 576 2841 615 unam
2866 560 3222 616 substantiam
3237 560 3319 617 vel
3334 576 3636 632 personam
3653 565 3791 633 quod

2208 654 2345 709 idem
2377 653 2490 723 ipsa
2539 662 2729 708 sancta
2762 654 3000 724 synodus
3046 653 3102 707 in
3134 653 3341 709 duabus
3371 655 3619 719 naturis,
3641 655 3695 709 id
3717 667 3793 710 est

2208 743 2428 807 deitate,
2455 752 2510 798 et
2536 743 2873 797 humanitate
2893 742 3119 798 indivise
3139 752 3195 798 et
3216 743 3501 799 inconfnse
3524 745 3790 813 pradicao

2209 835 2308 899 vit,
2334 832 2501 887 Deum
2527 833 2783 899 verbum;
2810 840 2863 888 et
2888 833 3146 889 Dominus
3168 842 3350 889 noster
3367 831 3531 888 Jesus
3544 833 3797 888 Christus

2209 934 2350 977 unus
2379 930 2461 977 est
2506 935 2573 977 ex
2604 928 2817 985 sancta,
2860 921 3022 977 unius
3066 922 3318 977 essentia:
3362 922 3664 977 Trinitate.
3711 921 3796 976 Sic

2210 1012 2354 1068 enim
2370 1011 2654 1068 Dominum
2676 1011 2730 1065 in
2755 1011 2926 1066 tribus
2940 1010 3278 1078 substantiis,
3297 1011 3443 1068 sicut
3463 1012 3680 1067 dictum
3695 1021 3793 1072 est,

2211 1103 2552 1174 accepimus;
2578 1103 2737 1158 Pater
2759 1113 2939 1159 autem
2965 1118 3072 1158 non
3093 1116 3176 1159 est
3197 1105 3538 1171 incarnatus,
3564 1105 3793 1176 necSpi.

2212 1193 2351 1248 ritus
2364 1200 2582 1248 sanctus
2598 1209 2613 1258 ;
2632 1191 3008 1248 DeusVerbum
3029 1193 3429 1255 incarnatus.-et
3444 1197 3618 1252 homo
3634 1195 3798 1254 laetus

2213 1290 2298 1338 est
2313 1298 2450 1337 unus
2468 1296 2532 1338 ex
2549 1291 2755 1348 sancta,
2775 1292 2831 1338 et
2849 1283 3010 1339 unius
3029 1286 3278 1342 essentia:
3294 1288 3591 1351 Trinitate,
3616 1305 3797 1345 secun-

2215 1371 2341 1426 dum
2386 1371 2663 1428 ﬁliationis
2685 1373 3089 1442 proprietatem.
3138 1374 3234 1431 Sic
3267 1376 3455 1447 itaque
3501 1378 3798 1433 secundum

2215 1460 2500 1529 praedictas
2522 1470 2740 1516 sanctas
2767 1473 3002 1532 quatuor
3027 1463 3262 1533 synodos
3285 1466 3608 1530 credentes,
3640 1477 3695 1520 et
3719 1483 3800 1522 se-

2216 1551 2448 1605 cundam
2467 1551 2559 1606 Dei
2573 1551 2729 1607 Verbi
2746 1552 3104 1618 nativitatem,
3121 1556 3418 1611 secundum
3431 1572 3667 1614 carnem
3680 1575 3800 1616 con-‘-

2219 1638 2358 1694 iiteri
2384 1655 2490 1695 non
2514 1641 2809 1698 renuimus.
2830 1641 2983 1698 Unde
3000 1648 3216 1715 proprie
3230 1644 3326 1701 Dei
3348 1647 3595 1717 genitrix
3616 1660 3800 1707 sancta

2220 1728 2385 1798 Virgo
2406 1742 2526 1786 esse
2545 1730 2805 1798 creditur,
2827 1739 3082 1801 tanquam
3104 1743 3225 1804 qua:
3246 1740 3465 1804 natura,
3488 1746 3552 1792 et
3575 1738 3798 1796 veritate

604 1841 715 1897 Deo
785 1839 1001 1895 amabili
1066 1853 1132 1894 ac
1196 1836 1439 1908 piissimo
1508 1832 1817 1906 imper-mori
1878 1843 1947 1889 ex
2011 1834 2120 1891 Deo
2148 1840 2197 1902 Β
2224 1818 2386 1876 unius
2404 1822 2658 1877 essentia:
2687 1821 2864 1879 Patris
2889 1822 3081 1880 Filium
3128 1825 3416 1885 Dominum
3444 1829 3802 1905 Verbumpcr

530 1930 813 2006 Augusto,
860 1941 916 1987 et
963 1929 1192 2000 principi
1241 1927 1449 1983 Justino
1493 1924 1979 1991 Christianissimo,
2028 1926 2122 1981 de-

535 2027 823 2097 precatio,
874 2032 930 2080 et
981 2020 1301 2093 supplicatio
1356 2019 1424 2073 ab
1481 2016 2020 2087 llicrosolymitanis,
2067 2024 2123 2072 et

534 2113 921 2178 Antiochzenis,
972 2119 1027 2165 et
1076 2109 1327 2166 secundae
1379 2105 1551 2177 Syriae
1614 2105 1861 2171 clericis,
1918 2115 1974 2160 et
2028 2107 2124 2159 ah-

534 2205 750 2260 batibus
790 2213 844 2260 et
891 2202 1297 2274 possessoribus
1349 2199 1638 2271 provincia:
1684 2198 1856 2269 Syria:
1884 2214 1898 2252 :
1929 2218 1946 2250 I
1982 2198 2125 2253 ilau—

538 2295 643 2349 rite
689 2307 883 2363 aquam
943 2307 1066 2347 cum
1120 2289 1307 2348 lmtitia
1346 2305 1412 2345 ex
1461 2288 1700 2343 fontibus
1750 2288 1938 2344 salutis
1986 2287 2121 2357 (Isa.

536 2398 655 2448 xu,
714 2384 811 2452 5),
848 2403 866 2434 ι
919 2380 1246 2437 vociferatur
1294 2380 1461 2435 lsaias
1512 2380 1777 2450 propheta
1825 2379 2123 2447 exclamat,

538 2474 716 2531 fontes
766 2473 965 2529 salutis
1024 2471 1367 2543 evangelicm.
1416 2471 1664 2527 veritatis
1716 2471 2128 2542 praedicationes

537 2565 825 2621 manifeste
873 2565 1203 2627 ostendens,
1256 2576 1321 2617 ex
1392 2562 1589 2632 quibus
1647 2561 1789 2617 beati
1844 2561 2124 2632 Apostoli,

539 2669 597 2715 et
644 2674 833 2716 eorum
889 2658 980 2728 qui
1039 2672 1136 2728 per
1192 2657 1437 2710 ordinem
1497 2653 1713 2709 fuerunt
1772 2654 2041 2725 discipuli,
2073 2662 2129 2709 et

541 2751 814 2822 sapientes
872 2749 1125 2806 Ecclesia:
1173 2748 1425 2803 doctores
1472 2746 1766 2802 salutarem
1817 2761 2013 2816 aquam
2073 2747 2129 2801 li-

542 2840 630 2897 dei
678 2840 1029 2904 haurientes,
1093 2852 1312 2893 omnem
1377 2844 1620 2893 sanctam
1676 2835 1772 2892 Dei
1830 2836 2125 2892 Ecciesiam

545 2931 942 3002 irrigaverunt,
1005 2944 1124 2999 qua:
1184 2929 1242 2984 in’
1300 2937 1450 2998 petra
1517 2928 1713 2983 summi
1764 2928 2126 2997 apostolorum

546 3025 801 3091 subnixa,
830 3033 1035 3080 rectam
1083 3032 1140 3078 et
1199 3021 1541 3078 inflexibilem
1596 3019 1989 3076 confessionem
2039 3035 2131 3075 cu-

546 3114 803 3178 stodiens,
848 3113 1166 3169 tidncialiter
1225 3128 1345 3167 cum
1396 3127 1462 3167 eo
1509 3111 1576 3165 ad
1641 3110 1978 3181 unigenitum
2035 3109 2127 3165 Fi-

2221 1919 2472 1967 naturam
2523 1910 2915 1970 immutabilem
2977 1929 3041 1970 ex
3097 1917 3215 1986 ipsa
3261 1917 3467 1974 factum
3526 1922 3798 1979 hominen

2222 2001 2383 2057 enixa
2409 2011 2524 2069 est;
2554 2011 2612 2058 et
2634 2003 2769 2060 duas
2798 2013 3023 2061 naturas
3045 2006 3099 2061 in
3123 2007 3359 2076 Christo,
3381 2017 3485 2083 per
3505 2015 3797 2071 essentiam

2223 2094 2308 2150 vel
2354 2096 2713 2151 substantiam
2753 2097 2934 2155 unitas
2982 2099 3326 2167 cenlitentcs,
3366 2103 3517 2159 sicut
3564 2106 3622 2160 in
3653 2108 3802 2165 unius

2224 2201 2454 2257 persona
2476 2187 2561 2242 vel
2589 2185 2912 2243 substantia.
2955 2188 3139 2260 Neque
3192 2192 3383 2247 barum
3406 2195 3798 2263 diversitatem,

2223 2277 2308 2332 vel
2331 2277 2719 2348 proprietatem
2748 2289 2870 2350 post
2911 2281 3210 2337 unitionem
3256 2283 3587 2354 auferimus,
3619 2296 3677 2344 et
3712 2303 3802 2344 nec

2227 2381 2321 2422 cas
2352 2367 2684 2426 dividereoin
2721 2370 2929 2424 duabus
2975 2373 3224 2441 personis
3268 2382 3324 2428 et
3362 2376 3803 2451 substantiisper

2228 2458 2522 2512 unitionem
2563 2472 2753 2513 sumus
2793 2458 3006 2526 edocti;
3051 2462 3408 2534 eamdemque
3453 2467 3664 2524 scimus
3694 2471 3800 2523 uni.

2226 2550 2467 2621 genitum
2493 2549 2691 2605 Filium
2720 2550 2835 2617 Dei,
2862 2560 2918 2607 et
2953 2562 3080 2608 ante
3122 2554 3562 2615 incarnationem
3595 2560 3733 2629 eius,
3757 2574 3807 2617 et

2227 2648 2351 2709 post
2387 2640 2552 2695 Deum
2580 2641 2832 2697 simlliter
2867 2651 2924 2698 et
2970 2644 3247 2701 hominem
3276 2649 3603 2718 passibilem
3628 2668 3804 2720 carne,

2231 2729 2615 2798 impassibilem
2660 2731 2882 2800 deitate,
2926 2734 3394 2808 circumscriptum
3422 2755 3685 2812 corpore,
3711 2760 3807 2802 non

2228 2822 2594 2893 conscriptum
2629 2824 2843 2893 spiritu,
2876 2824 2930 2880 id
2979 2835 3084 2894 est,
3124 2834 3398 2886 terrenum
3429 2839 3487 2887 et
3515 2834 3808 2900 ueiestcm,

2229 2929 2389 2984 quem
2420 2914 2653 2970 mundus
2679 2927 2739 2970 ut
2765 2916 3040 2974 hominem
3065 2918 3227 2989 cepit,
3259 2928 3316 2975 et
3346 2921 3652 2980 Dominum
3692 2942 3811 2982 con-

2234 3003 2406 3058 tinere
2437 3018 2541 3059 non
2568 3005 2763 3074 potuit,
2793 3015 2849 3061 et
2887 3007 3198 3076 mortalem,
3226 3018 3280 3065 et
3299 3011 3678 3071 immortalem
3697 3032 3813 3073 nos.

2231 3107 2395 3163 quam
2425 3103 2740 3150 naturarum
2771 3096 3089 3153 diversitate
3112 3100 3345 3167 sublata,
3376 3117 3563 3173 neque
3582 3106 3815 3162 dividet»

545 3203 675 3260 ιίυηι
734 3204 828 3259 ι)οί
878 3204 1027 3259 omni
1082 3212 1320 3272 tempore
1372 3200 1672 3263 exclamat,
1726 3199 1913 3255 dicens
1943 3216 1956 3253 ε
1990 3218 2010 3251 (
2045 3199 2124 3253 Τιι
2155 3200 2199 3263 c
2232 3193 2312 3241 tes
2336 3200 2436 3255 per
2450 3187 2746 3242 essentiam
2763 3189 3082 3246 unitionem.
3106 3190 3221 3249 Hoc
3244 3194 3390 3249 enim
3413 3210 3549 3254 vere
3569 3213 3815 3270 magnum

544 3311 606 3351 es
667 3294 916 3351 Christus
986 3292 1157 3349 Fiiius
1210 3293 1301 3348 Dei
1359 3293 1463 3346 vivi
1524 3292 1728 3363 (Joan.
1772 3307 1868 3357 χι,
1913 3291 2048 3361 27).
2104 3310 2123 3343 ι

546 3382 699 3437 lianc
757 3381 1051 3438 salutarem
1116 3380 1509 3435 confessionem
1573 3395 1604 3433 ιι
1653 3380 1855 3435 sanctis
1901 3389 2131 3452 quatuor

546 3473 767 3545 synodis
811 3487 932 3542 qua:
975 3472 1300 3543 evangelicis
1350 3471 1635 3541 praeceptis
1678 3479 1806 3525 sunt
1853 3472 2133 3526 honorata:

546 3563 922 3633 suscipientes,
983 3576 1257 3632 nunquam
1312 3576 1407 3631 per
1435 3559 1639 3616 Christi
1686 3560 1917 3631 gratiam
1959 3577 1989 3615 a
2026 3569 2136 3615 tra-

547 3654 677 3710 ditis
725 3654 878 3709 nobis
934 3654 1099 3709 rectis
1152 3652 1928 3724 dogmatibusideviavimns,
1997 3654 2137 3709 sicut

546 3760 731 3801 rerum
776 3753 1005 3800 testatur
1059 3744 1338 3815 probatio,
1392 3752 1448 3798 et
1505 3751 1745 3813 tempore
1800 3745 2137 3800 necessitatis

550 3836 675 3891 ﬁdei
726 3836 1049 3890 constantia
1119 3835 1474 3889 demonstrat.
1535 3832 1591 3888 Si
1644 3834 1807 3905 igitur
1865 3843 1923 3888 ut
1974 3835 2136 3889 Chri-

548 3928 710 3983 stiani
757 3927 982 3982 rationis
1014 3926 1133 3980 fidei
1176 3940 1362 3981 sumus
1404 3924 1715 3996 participes,
1765 3926 1981 3979 domine
2012 3926 2139 3995 piis-

550 4016 718 4082 sime,
769 4026 825 4072 et
874 4018 943 4071 ad
1002 4031 1342 4071 communem
1395 4031 1605 4085 pacem,
1657 4026 1713 4071 et
1759 4018 1826 4070 ad
1876 4017 2138 4072 unitatem

554 4104 893 4171 festinamus,
954 4114 1194 4162 nostram
1254 4105 1411 4160 fidem
1469 4118 1631 4175 quam
1690 4107 1758 4160 ab
1812 4107 1967 4161 initio
2022 4122 2145 4161 sus-

551 4198 831 4269 cepimus,
882 4215 980 4268 pcr
1042 4200 1181 4254 hanc
1248 4198 1669 4255 satisfactionem
1729 4210 1968 4254 nostram
2027 4215 2142 4252 ma—

550 4286 805 4343 nifestam
854 4296 1044 4342 vestra:
1094 4287 1321 4343 facimus
1377 4287 1605 4357 pietati,
1674 4296 1734 4342 ut
1788 4299 1973 4342 notum
2031 4288 2140 4352 sit,

552 4377 677 4448 quia
699 4385 751 4431 et
766 4376 883 4446 paci
905 4377 1300 4443 concurrimus,
1315 4384 1368 4431 ct
1385 4391 1414 4429 a
1440 4384 1584 4431 recta
1606 4392 1730 4431 cum
1756 4376 1849 4431 Dei
1871 4378 2146 4448 jnvamine

554 4482 664 4521 non
696 4467 1017 4522 divertimus
1047 4465 1170 4531 fide,
1198 4468 1290 4522 sed
1322 4482 1538 4521 omnem
1590 4483 1655 4523 ex
1694 4483 1850 4538 aequo
1894 4468 2142 4523 Ineresian

2230 3275 2449 3343 pietatis
2495 3279 2831 3349 mysterium,
2863 3281 2989 3350 quia
3017 3297 3157 3338 unus
3186 3299 3253 3339 ex
3297 3295 3518 3353 sancta,
3569 3298 3627 3345 et
3664 3292 3816 3347 unius

2229 3368 2467 3423 essentia
2488 3367 2771 3425 Trinitatis
2802 3371 3138 3438 incarnatus,
3186 3385 3244 3432 et
3274 3377 3438 3434 homo
3469 3380 3661 3438 factus
3688 3383 3816 3440 Deus

2234 3457 2471 3513 Verbum
2514 3460 2567 3512 in
2598 3468 2830 3530 utraque
2866 3470 3060 3517 natura
3092 3465 3331 3532 deitatis,
3356 3477 3415 3523 et
3435 3469 3817 3541 humanitatis,

2232 3559 2288 3602 et
2340 3549 2567 3605 indivise
2620 3560 2676 3604 et
2711 3550 2995 3608 inconfuse
3038 3556 3407 3624 cognoscitur,
3442 3566 3503 3613 et
3537 3562 3815 3626 aduratur.

2234 3654 2340 3694 non
2382 3641 2788 3698 conversionem
2844 3644 2930 3699 vel
2985 3648 3336 3704 mutationem
3382 3655 3698 3721 sustinens,
3740 3659 3820 3713 sed

2236 3731 2623 3800 proprietatem
2665 3735 2947 3805 utriusque
2999 3747 3206 3793 naturae
3250 3739 3305 3793 in
3343 3757 3454 3795 una
3497 3760 3741 3814 persona
3778 3751 3821 3802 ia

2236 3822 2530 3891 semetipso
2582 3838 2933 3881 conservans.
2987 3827 3070 3883 0b
3113 3829 3254 3885 hanc
3298 3832 3466 3902 igitur
3509 3836 3677 3891 fidem
3704 3854 3822 3909 prte-

2237 3909 2412 3967 dictas
2439 3920 2657 3968 sanctas
2683 3917 2917 3985 synodos
2954 3919 3310 3989 suscipientes
3331 3932 3388 3977 et
3435 3930 3820 3993 custodientes,

2239 4001 2762 4072 anathematizamus
2784 4019 2972 4060 omnes
2994 4009 3086 4077 qui
3125 4010 3387 4067 adversus
3433 4030 3559 4083 eas,
3592 4034 3823 4088 quocun-

2239 4103 2343 4183 que
2366 4098 2608 4183 tempore
2633 4095 2715 4149 vel
2755 4099 2914 4154 modo
2956 4100 3159 4172 aliquid
3192 4107 3673 4177 conscripserunt,
3703 4129 3822 4183 prx-

2242 4179 2397 4249 cipue
2420 4180 2686 4239 Joannem
2732 4186 2975 4258 Egotam,
3004 4194 3097 4262 qui
3149 4179 3821 4258 adversns‘memoratam

2243 4280 2484 4326 sanctam
2515 4273 3007 4334 Chalcedonenseut
3028 4286 3291 4353 synodum
3324 4288 3530 4346 multas
3562 4302 3622 4347 ut
3643 4294 3822 4350 Nesto-

2248 4360 2432 4417 rianns
2462 4364 2823 4434 blasphemias
2862 4374 3130 4440 evomuit;
3182 4376 3434 4434 similiter
3462 4384 3818 4441 condemnan-

2251 4461 2328 4506 tes
2356 4452 2696 4510 Timotheum
2736 4457 3007 4514 llellurnm
3051 4468 3519 4536 cognominatum,
3552 4474 3695 4529 sicut
3729 4476 3813 4530 Επι-

552 4572 903 4612 cxsecramur
923 4573 1029 4612 non
1074 4557 1246 4612 solum
1275 4563 1331 4611 et
1359 4557 1799 4622 Eutichianistas,
1823 4566 1878 4612 et
1900 4558 2145 4626 Acepha-
2173 4544 2222 4604 Ῑ)
2251 4542 2639 4610 ιίυΙιίυηίδΙειηι,
2678 4547 2941 4604 adversus
2980 4566 3098 4606 eam
3138 4568 3260 4609 cum
3283 4560 3399 4614 suis
3429 4560 3723 4619 latrantem
3748 4582 3823 4622 se.

557 4645 662 4712 los,
685 4648 778 4702 sed
803 4656 857 4702 et
879 4646 1244 4709 Nestorianos,
1273 4655 1326 4702 et
1343 4648 1612 4701 hominem
1639 4647 1878 4702 colentes
1903 4656 2012 4703 toto
2027 4649 2143 4703 nni-

556 4752 646 4793 mo
694 4739 855 4810 262
901 4740 1148 4795 odientcs
1193 4740 1745 4804 anathematizamus;
1791 4756 1888 4794 nos
1934 4750 2138 4804 autem,

554 4827 1018 4884 Christianissime
1040 4830 1353 4898 imperator,
1378 4830 1519 4885 sicut
1543 4830 1792 4900 superius
1814 4831 2014 4886 dictum
2036 4841 2138 4896 est,

559 4918 614 4972 in
641 4917 875 4980 Patrem,
918 4928 972 4974 et
999 4919 1213 4984 Filium,
1241 4929 1296 4975 et
1323 4920 1581 4991 Spiritum
1628 4930 1873 4975 sanctqu
1900 4923 1968 4977 ab
1990 4923 2142 4977 initio

559 5005 815 5074 baptizati
848 5022 1061 5077 quoque
1094 5018 1149 5063 et
1196 5009 1499 5073 credentes,
1533 5025 1694 5063 unam
1722 5011 2014 5065 essentiam
2046 5013 2137 5068 Dei

562 5095 614 5149 in
649 5096 820 5152 tribus
847 5098 1209 5154 subsistentiis
1239 5100 1541 5160 adoramus.
1591 5110 1645 5155 et
1673 5103 1968 5157 secumlum
2012 5118 2139 5159 san-

561 5195 772 5239 ctorum
798 5180 1019 5240 Patrum
1074 5191 1366 5253 mathema,
1415 5199 1472 5244 et
1505 5190 1808 5261 symbolum
1839 5192 2140 5256 credentes,

562 5273 616 5328 in
664 5288 827 5327 unum
871 5275 1152 5330 Dominum
1202 5277 1414 5332 Patrem
1455 5280 1925 5349 omnipotentem,
1979 5290 2033 5335 et
2089 5283 2143 5336 in

562 5381 727 5420 unum
761 5366 1045 5421 Dominum
1091 5378 1333 5424 nostrum
1369 5370 1552 5425 Jcsum
1582 5371 1858 5426 Christum
1898 5372 2148 5441 unigeni-

564 5466 677 5513 tum
708 5457 996 5513 Dominum
1026 5459 1261 5514 Verbum
1288 5460 1556 5528 similiter,
1585 5473 1640 5518 et
1678 5478 1843 5517 unum
1886 5461 2145 5532 Spiritum

558 5559 831 5617 sanctum,
867 5560 922 5607 et
962 5552 1260 5607 secundum
1310 5555 1411 5609 hoc
1441 5554 1680 5610 divinum
1712 5554 1987 5627 mathema
2015 5553 2148 5608 deli-

564 5641 821 5699 nitionem
860 5657 892 5699 a
929 5651 1116 5699 sanct't
1155 5642 1581 5703 Chalcetonensi
1603 5645 1809 5724 synodo
1832 5640 2147 5725 promulgas

2244 4633 2527 4725 quacibus.
2584 4635 2661 4690 ita
2698 4652 2828 4709 ergo
2855 4655 2977 4695 cum
3029 4641 3119 4697 Dei
3145 4643 3430 4712 juvamine
3455 4665 3683 4725 semper
3711 4672 3822 4710 scu-

2244 4724 2433 4790 simus,
2457 4736 2512 4781 et
2530 4724 2641 4796 jam
2662 4745 2806 4785 nunc
2835 4733 3099 4790 sentimus
3125 4750 3430 4808 exponere;
3459 4745 3590 4814 quia
3613 4748 3818 4817 quidam

2245 4817 2483 4874 haeretici
2511 4819 2638 4875 dum
2663 4837 2817 4878 suam
2843 4826 3041 4881 malam
3065 4828 3224 4885 fidem
3250 4834 3531 4892 occultare
3548 4837 3816 4905 festinant,

2241 4922 2479 4966 nostram
2520 4914 2574 4967 in
2600 4915 2816 4975 Christo
2854 4918 3178 4987 libertatem,
3211 4932 3266 4978 et
3307 4938 3513 4984 rectam
3550 4931 3710 4987 fidem
3735 4935 3814 4988 ,ιε-

2243 5008 2475 5056 treczare
2513 5013 2800 5060 conantur.
2832 5005 3205 5079 Supplicamus
3248 5012 3412 5084 igitur
3436 5027 3679 5074 vestram
3716 5022 3791 5076 de

2244 5093 2497 5146 mentium
2537 5094 3060 5171 sollicitudincmque
3092 5103 3159 5158 de
3188 5105 3427 5172 perfecta
3457 5109 3812 5168 Ecclesiarum

2244 5184 2485 5239 nnitione
2514 5198 2824 5245 sanctarum
2871 5192 3306 5253 hahere'delvere
3326 5239 3341 5264 ,
3400 5211 3458 5255 ut
3495 5207 3676 5261 unitas
3706 5224 3815 5278 qua:

2245 5291 2370 5330 cum
2401 5278 2490 5333 Dei
2520 5278 2661 5334 facta
2688 5280 3167 5352 fueritjnvamine,
3197 5304 3296 5345 nec
3329 5291 3438 5347 ullo
3464 5295 3721 5370 deinceps
3742 5315 3815 5352 ra.

2251 5369 2516 5437 tionabili,
2539 5382 2634 5427 aut
2672 5374 3025 5432 irrationabili
3058 5382 3359 5438 occasionis
3388 5384 3579 5443 fomite
3622 5369 3819 5459 inquie-

2248 5463 2350 5556 tari
2384 5476 2490 5556 pax
2515 5467 2716 5535 possit;
2759 5470 2900 5524 Deus
2924 5480 3101 5527 autem
3144 5477 3384 5532 omnium
3421 5492 3665 5538 vestrum
3687 5487 3816 5556 pium

2245 5551 2544 5644 adimpleat
2588 5556 2921 5616 desiderium
2966 5562 3018 5617 in
3052 5562 3275 5635 gloriam
3330 5569 3414 5623 sui
3438 5578 3493 5625 et
3523 5551 3819 5644 reipublirrc

2244 5643 2600 5716 disciplinam.
