3974 6444
133 358 281 419 ιοῖὅ

1348 355 1836 413 DECRETALIUM
1870 357 2272 416 COLLECTIO.

3267 370 3405 429 l05l

2675 511 3359 538 Ἢ

635 694 1279 785 INCIPIUNT
1352 691 1722 782 DECRE

1825 690 1894 779 A
1960 691 2472 787 JOANNIS
2544 698 2913 790 ΡΑΡᾹΕ.

1646 886 1896 906 ﬁ

204 1045 439 1104 πυλίδες
465 1048 617 1104 urbis
666 1047 849 1103 Roma:
884 1049 1170 1120 episcopus
1218 1048 1507 1104 Zacnauu:
1559 1046 1733 1103 archi-
1766 1049 1809 1105 Α
1842 1058 1945 1098 non
1994 1052 2153 1098 exeat
2182 1043 2497 1115 impunitus,
2526 1036 2623 1103 sed
2666 1062 2787 1103 cum
2826 1051 3271 1124 multiplicatione
3295 1071 3415 1113 om.

120 1121 387 1211 episcopo
417 1139 670 1194 salutem.

204 1230 384 1301 Exigit
409 1228 625 1285 dilectio
652 1238 762 1297 tua,
810 1229 977 1287 l‘rater
1008 1230 1347 1293 charissime,
1395 1238 1723 1300 prmceptum

125 1320 441 1390 apostolica:
469 1320 633 1384 sedis,
656 1319 711 1374 in
740 1336 848 1390 quo
869 1320 1086 1376 Patrum
1111 1322 1325 1377 decreta
1352 1320 1721 1385 consentiunt,

122 1412 277 1481 quod
310 1424 409 1465 nec
437 1410 568 1475 tibi,
612 1424 712 1465 nec
740 1409 833 1464 ulli
873 1419 1021 1467 recte
1050 1412 1369 1475 viventium,
1399 1418 1454 1466 et
1491 1412 1720 1466 creden-

124 1504 269 1556 tium
299 1501 639 1557 sacerdotum
671 1515 867 1571 negare
909 1501 993 1557 fas
1030 1516 1152 1557 esse
1179 1502 1472 1557 credimus.
1502 1502 1567 1555 Et
1598 1500 1722 1556 licet

123 1590 230 1645 tibi
263 1604 361 1654 pro
395 1588 589 1644 merito
632 1597 686 1644 et
724 1589 932 1645 honore
972 1590 1261 1645 sacerdotii
1298 1604 1406 1660 quo
1427 1589 1720 1659 plurimum

124 1679 305 1751 polles
331 1677 567 1742 vivendi,
596 1686 652 1733 et
682 1678 907 1734 docendi
935 1678 1322 1735 ecclesiastica:
1357 1679 1556 1751 regula:
1593 1688 1717 1736 nota

123 1770 240 1824 sint
263 1768 465 1831 omnia,
498 1776 676 1822 tamen
719 1767 846 1837 quia
880 1767 1137 1824 Romanm
1182 1768 1437 1825 Ecclesia:
1466 1777 1717 1825 norma'm

122 1873 299 1934 atque
351 1863 725 1918 auctoritatem
787 1876 1113 1934 magnopere
1166 1862 1452 1934 postulasti
1499 1864 1721 1935 scriptis

124 1954 242 2009 tuis
270 1952 507 2008 breviter
523 1952 843 2021 respondere
864 1954 1198 2009 curavimus.
1228 1954 1302 2009 De
1323 1953 1550 2009 occultis
1570 1954 1717 2010 enim

122 2046 312 2103 cordis
362 2046 523 2103 alieni
577 2053 780 2101 temere
811 2046 1060 2117 judicare
1090 2048 1330 2118 iniquum
1352 2056 1474 2104 est:
1517 2049 1715 2105 etenim

123 2138 287 2208 cujus
313 2152 418 2193 non
454 2136 710 2192 videntur
734 2152 897 2208 opera
940 2138 1042 2194 nisi
1086 2138 1223 2195 bona
1260 2147 1604 2210 peccatorum
1634 2146 1718 2194 est

122 2245 195 2284 ex
221 2227 529 2299 suspicione
564 2227 979 2296 reprehendere.
1010 2227 1151 2285 Oves
1183 2243 1313 2300 ergo
1353 2244 1474 2300 qua:
1501 2227 1710 2298 pastori

122 2334 231 2374 suo
260 2318 560 2374 commissae
590 2315 828 2384 fuerunt,
859 2333 981 2374 eum
1029 2333 1132 2375 nec
1178 2319 1576 2391 reprehendere
1611 2318 1714 2375 nisi

1828 1137 1918 1191 nia
1965 1139 2243 1203 restituat;
2299 1140 2440 1193 unde
2478 1149 2534 1195 et
2583 1142 2635 1195 in
2668 1142 2958 1213 Evangelio
2995 1148 3256 1217 scriptum
3279 1159 3409 1206 est:

1832 1242 1852 1277 ι
1892 1225 2046 1294 Quod
2112 1227 2157 1281 si
2209 1227 2415 1297 aliquid
2459 1228 2649 1286 defrau
2671 1232 2792 1297 lavi,
2840 1233 3008 1289 reddo
3052 1237 3410 1308 quadruplum

1825 1318 1973 1389 (Luc.
2026 1337 2139 1386 XIX,
2172 1321 2248 1392 8).
2288 1341 2307 1375 ι
2366 1322 2432 1377 Et
2488 1323 2542 1378 in
2584 1323 2792 1396 legibus
2837 1329 3017 1383 steculi
3067 1342 3284 1386 cautum
3314 1332 3411 1387 ba-

1823 1412 1982 1467 betur
2016 1430 2028 1465 :
2057 1412 2159 1481 Qui
2192 1427 2306 1467 rem
2349 1413 2582 1485 subripit
2618 1416 2874 1482 alienam,
2914 1418 2990 1473 illi
3024 1419 3180 1490 cujus
3220 1437 3308 1478 res
3330 1423 3409 1479 diu

1824 1512 1975 1573 repta
2000 1512 2104 1569 est,
2131 1504 2183 1558 in
2210 1504 2570 1576 undecuplum
2593 1521 2715 1576 qua:
2737 1508 2947 1564 sublata
2964 1520 3108 1575 sunt,
3134 1512 3409 1569 restituat.

1823 1591 1893 1646 Et
1948 1592 2003 1646 in
2050 1591 2169 1664 lege
2192 1592 2376 1648 divina
2411 1593 2609 1665 legitur
2636 1611 2656 1650 :
2692 1613 2712 1648 ι
2750 1596 3070 1655 Maledictus
3100 1599 3280 1658 omnis
3315 1599 3412 1673 qui

1822 1682 2084 1739 transfert
2126 1684 2392 1740 terminos
2420 1686 2655 1755 proximi
2703 1686 2809 1742 sui.
2846 1687 2915 1744 Et
2959 1687 3105 1746 dicet
3146 1690 3403 1762 pupulus,

1820 1771 1993 1827 Amen
2016 1771 2195 1843 (Deut.
2223 1788 2396 1841 xxvu,
2421 1773 2532 1845 17).
2561 1792 2582 1826 ι
2612 1773 2764 1833 Talia
2786 1791 2916 1847 ergo
2939 1792 3043 1833 non
3069 1793 3406 1849 [immutan-

1822 1870 1912 1916 tur
1950 1861 2155 1931 absque
2202 1862 2427 1930 ultione,
2486 1879 2588 1920 nec
2633 1878 2995 1923 exerceantur
3036 1868 3241 1941 absque
3298 1886 3401 1927 sua

1822 1954 2190 2010 damnatione.
2228 1955 2307 2009 Tu
2352 1969 2502 2022 vero,
2543 1956 2716 2014 frater
2751 1958 3094 2028 charissime,
3140 1962 3257 2020 hac
3281 1964 3404 2020 vide

1822 2056 1891 2097 ne
1923 2044 2342 2115 transgrediaris
2368 2085 2382 2111 ,
2427 2054 2484 2100 et
2547 2047 2784 2117 reliquos
2827 2049 3113 2120 episcopos
3148 2060 3259 2107 tam
3302 2061 3409 2109 tua:

1818 2150 1964 2190 cura:
1999 2135 2355 2203 commissos,
2395 2145 2451 2193 et
2490 2137 2633 2194 alios
2680 2140 2909 2196 firmiter
2947 2150 3133 2198 tenere
3165 2143 3360 2201 docete
3389 2183 3406 2211 ,

1818 2225 1942 2295 quia
2001 2224 2304 2295 transgredi
2363 2228 2663 2295 apostolica
2724 2237 2929 2284 statuta
2979 2231 3182 2299 absque
3233 2241 3408 2289 trans-

1819 2314 2088 2384 grcssoris
2116 2314 2315 2384 gradus
2337 2316 2577 2387 periculo
2607 2318 2918 2375 nullatenus
2946 2329 3193 2389 possunt.
3224 2320 3408 2376 lnimi-

124 2426 161 2463 a
190 2417 339 2464 recta
374 2407 476 2463 lldc
500 2405 908 2474 exorbitaverit,
940 2408 1158 2473 debent,
1202 2417 1257 2463 et
1282 2407 1588 2463 nullatenus
1613 2421 1715 2462 ac-
1747 2398 1791 2459 Β
1817 2405 1897 2460 cis
1926 2419 2053 2461 vero
2089 2406 2518 2473 accusatoribus,
2577 2407 2658 2464 vel
2711 2407 2779 2464 de
2833 2409 3041 2465 inimici
3089 2412 3249 2467 domo
3289 2427 3413 2482 pro-

123 2514 328 2554 cusare
354 2505 607 2569 possunt;
641 2497 767 2568 quia
798 2497 939 2553 facta
971 2507 1247 2568 pastorum
1284 2498 1396 2553 oris
1421 2498 1600 2569 gladio
1635 2497 1713 2552 fe-

125 2590 321 2645 rienda
369 2604 475 2645 non
520 2597 666 2656 sunt,
711 2604 1017 2659 quanquam
1068 2598 1215 2645 recte
1271 2588 1711 2660 reprehendenda

126 2683 442 2739 videantur.
471 2682 595 2739 Ideo
632 2683 733 2737 ista
764 2681 1015 2747 dicimus,
1038 2682 1163 2752 quia
1192 2682 1245 2736 in
1277 2681 1495 2752 scriptis
1520 2680 1715 2736 vestris

129 2773 433 2844 reperimus
466 2773 729 2843 quosdam
768 2772 1051 2843 episcopos
1090 2773 1289 2828 vestris
1321 2772 1374 2826 in
1416 2772 1660 2843 partibus
1683 2785 1715 2826 a

126 2866 365 2935 propriis
386 2865 577 2920 ovibus
604 2874 903 2929 accusatos,
927 2863 1138 2933 aliquos
1165 2863 1415 2920 videlicet
1445 2879 1512 2920 ex
1541 2863 1716 2935 suspi—

129 2959 309 3024 cione,
336 2966 392 3013 et
422 2957 633 3028 aliquos
662 2972 729 3011 ex
764 2967 912 3014 certa
958 2958 1168 3013 ratione
1192 2973 1207 3012 :
1242 2969 1297 3014 et
1326 2958 1529 3015 idcirco
1557 2973 1717 3028 quos-

129 3048 258 3100 dam
295 3047 409 3102 suis
449 3060 570 3102 esse
615 3047 777 3101 rebus
824 3047 1185 3117 exspoliatos,
1232 3048 1495 3118 quosdam
1527 3063 1655 3104 vero
1686 3063 1717 3103 a

90 3153 100 3160 ·
133 3140 351 3211 propria
390 3141 518 3195 sede
555 3139 756 3209 pulsos.
800 3138 948 3207 Quos
997 3140 1143 3196 scias
1182 3155 1284 3196 nec
1339 3141 1407 3195 ad
1452 3141 1717 3212 synodum

133 3230 667 3300 comprovincialem,
693 3244 793 3286 nec
807 3231 873 3285 ad
891 3231 1193 3302 generalem
1218 3244 1375 3301 posse
1395 3245 1717 3297 convocare,

136 3337 237 3376 nec
257 3320 457 3391 aliquid
478 3320 724 3390 judicare
748 3329 1038 3391 antequam
1064 3329 1254 3376 cuncta
1288 3335 1410 3391 qua:
1438 3320 1518 3375 cis
1538 3319 1718 3375 ablata

134 3423 264 3469 sunt
302 3412 512 3483 legibus
553 3413 803 3482 potestati
852 3428 1039 3468 eorum
1100 3414 1521 3485 reintegrentur.
1563 3412 1719 3467 Prius

135 3518 266 3573 ergo
285 3512 498 3573 oportet
531 3505 709 3559 omnia
740 3503 827 3557 illa
853 3503 1060 3574 legibus
1089 3505 1431 3575 reintegrari,
1457 3513 1513 3559 et
1542 3504 1720 3559 cccle-

135 3596 247 3650 sias
269 3611 389 3664 quze
413 3595 514 3651 sibi
554 3595 777 3651 sublata:
804 3608 947 3661 sunt,
981 3610 1103 3651 cum
1125 3596 1272 3650 omni
1313 3595 1592 3667 privilegio
1621 3611 1721 3651 suo

136 3684 383 3748 restitui;
430 3693 487 3739 et
529 3685 871 3755 postmodum
912 3699 1015 3739 non
1066 3685 1167 3739 sub
1209 3684 1422 3755 augusti
1464 3685 1720 3755 temporis

1814 2494 2125 2559 deuntibas,
2157 2509 2252 2550 seu
2281 2495 2372 2565 qui
2417 2512 2544 2552 cum
2594 2497 2828 2555 inimicis
2855 2509 3137 2555 morantur
3159 2516 3266 2557 non
3290 2518 3416 2559 cre-

1815 2584 1995 2649 datur,
2052 2598 2121 2639 ue
2171 2584 2294 2639 irati
2349 2600 2546 2642 nocere
2582 2587 2826 2657 cupiant,
2875 2604 2945 2644 ne
2992 2589 3102 2645 laesi
3135 2606 3196 2647 se
3246 2592 3413 2649 velint

1815 2674 2001 2730 ulcisci
2036 2675 2091 2731 bi
2123 2691 2338 2747 quoque
2369 2676 2647 2745 rejicicndi
2697 2688 2841 2743 sunt,
2884 2695 2993 2736 non
3050 2682 3408 2753 approbandi.

1818 2763 1962 2831 llzec,
1995 2765 2340 2832 charissime,
2398 2775 2540 2829 tene,
2596 2778 2651 2823 et
2697 2769 2969 2838 prohibita
3015 2786 3229 2842 semper
3257 2787 3409 2830 cave.

1816 2853 1958 2908 Illud
1994 2854 2296 2926 adimplere
2341 2857 2521 2920 stude,
2557 2858 2701 2927 quod
2745 2858 2881 2914 bene
2908 2861 2979 2915 ad
3026 2860 3212 2917 Jcsum
3240 2863 3413 2918 lilium

1818 2945 2026 3018 Syracli
2054 2947 2257 3003 dictum
2288 2954 2373 3003 est
2407 2965 2419 3001 :
2454 2946 2637 3018 Usque
2662 2948 2729 3002 ad
2762 2958 2995 3005 mortem
3028 2961 3175 3007 certa
3199 2967 3297 3023 pro
3318 2966 3411 3009 ve-

1821 3038 1999 3103 ritate,
2042 3047 2099 3092 et
2147 3053 2364 3109 semper
2394 3037 2655 3095 Dominus
2695 3041 2834 3097 Deus
2860 3049 2983 3097 tuus
3020 3044 3281 3114 pugnabit
3310 3060 3409 3117 pro

1822 3138 1893 3186 te.
1926 3129 2094 3202 llujus
2116 3146 2247 3201 ergo
2282 3131 2355 3186 rei
2385 3132 2558 3203 gr.-.tia
2585 3131 2736 3187 vobis
2762 3142 2819 3190 et
2848 3135 3005 3190 nobis
3033 3145 3220 3192 sancta
3262 3152 3409 3194 eom-

1820 3223 1984 3280 missa
2032 3231 2116 3278 est
2172 3221 2453 3287 Ecclesia,
2503 3214 2565 3277 ut
2610 3238 2708 3294 pro
2750 3224 3004 3280 omnibus
3057 3226 3334 3283 laboribus
3359 3237 3413 3283 et

1820 3313 2032 3369 cunctis
2055 3328 2212 3383 opem
2258 3312 2402 3368 ferre
2442 3327 2545 3368 non
2595 3315 2965 3384 negligamus;
2989 3316 3246 3385 quoniam
3282 3318 3409 3371 dum

1822 3401 1976 3457 fortis
2002 3408 2248 3457 armatus
2285 3400 2521 3456 custodit
2573 3402 2774 3457 atrium
2830 3417 3011 3469 suum,
3053 3404 3105 3459 in
3132 3419 3264 3475 pace
3286 3416 3414 3462 sunt

1820 3492 2001 3547 omnia
2040 3506 2157 3561 qua:
2203 3490 2461 3561 possidet.
2504 3490 2734 3561 Ideoque
2778 3500 2926 3546 tanta
2960 3501 3185 3563 urgente
3219 3508 3406 3551 neces—

1823 3582 1983 3638 sitate
2013 3596 2353 3653 sunuuopcrc
2399 3592 2574 3637 vestra
2623 3583 3028 3654 apostolicaque
3059 3587 3407 3649 auctoritate,

1824 3682 1880 3728 et
1929 3675 2165 3744 reliquos
2214 3675 2500 3746 episcopos
2555 3684 2769 3745 oportet
2820 3677 3117 3746 reprimere
3159 3676 3407 3742 infestos,

136 3776 340 3847 spatio,
385 3775 476 3830 sed
497 3784 704 3829 tantum
738 3776 994 3845 temporis
1015 3776 1246 3845 spatium
1278 3775 1357 3831 eis
1382 3774 1722 3846 indulgeatur

1830 3763 2069 3819 relevare
2094 3779 2404 3835 oppressos,
2455 3773 2514 3819 ut
2559 3765 2762 3835 absque
2795 3767 2947 3837 gravi
2998 3765 3228 3821 Domino
3256 3767 3412 3822 auxi-

132 3877 399 3940 q'tantum
427 3866 710 3935 exspoliati
744 3865 826 3919 vel
852 3865 1060 3937 eXpulsi
1103 3882 1224 3923 esse
1271 3866 1543 3931 videntur,
1576 3873 1727 3921 antc-

133 3975 301 4031 quam
325 3959 393 4014 ad
414 3962 678 4031 synodum
720 3969 1104 4028 couvocentur,
1135 3961 1281 4017 etab
1303 3959 1555 4016 omnibus
1578 3961 1727 4031 quis-

133 4065 244 4120 que
271 4062 384 4103 sute
402 4050 691 4119 provincia:
712 4050 983 4119 episcopis
996 4051 1268 4105 audiatur.
1302 4049 1437 4105 Nam
1466 4066 1566 4105 nec
1595 4066 1726 4105 cou-

135 4142 322 4196 vocari
346 4141 413 4194 ad
444 4155 684 4205 causam,
734 4155 833 4196 nec
874 4141 1158 4211 dijudicari
1187 4148 1365 4210 potest
1395 4140 1726 4210 exswliatns

133 4230 223 4285 vel
250 4230 531 4300 expulsus,
548 4230 672 4300 quia
702 4244 807 4284 non
835 4239 920 4284 est
942 4229 1279 4300 privilegium
1301 4245 1410 4299 quo
1434 4229 1725 4299 exspoliari

128 4321 313 4391 possit
338 4320 603 4387 nudatus;
633 4319 773 4375 unde
799 4327 853 4375 et
878 4320 1173 4390 antiquitus
1198 4319 1469 4375 decretum
1499 4328 1585 4375 est
1603 4335 1723 4374 om-

135 4428 240 4467 nes
267 4412 657 4483 possessiones,
689 4419 746 4465 et
768 4411 952 4466 omnia
974 4412 1075 4467 sibi
1102 4412 1309 4467 sublata
1334 4421 1495 4481 atque
1518 4411 1725 4467 [ructus

135 4513 368 4560 cunctos
396 4511 523 4558 ante
560 4503 708 4558 litem
739 4511 1095 4558 contestatam
1116 4544 1131 4568 ,
1170 4512 1469 4573 praeceptor
1498 4502 1580 4557 vel
1611 4503 1723 4572 pri-

136 4610 263 4651 mas
283 4595 581 4667 possessori
618 4595 887 4651 restituat.
923 4594 989 4648 Et
1013 4593 1140 4648 alibi
1163 4593 1424 4663 scriptum
1456 4593 1722 4649 habetur:

136 4686 236 4743 Illc
257 4686 351 4756 qui
374 4684 681 4741 violentiam
706 4684 925 4755 pertulit
946 4684 1194 4739 universa
1226 4683 1280 4737 in
1307 4692 1451 4737 statu
1480 4699 1586 4753 quo
1612 4684 1727 4738 l‘ue-

140 4789 289 4839 rant.
315 4778 561 4848 recipiat,
601 4786 658 4833 et
698 4791 819 4847 qua:
865 4778 1104 4846 possedit
1153 4791 1380 4832 securus
1424 4786 1622 4831 teneat.
1663 4776 1728 4831 Et

140 4869 272 4924 alibi
294 4869 347 4923 in
377 4868 727 4940 synodalibus
762 4867 985 4922 Patrum
1007 4867 1258 4934 decretis,
1285 4877 1341 4923 et
1372 4882 1557 4938 regum
1609 4866 1725 4921 edi-

139 4962 250 5017 ctis
267 4960 364 5032 legi
375 4970 460 5015 tur
473 4968 733 5016 statutum
754 4958 1181 5029 :Reintegranda
1203 4968 1329 5016 sunt
1341 4958 1520 5014 omnia
1535 4973 1729 5027 exspo-

144 5049 291 5105 liatis
316 5048 397 5104 vel
426 5047 615 5118 ejectis
635 5049 920 5119 episcopis,
945 5049 1360 5120 praesentialiter
1387 5048 1728 5105 ordinatione

145 5140 484 5209 pontiﬁcum,
517 5149 573 5195 et
601 5140 653 5195 in
687 5156 876 5196 eorum
912 5141 1053 5195 unde
1082 5142 1466 5197 abscesserunt
1486 5147 1726 5209 potesta-

148 5240 258 5285 tein
294 5230 532 5287 funditus
560 5231 879 5311 revocanda,
909 5247 1228 5301 quacunque
1264 5230 1572 5287 conditione
1595 5241 1729 5285 tem-

144 5322 317 5393 poris,
342 5330 435 5376 aut
457 5321 601 5386 dolo,
623 5329 714 5376 aut
738 5322 1069 5392 captivitate,
1098 5331 1192 5377 aut
1212 5324 1410 5378 virtute
1440 5322 1729 5392 majorum,

148 5419 246 5466 aut
279 5426 375 5483 per
420 5426 772 5483 quascunque
810 5412 1035 5482 injustas
1074 5430 1288 5480 causas,
1348 5430 1432 5470 res
1474 5415 1732 5472 Ecclesiae

147 5504 234 5558 vel
259 5504 524 5575 proprias,
548 5511 645 5558 aut
670 5504 1002 5561 substantias
1029 5520 1158 5561 suas
1177 5506 1476 5575 perdidisse
1501 5523 1735 5564 noscun-

151 5606 262 5662 tur,
295 5604 421 5651 ante
452 5597 872 5661 aceusationem,
908 5607 1003 5652 aut
1041 5600 1343 5670 regularem
1371 5600 1437 5655 ad
1468 5602 1733 5671 synodum

152 5688 492 5745 vocationem
522 5703 734 5754 eorum,
770 5697 823 5743 et
848 5689 1074 5760 reliqua.
1107 5690 1202 5745 Est
1226 5692 1387 5745 ctiam
1420 5691 1475 5746 in
1497 5693 1737 5763 antiquis

152 5779 413 5836 Ecclesia:
441 5780 656 5836 statutis
696 5780 994 5845 decretum,
1045 5786 1105 5833 ut
1150 5780 1240 5850 qui
1282 5780 1456 5836 aliena
1509 5781 1734 5848 invadit,

1824 3858 1990 3915 liauté
2024 3857 2354 3923 dililcultatc,
2382 3858 2481 3928 ipsi
2506 3867 2784 3928 gratanter
2809 3858 2959 3915 omni
2984 3868 3224 3930 tempore
3244 3859 3411 3915 sacri.

1824 3949 1988 4007 licare
2040 3965 2346 4007 mereamur
2383 3949 2556 4006 illaesi.
2588 3950 2668 4004 Ad
2698 3966 2794 4006 vos
2821 3964 3038 4021 quoque
3082 3966 3169 4006 me
3210 3951 3433 4006 reverti'

1823 4043 1967 4114 cogit
1991 4041 2251 4113 propositi
2278 4041 2458 4112 cperis
2477 4040 2655 4097 amica
2681 4041 2939 4106 conditio,
2971 4043 3063 4112 qui
3094 4040 3411 4098 melioribus

1825 4139 2087 4193 hactenus
2112 4152 2275 4207 opera
2307 4136 2450 4193 volui
2473 4152 2673 4193 novare
2698 4137 3062 4202 sermonibus,
3087 4138 3213 4193 dum
3249 4138 3409 4194 talem

1824 4232 2089 4286 rationem
2113 4230 2282 4298 exigit
2307 4230 2541 4286 toxicata
2573 4230 2889 4295 necessitas,
2918 4232 3156 4287 mandati
3178 4230 3416 4287 ctelcstis

1826 4319 2083 4375 habitatio
2114 4334 2212 4374 nos
2238 4327 2331 4373 aut
2362 4320 2571 4385 miscet,
2612 4329 2708 4374 aut
2750 4330 3003 4390 separat;
3051 4336 3150 4376 nec
3189 4322 3416 4379 interest

1823 4429 1946 4484 qua:
2000 4412 2278 4466 intervalla
2328 4427 2426 4467 nos
2463 4421 2766 4483 segregent,
2820 4414 2864 4469 si
2907 4430 3013 4469 una
3053 4415 3110 4469 in
3160 4430 3409 4485 superna:

1827 4502 2124 4558 mansionis
2160 4500 2312 4558 clave
2342 4501 2674 4568 retinentur;
2725 4517 2823 4558 nec
2861 4503 3012 4558 voLis
3047 4503 3182 4558 tales
3213 4515 3409 4558 nocere

1827 4591 2136 4654 maluerint,
2164 4591 2209 4645 si
2237 4591 2465 4646 invicem
2497 4590 2823 4661 adjutorinm
2851 4590 3031 4646 facere
3063 4607 3169 4646 non
3193 4591 3414 4646 distule-

1827 4684 1948 4738 ritis
1991 4698 2007 4737 :
2050 4680 2349 4735 inauditum
2405 4680 2548 4734 enim
2595 4695 2764 4750 genus
2813 4679 3080 4751 sacrilegii
3139 4688 3223 4736 est
3273 4682 3414 4749 quod

1829 4773 2069 4828 mentitzc
2095 4770 2374 4843 religionis
2399 4770 2657 4824 honorem
2692 4771 2896 4840 przelixi
2926 4770 3105 4825 :emuli
3142 4770 3409 4825 colorant.

1829 4865 2162 4921 choncstat
2210 4862 2354 4918 enim
2403 4862 2696 4917 venerandi
2766 4862 3123 4918 reverentiam
3178 4860 3414 4917 nominis

1828 4956 1920 5028 qui
1948 4955 2252 5027 adjutorem
2285 4967 2344 5009 se
2376 4952 2427 5007 in
2454 4951 2537 5006 his
2575 4966 2694 5021 qua:
2726 4951 2778 5007 in
2828 4950 2995 5006 Deum
3031 4950 3228 5022 jactat,
3259 4965 3407 5007 com—

1835 5052 1996 5107 missa
2025 5050 2325 5121 pollicetur.
2359 5047 2710 5103 Contumelia:
2749 5062 2918 5116 genus
2941 5056 3025 5101 est
3055 5044 3210 5115 quasi
3243 5046 3295 5099 in
3325 5059 3410 5099 so-

1831 5143 1962 5197 latio
1996 5157 2115 5197 esse
2146 5140 2358 5196 sublimi
2394 5138 2548 5208 juxta
2574 5138 2885 5209 Apostolum
2918 5156 2930 5190 :
2966 5156 2985 5189 ε
3016 5137 3095 5192 Tu
3120 5139 3210 5208 qui
3235 5154 3295 5194 es
3324 5139 3414 5207 qui

1824 5234 2037 5305 judicas
2085 5234 2319 5290 alienum
2361 5231 2621 5287 servum?
2648 5251 2666 5282 ι
2712 5229 2849 5298 Quid
2893 5230 3118 5285 auribus
3146 5228 3414 5300 imperitis

1835 5328 2068 5383 iiluduut
2094 5334 2150 5381 et
2178 5323 2481 5395 graviorem
2512 5322 2759 5377 vindicta:
2789 5321 3024 5392 spcticm
3056 5320 3260 5377 iaciunt
3298 5336 3419 5375 esse

1834 5435 1996 5491 quam
2019 5416 2226 5488 culpce?
2247 5413 2303 5468 Si
2330 5413 2511 5468 odium
2535 5412 2755 5479 habent,
2776 5412 3088 5477 excessibus
3107 5426 3349 5466 einenue;
3375 5418 3416 5465 t.

1836 5515 1943 5569 Cur
1963 5528 2092 5581 ergo
2120 5507 2341 5563 liberius
2370 5505 2735 5562 condenmaat
2772 5505 2975 5561 scelera
3015 5519 3178 5575 quam
3208 5501 3418 5557 vitent?

1841 5604 1934 5658 Sui
1967 5601 2207 5672 profecto
2240 5598 2586 5669 impugnator
2612 5605 2698 5651 est
2726 5596 2902 5651 omnis
2925 5596 3016 5665 qui
3049 5594 3239 5647 Patres
3276 5594 3412 5646 inse‘

1838 5694 2044 5765 quitur.
2079 5674 2502 5745 antdetrahere
2531 5701 2634 5742 non
2674 5686 2949 5741 formidat.
2985 5683 3128 5739 Nihil
3160 5691 3244 5737 est
3270 5681 3417 5736 enim

1843 5786 2187 5842 inimicorum
2236 5783 2290 5837 in
2340 5795 2447 5851 quo
2497 5779 2597 5836 tela
2647 5779 2873 5835 Domino
2901 5793 3056 5849 opem
3084 5776 3422 5833 fereotetwn
