3974 6430
544 363 686 453 rost

1410 368 1704 435 Appeal).
1737 363 1836 430 'An
1876 369 2046 427 suae.
2093 365 2181 422 ιχ.
2227 395 2294 404 -
2332 362 2585 421 tsmont
2623 348 3069 421 ueneno‘hts

3682 347 3822 418 test

543 515 804 578 superare
853 497 1101 554 valeatis.
1158 494 1202 550 si
1243 492 1432 563 Juxta
1463 488 1710 556 veritatis
1746 497 1938 542 vocem
1965 480 2129 536 talem
2166 482 2205 540 Α
2236 476 2909 578 perluuhasngratiarum
2946 472 3479 578 actionesnaliundet
3512 471 3570 527 in
3598 471 3827 540 gloriam

544 572 761 666 qualem
801 588 1062 645 Dominus
1111 581 1390 655 praecepit,
1447 577 1750 634 habueritis
1782 572 2127 628 dilectionem

546 664 611 744 ad
643 686 892 740 invicem.
927 682 1059 735 Data
1113 694 1181 733 xv
1215 676 1485 731 Kalendas
1526 668 1869 734 Novembris,
1899 664 2134 720 Maximo

544 778 824 837 etOiibrio
854 772 921 828 IV
953 771 1287 828 consulibus.

760 865 838 918 Ad
858 863 1123 933 episcopos
1155 858 1332 912 Italia:
1351 861 1417 911 de
1441 852 1763 909 Theodorico
1793 864 1930 919 rege.

616 954 852 1010 Joannes
873 952 1159 1020 episcopus
1209 947 1464 1002 omnibus
1514 958 1612 1014 per
1638 938 1950 1013 provincias
1969 934 2137 991 Italia:

504 1064 510 1077 ·
546 1046 854 1104 constitutis
880 1041 1151 1112 episcopis
1175 1039 1231 1093 in
1264 1036 1495 1093 Domino
1518 1033 1776 1089 salutem.

618 1137 929 1209 Saepissime
965 1133 1135 1190 multo
1165 1132 1272 1203 iam
1294 1128 1667 1200 experimento
1697 1124 1858 1180 didici
1889 1129 2137 1178 sanctum

546 1229 760 1302 pietatis
783 1236 979 1282 vestrae
1001 1223 1240 1280 studium
1265 1222 1411 1276 circa
1435 1218 1751 1289 religionem
1768 1213 2136 1302 Christianam

548 1301 798 1393 gloriosis
842 1324 1112 1379 crescere,
1160 1322 1216 1369 et
1248 1309 1464 1367 dilatari
1514 1306 1853 1379 augmentis;
1908 1312 1966 1357 et
2006 1301 2141 1359 {ideo

552 1421 702 1470 recta
730 1425 853 1482 quae
882 1424 988 1464 non
1031 1405 1206 1462 solum
1237 1417 1344 1468 me,
1371 1401 1469 1456 sed
1494 1413 1684 1455 omnes
1709 1394 1924 1452 Domini
1965 1407 2143 1448 sacet~

549 1503 703 1559 dotes
726 1498 1037 1557 consolatur
1081 1507 1136 1552 et
1184 1494 1422 1556 roborat,
1474 1489 1674 1555 vestris
1704 1487 1760 1543 in
1789 1484 2064 1542 mentibus
2083 1490 2141 1538 et

550 1593 811 1667 operibus
832 1607 932 1662 per
969 1585 1312 1645 sacerdotale
1335 1581 1649 1655 agnoscitur
1677 1592 1835 1649 opus,
1866 1583 1920 1630 et
1945 1574 2142 1629 dilata—

551 1696 661 1742 tur.
698 1685 1057 1752 Qnapmpter,
1080 1678 1303 1741 fratres,
1331 1675 1519 1729 hortor
1547 1686 1663 1734 vos,
1693 1677 1750 1724 et
1778 1679 1972 1722 moneo
2001 1679 2134 1720 con-2

548 1787 634 1832 tra
687 1775 944 1829 Arianam
1000 1770 1278 1841 perﬁdiam
1331 1782 1453 1838 quae
1496 1765 1625 1820 olim
1676 1776 1784 1818 non
1825 1758 2015 1823 semel,
2042 1758 2139 1814 sed

2236 567 2396 639 263
2427 567 2541 622 Dei.
2568 566 2796 636 Propter
2819 566 2961 636 quod
3012 580 3117 619 non
3145 564 3452 629 deficimus,
3494 564 3596 618 sed
3623 564 3754 619 ιῑαιι
3789 564 3831 618 ί,

2236 658 2329 728 qui
2358 656 2493 713 foris
2520 664 2623 720 est,
2651 665 2837 711 noster
2861 656 3022 711 homo
3055 663 3389 723 corrumpat.
3422 662 3616 707 tamen
3652 654 3724 717 is,
3746 654 3832 722 qui

2237 747 2383 802 intus
2408 755 2510 812 est,
2537 755 2828 802 renovatur
2850 745 2916 800 de
2941 746 3026 800 die
3057 746 3109 799 in
3150 746 3313 809 diem,
3350 744 3401 797 id
3432 743 3585 797 enim
3612 743 3761 812 quod
3786 744 3834 797 in

2236 836 2489 908 praesenti
2517 845 2602 890 est
2632 843 3070 890 momentaneum
3101 843 3159 889 et
3187 834 3305 889 leve
3337 832 3716 887 tribulationis
3747 847 3838 886 no-

2238 934 2365 982 stra:
2414 940 2576 996 supra
2621 924 2841 980 modum
2896 925 2949 979 in
2993 923 3322 979 sublimitate
3357 931 3631 977 aeternum
3660 911 3860 993 gloria.

2226 1016 2449 1087 pondus
2477 1024 2734 1086 operatur
2767 1015 2822 1069 in
2852 1014 3031 1077 nobis,
3059 1028 3166 1067 non
3192 1012 3705 1083 contemplantibus
3728 1026 3834 1081 qua

2238 1108 2512 1171 videntur,
2576 1107 2672 1161 sed
2734 1120 2855 1175 qua:
2914 1120 3022 1159 non
3058 1103 3333 1159 videntur.
3402 1103 3542 1170 Quae
3590 1102 3835 1157 videntur

2239 1194 2409 1261 enim,
2463 1193 2781 1265 temporalia
2826 1202 2993 1249 sunt:
3044 1208 3166 1264 quae
3202 1201 3391 1262 autem
3424 1207 3535 1246 non
3566 1191 3835 1255 videatur,

2239 1297 2443 1343 aeterna
2496 1295 2621 1342 sunt
2666 1285 2751 1355 (II
2797 1285 2921 1342 Cor.
2954 1300 3029 1351 iv,
3080 1283 3254 1355 1-18).
3284 1303 3312 1337 ν»
3375 1303 3394 1336 ι
3437 1283 3665 1339 Scimus
3694 1283 3836 1337 eain

2242 1375 2500 1446 quoniam
2531 1375 2581 1431 si
2616 1374 2896 1430 terrestris
2923 1374 3115 1429 domus
3139 1384 3327 1429 nostra
3354 1372 3522 1442 huius
3550 1372 3837 1427 habitatio-

2241 1469 2330 1525 nis
2369 1466 2718 1533 dissolvatur,
2766 1466 2917 1536 ψιοά
2960 1482 3024 1521 ex
3061 1466 3171 1520 Deo
3209 1465 3633 1521 aedificationem
3686 1464 3837 1519 hahe-

2232 1574 2383 1623 mus,
2400 1560 2618 1613 domum
2643 1572 2748 1612 non
2774 1556 3136 1612 manufactatn
3158 1568 3419 1613 aeternam
3440 1556 3495 1609 in
3508 1555 3690 1611 cclis.
3713 1554 3835 1611 Na-

2241 1658 2298 1707 et
2322 1650 2375 1703 ia
2408 1648 2512 1704 hoc
2541 1647 2948 1718 ingemiscimus
2987 1647 3376 1701 habitationem
3414 1654 3697 1709 nostram,
3728 1661 3839 1716 qua

2243 1741 2311 1797 de
2339 1741 2478 1797 cmlo
2508 1754 2614 1805 est,
2645 1740 2959 1811 superindui
2995 1739 3276 1808 cupientes
3304 1758 3317 1794 :
3349 1740 3392 1795 si
3439 1748 3626 1795 tamen
3661 1741 3837 1795 vestiti

550 1830 694 1939 stupe
721 1866 974 1921 damnata
1001 1830 1103 1925 est,
1128 1870 1191 1917 et
1218 1830 1379 1915 modo
1415 1860 1470 1913 in
1510 1856 1831 1927 quibusdam
1862 1851 2140 1908 reviviscit
2166 1840 2217 1907 Β
2245 1844 2429 1939 infla“
2452 1834 2582 1939 ηυιξί
2620 1833 2978 1936 ί¹1¹νθ¹³ί³ξι³¹ξ¹κ
3024 1830 3158 1886 Νίκη
3207 1830 3386 1933 “fini
3415 1846 3613 1939 sumi-'5
3660 1831 3717 1939 ξπ
3745 1831 3836 1887 δοε

555 1957 758 2014 armari
785 1955 964 2028 gladio
993 1952 1228 2023 Spiritus
1249 1951 1446 2015 sancti,
1478 1960 1538 2004 ut
1566 1964 1689 2004 eam
1712 1944 2144 2002 adminiculante

554 2048 731 2105 divina
761 2046 954 2117 gratia,
983 2043 1290 2113 opprimere
1324 2052 1381 2096 et
1421 2041 1726 2109 exstirpare
1763 2041 2060 2101 valeamus,
2086 2041 2147 2088 ut

550 2154 661 2195 nec
708 2138 870 2192 radix
921 2135 1039 2204 ejus
1083 2135 1137 2190 in
1174 2142 1460 2204 posterum
1512 2132 1839 2187 inveniatur.
1872 2129 2146 2184 Ecclesias

554 2244 687 2287 vero
740 2230 1064 2284 Arianorum
1119 2227 1429 2295 ubicunque
1477 2222 1795 2278 inveneritis
1841 2221 2146 2277 *catholicas

548 2336 651 2377 'eas
687 2320 884 2375 divinis
909 2318 1162 2388 precibus
1207 2325 1264 2372 et
1305 2315 1565 2387 operibus
1609 2313 1813 2397 absque
1856 2311 1961 2366 ulla
1992 2326 2143 2365 mora

555 2414 891 2470 consecrate,
930 2404 1058 2474 quia
1104 2412 1160 2459 et
1186 2419 1288 2458 nos
1315 2402 1533 2474 quando
1574 2400 1781 2458 fuimus
1827 2399 2145 2455 Constanti-

556 2499 739 2570 nopoli
769 2507 877 2552 tam
908 2497 1173 2567 religione
1206 2495 1478 2551 catholica
1512 2510 1675 2565 quam
1706 2502 1762 2548 et
1796 2493 1940 2563 regis
1967 2492 2146 2546 Theo-

555 2589 730 2645 dorici
764 2603 927 2644 causa
979 2587 1241 2643 suadente
1295 2595 1458 2657 atqu
1506 2587 1761 2641 hortante
1806 2584 2149 2653 Arianosque

551 2682 895 2751 exstirpante
944 2680 1190 2750 piissimo
1240 2687 1402 2749 atque
1448 2675 1920 2735 Christianissimo
1957 2674 2146 2745 justis-

559 2774 700 2829 simo
727 2772 939 2827 .lustino
962 2770 1265 2825 orthodoxe
1315 2769 1663 2839 imperatore,
1697 2780 2047 2836 quascunque
2093 2765 2146 2818 in

552 2864 809 2935 partibus
840 2862 1110 2918 Ecclesias
1137 2861 1378 2932 reperire
1401 2860 1674 2930 potuimus
1700 2858 2026 2923 catholicas,
2055 2872 2149 2913 eas

563 2956 793 3011 Domino
821 2969 977 3025 opem
1006 2954 1212 3009 ferente
1243 2952 1708 3009 consecravimns.
1743 2950 1811 3006 Et
1844 2964 2147 3021 quanquam

556 3047 851 3116 .praaxlietus
906 3043 1273 3099 lTheodericus
1311 3058 1405 3098 rex
1444 3058 1631 3098 eorum
1667 3051 1819 3113 peste
1849 3050 2027 3097 tactus
2066 3043 2147 3096 in-

555 3137 833 3193 trinsecus
870 3142 926 3190 et
953 3133 1258 3198 obvolutus,
1313 3133 1656 3187 extrinsecus
1702 3146 1801 3187 nos
1845 3139 1900 3186 et
1931 3146 2147 3186 omnem

2249 1924 2619 1991 tabernaculo,
2653 1923 3057 1995 ingemiscimus
3076 1922 3308 1994 gravati,
3338 1936 3405 1978 eo
3420 1922 3569 1992 quod
3592 1920 3835 1978 nolam

2244 2015 2497 2085 spoliari,
2522 2015 2616 2069 sed
2643 2012 3017 2085 supervestiri,
3050 2020 3109 2067 ut
3130 2012 3496 2071 absorbeatur
3529 2012 3685 2081 quod
3704 2026 3835 2067 mor-

2247 2111 2353 2166 tale
2382 2120 2487 2175 est,
2517 2128 2547 2166 a
2577 2112 2709 2167 vita.
2756 2110 2856 2179 Qui
2888 2120 3069 2166 autem
3117 2108 3282 2166 edicit
3317 2125 3415 2166 nos
3440 2111 3495 2164 in
3526 2110 3645 2164 hoc
3668 2109 3835 2179 ipsu-

2246 2205 2412 2270 Deus,
2433 2204 2527 2276 qui
2558 2204 2705 2261 dedit
2730 2203 2887 2261 nobis
2918 2202 3123 2275 pignus
3153 2202 3399 2274 spiritus.
3431 2201 3723 2256 Audentes
3749 2202 3836 2266 ἰδία

2249 2305 2337 2351 ιιιι·
2361 2311 2575 2366 semper
2594 2304 2654 2351 et
2678 2296 2936 2361 scientes,
2967 2295 3225 2365 quoniam
3253 2294 3377 2348 dum
3417 2308 3612 2348 sumus
3659 2294 3719 2347 in
3744 2293 3837 2348 hoc

2248 2402 2477 2457 corpore
2521 2387 2932 2457 peregrinantur
2976 2400 3009 2440 a
3058 2385 3310 2441 Domino.
3356 2383 3469 2439 Per
3505 2383 3837 2439 ﬁde-enin

2250 2479 2613 2544 ambulamus,
2644 2487 2698 2533 et
2716 2494 2829 2532 non
2864 2493 2963 2549 per
2984 2476 3550 2547 speciem-Audemus
3572 2485 3763 2529 autem
3787 2481 3838 2528 et

2251 2564 2471 2624 honam'
2500 2569 2828 2625 voluntatem
2884 2568 3146 2623 habemus
3200 2569 3371 2638 magis
3408 2566 3761 2637 peregrinari
3800 2580 3837 2620 -ι

2250 2675 2501 2731 corpore,
2555 2670 2611 2716 et
2635 2669 2932 2729 praesentes
2959 2674 3079 2714 esse
3113 2658 3178 2713 ad
3219 2658 3385 2711 Deum
3412 2675 3427 2724 ;
3470 2664 3532 2713 et
3556 2658 3687 2713 ideo
3713 2673 3836 2713 cou—

2251 2753 2542 2820 tendimus,
2568 2753 2681 2808 sive
2706 2753 2987 2813 absentes,
3033 2752 3149 2807 sive
3191 2759 3486 2819 praesentes
3513 2748 3738 2819 placere
3771 2749 3836 2804 ei.

2248 2842 2451 2898 Omnes
2478 2844 2620 2898 enim
2648 2859 2748 2897 nos
2781 2840 3124 2896 manifestari.
3158 2847 3376 2910 oportet
3426 2846 3558 2894 ante
3600 2838 3837 2892 tribunal

2251 2936 2475 2999 Christi,
2528 2945 2587 2989 ut
2641 2933 2841 2989 referat.
2893 2929 3545 3002 unusquisque-propria
3594 2931 3839 2999 corporis

2253 3033 2417 3095 prout
2440 3024 2628 3095 gessit,
2664 3026 2776 3079 sive
2796 3024 3016 3088 bonum,
3042 3023 3161 3078 sive
3191 3022 3412 3077 malum.
3438 3022 3700 3077 Scientes
3719 3034 3837 3092 ergo

2248 3118 2506 3172 timorem
2546 3115 2759 3171 Domini
2809 3115 3117 3170 hominibus
3159 3114 3469 3176 suademus,
3521 3114 3637 3169 Deo
3664 3123 3836 3168 autem

558 3227 840 3296 regionem
881 3233 1119 3279 nostram
1150 3195 1376 3294 perdere
1414 3230 1470 3277 et,
1510 3220 1688 3292 gladio
1722 3230 1777 3276 οι
1806 3221 1929 3291 igne
1958 3235 2151 3276 consu-
2179 3195 2222 3256 C
2254 3207 2527 3263 manifesti
2559 3222 2763 3262 sumus.
2806 3205 2979 3276 Spero
3004 3214 3184 3296 autem
3211 3215 3267 3259 et
3293 3204 3345 3260 in
3371 3206 3735 3261 conscientiis
3758 3221 3841 3260 νῦ-

559 3331 718 3372 -tnere
765 3316 1019 3370 minetur.
1049 3313 1225 3368 Nolite
1257 3321 1434 3368 tamen
1465 3321 1747 3381 propterea
1774 3310 2028 3377 deiicere,
2058 3312 2150 3365 sed

562 3407 795 3462 viriliter
852 3406 906 3459 in
959 3419 1088 3475 agro
1143 3402 1424 3460 Dominico
1463 3404 1754 3458 elaborare
1801 3404 2032 3467 studete,
2074 3414 2151 3469 et,

556 3496 714 3573 ‘jnsta
745 3501 1002 3558 Veritatis
1038 3515 1249 3564 vocem,
1292 3518 1312 3551 ι
1345 3499 1513 3553 nolite
1545 3498 1737 3552 timere
1767 3512 1861 3552 eos
1894 3498 2154 3568 qui-occi-

566 3594 701 3647 dunt
747 3607 962 3661 corpus,
996 3592 1231 3645 animam
1280 3600 1460 3644 autem
1498 3604 1602 3643 non
1627 3597 1855 3659 possunt
1880 3589 2150 3657 occidere,

566 3684 661 3740 sed
686 3684 863 3752 potius
886 3697 1008 3737 eum
1036 3684 1220 3738 timete
1248 3683 1342 3753 qui
1386 3691 1566 3752 potest
1610 3682 1845 3736 animam
1874 3690 1930 3737 et
1958 3698 2154 3756 corpus

562 3775 787 3830 mittere
810 3773 862 3826 in
887 3772 1183 3843 gehennam
1201 3771 1415 3842 (Matth.
1438 3789 1486 3835 κ,
1505 3772 1621 3841 28),
1637 3791 1653 3824 ι
1681 3780 1735 3827 et
1758 3773 2007 3844 egregius
2027 3788 2156 3841 gen-

572 3865 708 3919 tium
769 3853 1061 3932 Apostolus
1133 3861 1312 3932 inquit
1357 3879 1373 3916 :
1416 3861 1531 3918 Non
1601 3863 1745 3917 enim
1796 3864 2157 3932 nosmetipsos

536 3946 949 4025 'pmdicamus,
970 3952 1063 4005 sed
1084 3949 1270 4007 Jesutn
1285 3950 1560 4006 Christum
1578 3952 1863 4006 Dominum
1879 3962 2152 4008 nostrum:

561 4059 669 4098 nos
698 4053 877 4096 autem
905 4056 1093 4096 servos
1126 4049 1452 4109 vestrosper
1477 4040 1683 4105 Iesum,
1726 4043 1980 4112 quoniam
2020 4044 2157 4098 Deus

566 4133 664 4203 qui
706 4134 843 4186 dixit
873 4134 939 4188 de
968 4132 1207 4187 tenebris
1255 4131 1435 4186 lumen
1466 4131 1870 4201 spkndescere,
1904 4132 2079 4187 illuxit
2104 4136 2154 4187 in

566 4224 825 4279 cordibus
869 4224 1071 4278 nostris
1109 4224 1177 4278 ad
1227 4222 1679 4277 illuminationem
1717 4225 1960 4279 scientiae
1995 4227 2159 4279 clari-

573 4317 698 4371 tatis
726 4318 819 4371 Dei
870 4318 922 4370 in
960 4316 1154 4372 faciem
1207 4316 1410 4372 Christi
1451 4317 1599 4373 Jesu.
1659 4318 1933 4374 Habemus
1976 4329 2154 4374 autem

570 4407 886 4462 thesaurum
946 4409 1133 4473 istum,
1187 4409 1238 4463 in
1280 4410 1423 4463 vasis
1463 4410 1715 4464 fictilibus
1745 4420 1802 4464 ut
1855 4410 2156 4465 sublimitas

572 4497 646 4550 sit
671 4498 887 4551 virtutis
917 4499 1033 4563 Dei,
1066 4508 1122 4552 ct
1152 4515 1257 4552 non
1295 4514 1358 4553 ex
1406 4502 1579 4553 nobis.
1614 4500 1669 4553 In
1714 4503 1962 4555 omnibus
1991 4502 2147 4556 tribu-

572 4587 826 4642 lationem
859 4590 1110 4659 patimur,
1143 4589 1236 4643 seJ
1276 4604 1378 4642 non
1429 4594 1821 4660 angustiamur,
1848 4594 2149 4657 aalnrimur,

568 4690 628 4735 et
668 4697 771 4735 non
816 4682 1177 4735 destituimur.
1211 4681 1645 4735 Persei-titionem
1684 4685 1939 4752 patimur,
1967 4694 2019 4737 et
2053 4701 2152 4738 non

571 4775 1016 4844 dcrclinquintur.
1054 4775 1219 4845 Ι)θῄἰοὶ
1248 4792 1365 4838 εειιιε,
1406 4783 1459 4828 et
1506 4791 1607 4828 non
1635 4776 1893 4844 perimus.
1931 4777 2155 4847 Semper

572 4865 1044 4919 mortiﬁcationem
1084 4864 1210 4917 Jcsu
1262 4866 1314 4917 in
1362 4879 1588 4933 corpore
1626 4875 1812 4920 nostro
1864 4868 2146 4931 circumfe-

575 4967 757 5012 rentes
787 4966 843 5012 ut
889 4966 943 5012 et
972 4959 1078 5011 vita
1123 4956 1249 5011 Jesu
1299 4957 1352 5009 in
1399 4959 1717 5027 corporibus
1764 4960 1961 5012 nostris
1988 4961 2157 5013 mani-

570 5048 820 5103 fcstetnr.
846 5049 1073 5119 Semper
1097 5049 1241 5104 enim
1281 5065 1380 5103 nos
1431 5049 1521 5118 qui
1549 5049 1781 5105 vivimus
1827 5051 1880 5104 in
1927 5060 2153 5106 mortem

578 5140 844 5194 tradimur
871 5151 1088 5211 propter
1129 5140 1334 5206 Jcsum,
1365 5150 1422 5196 ut
1453 5150 1507 5196 et
1539 5142 1646 5195 vita
1687 5140 1812 5196 Jcsu
1850 5142 2159 5198 manifeste-

576 5245 665 5289 tur
696 5237 748 5289 in
777 5251 942 5289 carne
998 5244 1181 5290 nostra
1230 5235 1464 5289 mortali.
1530 5236 1669 5307 Ergo
1716 5250 1864 5291 mors
1905 5236 1959 5290 in
2002 5236 2158 5290 nobis

573 5335 851 5396 operatur,
888 5325 996 5379 vita
1026 5336 1206 5380 autem
1232 5326 1284 5380 in
1306 5327 1481 5391 vobis,
1512 5326 1772 5381 habentes
1796 5336 1976 5380 autem
2000 5340 2155 5381 eum—

574 5420 697 5470 dam
726 5415 971 5485 spiritum
1028 5415 1172 5479 ﬁdei,
1215 5415 1356 5470 sicut
1404 5416 1666 5485 scriptum
1723 5424 1805 5471 est
1839 5434 1852 5470 :
1894 5435 1913 5468 ‹
1942 5415 2157 5471 Credidi

574 5515 794 5576 propter
814 5506 958 5575 quod
987 5506 1198 5560 locutus
1220 5521 1359 5570 sum,
1386 5523 1404 5555 ι
1438 5512 1493 5558 et
1525 5518 1624 5558 nos
1646 5505 1919 5560 credimus
1942 5514 2162 5575 propter

575 5598 718 5667 quod
740 5610 794 5659 et
825 5598 1128 5669 loquimur,
1168 5597 1425 5662 scientes,
1470 5588 1728 5664 quoniam
1756 5597 1847 5667 qui
1877 5594 2161 5651 suscitavit

576 5688 759 5745 Jesum
783 5700 835 5746 et
859 5708 957 5748 nos
978 5708 1101 5748 cum
1126 5690 1254 5746 Jesu
1276 5688 1563 5746 suscitahit
1583 5697 1637 5743 et
1665 5691 1958 5745 constituet
1980 5687 2159 5744 vobis-

581 5795 724 5835 cum.
760 5781 951 5840 Omnia
990 5784 1134 5840 enim
1159 5790 1383 5854 promer
1402 5793 1498 5836 vos
1534 5787 1596 5832 ut
1645 5779 1816 5850 gratia
1873 5779 2155 5834 abundans

2254 3302 2384 3354 stris
2406 3298 2721 3353 manifestos
2750 3313 2848 3352 nos
2881 3312 3020 3353 esse.
3062 3295 3179 3365 Non
3209 3296 3404 3351 iterum
3432 3309 3536 3351 nos
3558 3311 3837 3352 mnam

2255 3396 2453 3448 damus
2472 3393 2642 3458 vobis,
2674 3393 2767 3447 sed
2797 3392 3141 3447 occasionem
3170 3391 3360 3447 damus
3387 3388 3544 3446 vobis
3571 3389 3836 3460 gloriandi

2256 3502 2354 3555 pro
2391 3485 2570 3548 nobis,
2596 3495 2652 3538 ut
2681 3484 2924 3538 habeatis
2945 3482 3011 3537 ad
3037 3497 3132 3538 eos
3150 3482 3245 3552 qui
3273 3482 3326 3536 in
3350 3479 3493 3536 facie
3519 3480 3839 3551 gloriantur,

2256 3585 2306 3631 et
2337 3591 2441 3630 non
2472 3577 2525 3629 in
2556 3575 2723 3630 corde
2752 3590 2767 3642 ;
2814 3574 2930 3628 sive
2953 3572 3096 3628 enim
3132 3582 3319 3628 monte
3340 3572 3691 3638 excutimus,
3722 3572 3837 3631 Dee.

2256 3669 2368 3722 sive
2414 3667 2580 3722 sobrii
2608 3681 2816 3731 sumus,
2845 3652 3021 3719 vobis.
3072 3663 3323 3719 Charitas
3346 3664 3493 3719 enim
3523 3663 3735 3719 Christi
3764 3678 3842 3716 ur-

2256 3769 2346 3827 get
2372 3773 2488 3822 nos,
2534 3757 2864 3813 aastimantes
2900 3757 3021 3821 hoc,
3070 3755 3329 3826 quoniam
3357 3755 3402 3810 si
3428 3770 3574 3809 unus
3607 3769 3714 3823 pro
3738 3768 3841 3807 OIIP

2259 3848 2417 3903 nibus
2447 3856 2691 3902 mortuus
2732 3856 2835 3909 est,
2882 3860 3017 3925 ergo.
3056 3854 3251 3900 omnes
3281 3844 3481 3898 mortui
3529 3853 3689 3908 sunt,
3712 3851 3839 3898 utet

2250 3943 2345 4012 qui
2370 3942 2575 4006 vivunt,
2600 3938 2712 4008 jam
2739 3954 2845 3994 non
2870 3939 2973 3994 sibi
3000 3937 3207 4002 vivant,
3242 3936 3338 3991 sed
3362 3936 3414 3991 ei
3442 3935 3539 4004 qni
3580 3949 3687 4005 pro
3719 3934 3839 4004 ipsis

2258 4041 2503 4087 mortuus
2528 4039 2631 4093 est,
2653 4039 2709 4084 et
2748 4028 3067 4085 resurrexit.
3095 4027 3288 4097 Itaque
3316 4040 3417 4082 nos
3443 4024 3513 4082 es
3542 4025 3653 4081 hoc
3680 4025 3837 4081 uenio

2259 4134 2380 4173 nem
2402 4116 2518 4187 jam
2559 4119 2807 4171 novimus
2835 4114 3129 4171 secundum
3162 4127 3413 4176 carnem,
3450 4121 3512 4168 et.
3551 4114 3598 4168 si
3630 4114 3839 4185 agnovi-

2259 4226 2377 4264 mus
2404 4210 2700 4264 secundum
2729 4221 2951 4262 carnem
2974 4205 3271 4270 Christum,
3303 4204 3402 4260 sed
3429 4219 3577 4260 nunc
3605 4205 3723 4275 jam
3748 4218 3839 4258 nou

2260 4304 2524 4360 novimus.
2563 4302 2619 4357 Si
2654 4317 2757 4371 qua
2788 4317 2919 4372 ergo
2948 4302 3001 4356 in
3028 4299 3247 4355 Christo
3272 4315 3410 4354 nova
3455 4311 3737 4363 creatura,
3760 4315 3840 4354 *ιι

2260 4408 2371 4451 tera
2407 4398 2759 4458 transierunt,
2781 4408 2909 4448 ecce
2938 4391 3080 4446 facta
3108 4400 3235 4446 sunt
3260 4392 3443 4447 omnia
3474 4407 3632 4446 vera.
3657 4391 3834 4447 Omnia

2262 4500 2440 4544 autem
2483 4504 2548 4543 ex
2592 4488 2699 4543 Deo
2746 4488 2837 4558 qui
2870 4486 3241 4542 reconciliavit
3280 4500 3380 4538 nos
3417 4483 3522 4538 sibi
3554 4498 3657 4552 per
3699 4481 3841 4537 Chri—

2262 4593 2428 4644 stum,
2479 4591 2535 4635 et
2578 4581 2728 4639 dedit
2772 4581 2929 4635 nobis
2969 4579 3326 4633 ministerium
3372 4575 3822 4631 reconciliationis

2263 4674 2517 4744 quoniam
2546 4673 2765 4743 quidem
2803 4672 2946 4727 Deus
2979 4683 3097 4726 erat
3130 4673 3182 4725 in
3222 4669 3441 4725 Christo
3468 4670 3732 4724 mundum
3761 4682 3838 4720 re-

2262 4762 2557 4818 concilians
2588 4761 2712 4827 sibi,
2748 4777 2852 4815 non
2900 4771 3158 4831 reputans
3199 4760 3310 4815 illis
3348 4758 3547 4814 delicta
3590 4760 3836 4829 ipsorum,

2258 4864 2318 4909 et
2374 4854 2553 4926 posuit
2610 4854 2664 4907 in
2720 4851 2877 4907 nobis
2938 4851 3162 4906 verbum
3215 4849 3695 4906 reconciliationis.
3747 4847 3840 4902 Pro

2263 4945 2482 5000 Christo
2501 4959 2629 5014 ergo
2658 4944 2928 5014 legatione
2969 4941 3262 5010 fungimur,
3316 4948 3577 5011 tanquam
3621 4940 3733 4994 Deo
3758 4953 3836 4992 ct-

2265 5037 2514 5091 hortante
2539 5050 2636 5106 per
2676 5049 2794 5089 nos.
2834 5033 3195 5089 Obsecramus
3224 5045 3324 5101 pro
3345 5030 3567 5086 Christo
3608 5028 3840 5085 reconci-

2264 5128 2467 5182 liamini
2497 5129 2626 5181 Deo.
2659 5126 2795 5181 Eum
2819 5127 2911 5196 qui
2938 5140 3043 5179 non
3088 5133 3312 5179 noverat
3363 5132 3654 5193 peccatum
3754 5136 3840 5188 pro

2265 5217 2422 5272 nobis
2446 5225 2727 5286 peccatum
2758 5214 2906 5280 iecit,
2939 5224 3001 5270 ut
3027 5230 3127 5273 nos
3148 5213 3488 5269 eﬂiceremur
3507 5212 3722 5281 jusutia
3756 5209 3838 5264 Dei

2267 5310 2319 5364 in
2348 5310 2463 5381 ipso
2489 5308 2575 5381 (11
2603 5306 2729 5362 Cor.
2762 5324 2812 5374 v,
2853 5305 3020 5379 1-21).
3053 5326 3073 5358 ι
3133 5325 3153 5358 ‹
3185 5305 3519 5376 Adjuvantes
3549 5313 3733 5358 autem
3756 5316 3839 5355 ex-

2265 5405 2547 5459 hortamur
2572 5417 2639 5457 ne
2668 5403 2719 5457 in
2749 5416 2974 5457 vacuum
3022 5399 3249 5470 gratiam
3301 5398 3395 5453 Dei
3426 5396 3721 5467 recipiatis.
3757 5394 3831 5446 Ait

2263 5499 2406 5554 enim
2430 5516 2444 5552 :
2469 5496 2735 5566 Tempore
2755 5501 2975 5566 accepto
3001 5491 3251 5549 exaudivi
3277 5499 3351 5557 te,
3380 5497 3436 5544 et
3464 5490 3521 5543 in
3541 5489 3633 5542 die
3661 5484 3834 5541 salutis

2265 5588 2442 5660 adjuvi
2467 5596 2538 5642 te.
2572 5587 2710 5642 Ecce
2738 5601 2883 5642 nunc
2912 5596 3122 5655 tempus
3150 5581 3505 5653 aceeptabile,
3537 5593 3666 5634 ecce
3708 5590 3830 5630 ιιιιικ

2264 5681 2381 5739 dies
2410 5680 2620 5736 salutis.
2653 5679 2863 5734 Nemini
2911 5679 3104 5735 dantes
3151 5676 3313 5730 ullam
3362 5672 3737 5731 oﬂcnsionem,
3783 5674 3830 5714 ul

2266 5789 2372 5830 non
2400 5773 2737 5841 vituperetur
2762 5770 3117 5826 ministerium
3161 5777 3426 5829 tmstruut,
3473 5764 3567 5819 sed
3600 5763 3653 5816 in
3679 5756 3829 5813 omni
