3974 6440
140 409 285 469 1ῡ57

1376 398 1865 459 DECRETALIUM
1897 400 2284 459 COLLECTIO

3273 406 3410 466 {058

133 529 249 583 bus
267 521 620 593 exmbeamus
655 517 1011 591 nosmetipsos
1042 518 1189 574 sicut
1219 516 1313 572 Dei
1359 516 1634 571 ministros
1674 514 1726 569 in
1757 521 1803 578 Α
1831 517 2025 583 v—iums,
2056 516 2408 588 utcastigati,
2441 523 2495 573 et
2519 531 2624 573 non
2654 514 2986 582 mornficati,
3017 530 3172 588 quasi
3202 518 3407 585 tristes,

134 597 319 674 multa
347 613 629 687 patientia,
684 613 736 667 iu
783 610 1239 675 tribulationibus,
1291 608 1343 663 in
1392 605 1725 662 necessitati-

134 706 272 770 bus,
298 704 350 758 in
380 700 674 773 angustiis,
707 700 761 755 in
794 699 987 771 plagis,
1028 698 1080 753 in
1105 696 1436 759 carceribus,
1468 696 1520 750 in
1569 693 1720 750 sedi-

135 798 405 860 tionibus,
443 794 495 851 in
524 793 824 860 laboribus,
857 792 911 847 in
938 791 1152 861 vigiliis,
1198 788 1512 860 injejuniis,
1544 788 1597 843 in
1625 802 1722 842 ca-

135 889 352 953 stitate,
381 888 434 941 in
462 885 707 946 scientia,
733 884 787 939 in
816 883 1244 955 longanimitate,
1270 882 1323 937 in
1345 880 1635 946 suavitate,
1673 878 1726 933 in

134 976 352 1048 Spiritu
403 987 611 1038 sancto,
675 973 729 1028 in
775 974 1041 1029 eharitate
1083 988 1191 1029 non
1242 972 1388 1036 fleta,
1454 971 1507 1025 in
1564 970 1730 1025 verbo

144 1064 422 1128 veritatis,
452 1063 505 1118 in
538 1062 737 1118 virtute
775 1063 901 1127 Dei;
932 1076 1028 1133 per
1049 1078 1196 1117 arma
1224 1060 1447 1132 iustitia:
1469 1075 1500 1115 a
1529 1060 1733 1116 dextris

134 1166 198 1213 et
225 1173 255 1210 a
294 1156 555 1221 sinistris,
599 1171 699 1226 per
730 1154 961 1226 gratiam
988 1161 1044 1209 et
1075 1152 1487 1224 ignobilitatem,
1518 1165 1614 1220 per
1651 1150 1732 1206 in-

132 1246 369 1302 tanniam
403 1254 458 1302 et
482 1245 679 1301 bonam
703 1245 927 1310 famam,
967 1254 1026 1298 ut
1051 1244 1368 1299 seductores
1397 1250 1453 1296 et
1481 1256 1724 1309 veraces,

134 1338 283 1394 sicut
314 1336 483 1393 ivncti
502 1346 558 1393 et
582 1335 820 1408 cogniti,
850 1335 1004 1406 quasi
1044 1334 1367 1399 morientes,
1405 1340 1461 1390 et
1491 1347 1619 1388 ecce
1649 1331 1729 1387 vi-

150 1532 2769 1569 W

1829 627 2044 683 semper
2065 622 2245 666 autem
2263 611 2576 682 gaudentes,
2598 610 2740 667 sicut
2753 620 2989 683 egentes,
3014 611 3211 668 multos
3230 621 3408 669 autem

1831 706 2238 775 locupletantes,
2298 712 2554 775 tanquam
2605 702 2740 758 nihil
2792 702 3091 769 habentes,
3136 711 3194 759 et
3227 704 3410 760 omnia

1833 798 2173 869 possidentes
2226 794 2313 869 (II
2346 793 2468 850 Cor.
2501 810 2577 861 vt,
2619 794 2791 865 l-lO).
2831 813 2851 848 ι
2887 812 2906 847 ι
2943 793 3018 850 De
3042 802 3263 861 caetero,
3293 793 3410 850 fra-

1836 901 1968 955 tres,
2007 888 2259 960 gaudete,
2297 886 2522 957 perfecti
2564 895 2757 953 estote,
2806 885 3192 951 exhortatnini,
3223 900 3410 957 pacem

1838 984 2068 1049 habete,
2108 990 2169 1037 ut
2209 982 2350 1036 Deus
2374 980 2527 1051 pacis
2548 988 2603 1035 et
2630 979 2935 1035 dilectionis
2964 978 3035 1034 sit
3060 992 3276 1048 semper
3317 992 3412 1033 vo-

1836 1077 2044 1133 biscum
2092 1072 2178 1147 (II
2205 1072 2330 1128 Cor.
2382 1089 2502 1137 xm,
2535 1071 2645 1142 ll').
2684 1089 2703 1123 ι
2769 1071 2959 1126 Amen.
2996 1070 3128 1125 Data
3178 1086 3240 1126 ιιι
3293 1069 3418 1125 ldus

1833 1169 2002 1237 Junii,
2049 1168 2278 1225 Maximo
2316 1174 2371 1219 ct
2417 1163 2626 1220 Olibrio
2680 1163 2807 1218 viris
2844 1162 3160 1219 clarissimis
3215 1175 3415 1217 consu-

1834 1262 1989 1318 libus.

2774 1525 3403 1554 -—-————-—r——.

659 1738 1293 1833 INCIPIUNT
1366 1732 1901 1827 DECRETA
1972 1732 2433 1824 FELICIS
2503 1733 2878 1873 PAPIE.

1628 1934 1945 1948 ψ..-

227 2090 283 2147 1.
311 2086 464 2159 Quod
492 2084 780 2141 missarum
827 2082 1142 2144 celebratio,
1182 2078 1310 2136 alibi
1336 2062 1505 2150 quam
1536 2081 1590 2135 in
1620 2079 1729 2134 Deo
1761 2083 1802 2140 η
1831 2093 1998 2149 parvo
2024 2077 2206 2148 lapidi,
2238 2094 2339 2149 qm
2367 2077 2639 2135 abscissus
2660 2084 2752 2134 est
2781 2077 2847 2135 de
2874 2085 3061 2134 monte
3088 2078 3207 2134 sine
3239 2079 3415 2136 manl-

132 2182 339 2242 dieatis
365 2181 519 2247 locis,
547 2192 655 2234 non
677 2177 870 2233 debeat
891 2174 1029 2231 fieri.
1056 2174 1159 2230 nisi
1189 2188 1384 2246 magna
1403 2172 1727 2244 compulerit

132 2272 465 2331 necessitas.

211 2364 273 2418 2.
301 2360 377 2417 De
403 2357 758 2417 ecclesiarum
784 2354 1149 2412 saerationum
1179 2352 1537 2409 dubitatione.
1585 2352 1727 2420 Quid

132 2453 219 2510 sit
246 2451 531 2522 agendum.

214 2539 588 2597 Dilectissimis
630 2537 909 2602 fratribus,
945 2535 1200 2592 omnibus
1227 2533 1498 2604 episcopis
1525 2547 1622 2605 per
1650 2533 1731 2589 di-

134 2651 334 2693 versas
377 2633 682 2705 provincias
718 2630 1039 2688 constitutis
1123 2627 1291 2683 Fitle
1319 2628 1637 2699 episcopus,
1670 2626 1730 2681 in

134 2728 380 2786 Domino
422 2726 676 2782 salutem.

140 2840 145 2843 ·
213 2820 408 2891 Magne
447 2833 670 2873 munere
722 2813 1109 2872 misericordia
1152 2813 1248 2870 Dei
1272 2811 1452 2869 'totius
1476 2808 1733 2867 Ecclesite

131 2910 428 2969 catholica
477 2906 828 2976 multiplicata
871 2915 996 2961 sunt
1043 2904 1261 2977 gaudia,
1292 2918 1415 2959 cum
1458 2900 1732 2957 Ecclesia-

137 3018 268 3059 rutn
308 3009 482 3057 status
509 3013 574 3055 eo
613 3000 759 3069 viget
804 2997 1013 3059 ordine,
1041 3010 1148 3066 quo
1197 2993 1567 3066 apostolorum
1605 3006 1730 3047 sue-

130 3091 567 3150 cessorcsillum
611 3096 935 3145 statuerunt.
990 3087 1078 3151 Et,
1118 3101 1244 3142 cum
1302 3082 1512 3155 antiqui
1558 3081 1734 3138 bustis

134 3184 343 3242 astutia
390 3197 515 3239 eum
562 3179 767 3236 turbari
795 3178 1160 3251 agnoscimus,
1200 3191 1306 3233 non
1340 3174 1550 3231 modico
1599 3188 1728 3228 cou-

130 3280 427 3336 tristatnur
463 3289 716 3333 manere.
753 3276 926 3342 Quam
974 3273 1046 3330 oh
1076 3285 1319 3333 causam,
1349 3268 1567 3333 fratres,
1606 3266 1735 3321 bor-

1831 2169 1950 2236 bus,
1967 2178 2022 2227 et
2040 2170 2323 2241 occupavit
2342 2170 2649 2227 universam
2668 2167 2864 2227 faciem
2889 2170 3038 2226 orbis
3064 2178 3223 2227 terrae
3239 2170 3409 2242 (Dan.

1831 2274 1892 2326 ιι,
1918 2258 2009 2326 δι,
2040 2260 2165 2331 35);
2191 2260 2283 2331 qui
2308 2259 2376 2315 ad
2399 2259 2523 2315 'b:ec
2546 2273 2607 2316 se
2630 2274 3016 2331 usquequaque
3045 2260 3323 2326 distendit,
3352 2269 3412 2316 ut

1827 2350 1975 2406 omni
2007 2350 2243 2407 humano
2269 2364 2465 2421 genere
2490 2350 2549 2405 in
2580 2350 2786 2406 unitate
2816 2351 3054 2415 redacto,
3090 2351 3256 2407 totius
3288 2366 3408 2407 cor-

1829 2454 1929 2511 pus
1958 2439 2242 2509 perﬁceret
2268 2438 2544 2505 Ecclesiae,
2568 2447 2731 2510 atque
2761 2439 2833 2494 ita
2856 2440 2924 2494 ad
2951 2439 3116 2495 totius
3137 2439 3415 2510 compagis

1831 2532 2131 2601 pertineret
2150 2532 2497 2587 commodum
2552 2531 2916 2588 membrorum
2946 2532 3277 2604 partieipalis
3305 2532 3411 2588 ista

1831 2624 2123 2680 distinctio.
2143 2623 2294 2681 [inde
2318 2640 2417 2681 nos
2438 2639 2652 2696 quoque
2668 2640 2698 2680 a
2724 2625 2875 2681 vobis
2888 2639 2994 2680 non
3018 2625 3175 2698 longe
3199 2640 3409 2691 sumus,

1823 2720 1955 2793 quia
1982 2719 2034 2776 in
2059 2720 2149 2777 illo
2163 2722 2253 2793 qui
2269 2723 2466 2809 ubique
2480 2732 2584 2787 est,
2602 2738 2766 2777 unum
2787 2737 2995 2777 sumus.
3018 2722 3255 2793 Agamus
3281 2737 3413 2795 ergo

1830 2812 1880 2868 ci
1907 2814 2132 2883 gratias,
2158 2814 2249 2885 qui
2274 2812 2463 2870 solutis
2483 2813 2781 2870 inimicitiis
2806 2813 2860 2868 in
2881 2829 3046 2869 carne
3073 2830 3170 2870 sua
3193 2814 3410 2886 (Ep/tes.

1828 2921 1895 2971 ιι,
1932 2904 2021 2977 ll)
2056 2905 2205 2973 fecit,
2248 2907 2390 2963 utin
2439 2906 2588 2962 omni
2636 2904 2770 2961 orbe
2796 2914 3068 2961 terrarum
3108 2923 3246 2963 unus
3272 2916 3420 2964 esset

1826 3012 1985 3068 grex,
2013 3008 2069 3052 et
2099 3013 2263 3052 unum
2287 2996 2428 3053 ovile
2450 2998 2550 3053 sub
2578 3012 2638 3053 se
2663 3013 2772 3052 uno
2786 3006 3028 3068 pastore,
3065 3011 3278 3068 semper
3305 3012 3420 3052 me-

1835 3104 2015 3145 mores
2043 3090 2189 3159 quod
2216 3091 2464 3161 egregius
2489 3090 2819 3146 Praedicator
2851 3091 3162 3157 admoneat,
3190 3090 3379 3146 dicens
3403 3108 3419 3146 :

1838 3199 1858 3234 ι
1888 3180 2116 3237 Solliciti
2147 3191 2361 3237 servate
2389 3182 2656 3238 unitatem
2678 3182 2915 3254 Spiritus
2947 3182 3000 3236 in
3029 3182 3245 3238 vinculo
3268 3182 3420 3252 pacis

1834 3273 2051 3347 (Epiros.
2078 3290 2154 3341 tv,
2174 3274 2251 3344 '5).
2294 3294 2312 3327 ι
2360 3274 2681 3331 Sanetitatis
2716 3285 2912 3331 vestra:
2938 3276 3162 3345 scripta,
3205 3290 3325 3346 quae
3347 3276 3419 3329 ad

140 3376 332 3424 tamur
370 3381 485 3431 vos,
526 3379 857 3429 mouemus,
915 3369 972 3416 et
1042 3359 1367 3431 ﬂagitamus,
1436 3364 1565 3412 uta
1619 3363 1729 3410 tra-

1833 3367 2016 3421 sedcm
2046 3366 2393 3438 apostolicam
2419 3366 2644 3422 misistis
2668 3381 2832 3437 super
2855 3365 3174 3436 quibusdam
3201 3363 3422 3421 consul-

130 3460 277 3517 mite
318 3438 622 3530 apostolica:
656 3452 1008 3510 institutionis
1049 3463 1387 3522 nequaquam
1430 3445 1727 3512 recedatis;

1838 3457 1927 3523 tis,
1952 3457 2107 3527 quasi
2131 3457 2197 3512 ad
2225 3465 2388 3527 caput
2410 3465 2469 3512 ut
2489 3457 2618 3512 inde
2639 3438 2958 3529 acciperetis
2981 3455 3419 3527 respousa,unde

130 3567 247 3611 nec
298 3566 331 3607 a
385 3550 572 3621 Capite
626 3545 930 3610 dissidatis,
987 3543 1083 3599 sed
1148 3542 1307 3598 fidem
1353 3548 1408 3595 et
1459 3538 1726 3602 ordinem,

128 3659 308 3717 quem
349 3641 576 3713 apostoli
607 3649 667 3696 et
697 3636 984 3708 apostolici
1021 3635 1121 3691 viri
1177 3639 1482 3691 statuerunt
1526 3630 1730 3700 absque

134 3736 250 3793 ulla
283 3732 624 3791 haesitatione
658 3729 905 3786 teneatis.
960 3725 1093 3781 Nam
1123 3724 1170 3779 si
1212 3719 1729 3789 columnae-alicujus

137 3839 354 3897 magna:
381 3823 574 3879 domus
608 3819 838 3883 ruerint,
879 3818 993 3888 ipsa
1040 3822 1227 3886 postea
1266 3812 1461 3869 domus
1501 3811 1724 3866 minime

132 3917 350 3982 stabit;
410 3914 488 3971 sic
515 3921 572 3968 et
617 3927 713 3967 vos
738 3909 1001 3977 columna:
1030 3904 1288 3961 Ecclesia:
1310 3903 1466 3969 estis,
1502 3902 1551 3957 si
1583 3901 1729 3956 labe-

132 4006 337 4063 factari
364 4003 659 4075 cmperitis,
690 4009 875 4057 sancta
909 3997 1168 4062 Ecclesia,
1198 4010 1318 4066 qua
1336 4009 1435 4066 per
1462 4008 1556 4050 vos
1587 3993 1729 4065 regi-

137 4109 256 4165 tur,
278 4097 508 4154 tabescit
536 4104 595 4152 et
615 4094 832 4150 labitur.
866 4090 1011 4156 ﬂare,
1032 4088 1254 4155 fratres,
1284 4102 1404 4159 quae
1431 4086 1551 4141 dico
1576 4084 1729 4139 valde

135 4187 385 4246 timmda
440 4195 604 4251 sunt,
652 4195 709 4239 et
750 4198 962 4241 summo
1010 4178 1380 4236 moderamine
1426 4176 1724 4247 pensanda,

137 4290 309 4352 atque
343 4294 411 4335 ne
441 4280 572 4335 fiant
618 4276 877 4334 cavenda.
927 4273 1046 4345 ipsa
1093 4270 1238 4328 enim
1283 4284 1381 4341 per
1410 4284 1470 4325 se
1518 4267 1730 4324 Veritas

137 4373 223 4429 ait
247 4389 262 4427 :
301 4389 320 4425 ι
342 4372 448 4428 Vos
474 4372 608 4428 estis
636 4369 714 4426 sal
744 4377 935 4433 teme;
968 4364 1111 4437 quod
1138 4364 1182 4419 si
1211 4362 1292 4420 sal
1321 4361 1631 4427 evanuerit,
1668 4360 1726 4415 in

136 4476 255 4532 quo
282 4460 540 4517 salietur?
563 4458 781 4531 (Matth.
813 4472 867 4521 v,
892 4454 1004 4525 l3.)
1036 4474 1053 4507 ι
1080 4453 1219 4509 Ecce
1246 4461 1411 4516 terra,
1438 4452 1585 4518 ideo,
1607 4450 1731 4507 eba-

136 4553 369 4619 rissimi,
404 4567 503 4608 vos
526 4564 739 4611 moueo,
770 4547 896 4618 quia
917 4545 1131 4602 debitor
1150 4560 1271 4600 sum
1296 4543 1470 4608 vobis,
1498 4552 1555 4598 et
1577 4542 1730 4597 valde

139 4660 243 4702 vos
274 4643 454 4714 diligo,
486 4649 542 4696 et
560 4639 774 4710 quando
797 4637 937 4692 bona
961 4634 1121 4690 audio
1144 4634 1213 4689 de
1240 4634 1391 4689 vobis
1412 4633 1573 4688 nimis
1610 4647 1729 4688 sum

138 4736 391 4809 gavisus;
436 4744 493 4787 et
518 4740 764 4795 econtra,
808 4728 1026 4799 quando
1050 4726 1213 4793 mala,
1242 4726 1403 4782 nimis
1431 4725 1726 4781 conturba-

1826 3548 2006 3604 onmis
2033 3547 2270 3604 Ecclesia
2315 3549 2481 3604 totius
2524 3549 2800 3621 religionis
2826 3548 3058 3620 sumpsit
3104 3547 3411 3613 exordium,

1829 3646 2109 3711 gratanter
2128 3639 2339 3711 suscepi
2355 3648 2411 3695 ct
2436 3640 2670 3698 breviter
2691 3639 2842 3696 vobis
2859 3641 3187 3711 respondere
3207 3639 3414 3695 curavi.

1898 3731 2030 3788 Csp.
2074 3731 2116 3786 I.
2169 3730 2253 3788 De
2288 3734 2639 3790 ecclesiarum
2682 3735 2828 3791 enim
2878 3735 3316 3803 consecratione,
3358 3745 3417 3792 et

1830 3825 1897 3880 de
1921 3824 2206 3881 missarum
2236 3826 2727 3892 celebrationibus,
2759 3842 2866 3881 non
2906 3826 3104 3882 alicubi
3152 3842 3312 3895 quam
3361 3827 3415 3881 in

1829 3917 2060 3973 sacratis
2080 3916 2309 3974 Domino
2331 3916 2464 3973 locis
2492 3917 2697 3988 absque
2726 3932 2918 3989 magna
2942 3917 3271 3973 necessitate
3296 3915 3418 3972 fieri

1831 4006 2030 4071 debere
2054 4006 2223 4076 liquet
2247 4005 2500 4063 omnibus
2531 4008 2729 4077 quibus
2765 4016 2892 4062 sunt
2914 4016 3041 4062 nota
3064 4005 3197 4063 Novi
3228 4020 3293 4062 ac
3311 4006 3417 4063 Ve-

1833 4099 1967 4153 teris
2047 4088 2383 4154 Testamenti
2444 4095 2738 4169 pmcepta.
2796 4096 3229 4154 Tabernaculum
3286 4112 3417 4152 vero

1832 4190 2072 4261 Moysen,
2121 4190 2349 4245 Domino
2380 4190 2763 4267 praecipiente,
2808 4190 3025 4260 fecisse,
3075 4198 3133 4246 et
3172 4204 3419 4246 sacrasse

1830 4298 1953 4339 cum
1979 4296 2161 4337 mensa
2193 4290 2250 4336 et
2289 4281 2446 4335 altari
2483 4279 2619 4350 ejus,
2654 4290 2710 4337 et
2750 4283 2963 4338 caeteris
2995 4283 3138 4338 vasis
3171 4281 3420 4337 utensili-

1829 4371 1931 4428 bus
1955 4373 2023 4426 ad
2049 4364 2291 4425 divinum
2329 4369 2534 4424 cultum
2580 4371 2903 4441 explendum
2930 4371 3158 4443 legimus
3185 4389 3197 4425 ε
3229 4379 3416 4426 etnon

1831 4460 2005 4519 solum
2030 4460 2227 4516 divinis
2250 4460 2503 4530 precibus
2523 4475 2585 4515 ea
2614 4475 2882 4528 sacrasse,
2931 4462 3024 4517 sed
3050 4462 3213 4518 etiam
3243 4459 3418 4514 sancti

1831 4550 1936 4606 olei
1965 4550 2239 4617 unctione,
2280 4548 2508 4606 Domino
2525 4547 2769 4617 jubentc,
2819 4550 3102 4619 perlinisse
3144 4549 3417 4604 novimus.

1834 4641 2078 4710 Qualiter
2101 4648 2284 4695 autem
2317 4639 2430 4695 haec
2456 4638 2599 4695 facta
2630 4639 2761 4706 sint,
2790 4649 2846 4694 et
2876 4654 2982 4693 non
3004 4638 3095 4692 alii
3125 4641 3236 4709 ipsa
3260 4651 3419 4691 saera

1834 4747 2000 4802 quam
2042 4732 2354 4787 sacerdotes
2375 4746 2530 4787 saera
2556 4732 2814 4787 unctione
2854 4716 3076 4787 delibuti
3102 4772 3118 4797 ,
3158 4730 3416 4786 Domino-

144 4795 257 4883 tus.
300 4826 415 4897 Ego
438 4839 568 4880 vero
594 4822 846 4892 quamvis
875 4834 906 4873 a
934 4818 1089 4874 vobis
1136 4832 1234 4888 per
1263 4817 1421 4889 longa
1458 4825 1727 4872 terrarum
1762 4795 1808 4855 ί)
1833 4840 1940 4894 que
1975 4838 2099 4880 cum
2138 4823 2379 4879 vestibus
2409 4824 2614 4879 sanctis
2652 4822 2874 4888 sacrati,
2920 4831 2976 4878 et
3011 4795 3188 4877 levitae
3216 4832 3418 4878 tracta-

141 4929 312 4990 atque
334 4916 499 4972 maris
539 4912 822 4970 interValla
852 4908 1155 4979 disiunctus
1199 4908 1300 4964 sim
1327 4948 1342 4973 ,
1380 4923 1500 4964 sum
1550 4915 1729 4962 tamen

142 5007 370 5065 omnino
391 5006 542 5062 vobis
566 5003 728 5059 corde
760 5000 1098 5070 coniunctus,
1127 5000 1289 5069 idque
1310 4998 1377 5054 de
1397 4998 1732 5054 beatitudine

144 5108 330 5157 vestra
352 5110 481 5169 erga
511 5110 598 5152 me
635 5095 807 5151 modis
841 5093 1093 5149 omnibus
1126 5090 1369 5155 conﬁdo,
1414 5089 1559 5159 quia,
1606 5105 1730 5145 cum

146 5203 239 5247 me
261 5189 496 5245 vicissim
520 5185 762 5257 diligitis,
783 5199 813 5238 a
842 5199 930 5240 me
954 5198 1060 5237 non
1086 5181 1217 5237 estis
1236 5180 1411 5252 longe.
1439 5179 1590 5236 Unde
1611 5196 1731 5252 gra-

149 5284 256 5340 tias
277 5281 562 5337 referimus
584 5279 654 5332 illi
669 5292 838 5350 grano
852 5276 1078 5346 sinapis,
1101 5274 1247 5345 quod
1260 5290 1326 5329 ex
1344 5274 1541 5330 modici
1556 5273 1731 5342 despi-

147 5373 448 5442 cabilisque
467 5370 692 5427 seminis
717 5368 919 5439 specie,
951 5368 1022 5421 ita
1044 5367 1212 5447 ramis
1241 5380 1309 5422 ex
1335 5366 1523 5421 eadem
1550 5365 1733 5421 radice

148 5466 496 5536 surgentibus
549 5472 712 5532 atque
750 5475 812 5516 se
840 5458 1293 5521 distendentibus,
1337 5472 1728 5530 usquequaque

149 5556 362 5614 diffusis
383 5554 633 5629 [diffusus
668 5552 782 5627 sit],
807 5561 865 5608 ut
900 5553 953 5608 in
985 5551 1139 5626 [illis]
1168 5551 1405 5607 volatilia
1433 5551 1556 5608 caeli
1602 5567 1733 5608 eun-

150 5659 238 5703 eta
267 5647 544 5705 nidificent
573 5645 787 5718 (Matth.
810 5659 930 5709 xm,
970 5644 1059 5710 31,
1088 5643 1204 5715 52),
1226 5645 1508 5715 gratiaque
1528 5644 1600 5699 sit
1625 5642 1732 5701 fer-

151 5749 336 5796 mento
359 5736 431 5792 illi
458 5737 599 5807 quod
630 5735 802 5792 tribus
832 5734 1019 5790 farina:
1047 5734 1182 5789 satis
1202 5732 1398 5805 (Ibid.,
1427 5732 1540 5805 35),
1569 5735 1733 5790 totius

151 5829 375 5885 humani
407 5828 619 5899 generis
646 5824 876 5882 massam
902 5826 955 5880 in
986 5828 1189 5883 Imitate
1210 5825 1535 5897 conspersit,
1570 5834 1731 5897 atque

600 5943 870 6003 Ρηιιυι..
915 5940 1178 6001 CXXX.

1834 4914 1988 4979 bant,
2029 4912 2292 4980 ferebant,
2322 4915 2621 4985 erigebant,
2670 4921 2729 4969 et
2754 4913 3137 4984 deponebaut,’
3179 4915 3232 4969 in
3282 4914 3416 4984 ipsis

1834 5007 2264 5062 institutionibus
2316 5022 2456 5078 quae,
2492 5006 2718 5062 Domino
2752 5006 3007 5074 jnbente,
3048 5022 3145 5076 per
3195 5006 3415 5081 Moysen

1833 5098 2155 5166 conscriptae
2179 5105 2325 5162 sunt,
2359 5098 2645 5166 reperitur.
2676 5096 2918 5165 Qualiter
2947 5111 3077 5165 ergo
3103 5097 3292 5163 David,
3323 5113 3417 5153 re-

1834 5206 1958 5259 gum
1988 5190 2283 5260 piissimus,
2331 5187 2743 5257 amplificaverit
2791 5185 2994 5242 cultum
3043 5187 3156 5255 Dei,
3196 5198 3252 5244 et
3283 5198 3414 5243 tem.

1832 5281 1980 5351 plum
2024 5281 2231 5336 Domini
2267 5279 2537 5335 aedificare
2584 5279 2771 5345 voluit,
2822 5280 2915 5335 sed
2944 5291 3165 5352 propter
3188 5280 3413 5335 multum

1833 5373 2145 5442 sanguinem
2191 5384 2351 5440 quem
2408 5368 2672 5424 effuderat
2719 5370 3024 5440 prohibitus
3075 5378 3180 5434 est,
3225 5369 3418 5438 etipse

1833 5461 2125 5533 collegerat
2153 5475 2451 5530 expensas;
2472 5460 2837 5532 Salomonque
2863 5461 3003 5516 filius
3031 5460 3148 5531 ejus
3178 5460 3412 5530 idipsum

1833 5551 1977 5621 quod
2020 5551 2136 5620 ipse
2185 5548 2367 5606 facere
2412 5560 2718 5621 optaverat,
2761 5550 2987 5620 iubente
3022 5559 3080 5606 et
3124 5550 3419 5604 auxiliante

1840 5642 1973 5707 Deo,
2005 5642 2251 5712 perfecit,
2301 5632 2353 5697 et
2380 5643 2631 5713 templum
2662 5658 2785 5699 cum
2813 5643 2989 5710 altari,
3028 5651 3085 5697 et
3111 5641 3317 5712 reliqua
3349 5644 3419 5696 ad

1838 5732 2078 5788 divinum
2136 5732 2337 5788 cultum
2391 5734 2756 5806 peragendum
2807 5732 3146 5788 consecravit
3183 5731 3235 5785 in
3278 5731 3421 5787 libro

1839 5827 2000 5883 tertio
2027 5824 2233 5897 Regum
2256 5827 2398 5883 inter
2424 5836 2622 5885 caetera
2644 5827 2839 5899 legitur
2857 5828 2931 5883 ita
2956 5846 2968 5857 -
3005 5845 3024 5878 ι
3054 5825 3373 5894 Ειιὶἥριιιιδ,
3397 5855 3417 5890 ι

2944 5941 3021 6001 3'4
