3974 6436
548 417 688 477 9059

1370 409 1650 469 \PPEND.
1691 407 1785 466 AD
1814 404 1983 463 SEC.
2013 404 2222 461 IX.'—
2258 401 2509 460 ISIDOIil
2548 396 2992 460 MEBCATORIS

549 535 744 608 inquit,
796 533 1072 601 Salomon,-
1105 550 1124 585 ι
1166 531 1394 587 Domino
1446 526 1707 584 aediﬁcavi
1761 521 2124 579 habitaculum
2155 523 2203 584 Α
2229 519 2428 584 ueriut,
2454 527 2509 574 et
2546 520 2823 575 oraverint
2845 561 2860 587 ,
2883 530 2939 576 et
2964 518 3238 591 deprecati
3265 528 3315 575 te
3336 518 3547 574 fuerint
3577 520 3638 575 in
3671 521 3832 579 domo

551 637 700 682 tuum
759 625 1153 689 fortissimum,
1204 622 1396 677 solium
1451 629 1602 674 tuum
1656 614 2072 683 sempiternum,
2107 629 2126 662 ι

550 717 923 786 convertitque
953 730 1046 771 rex
1073 713 1264 769 faciem
1298 726 1449 767 suam
1468 719 1524 764 et
1550 705 1826 763 benedixit
1859 703 2003 759 omni
2025 703 2130 758 Ec-

550 808 728 862 clesia:
748 805 931 862 Israel.
980 804 1169 862 Omnis
1196 803 1340 860 enim
1370 799 1607 856 Ecclesia
1638 795 1803 851 Israel
1843 793 2038 849 stabat.
2066 792 2133 847 Et

552 897 631 952 ait
660 913 676 951 :
708 915 727 950 ι
754 896 1074 952 Benedictus
1113 893 1372 949 Dominus
1398 891 1537 946 Deus
1574 884 1764 952 Israel,
1808 883 1898 954 qui
1924 883 2134 942 locutus

549 996 637 1044 est
661 1003 756 1044 ore
777 1003 876 1044 suo
907 988 977 1042 ad
1004 987 1171 1042 David
1207 994 1414 1056 patrem
1445 997 1647 1047 meum,
1691 986 1747 1033 et
1785 977 1846 1031 in
1884 973 2134 1031 manibus

554 1078 692 1134 meis
733 1077 961 1149 perfecit
1003 1077 1229 1133 dicens:
1275 1074 1322 1130 A
1361 1073 1471 1139 die,
1519 1086 1625 1141 qua
1670 1067 1830 1124 eduxi
1879 1064 2134 1137 populum

552 1184 732 1225 meum
762 1168 927 1224 Israel
947 1169 1012 1224 de
1042 1165 1295 1239 Egypto,
1328 1179 1433 1220 non
1460 1162 1594 1234 elegi
1625 1159 1899 1216 civitatem
1926 1157 1993 1212 de
2016 1155 2137 1211 uni-

553 1259 726 1316 versis
761 1259 1008 1316 tribubus
1036 1257 1224 1322 Israel;
1263 1269 1322 1311 ut
1352 1253 1712 1310 azdiﬁcaretur
1734 1250 1945 1316 domus,
1973 1255 2030 1303 et
2049 1261 2138 1303 es-

555 1360 638 1407 set
663 1367 858 1407 nomen
882 1366 1059 1406 meum
1088 1349 1185 1415 ibi,
1225 1348 1318 1404 sed
1348 1347 1483 1415 elegi
1519 1344 1687 1400 David
1710 1350 1768 1398 ut
1799 1347 1947 1397 esset
1974 1353 2138 1410 super

553 1443 806 1514 populum
836 1459 1013 1498 meum
1065 1441 1248 1508 Israel,
1287 1441 1560 1510 voluitque
1588 1437 1755 1494 David
1785 1444 1942 1506 pater
1985 1447 2138 1489 meus

555 1535 826 1590 aediﬁcare
861 1535 1078 1588 domum
1128 1533 1332 1589 nomini
1365 1531 1576 1588 Domini
1613 1529 1706 1584 Dei
1738 1527 1926 1593 Israel,
1977 1533 2030 1581 et
2060 1525 2140 1580 ait

556 1626 819 1682 Dominus
843 1626 908 1681 ad
933 1626 1098 1681 David
1138 1635 1347 1698 patrem
1380 1640 1558 1680 meum
1584 1641 1598 1677 :
1626 1621 1777 1690 Quod
1801 1618 2050 1690 cogitasti
2083 1618 2138 1673 in

556 1718 721 1775 corde
749 1726 844 1773 tuo
863 1717 1132 1772 aediﬁcare
1158 1718 1373 1774 domum
1404 1715 1607 1772 nomini
1626 1728 1768 1778 meo,
1800 1709 2138 1776 benefecisti,

555 1810 661 1865 hoc
717 1809 893 1880 ipsum
946 1819 1126 1864 mente
1165 1818 1426 1863 tractans.
1488 1805 1874 1861 Verumtamen
1925 1812 1980 1858 tu
2026 1817 2132 1880 non

2234 611 2356 672 hac,
2388 609 2583 663 exaudi
2616 611 2670 664 in
2713 611 2851 666 coelo
2875 620 2931 665 et
2957 610 3172 666 dimitte
3197 618 3480 679 peccatum
3519 608 3718 678 populi
3757 611 3834 669 tui

2234 699 2421 767 Israel,
2448 711 2503 754 et
2530 701 2754 756 reduces
2781 717 2874 757 eos
2900 702 2953 758 in
2987 709 3208 766 terram,
3239 716 3402 771 quam
3424 701 3643 756 dedisti
3662 702 3837 770 patri-

2239 794 2341 849 bus
2361 809 2572 850 eorum.
2613 793 2669 850 Si
2715 793 2961 849 clausum
2990 794 3154 849 fuerit
3179 794 3375 849 ctelum
3403 803 3463 849 et
3488 808 3604 849 non
3635 793 3840 864 pluerit

2234 893 2457 955 prepter
2485 893 2764 956 peceatum
2813 900 3025 947 eorum,
3080 893 3138 940 et
3162 892 3382 939 orantes
3431 884 3492 938 in
3531 884 3662 938 loco
3715 884 3838 946 isto,

2235 977 2609 1044 paenitentiam
2637 977 2846 1046 egerint
2872 975 3076 1033 nomini
3114 984 3228 1042 tuo,
3273 985 3330 1031 et
3365 990 3395 1030 a
3436 974 3700 1045 peccatis
3732 975 3841 1029 suis

2233 1067 2488 1122 conversi
2511 1067 2715 1122 fuerint
2741 1076 2961 1138 propter
2982 1067 3326 1123 aiilictionem
3357 1083 3545 1134 suam,
3579 1067 3841 1122 exaudiet

2237 1173 2331 1214 eos
2353 1159 2405 1212 in
2431 1159 2603 1225 cmlo;
2635 1167 2691 1213 et
2730 1159 2941 1215 dimitte
2963 1167 3189 1229 peccata
3217 1173 3506 1215 servorum
3541 1166 3772 1214 tuorum
3791 1168 3843 1215 et

2236 1249 2416 1319 populi
2458 1248 2532 1303 tui
2565 1249 2752 1315 Israel,
2803 1260 2860 1305 et
2902 1251 3128 1305 ostende
3160 1250 3242 1305 eis
3285 1249 3430 1304 viam
3463 1250 3705 1314 bonam,
3747 1265 3841 1320 per

2237 1355 2398 1411 quam
2424 1339 2718 1409 ambulent,
2751 1350 2808 1397 et
2845 1343 2910 1397 da
2939 1342 3174 1414 pluviam
3221 1357 3382 1414 super
3406 1349 3652 1410 tetram,
3683 1358 3840 1414 quam

2238 1429 2432 1485 dedisti
2468 1432 2661 1502 populo
2688 1442 2778 1488 tuo
2805 1433 2860 1488 in
2886 1432 3302 1502 possessionem.
3333 1432 3539 1488 Fames
3565 1434 3618 1488 si
3652 1435 3840 1490 oborta

2240 1518 2402 1576 fuerit
2430 1521 2483 1576 in
2512 1530 2677 1589 terra,
2702 1532 2795 1578 aut
2814 1523 3139 1594 pestilentia,
3164 1533 3258 1579 aut
3284 1532 3588 1593 corruptus
3611 1539 3732 1592 aer,
3755 1533 3838 1581 aut

2238 1631 2440 1687 mrugn,
2488 1618 2717 1685 locusta,
2772 1619 3006 1691 rubigo:
3034 1628 3091 1676 et
3132 1619 3386 1675 alllixerit
3419 1635 3555 1676 eum
3589 1619 3836 1676 inimicus

2239 1705 2379 1776 ejus,
2402 1718 2591 1780 portas
2606 1710 2882 1776 obsidens,
2907 1710 3087 1766 omnis
3111 1709 3287 1781 plaga,
3311 1711 3580 1766 universa
3610 1711 3832 1767 infirmi-

2214 1805 2342 1867 .tas,
2373 1811 2677 1872 cunctaque
2728 1801 3004 1857 devoratio
3041 1809 3098 1856 et
3127 1802 3475 1871 imprecatio,
3533 1819 3667 1873 qua:
3695 1804 3829 1860 acci-

557 1872 852 1958 aediﬁcabis
877 1902 1117 1968 domum,
1148 1901 1240 1956 sed
1275 1900 1416 1956 ﬁlius
1458 1906 1582 1954 tuus
1607 1899 1697 1968 qui
1725 1895 2034 1967 egredietur
2071 1872 2138 1949 de
2167 1877 2214 1939 Β
2241 1894 2378 1948 derit
2401 1889 2564 1964 264
2585 1891 2730 1947 omni
2757 1891 2959 1946 homini
2985 1893 3050 1946 de
3071 1891 3267 1962 populo
3290 1899 3382 1946 tuo
3401 1872 3618 1959 Israel;
3646 1893 3692 1947 si
3723 1895 3832 1963 quis

558 1992 777 2049 renibus
826 1994 936 2049 tuis
986 1993 1101 2064 ipse
1148 1991 1440 2048 :ediﬁcabit
1479 1991 1696 2046 domum
1737 1989 1940 2048 nomini
1993 2003 2138 2044 meo.

555 2082 911 2139 Conﬁrmavit
962 2085 1224 2140 Dominus
1271 2098 1577 2140 sermonem
1609 2098 1765 2139 suum
1799 2098 1959 2154 quem
1995 2083 2141 2138 locu-

559 2182 648 2230 tus
675 2182 778 2241 est,
820 2175 1054 2246 stetique
1080 2189 1178 2244 pro
1201 2174 1368 2229 David
1406 2182 1559 2246 patre
1588 2188 1730 2240 meo,
1757 2183 1813 2229 et
1836 2173 1950 2229 sedi
1981 2187 2142 2243 super

559 2265 814 2320 thronum
855 2263 1020 2320 Israel
1049 2248 1190 2319 sicut
1212 2263 1426 2320 locutus
1447 2272 1532 2319 est
1553 2263 1836 2319 Dominus.
1867 2262 1936 2318 Et
1975 2262 2144 2318 nidiﬁ-

560 2355 678 2412 cavi
707 2355 925 2410 domum
961 2354 1165 2409 nomini
1196 2354 1406 2410 Domini
1429 2354 1523 2410 Dei
1550 2354 1748 2419 Israel,
1785 2361 1841 2408 et
1886 2351 2144 2408 constitui

552 2435 633 2501 libi
664 2444 840 2500 locum
869 2459 1040 2512 arcte,
1067 2445 1122 2500 in
1149 2460 1254 2516 qua
1287 2445 1462 2500 foedus
1490 2445 1700 2500 Domini
1733 2452 1816 2499 est
1839 2444 1981 2514 quod
2018 2458 2144 2514 per-

558 2537 733 2592 cussit
769 2551 892 2592 cum
920 2537 1168 2606 patribus
1197 2535 1417 2602 nostris,
1457 2535 1675 2606 quando
1703 2535 1905 2607 egressi
1931 2543 2057 2589 sunt
2081 2533 2146 2589 de

559 2637 704 2683 terra
732 2629 972 2700 Egypti.
1005 2627 1170 2684 Stetit
1199 2637 1379 2683 autem
1411 2628 1664 2683 Salomon
1695 2636 1820 2682 ante
1846 2625 2020 2682 altare
2045 2626 2147 2681 Do-

563 2721 694 2774 mini
726 2720 778 2774 in
818 2728 1112 2790 conspectu
1139 2719 1394 2775 Ecclesiae
1446 2719 1609 2776 Israel
1648 2727 1704 2773 et
1729 2720 1987 2790 expandit
2032 2734 2148 2773 ma-

563 2823 666 2863 nus
695 2822 822 2863 suas
845 2808 898 2863 in
930 2803 1148 2873 ctelun'i,
1182 2817 1238 2863 et
1259 2808 1334 2862 ait
1358 2825 1371 2862 :
1406 2807 1633 2863 Domine
1662 2807 1804 2862 Deus
1833 2807 2012 2873 Israel,
2040 2822 2146 2862 non

558 2907 648 2952 est
676 2897 867 2952 similis
897 2899 970 2953 tui
994 2898 1048 2952 in
1077 2896 1214 2952 cmlo
1235 2897 1488 2968 desuper,
1519 2906 1576 2953 et
1597 2911 1759 2969 super
1779 2905 1975 2952 terram
1999 2899 2152 2953 deor-

565 3002 707 3050 sum,
729 2986 820 3056 qui
836 2987 1074 3042 custodis
1085 3001 1183 3058 pac
1193 2996 1303 3044 tum
1325 2996 1379 3044 et
1396 2970 1818 3044 misericordiam
1836 2988 2147 3055 servistuis,

569 3077 661 3146 qui
679 3077 958 3133 ambulant
982 3092 1168 3133 coram
1186 3087 1238 3134 te
1252 3080 1306 3134 in
1324 3087 1434 3135 toto
1451 3079 1616 3136 corde
1626 3093 1744 3143 suo,
1763 3079 1854 3148 qui
1870 3077 2150 3135 custodisti

568 3168 739 3225 David
765 3169 901 3238 patri
937 3184 1058 3224 meo
1085 3184 1206 3240 quae
1239 3169 1449 3226 locutus
1471 3186 1530 3227 es
1557 3170 1637 3228 eis
1666 3187 1680 3237 ;
1712 3185 1806 3226 ore
1835 3170 2046 3227 locutus
2065 3186 2144 3238 es,

2239 1983 2519 2054 agnoverit
2557 1981 2769 2052 plagam
2813 1981 2995 2036 cordis
3038 1982 3120 2036 sui
3171 1990 3226 2036 et
3269 1984 3606 2052 expanderit
3652 2001 3830 2041 manus

2240 2089 2366 2129 suas
2395 2075 2446 2129 in
2471 2075 2630 2130 domo
2661 2073 2782 2137 hac,
2815 2082 2869 2127 tu
2898 2074 3154 2130 exaudies
3182 2074 3234 2128 in
3263 2074 3403 2130 celo
3437 2076 3494 2130 in
3527 2075 3658 2132 Ioco
3685 2079 3827 2133 habi-

2242 2164 2465 2221 tationis
2494 2171 2596 2218 tum
2629 2171 2684 2216 et
2721 2163 3158 2234 repropitiaberis
3187 2173 3243 2220 et
3271 2163 3444 2220 facies
3473 2175 3538 2220 ut
3583 2167 3682 2222 des
3719 2169 3831 2222 uni-

2241 2254 2437 2324 cuique
2483 2252 2775 2308 secundum
2813 2252 2930 2308 vias
2959 2268 3118 2318 suas,
3163 2254 3302 2310 sicut
3342 2255 3554 2313 videris
3599 2272 3697 2312 cor
3725 2257 3834 2326 ejus

2244 2348 2392 2420 (quia
2426 2355 2483 2402 tu
2514 2345 2655 2401 nosti
2679 2345 2827 2402 solus
2856 2361 2952 2402 cor
2975 2347 3219 2402 omnium
3244 2347 3481 2403 ﬁliorum
3508 2348 3830 2420 hominum),

2245 2448 2305 2495 ut
2338 2439 2562 2494 timeant
2590 2445 2642 2492 te
2667 2436 2879 2492 cunctis
2903 2436 3092 2495 diebus
3118 2437 3314 2508 quibus
3342 2438 3538 2494 vivunt
3567 2455 3736 2510 super
3759 2439 3832 2495 fa-

2245 2531 2382 2587 ciem
2415 2539 2577 2586 terrae
2621 2544 2784 2600 quam
2827 2529 3022 2584 dedisti
3071 2530 3316 2600 patribus
3348 2531 3580 2587 nostris.
3623 2530 3832 2603 Insuper

2245 2631 2302 2678 et
2329 2621 2646 2692 alienigena,
2673 2620 2764 2691 qui
2793 2634 2898 2674 non
2929 2628 3014 2675 est
3039 2621 3106 2676 de
3134 2620 3330 2691 populo
3357 2628 3452 2676 tuo
3479 2620 3685 2689 Israel,
3710 2638 3829 2678 cun

2245 2717 2456 2772 venerit
2501 2717 2567 2771 de
2611 2723 2754 2771 terra
2802 2713 3090 2784 longinqua
3143 2723 3365 2785 propter
3413 2730 3642 2771 nomen
3693 2725 3834 2770 luunt

2249 2809 2520 2880 (audietur
2542 2808 2687 2864 enim
2719 2821 2914 2862 nomen
2945 2815 3098 2862 tuum
3114 2821 3400 2886 (magnum,
3426 2816 3483 2862 et
3529 2822 3729 2862 manus
3753 2817 3836 2861 tua

2248 2899 2438 2964 fortis,
2469 2906 2543 2954 et.
2569 2898 2852 2955 brachium
2891 2907 3044 2952 tuum
3082 2907 3367 2954 extensum
3407 2899 3677 2969 ubique),
3721 2915 3835 2954 can

2247 2990 2456 3047 venerit
2493 3005 2624 3060 ergo
2651 2999 2706 3046 et
2733 2988 2975 3045 oraverit
3007 2988 3059 3043 in
3091 2988 3211 3044 loco
3246 2990 3372 3057 hoc,
3399 2997 3459 3044 tu
3495 2990 3764 3045 exaudies
3787 2991 3837 3045 in

2247 3081 2408 3148 caelo,
2445 3080 2498 3136 in
2530 3079 2872 3136 ﬁrmamento
2905 3079 3195 3135 habitaculi
3233 3081 3345 3144 tui,
3376 3088 3433 3136 et
3467 3079 3640 3137 facies
3660 3083 3841 3136 omnia

2249 3187 2349 3244 pro
2379 3173 2576 3244 quibus
2601 3171 2938 3228 invocaverit
2963 3178 3015 3228 te
3047 3171 3368 3243 alienigena,
3402 3180 3465 3227 ut
3486 3173 3708 3228 discant
3732 3174 3844 3228 ιιιιί-

567 3267 624 3314 et
645 3233 892 3316 man-ibus
920 3233 1215 3332 perfecisti,
1264 3271 1324 3317 ut
1343 3263 1459 3318 haec
1486 3262 1603 3318 dies
1635 3233 1846 3332 probat.
1873 3260 2027 3318 Nunc
2049 3233 2148 3334 igi;
2176 3233 2223 3297 C
2252 3233 2626 3337 versi._p0puli
2676 3273 2947 3320 terrarum
2999 3279 3197 3321 nomen
3212 3233 3388 3320 “tuum
3435 3265 3666 3330 timere,
3709 3268 3844 3321 sicut

571 3359 684 3417 tur,
736 3351 960 3408 Domine
987 3353 1126 3408 Deus
1163 3354 1345 3419 Israel,
1386 3362 1442 3410 et
1473 3369 1736 3410 conserva
1762 3353 1924 3410 David
1950 3353 2149 3410 famqu

572 3452 664 3499 tuo
690 3450 828 3513 patri
859 3459 980 3500 meo
1001 3459 1120 3514 quae
1149 3443 1360 3501 locutus
1382 3460 1441 3502 es
1467 3445 1516 3502 ei
1535 3486 1551 3512 ,
1595 3445 1815 3502 dicens:
1847 3444 1963 3502 Non
1998 3445 2149 3502 aufe-

572 3544 724 3590 retur
744 3535 811 3591 de
832 3543 884 3590 te
910 3535 992 3590 vir
1020 3551 1205 3592 coram
1239 3551 1343 3602 me,
1377 3537 1466 3607 qui
1497 3538 1682 3595 sedeat
1705 3551 1868 3608 super
1896 3539 2149 3594 thronum

571 3626 760 3692 Israel,
799 3627 874 3682 ita
900 3635 1078 3684 tamen
1108 3628 1152 3684 si
1178 3629 1532 3691 custodieriut
1556 3629 1651 3685 ﬁlii
1681 3630 1756 3686 tui
1783 3631 1926 3686 viam
1965 3645 2148 3697 suam,

572 3727 633 3773 ut
658 3718 934 3775 ambulent
956 3734 1137 3775 coram
1165 3735 1254 3776 me
1279 3720 1422 3776 sicut
1453 3721 1738 3778 ambulasti
1775 3722 1828 3778 in
1858 3731 2152 3794 conspectu

572 3826 712 3866 meo.
753 3810 821 3866 Et
857 3825 1022 3877 nunc,
1041 3811 1265 3868 Domine
1300 3813 1440 3868 Deus
1470 3811 1654 3879 Israel,
1680 3812 1964 3869 ﬁrmentur
1988 3813 2151 3868 verba

577 3911 666 3956 tua
707 3917 830 3972 qua:
877 3901 1088 3959 locutus
1129 3918 1188 3958 es
1241 3903 1408 3958 David
1461 3919 1621 3960 servo
1671 3913 1761 3960 tuo
1805 3905 1946 3975 patri
2005 3920 2149 3960 meo.

573 3992 786 4061 Ergone
813 3991 1109 4061 putandum
1140 4001 1222 4047 est
1247 3993 1390 4062 quod
1431 4008 1556 4049 vere
1583 3993 1725 4048 Deus
1759 3993 1968 4049 habitet
1992 4008 2154 4065 super

575 4082 814 4137 terram?
845 4081 902 4138 Si
936 4083 1080 4138 enim
1112 4083 1310 4138 cmlum
1338 4094 1394 4139 et
1422 4084 1545 4140 caeli
1571 4084 1830 4142 ctelorum
1877 4094 1930 4142 te
1959 4100 2154 4157 capere

574 4189 682 4229 non
715 4183 968 4244 possunt,
1021 4183 1226 4245 quanto
1258 4177 1430 4246 magis
1469 4177 1661 4234 domus
1688 4178 1806 4234 haec
1833 4193 1994 4249 quam
2024 4179 2156 4235 tedi-

576 4265 774 4321 ﬁcavi!
824 4264 933 4320 Sed
975 4265 1181 4336 respice
1209 4265 1274 4321 ad
1318 4256 1616 4323 orationem
1660 4268 1801 4324 servi
1864 4268 1960 4332 tui,
2008 4278 2064 4324 et
2089 4268 2156 4325 ad

577 4370 771 4425 preces
817 4355 966 4425 ejus,
1027 4353 1254 4410 Domine
1297 4356 1438 4413 Deus
1478 4373 1649 4414 meus.
1697 4358 1856 4426 Audi,
1908 4357 2152 4426 Domine,

576 4448 835 4520 hymnum
859 4455 915 4503 et
946 4447 1243 4504 orationem
1266 4464 1429 4519 quam
1459 4465 1649 4506 servus
1680 4459 1802 4507 tuus
1827 4459 1949 4507 orat
1970 4466 2156 4508 coram

575 4549 631 4596 te
654 4542 832 4608 hodie,
869 4550 928 4596 ut
966 4541 1104 4596 sicut
1133 4540 1272 4598 oculi
1297 4541 1371 4596 lui
1401 4542 1572 4612 aperti
1598 4551 1724 4597 sunt
1749 4557 1912 4612 super
1937 4543 2154 4599 domum

580 4635 718 4689 hanc
747 4642 907 4690 nocte
937 4643 992 4689 et
1033 4634 1144 4701 die,
1188 4648 1350 4704 super
1377 4635 1631 4699 domum,
1684 4635 1751 4690 de
1779 4649 1884 4704 qua
1923 4635 2106 4690 dixisti
2139 4652 2152 4687 :

579 4723 697 4779 Erit
723 4738 922 4778 nomen
953 4737 1134 4778 meum
1179 4722 1287 4790 ibi,
1332 4731 1392 4777 ut
1436 4725 1694 4780 exaudias
1722 4723 2156 4794 deprecationem

580 4815 724 4873 servi
756 4815 851 4880 tui,
894 4822 949 4870 et
973 4813 1153 4886 populi
1187 4813 1264 4868 tui
1290 4812 1492 4880 Israel,
1535 4814 1896 4884 quodcunque
1919 4813 2160 4869 oraverit

580 4913 633 4967 in
671 4912 789 4968 loco
830 4912 956 4977 isto,
997 4919 1056 4966 et
1088 4909 1347 4965 exaudias
1389 4909 1587 4966 inloco
1636 4910 1924 4966 habitaculi
1975 4911 2052 4966 tui
2104 4911 2156 4965 in

579 5003 740 5068 coelo,
765 5010 820 5056 et
845 5017 969 5056 cum
993 5000 1319 5066 exaudiet-is,
1352 5000 1615 5072 propitius
1640 5001 1769 5056 eris.
1823 5000 1880 5056 Si
1905 5016 2156 5072 peccave-

583 5093 656 5146 rit
685 5092 845 5148 humo
876 5092 929 5146 in
971 5092 1276 5162 proximum
1323 5106 1477 5147 suum
1501 5131 1514 5158 ,
1562 5101 1617 5146 et
1648 5091 1901 5146 habuerit
1940 5092 2157 5162 aliquod

565 5182 947 5253 .juramentum
971 5197 1080 5252 quo
1107 5189 1356 5236 teneatur
1388 5181 1663 5245 astrictus,
1706 5191 1760 5236 et
1783 5181 1989 5236 venerit
2037 5196 2166 5250 pro-

583 5284 708 5346 pter
728 5271 1095 5342 juramentum
1135 5287 1317 5329 coram
1350 5271 1506 5326 altari
1532 5279 1622 5327 tuo
1662 5271 1715 5325 in
1745 5272 1962 5326 domum
1991 5280 2160 5337 tuam,

587 5377 643 5420 tu
665 5363 924 5421 exaudies
965 5363 1019 5419 in
1049 5363 1211 5426 cmlo,
1249 5373 1306 5418 et
1348 5362 1536 5427 facies,
1586 5371 1642 5417 et
1678 5360 1946 5431 iudicabis
1977 5375 2165 5418 servos

588 5471 707 5516 tuos
751 5457 1116 5516 condemnans
1159 5457 1415 5527 impium,
1468 5465 1522 5512 et
1575 5456 1803 5511 reddens
1834 5454 1976 5509 viam
2011 5469 2164 5511 suam

585 5565 747 5622 super
762 5557 924 5620 caput
947 5545 1086 5625 ejus,
1110 5545 1521 5616 justiﬁeansque
1543 5544 1750 5616 justum
1777 5553 1834 5599 et
1865 5544 2168 5600 retribuens

588 5642 638 5696 ei
659 5640 953 5698 secundum
984 5632 1255 5709 justitiam
1284 5649 1457 5690 suam.
1491 5633 1547 5689 Si
1573 5634 1768 5705 fugerit
1790 5634 2020 5704 populus
2043 5642 2166 5688 tuus

591 5747 752 5801 super
787 5731 1034 5787 inimicos
1067 5744 1214 5794 suos,
1261 5728 1410 5800 (quia
1454 5738 1776 5798 peccaturus
1815 5738 1899 5784 est
1925 5728 2066 5798 tibi),
2111 5736 2166 5782 et

595 5830 811 5891 agentes
834 5821 1227 5892 paenitentiam,
1287 5830 1342 5876 et
1373 5821 1692 5877 conﬁtcntes
1721 5819 1923 5874 nomini
1955 5829 2044 5876 tuo
2075 5833 2163 5873 vc-

2247 3355 2480 3427 pOpulus
2509 3365 2632 3411 tuus
2664 3353 2859 3420 Israel,
2895 3361 2952 3410 et
2986 3355 3238 3426 probent,
3268 3355 3395 3426 quia
3443 3371 3647 3412 nomen
3697 3366 3843 3411 tuum

2250 3447 2561 3503 invocatum
2585 3454 2670 3502 est
2692 3458 2858 3516 super
2881 3445 3101 3500 domum
3125 3446 3266 3502 hanc
3287 3461 3452 3516 quam
3472 3447 3765 3503 aediﬁcavi.
3789 3447 3844 3502 Si

2248 3551 2502 3610 egressus
2525 3536 2690 3593 fuerit
2712 3535 2943 3608 pepulus
2969 3544 3093 3592 tuus
3118 3537 3186 3592 ad
3213 3536 3413 3595 bellum
3441 3547 3636 3594 contra
3669 3539 3846 3592 inimi-

2249 3645 2345 3686 cos
2369 3645 2498 3686 suos
2521 3643 2619 3700 per
2639 3629 2782 3684 viam
2806 3641 3128 3699 quocunque
3156 3628 3371 3685 miseris
3391 3643 3505 3693 eos,
3533 3631 3775 3686 orabunt
3799 3641 3846 3686 te

2243 3729 2440 3778 contra
2465 3721 2607 3776 viam
2631 3719 2863 3776 civitatis
2887 3734 3050 3790 quam
3072 3717 3306 3791 elegisti,
3330 3730 3386 3774 et
3405 3729 3600 3775 contra
3624 3721 3847 3775 domum

2251 3827 2415 3882 quam
2450 3809 2712 3867 aediﬁcavi
2739 3809 2942 3865 nomini
2973 3817 3086 3876 tuo,
3112 3819 3169 3865 et
3192 3809 3449 3865 exaudies
3473 3809 3529 3864 in
3557 3810 3705 3866 creto
3727 3827 3846 3866 ora-

2255 3903 2454 3958 tionem
2482 3916 2702 3967 eorum,
2733 3909 2790 3956 et
2812 3915 3002 3971 preces
3038 3915 3227 3957 eorum
3250 3940 3266 3967 ,
3292 3910 3350 3957 et
3395 3899 3564 3956 iacies
3579 3900 3844 3970 judicium

2252 4008 2460 4051 eorum.
2487 3992 2639 4061 Quod
2669 3992 2714 4049 si
2745 3993 3087 4064 peccaverint
3117 3993 3210 4049 tibi
3238 3994 3368 4065 (non
3393 4003 3478 4050 est
3504 3995 3655 4049 enim
3692 3997 3849 4053 homo

2253 4090 2344 4160 qui
2373 4104 2479 4144 non
2504 4086 2736 4159 peccet),
2763 4096 2818 4144 et
2843 4088 3016 4145 iratus
3041 4089 3332 4145 tradideris
3351 4104 3446 4145 eos
3469 4088 3714 4144 inimicis
3739 4090 3851 4144 suis

2251 4191 2308 4237 et
2337 4181 2537 4252 captivi
2573 4181 2718 4237 ducti
2759 4180 2960 4237 fuerint
2985 4181 3039 4236 in
3071 4189 3272 4237 terram
3314 4182 3662 4238 inimicorum
3693 4180 3847 4252 lange

2253 4271 2339 4326 vel
2373 4285 2540 4342 prope
2561 4312 2576 4337 ,
2606 4278 2663 4326 et
2691 4271 2900 4342 egerint
2931 4271 3306 4342 paenitentiam
3335 4274 3386 4327 in
3416 4273 3581 4328 corde
3613 4287 3726 4328 suo
3751 4314 3768 4339 ,
3800 4275 3847 4326 in

2255 4361 2374 4420 loco
2397 4361 2752 4433 captivitatis,
2797 4371 2854 4417 et
2882 4362 3130 4418 conversi
3160 4363 3431 4435 deprecati
3465 4362 3674 4419 iuerint
3715 4375 3769 4420 te
3800 4367 3848 4418 in

2255 4454 2572 4524 captivitate
2615 4468 2711 4509 sua
2754 4454 2998 4510 dicentes
3040 4471 3054 4508 :
3093 4452 3463 4519 Peccavimus,
3509 4454 3704 4524 inique
3737 4457 3848 4527 egi-

2258 4560 2409 4610 mus,
2451 4545 2614 4614 impie
2649 4545 2946 4615 gessimus;
2990 4553 3045 4600 et
3083 4544 3290 4600 reversi
3334 4543 3536 4599 fuerint
3581 4546 3655 4599 ad
3701 4557 3756 4601 te
3801 4548 3848 4600 in

2266 4637 2518 4692 universo
2545 4638 2708 4691 corde
2736 4651 2852 4701 suo,
2885 4645 2938 4691 et
2971 4644 3082 4692 tota
3118 4636 3300 4691 anima
3334 4652 3452 4702 sua,
3481 4637 3532 4692 in
3565 4646 3714 4693 terra
3755 4641 3849 4695 ini-

2266 4728 2529 4784 micorum
2567 4745 2785 4784 suorum
2811 4729 2876 4783 ad
2907 4745 3070 4799 quam
3099 4731 3301 4800 captivi
3341 4730 3484 4786 ducti
3513 4730 3762 4796 fuerant,
3798 4742 3849 4787 et

2265 4819 2539 4876 oraverint
2581 4828 2632 4874 te
2664 4828 2852 4874 contra
2892 4820 3034 4874 viam
3073 4828 3231 4876 terra:
3275 4836 3426 4886 sine,
3460 4835 3622 4889 quam
3654 4821 3848 4878 dedisti

2265 4913 2508 4985 patribus
2535 4926 2746 4975 eorum,
2775 4921 2829 4967 et
2851 4911 3085 4967 civitatis
3124 4927 3287 4983 quam
3315 4913 3545 4984 elegisti,
3577 4921 3638 4968 et
3669 4916 3848 4986 templi

2267 5007 2408 5078 quod
2437 5003 2695 5059 aediﬁcavi
2742 5004 2946 5058 nomini
2972 5013 3088 5068 tuo,
3115 5005 3372 5060 exaudies
3403 5005 3454 5060 in
3479 5005 3640 5068 caelo,
3677 5007 3734 5061 in
3767 5008 3850 5062 tir-

2261 5103 2535 5150 mamento
2567 5093 2702 5149 solii
2725 5093 2834 5158 tui,
2864 5092 3168 5149 orationem
3217 5102 3273 5149 et
3311 5109 3500 5164 preces
3539 5110 3778 5163 eorum,
3801 5107 3848 5151 et

2263 5187 2432 5241 facies
2469 5183 2732 5254 judicium
2775 5199 2985 5249 eorum,
3011 5186 3482 5256 et-propitiaberis
3519 5189 3725 5258 popqu
3767 5202 3849 5244 to

2263 5277 2355 5346 qui
2377 5275 2620 5346 peccavit
2645 5274 2761 5343 tibi,
2784 5283 2840 5331 et
2857 5277 3108 5333 omnibus
3130 5278 3504 5348 iniquitatibus
3525 5294 3722 5336 eorum
3744 5283 3848 5353 qni-

2238 5368 2365 5423 .bus
2398 5366 2733 5437 pmvaricati
2765 5375 2890 5421 sunt
2923 5366 2976 5421 in
3015 5375 3101 5432 te,
3133 5377 3191 5424 et
3227 5369 3381 5426 dabis
3420 5371 3844 5428 misericordia

2269 5470 2453 5512 coram
2474 5455 2555 5512 eis
2576 5456 2667 5525 qui
2689 5468 2784 5511 eos
2807 5455 3048 5525 captivos
3075 5456 3385 5524 habuerint,
3413 5469 3471 5514 ut
3495 5461 3848 5518 misereantur

2267 5549 2367 5605 eis.
2399 5546 2636 5618 Populus
2679 5548 2822 5602 enim
2854 5555 2976 5602 tuus
3017 5556 3102 5604 est
3139 5558 3196 5604 et
3233 5549 3523 5608 haereditas
3565 5564 3690 5620 tua,
3721 5571 3845 5625 quos

2267 5639 2503 5695 eduxisti
2534 5641 2601 5695 de
2630 5646 2770 5692 terra
2801 5638 3040 5710 Egypti,
3071 5641 3140 5696 de
3168 5643 3347 5698 medio
3376 5643 3610 5700 fornacis
3639 5646 3839 5710 ferrea,

2267 5737 2326 5784 ut
2354 5729 2464 5785 sint
2489 5728 2628 5785 oculi
2659 5728 2736 5783 tui
2765 5731 2937 5800 aperti
2966 5733 3032 5787 ad
3058 5731 3490 5804 deprecationem
3519 5737 3666 5792 servi
3696 5739 3768 5792 tui
3794 5748 3843 5793 et

2265 5821 2444 5891 pOpnli
2497 5821 2570 5876 tui
2602 5821 2805 5886 Israel,
2847 5830 2899 5875 et
2927 5824 3186 5883 cxaudies
3226 5842 3320 5883 eos
3362 5829 3413 5882 in
3447 5830 3712 5885 universis
3753 5844 3842 5893 pro
