3974 6432
149 438 291 495 Ιῡϐὶ

1317 423 1812 486 DECRETALIUM
1853 419 2232 480 COLLECTIO

3281 419 3421 476 ωδε

131 557 349 627 quibus
379 557 707 608 invocabant
734 555 808 604 te.
837 545 918 602 Tu
947 544 1092 603 enim
1120 543 1388 616 separasti
1415 557 1510 599 eos
1547 540 1642 595 tibi
1681 539 1734 594 in
1763 544 1811 602 Α
1839 535 2038 591 divinis
2065 534 2318 607 precibus
2361 547 2390 588 a
2421 532 2766 604 pontificibus
2803 531 2998 590 dicatis
3037 543 3091 588 et
3137 531 3188 587 in
3219 533 3422 589 mensis

141 643 526 701 haereditatem
553 637 924 695 de'universis
954 634 1168 707 pupulis
1195 642 1377 699 teme,
1417 633 1560 688 sicut
1584 630 1735 686 locu-

135 746 242 791 tus
277 751 336 790 es
372 748 474 803 per
502 732 742 803 Moysen,
777 742 992 784 servum
1022 736 1206 792 tuum,
1256 725 1473 796 quando
1497 722 1734 780 eduxisti

136 835 335 896 patres
366 830 580 878 nostros
615 821 682 876 de
723 828 870 874 terra
897 816 1115 888 [Egypti
1139 856 1154 881 ,
1194 815 1419 871 Domine
1448 816 1606 870 Deus.
1635 811 1738 866 Fa-

135 925 299 971 ctum
340 922 424 970 est
451 921 631 967 autem
659 952 674 974 ,
708 926 833 966 cum
871 907 1194 978 complesset
1232 904 1528 970 Salomon,
1573 917 1736 958 orans

129 1007 438 1068 Dominum
480 1004 780 1061 ortionem
827 1009 883 1058 et
921 1001 1354 1071 deprecationem
1393 999 1542 1054 hanc
1567 1038 1582 1062 ,
1619 1012 1739 1052 sur-

139 1101 295 1156 rexit
326 1099 395 1155 de
427 1105 719 1168 conspectu
760 1094 950 1150 altaris
985 1094 1219 1149 Domini.
1250 1092 1551 1160 Utrumque
1593 1090 1736 1144 enim

136 1168 289 1263 genu
324 1192 378 1248 in
411 1199 554 1247 terra
593 1190 807 1252 fixerat,
845 1197 902 1242 et
938 1202 1132 1242 manus
1158 1185 1495 1256 expanderat
1522 1183 1590 1238 ad
1625 1196 1737 1238 ca:-

128 1285 284 1338 ‘lum.
328 1282 491 1338 Stetit
516 1295 647 1350 ergo
692 1288 748 1334 et
783 1277 1060 1333 benedixit
1098 1276 1245 1331 omni
1276 1274 1532 1330 Ecclesite
1567 1271 1736 1328 lsracl

138 1389 282 1430 voce
310 1387 502 1444 magna
530 1371 717 1425 dicens
743 1387 760 1422 :
793 1368 1114 1423 Benedictus
1147 1365 1431 1430 Dominus,
1461 1364 1552 1434 qui
1590 1364 1738 1419 dedit

131 1461 392 1532 requiem
423 1458 620 1531 populo
647 1473 747 1512 suo
771 1457 960 1522 lsrael,
982 1455 1138 1527 juxta
1165 1455 1349 1511 omnia
1375 1470 1495 1525 quac
1523 1453 1736 1509 locutus

127 1563 266 1619 est;
296 1567 400 1607 non
431 1551 629 1607 cecidit
661 1565 728 1606 ne
759 1565 897 1605 unus
925 1551 1144 1621 quidem
1186 1563 1365 1604 sermo
1400 1547 1452 1602 in
1487 1547 1739 1603 omnibus

134 1659 269 1715 quae
301 1645 512 1700 locutus
549 1650 637 1698 est
667 1658 764 1714 per
802 1640 1020 1712 Moysen
1054 1656 1273 1698 servum
1310 1655 1490 1695 suum.
1519 1637 1604 1694 Sit
1635 1639 1740 1693 Do-

137 1737 327 1792 minus
349 1735 488 1790 Deus
509 1732 808 1798 nobiscum,
831 1733 973 1789 sicut
994 1731 1089 1788 fuit
1111 1747 1232 1787 cum
1255 1730 1498 1802 patribus
1517 1729 1735 1796 nostris,

138 1842 256 1882 non
289 1825 669 1895 derelinquens
700 1839 798 1880 nos
830 1838 1016 1894 neque
1043 1822 1365 1894 projiciens,
1395 1821 1490 1877 sed
1518 1821 1739 1876 inclinet

1836 629 2066 685 Domino
2089 627 2336 690 sacratis,
2359 634 2415 682 et
2439 642 2599 682 sacra
2627 627 2881 682 unctione
2906 643 2933 680 a
2958 627 3303 698 pontificibus
3328 627 3422 682 de—

1832 720 2022 776 libutis
2049 735 2148 791 pro
2177 733 2384 776 summa
2416 718 2500 790 (ut
2541 718 2820 790 przeﬁxum
2847 721 2952 789 est)
2983 719 3338 784 necessitate,
3368 728 3424 774 et

1836 826 1945 867 non
1981 826 2082 882 pro
2109 811 2261 866 libito
2295 809 2610 882 cujusquam
2646 819 2695 864 et
2734 810 2946 881 pigritia
2982 818 3190 882 agatur.
3235 809 3418 866 Satius

1834 919 1966 976 ergo
1991 913 2075 961 est
2105 904 2326 960 missam
2355 919 2460 959 non
2489 911 2730 970 cantare,
2761 913 2855 959 aut
2882 919 2991 959 non
3020 903 3227 968 audire,
3258 918 3421 974 quam

1836 994 1892 1050 in
1916 994 2020 1050 illis
2043 993 2176 1049 locis
2196 993 2280 1049 ubi
2304 993 2421 1048 ﬁeri
2445 1008 2547 1049 non
2571 1002 2807 1064 oportet,
2829 993 2933 1050 nisi
2958 993 3040 1066 (ut
3060 1009 3200 1074 szepe
3220 993 3420 1050 dictum

1838 1084 1941 1158 est)
1970 1101 2069 1157 pro
2097 1100 2310 1142 summa
2334 1085 2616 1154 contingat
2642 1085 3001 1148 necessitate,
3029 1084 3285 1153 quoniam
3322 1099 3420 1138 ne-

1833 1179 2061 1234 cessitas
2089 1194 2197 1233 non
2228 1177 2390 1234 habet
2409 1177 2606 1250 legem.
2633 1176 2788 1234 Unde
2816 1178 3077 1248 scriptum
3099 1185 3214 1232 est:
3248 1197 3268 1230 σ
3289 1177 3423 1231 Vide

1831 1284 1906 1324 ne
1931 1267 2128 1325 offeras
2156 1267 2470 1324 holocausta
2495 1275 2584 1322 tua
2617 1267 2670 1321 in
2696 1268 2842 1322 oraui
2870 1267 2986 1323 loco
3002 1281 3170 1336 quem
3199 1263 3422 1329 videris,

1831 1363 1932 1418 sed
1955 1363 2007 1418 in
2039 1362 2156 1419 loco
2178 1379 2338 1433 quem
2367 1362 2591 1433 elegerit
2630 1362 2888 1418 Dominus
2921 1363 3060 1417 Deus
3090 1369 3213 1415 tuus
3240 1359 3420 1433 (Deut.

1838 1471 1948 1520 xu,
1982 1455 2088 1527 l3).
2126 1475 2144 1508 ι
2179 1455 2246 1510 Et
2276 1456 2328 1512 in
2362 1455 2546 1510 Exodo
2575 1454 2810 1524 legitur:
2846 1471 2867 1504 ς
2900 1454 3009 1508 Vos
3041 1451 3274 1516 vidistis,
3297 1449 3424 1522 quia

1837 1549 1906 1604 de
1933 1548 2073 1605 coelo
2099 1547 2311 1605 locutus
2336 1565 2454 1604 sum
2487 1549 2658 1603 vobis.
2687 1546 2803 1602 Non
2831 1546 3043 1601 facietis
3073 1545 3200 1601 deos
3232 1559 3414 1614 argen-

1840 1649 1976 1707 teos,
2007 1653 2107 1695 nec
2141 1639 2270 1696 deos
2303 1653 2498 1694 aureos
2527 1638 2740 1695 facietis
2767 1637 2940 1692 vobis.
2969 1635 3156 1690 Altare
3185 1635 3250 1689 de
3279 1641 3422 1688 terra
3501 1624 3510 1632 κ

1835 1731 2054 1788 facietis
2080 1731 2252 1796 mihi,
2288 1740 2354 1786 et
2387 1730 2626 1786 offeretis
2663 1744 2824 1800 super
2863 1727 2991 1783 illud
3029 1727 3341 1783 holocausta
3368 1732 3426 1779 et

1838 1826 2064 1899 paciﬁca
2100 1836 2298 1883 vestra.
2330 1825 2470 1884 Oves
2496 1833 2713 1882 vestras
2739 1833 2793 1880 ot
2823 1822 3069 1879 bovesin
3105 1820 3252 1878 omni
3284 1819 3420 1883 loco.

122 1919 314 1976 vcorda
346 1925 534 1973 nostra
561 1917 629 1971 ad
659 1931 752 1982 se,
781 1923 840 1970 ut
871 1914 1209 1971 ambulemus
1241 1914 1296 1970 in
1333 1912 1600 1969 universis
1633 1913 1728 1968 viis

1831 1921 1888 1975 in
1934 1935 2043 1991 quo
2089 1919 2351 1976 memoria
2401 1918 2569 1974 fuerit
2620 1917 2856 1973 nominis
2905 1916 3008 1971 mei
3055 1913 3255 1985 (Exod.
3305 1928 3419 1978 xx,

131 2009 284 2079 ejus,
314 2019 368 2065 et
396 2007 769 2065 custodiamus
807 2007 1060 2063 mandata
1087 2005 1204 2075 ejus
1226 2014 1282 2060 et
1302 2005 1654 2061 caeremonias
1678 2013 1733 2060 et

129 2101 342 2171 judicia
372 2114 707 2170 quaecunque
734 2098 1010 2152 mandavit
1029 2097 1272 2169 patribus
1299 2097 1520 2160 nostris,
1545 2105 1602 2151 et
1624 2095 1733 2151 sint

137 2207 426 2248 sermones
452 2191 557 2247 mei
585 2190 673 2246 isti
698 2190 898 2262 quibus
925 2190 1243 2260 deprecatus
1271 2203 1390 2244 sum
1412 2203 1595 2244 coram
1629 2189 1733 2244 Do-

131 2282 296 2338 mino
333 2281 822 2352 appropinquantes
865 2279 1095 2335 Domino
1148 2278 1258 2334 Deo
1305 2286 1492 2334 nostro
1531 2277 1623 2334 die
1669 2293 1733 2334 ac

127 2382 330 2440 nocte,
376 2383 435 2428 ut
477 2371 644 2428 faciat
678 2371 940 2443 judicium
979 2387 1137 2427 servo
1177 2385 1278 2425 suo
1303 2379 1360 2426 et
1403 2369 1599 2441 populo
1629 2384 1733 2428 suo

135 2466 311 2524 Israel
331 2481 422 2538 per
445 2465 685 2539 singulos
701 2466 838 2533 dies,
860 2475 921 2520 ut
942 2465 1120 2520 sciant
1139 2479 1328 2520 omnes
1349 2463 1524 2535 populi
1550 2474 1730 2531 terrae,

127 2559 276 2630 quia
309 2559 562 2615 Dominus
593 2560 708 2630 ipse
734 2568 820 2614 est
854 2557 1013 2623 Deus,
1039 2566 1096 2614 et
1123 2571 1227 2612 non
1256 2564 1340 2612 est
1368 2556 1507 2613 alius
1529 2556 1732 2628 absque

133 2665 231 2707 eo.
262 2651 346 2708 Sit
371 2665 583 2722 quoque
611 2666 707 2708 cor
734 2658 978 2706 nostrum
1016 2649 1314 2721 perfectum
1346 2664 1468 2704 cum
1504 2649 1732 2706 Domino

139 2742 256 2798 Deo
281 2750 485 2808 nostro,
515 2751 575 2797 ut
601 2740 938 2797 ambulemus
967 2741 1019 2795 in
1047 2740 1284 2796 decretis
1309 2740 1443 2811 ejus,
1470 2749 1526 2796 et
1551 2748 1734 2797 custoo

135 2835 357 2892 diamns
392 2835 640 2890 mandata
672 2832 789 2904 ejus
817 2834 958 2890 sicut
996 2844 1053 2889 et
1088 2833 1266 2889 hodie.
1328 2833 1495 2906 Igitur
1539 2848 1635 2889 rex
1677 2841 1734 2890 ct

125 2925 506 2982 omnisisrael
535 2941 657 2982 cum
681 2941 744 2985 eo
767 2924 1118 2981 immolabant
1145 2924 1394 2980 victimas
1415 2939 1598 2980 coram
1625 2925 1732 2980 Do-

138 3016 310 3071 mino.
346 3015 702 3087 Mactavitque
748 3015 1232 3085 hostiaspacificas
1256 3029 1394 3084 quas
1435 3014 1733 3070 immolavit

137 3108 374 3164 Domino
398 3148 413 3173 ,
442 3109 604 3162 boum
633 3107 932 3179 vigintiduo
966 3105 1165 3171 millia,
1189 3106 1374 3161 ovium
1411 3113 1628 3160 centum
1650 3105 1732 3160 vi-

134 3199 278 3270 ginti
306 3198 494 3262 millia,
521 3210 576 3254 et
601 3198 986 3254 dedicaverunt
1013 3196 1273 3267 templum
1299 3195 1527 3251 Domino
1553 3210 1646 3251 rex
1672 3205 1728 3252 et

137 3289 241 3344 lilii
268 3289 451 3344 lsrael.
481 3288 538 3343 In
570 3288 658 3344 die
687 3287 776 3343 illa
807 3286 1169 3344 sanctiﬁcavit
1198 3300 1292 3341 rex
1328 3285 1562 3342 medium
1601 3286 1724 3340 atrii

123 3381 288 3454 quod
333 3390 450 3437 erat
491 3390 626 3436 ante
674 3381 892 3436 domum
941 3377 1173 3434 Domini.
1222 3377 1376 3433 Fecit
1420 3384 1601 3433 autem
1652 3377 1725 3434 ibi

135 3471 515 3528 holocaustum
551 3478 608 3525 et
639 3468 966 3525 sacrificium
1004 3475 1060 3524 et
1099 3466 1311 3538 adipem
1346 3465 1724 3537 .pacificorum,

132 3563 271 3635 quia
301 3561 472 3616 altare
507 3575 714 3616 aeneum
751 3559 894 3630 quod
912 3565 1041 3614 erat
1065 3572 1249 3613 coram
1293 3556 1522 3612 Domino
1548 3557 1726 3612 minus

128 3663 283 3720 erat,
312 3663 368 3711 et
398 3668 592 3723 capere
619 3667 724 3707 non
761 3657 974 3720 poterat
1017 3648 1384 3704 holocaustum
1417 3657 1474 3702 et
1519 3646 1727 3704 sacriﬁ-

123 3751 286 3806 cium
314 3756 369 3803 et
413 3747 624 3816 adipem
666 3743 1034 3815 paciﬁcorum.
1068 3742 1217 3800 Fecit
1251 3752 1430 3798 autem
1471 3741 1726 3800 Salomon

134 3844 195 3897 iu
223 3847 464 3910 tempore
485 3838 576 3895 illo
599 3838 944 3894 festivitatem
974 3836 1268 3902 celebrem,
1290 3845 1348 3892 et
1363 3837 1543 3894 omnis
1553 3836 1724 3894 israel

131 3945 266 3986 cum
295 3944 362 3984 eo
393 3927 676 3984 multitudo
707 3943 936 3998 magna,
965 3927 1036 3982 ab
1065 3926 1288 3983 introitu
1328 3926 1522 3982 Emath
1556 3939 1727 3998 usque

123 4021 209 4077 ad
240 4021 410 4075 rivum
442 4018 682 4090 Egypti,
708 4033 891 4074 coram
924 4017 1151 4073 Domino
1176 4016 1287 4072 Deo
1313 4025 1497 4073 nostro
1519 4025 1725 4088 septem

135 4114 333 4169 diebus
357 4122 412 4167 et
442 4122 648 4182 septem
676 4111 887 4176 diebus,
905 4109 956 4163 id
991 4119 1076 4165 est
1101 4109 1506 4179 quatuor-decim
1537 4110 1727 4167 diebus

123 4212 195 4260 et
242 4204 296 4258 in
345 4204 434 4259 die
480 4212 668 4257 octava
717 4200 923 4256 dimisit
969 4198 1192 4270 populos
1243 4197 1364 4270 (111
1409 4197 1538 4268 Reg.
1587 4213 1724 4263 VIII,

137 4295 354 4365 15-66).
389 4315 408 4348 ι
442 4292 610 4348 Judasi
643 4307 775 4364 ergo
808 4290 958 4355 loca,
988 4289 1040 4344 in
1071 4288 1266 4359 quibus
1299 4288 1525 4343 Domino
1558 4288 1727 4344 sacri-

131 4391 396 4455 ﬁcabant,
441 4387 637 4445 divinis
692 4385 964 4442 habebant
1007 4381 1485 4454 supplicationibus
1536 4396 1728 4438 conse-

127 4491 314 4544 crala,
343 4496 445 4536 nec
473 4480 526 4535 in
553 4478 674 4534 aliis
706 4492 868 4548 quam
897 4476 950 4530 iu
983 4475 1096 4530 Deo
1122 4474 1314 4530 dicatis
1340 4473 1475 4530 locis
1501 4489 1725 4530 munera

134 4571 371 4628 Domino
394 4567 712 4624 offerebant.
745 4565 802 4620 Si
837 4564 980 4620 enim
1005 4563 1174 4619 Judaei
1213 4562 1306 4633 qui
1349 4562 1552 4618 umbrae
1592 4562 1724 4632 legis

132 4660 557 4721 deserviebant,
599 4658 713 4712 lucc
758 4655 1066 4717 faciebant,
1108 4653 1278 4708 multo
1318 4654 1490 4723 magis
1528 4654 1722 4723 quibus

134 4749 345 4805 veritas
373 4748 636 4818 patefacta
667 4755 782 4811 est,
821 4753 876 4800 et
903 4744 1074 4814 gratia
1105 4753 1158 4799 et
1183 4744 1388 4798 veritas
1416 4759 1511 4814 per
1536 4743 1720 4801 desttm

125 4841 416 4899 Christum
460 4841 582 4894 data
619 4845 733 4903 est,
767 4836 974 4907 templa
1008 4835 1242 4890 Domino
1281 4835 1586 4901 aediﬁcare,
1631 4845 1719 4902 et,

134 4939 302 5002 prout
323 4929 514 4984 melius
539 4942 821 4998 possumus
838 4966 853 4991 ,
882 4941 1101 4991 ornare,
1129 4939 1302 4995 eaque
1330 4924 1526 4980 divinis
1546 4926 1724 4995 preci-

133 5025 242 5100 bqs
276 5032 330 5078 et
373 5022 574 5077 sanctis
617 5018 958 5075 unctionibus
1000 5017 1114 5071 suis
1157 5032 1280 5072 cum
1327 5015 1626 5080 altaribus,
1666 5026 1720 5071 et

135 5114 308 5178 vasis,
337 5113 576 5167 vestibus
595 5125 806 5181 quoque
828 5118 884 5163 et
909 5107 1132 5178 reliquis
1154 5109 1222 5163 ad
1243 5108 1482 5163 divinum
1510 5108 1715 5164 cultum

132 5204 457 5275 explendum
489 5201 804 5258 utensilibus
831 5201 1020 5254 devote
1046 5209 1100 5254 et
1123 5199 1436 5255 solemuiter
1469 5215 1717 5262 sacrare,

137 5305 196 5351 et
219 5310 330 5349 non
360 5295 412 5348 in
438 5293 558 5348 aliis
576 5307 736 5362 quam
766 5291 816 5346 in
845 5291 1070 5345 Domino
1093 5289 1320 5345 sacratis
1339 5289 1408 5345 ab
1431 5290 1717 5361 episcOpis,

135 5392 194 5439 et
225 5398 330 5438 non
359 5399 391 5438 a
426 5381 807 5452 corepiscopis,
838 5380 927 5450 qui
959 5393 1100 5449 saepe
1133 5379 1389 5450 prohibiti
1421 5389 1585 5444 sunt,
1617 5381 1718 5435 nisi

139 5474 228 5548 (ut
253 5475 564 5544 praedictum
589 5472 696 5544 est)
725 5487 932 5528 summa
960 5471 1206 5543 exigente
1246 5473 1567 5527 necessitate
1595 5473 1720 5528 mis-

139 5581 236 5621 sas
255 5565 547 5628 celebrare,
571 5579 670 5619 nec
693 5562 956 5618 sacriﬁcia
983 5563 1208 5619 Domino
1227 5562 1422 5618 offerre
1441 5565 1717 5620 debemus.

141 5656 207 5710 Et
240 5655 342 5710 hoc
379 5655 423 5709 si
454 5670 662 5709 summa
700 5655 998 5711 necessitas
1037 5670 1197 5725 agere
1225 5655 1578 5726 compulerit,
1611 5673 1718 5713 non

143 5762 181 5799 ιι
241 5745 521 5810 domibus,
550 5745 673 5815 quia
719 5746 772 5800 in
810 5746 981 5801 sacris
1017 5747 1316 5802 canonibus
1355 5748 1626 5803 sacriﬁcia
1666 5750 1718 5804 in

134 5830 392 5890 omnibus
417 5833 597 5893 oﬁ‘erri
636 5836 909 5907 prohibita
941 5845 1091 5903 sunt,
1125 5836 1219 5894 sed
1266 5837 1320 5894 in
1358 5837 1720 5897 tabernaculis

1753 3255 1801 3319 C

1830 2011 2044 2084 εει-ει).
2079 2031 2098 2064 ι
2142 2011 2209 2066 Et
2235 2010 2378 2066 sicut
2405 2024 2510 2065 non
2540 2008 2632 2063 alii
2658 2023 2820 2079 quam
2849 2006 3053 2063 sacrati
3080 2005 3308 2061 Domino
3333 2018 3420 2059 sa-

1821 2103 2078 2159 cerdotes
2101 2101 2301 2158 debent
2315 2101 2508 2156 missas
2528 2108 2770 2163 cantare,
2793 2111 2896 2153 nec
2915 2095 3182 2153 sacriﬁcia
3203 2091 3419 2158 offerre,

1832 2195 1914 2251 sic
1954 2210 2054 2251 nec
2087 2194 2144 2250 in
2182 2194 2302 2249 aliis
2338 2208 2501 2265 quam
2544 2192 2602 2247 in
2645 2189 2886 2263 pmfatis
2932 2189 3159 2244 Domino
3193 2186 3424 2243 sacratis

1835 2287 1969 2343 locis
1994 2286 2189 2342 missas
2221 2294 2462 2350 cantare,
2490 2293 2584 2339 aut
2615 2281 2880 2340 sacriﬁcia
2907 2280 3102 2336 offerre
3132 2277 3333 2335 licebit.
3363 2277 3420 2334 St

1831 2391 2016 2437 autem
2059 2388 2119 2435 ut
2158 2379 2356 2452 legitur
2399 2378 2456 2434 in
2493 2377 2723 2434 concilio
2741 2375 3071 2431 ‘Laodicensi
3096 2413 3111 2438 ,
3145 2386 3266 2442 cap.
3311 2369 3380 2425 26
3405 2412 3422 2429 .

1831 2473 1976 2544 quod
2010 2472 2099 2539 bi,
2134 2472 2225 2543 qui
2268 2486 2373 2526 non
2421 2477 2550 2525 sunt
2585 2469 2654 2524 ab
2697 2465 2967 2538 episcopis
3011 2461 3274 2539 ordinati.
3312 2471 3420 2515 tam

1831 2565 1888 2619 in
1920 2562 2187 2626 ecclesiis,
2216 2576 2379 2632 quam
2418 2560 2472 2616 in
2509 2557 2762 2614 domibus
2797 2555 3114 2612 exorcizare
3146 2567 3252 2608 non
3291 2566 3418 2622 pos-

1830 2665 1988 2722 sunt;
2029 2654 2201 2710 multo
2230 2653 2402 2724 magis
2443 2650 2663 2720 majoris
2698 2650 2898 2722 gradus
2939 2645 3272 2712 ministeria,
3315 2643 3420 2700 nisi

1830 2749 1901 2804 ab
1927 2747 2216 2818 episcopis,
2245 2746 2337 2816 qui
2365 2745 2431 2799 ad
2467 2759 2560 2800 eos
2589 2743 2790 2816 gradus
2821 2749 2948 2798 sunt
2972 2739 3190 2804 sacrati,
3221 2737 3419 2810 quibus

1831 2837 1980 2910 fungi
2025 2836 2225 2893 debent
2259 2833 2431 2893 cilicia
2462 2835 2588 2906 agi,
2636 2832 3019 2890 velsacriﬁcia
3048 2829 3230 2886 oﬁ'erri
3269 2829 3415 2885 licet.

1820 2931 1985 2998 Quod
2010 2928 2298 3002 autemfut
2319 2929 2483 3001 paulo
2508 2928 2756 3000 superius
2779 2925 3114 2998 praelibatum
3139 2922 3243 2993 est)
3269 2921 3419 2980 obla-

1832 3023 2007 3079 tiones
2033 3023 2089 3078 in
2115 3023 2364 3078 domibus
2393 3021 2576 3076 offerri
2606 3035 2710 3076 non
2743 3019 2962 3083 dement,
2992 3017 3046 3072 in
3076 3017 3264 3072 eodem
3289 3031 3420 3071 con-

1829 3113 1956 3169 cilio
1983 3128 2104 3184 cap.
2133 3112 2236 3179 59‘,
2277 3112 2606 3182 prohibitum
2627 3111 2800 3167 habet
2827 3111 2901 3165 ita
2927 3128 2942 3164 :
2974 3109 3090 3164 Non
3121 3117 3334 3180 oportet
3363 3111 3417 3162 in

1832 3204 2080 3260 domibus
2108 3203 2408 3260 oblationes
2442 3202 2704 3259 celebrari
2731 3196 3089 3274 ab'episcOpis
3116 3211 3170 3258 et
3197 3201 3420 3274 presby-

1831 3297 1994 3362 teris;
2024 3296 2393 3353 solemnitates
2413 3311 2543 3353 vero
2569 3297 3332 3354 dedicationumecclesiarum
3360 3305 3419 3350 et

1827 3386 2173 3443 sacerdotum
2222 3401 2320 3457 per
2363 3377 2604 3458 singulos
2651 3401 2820 3443 annos
2866 3394 2991 3444 sunt
3040 3385 3414 3451 celebrandae,

1821 3479 1946 3549 ipso
1980 3479 2206 3534 Domino
2236 3479 2481 3550 exempla
2525 3479 2716 3544 dante,
2737 3482 2838 3550 qui
2866 3479 2932 3537 ad
2963 3480 3164 3538 festum
3201 3479 3417 3536 dedica-

1829 3568 1992 3624 tionis
2035 3567 2215 3639 templi
2256 3569 2510 3625 omnibus
2555 3567 2608 3623 id
2655 3567 2956 3626 faciendum
3000 3570 3133 3626 dans
3159 3569 3412 3637 formam,

1826 3672 1948 3712 CIIII]
1963 3656 2184 3726 reliquis
2197 3657 2405 3729 populis
2419 3659 2663 3714 eamdem
2682 3658 3028 3716 festivitatem
3045 3660 3253 3716 celebra
3262 3669 3416 3717 turus

1817 3748 2006 3812 venit,
2036 3747 2179 3802 sicut
2214 3747 2471 3816 scriptum
2498 3756 2580 3803 est
2603 3766 2620 3803 γε
2662 3748 2873 3805 «Facta
2920 3760 3046 3806 sunt
3087 3751 3325 3806 cncmnia
3357 3751 3413 3806 iu

1821 3834 2219 3908 Hierosolymis
2257 3845 2311 3892 ct
2354 3837 2525 3895 hiems
2557 3847 2694 3894 erat.
2725 3841 2792 3896 Et
2823 3841 3132 3896 ambulabat
3168 3840 3324 3898 Jcsus
3353 3842 3409 3897 in
3511 3910 3516 3915 ἢ

1827 3928 2048 4000 templo,
2086 3929 2141 3985 in
2174 3930 2384 4000 porticu
2413 3930 2717 3988 Salomonis
2761 3932 2942 4004 (Joan.
2978 3949 3033 3997 x,
3058 3934 3172 4006 28).
3205 3953 3224 3987 ι
3256 3934 3411 4004 Quod

1826 4029 2006 4075 autem
2029 4028 2155 4076 octo
2178 4021 2387 4076 dierum
2419 4021 2531 4077 sint
2554 4023 2790 4079 encaenia
2814 4022 3160 4090 celebranda,
3191 4024 3246 4081 in
3271 4024 3410 4082 libro

1827 4113 2032 4184 Regum
2064 4123 2280 4184 peracta
2310 4114 2645 4170 dedicatione
2669 4115 2855 4186 templi
2900 4118 3136 4188 reperies

1890 4203 1959 4258 ll.
1999 4203 2073 4258 De
2113 4203 2465 4259 ecclesiarum
2510 4205 2917 4260 consecratione
2955 4205 3168 4276 quoties
3199 4207 3404 4262 dubita-

1825 4300 1935 4358 tur,
1966 4301 2022 4347 ct
2046 4309 2145 4349 nec
2172 4302 2318 4348 certa
2348 4293 2634 4362 scriptura,
2665 4309 2764 4350 nec
2791 4295 2922 4350 certi
2955 4305 3122 4352 testes
3144 4298 3406 4358 existunt.

1825 4398 1854 4436 a
1904 4382 2099 4452 quibus
2138 4383 2476 4438 consecratio
2518 4383 2744 4450 sciatur,
2788 4385 2992 4456 absque
3037 4387 3142 4440 ulla
3191 4387 3405 4441 dubita-

1825 4475 1971 4530 tione
2003 4474 2196 4530 scitote
2220 4489 2314 4530 eas
2351 4489 2470 4529 esse
2514 4479 2907 4533 consecrandas
2930 4519 2944 4538 .
2987 4495 3086 4534 nec
3134 4479 3254 4533 talis
3296 4487 3406 4534 trc-

1826 4565 2030 4638 pidatio
2056 4563 2225 4622 faciat
2255 4567 2729 4624 deleriorationem
2756 4609 2771 4633 ,
2803 4570 3058 4638 quoniam
3100 4587 3204 4626 non
3247 4588 3404 4625 tuon-

1828 4667 2034 4714 stratur
2069 4673 2191 4714 esse
2232 4659 2516 4725 iteratum,
2554 4661 2696 4731 quod
2746 4661 2988 4716 nescitur
3016 4661 3239 4721 factum.
3274 4663 3402 4729 His,

1827 4747 2045 4814 fratres,
2087 4750 2408 4805 testimoniis
2455 4751 2854 4820 Scripturarum
2891 4752 3184 4822 apostolica
3219 4764 3405 4810 aucto-

1828 4841 1989 4895 ritate
2015 4841 2276 4896 consultis
2301 4840 2497 4896 Vcstris
2517 4841 2752 4898 breviter
2783 4845 3122 4915 respondisse
3149 4845 3399 4904 sufﬁciat.

1826 4930 1991 4986 Vobis
2019 4939 2193 4986 tamen
2220 4933 2616 5002 prmvidendum
2645 4945 2725 4990 est
2749 4946 2802 4991 et
2827 4937 3076 4993 omnibus
3094 4940 3402 5009 praedican-

1825 5020 1952 5075 dum
1991 5029 2049 5076 ut
2091 5022 2277 5078 illicita
2326 5039 2434 5078 non
2483 5033 2736 5094 agantur,
2784 5035 2840 5081 et
2871 5026 3086 5083 Domini
3134 5042 3402 5104 pra’cepta

1819 5121 2209 5166 conserventur
2235 5123 2290 5168 et
2341 5113 2572 5170 ﬁdeliter
2597 5127 2942 5188 peragantur.
2987 5119 3261 5193 Rogamus
3302 5139 3400 5179 au~

1822 5212 1932 5258 tem
1981 5219 2076 5260 vos
2104 5245 2119 5271 ,
2169 5204 2411 5271 fratres,
2458 5215 2519 5261 ut
2560 5208 2702 5263 dicta
2746 5209 2983 5280 Apostoli
3028 5205 3395 5283 replicemus':

1825 5313 1846 5346 ‹
1872 5293 2140 5366 Corripite
2163 5297 2451 5368 inquietos,
2475 5299 2828 5356 consolamini
2861 5303 3251 5373 pusillanimes,
3275 5324 3396 5364 sus-

1821 5387 1990 5458 cipite
2032 5388 2301 5455 inﬁrmos,
2341 5391 2614 5462 patientes
2651 5401 2822 5450 estote
2854 5396 2920 5452 ad
2966 5413 3174 5454 omnes.
3209 5399 3401 5457 Videte

1823 5494 1890 5534 nc
1919 5481 2040 5551 quis
2069 5481 2267 5536 malum
2301 5498 2399 5554 pro
2434 5484 2576 5541 malo
2611 5485 2769 5541 alicui
2805 5488 3026 5554 reddat,
3063 5491 3158 5546 sed
3187 5506 3402 5562 semper

1822 5569 1964 5638 quod
2003 5569 2202 5624 bonum
2237 5581 2321 5626 cst
2367 5574 2646 5628 sectamini
2681 5575 2734 5630 in
2781 5576 3010 5648 invicem
3036 5621 3051 5644 ,
3083 5588 3137 5634 et
3185 5581 3239 5636 in
3283 5596 3401 5637 om-

1822 5677 1938 5718 nes.
1972 5661 2197 5734 Semper
2237 5665 2466 5736 gaudete
2488 5707 2504 5732 ,
2547 5667 2663 5724 sine
2698 5669 3096 5728 intermissione
3135 5683 3308 5739 orate,
3345 5674 3398 5729 in

1821 5751 2072 5809 omnibus
2110 5755 2311 5824 gratias
2339 5755 2501 5827 agite.
2552 5756 2674 5813 llaec
2712 5768 2795 5814 est
2829 5759 2974 5815 enim
3017 5761 3263 5818 voluntas
3304 5761 3399 5818 Dei

1817 5843 1876 5898 in
1919 5842 2133 5902 Christo
2171 5844 2296 5902 Jesu
2347 5847 2400 5902 in
2432 5847 2682 5905 omnibus
2717 5849 2889 5906 vobis.
2935 5849 3194 5923 Spiritum
3234 5852 3399 5910 mlite
