3974 6442
536 424 675 513 tuos

1283 443 1572 504 APPEND.
1612 442 1705 499 AD
1743 438 1917 500 SEC.
1948 438 2037 497 IX.
2079 470 2151 483 -—
2185 438 2436 500 lSlDORl
2468 440 2915 500 MERCATORIS

3674 439 3835 497 ωσι

533 538 909 642 exstinguere;
947 562 1260 638 propltetias
1298 560 1465 617 nolite
1497 571 1773 631 spernere.
1805 551 1998 610 Omnia
2027 568 2119 607 au-
2147 555 2197 616 Α
2223 554 2368 609 enim
2422 548 2579 609 illius
2615 554 2863 624 longan'i.
2915 553 2971 609 In
3009 552 3283 609 thesauris
3326 551 3610 623 sapientia:
3650 554 3832 608 intel-

536 679 646 724 tetn
674 666 927 739 probate,
951 658 1094 731 quod
1120 659 1321 714 bonum
1355 663 1438 711 est
1468 662 1669 709 tenete.
1700 650 1784 706 Ab
1814 647 1960 705 omni
2001 661 2126 717 spe-

532 760 621 817 cie
657 755 794 814 mala
830 753 1095 810 abstinete
1120 765 1235 806 vos.
1265 747 1386 820 Ipse
1415 754 1594 802 autem
1636 743 1779 799 Deus
1823 740 1971 812 pacis
1998 754 2127 795 san-

536 850 737 907 ctiﬁcet
770 861 869 903 vos
911 859 1009 916 per
1047 857 1260 906 omnia,
1306 846 1367 893 ut
1407 838 1615 907 integer
1661 832 1886 904 spiritus
1927 837 2125 893 vester,

537 950 594 997 et
626 932 807 995 anima
838 944 893 993 et
930 928 1128 1005 corpus
1159 933 1276 987 sine
1309 927 1525 1000 querela
1566 927 1619 982 in
1651 925 1880 980 adventu
1914 918 2126 976 Domini

536 1031 710 1087 nostri
737 1028 866 1086 Jesu
898 1024 1099 1083 Christi
1129 1031 1375 1079 servetur
1409 1018 1465 1092 (1
1499 1018 1675 1073 Thess.
1707 1031 1760 1082 v,
1796 1014 1903 1085 M).
1938 1031 1958 1066 ι
1993 1013 2128 1067 Data

534 1120 803 1179 Kalendas
832 1116 1034 1183 Martii,
1064 1112 1360 1186 Lampadio
1385 1120 1445 1167 et
1471 1108 1665 1166 Oreste
1695 1104 1758 1161 IV
1790 1101 2125 1160 consulibus.

679 1212 921 1286 Epistola
946 1209 1181 1283 ejusdem
1208 1202 1566 1263 exhortatoria
1583 1200 1663 1275 ad
1694 1196 1968 1254 Sabinam.

564 1374 567 1375 ν
608 1306 894 1382 Singulare
914 1302 1215 1360 membrum
1238 1297 1498 1360 Ecclesiae
1517 1303 1622 1351 tuae
1641 1290 1918 1382 religionis
1937 1286 2130 1382 ampli:

539 1378 781 1459 tudinem
827 1398 1100 1462 existere,
1150 1403 1209 1450 et
1253 1406 1286 1447 a
1330 1388 1486 1446 nobis
1518 1381 1976 1468 reverendissime
2020 1378 2127 1435 coli

538 1495 674 1551 satis
694 1499 779 1549 est
816 1489 1069 1547 omnibus
1110 1481 1499 1544 manifestum;
1545 1478 1599 1533 in
1644 1476 1761 1548 ipso
1802 1471 2128 1543 enimwapice

539 1584 838 1644 nobilitatis
887 1579 1056 1637 multo
1105 1574 1425 1632 nobiliorem
1476 1568 1735 1626 Ecclesia:
1785 1564 2127 1622 devotionem

539 1675 808 1750 impendis
826 1715 840 1742 ,
869 1682 926 1729 et
951 1669 1125 1741 magis
1149 1668 1271 1723 laata
1300 1663 1503 1722 Christi
1535 1660 1822 1750 agnitione,
1844 1654 2129 1730 praceptis

538 1773 657 1845 cjns
688 1769 1072 1837 obtemperas,
1107 1770 1163 1817 et
1206 1758 1263 1814 in
1308 1755 1415 1813 ﬁde
1456 1753 1636 1826 potius
1676 1749 1918 1806 exsultas
1961 1762 2127 1845 quam

538 1840 678 1920 tanti
705 1857 919 1933 generis
948 1855 1078 1911 ﬁore
1099 1850 1344 1922 jactaris.
1371 1848 1596 1904 Summa
1618 1844 1793 1900 virtus
1819 1850 1903 1933 est
1931 1840 2127 1933 vicisse

2229 646 2402 703 lectus
2452 655 2511 703 et
2563 646 2807 703 scientiae
2857 645 3183 718 religiositas
3216 685 3233 712 ,
3279 644 3593 700 exsecratio
3641 656 3837 700 autem

2229 738 2608 809 peccatoribus
2646 738 2936 810 sapientia.
2973 738 3162 793 Timor
3203 737 3415 793 Domini
3444 736 3673 807 expellit
3699 752 3837 807 pee-

2228 840 2440 899 catum;
2477 848 2604 888 nam
2632 832 2722 903 qui
2771 833 2889 889 sine
2918 833 3116 890 timore
3159 841 3264 899 est,
3298 848 3404 888 non
3443 834 3647 904 poterit
3666 834 3841 904 justi-

2231 925 2383 981 ﬁcari
2411 943 2426 980 :
2455 925 2737 980 iracundia
2779 926 2924 981 enim
2953 924 3315 980 animositatis
3342 925 3508 990 illius,
3542 926 3840 980 subversio

2230 1017 2373 1075 illius
2409 1027 2510 1074 est.
2551 1016 2739 1089 Usque
2777 1018 2829 1073 in
2884 1026 3097 1087 tempus
3142 1017 3435 1073 sustinebit
3469 1017 3693 1088 patiens
3716 1058 3735 1081 ,
3783 1028 3839 1072 et

2227 1118 2415 1183 postea
2447 1110 2681 1165 redditio
2715 1109 3093 1181 iucunditatis.
3125 1107 3305 1164 Bonus
3333 1123 3530 1163 sensus
3558 1123 3739 1177 usque
3766 1110 3837 1164 ad

2242 1210 2457 1272 tempus
2504 1202 2804 1257 abscondet
2829 1202 2996 1256 verba
3024 1201 3186 1267 illius,
3234 1210 3288 1256 et
3336 1200 3483 1254 labia
3528 1200 3834 1256 multorum

2229 1292 2563 1348 enarrabunt
2612 1306 2832 1347 sensum
2888 1291 3048 1347 illius.
3115 1290 3173 1346 In
3224 1291 3494 1347 thesauris
3544 1292 3838 1362 sapientia

2227 1381 2554 1450 signiﬁcatio
2600 1381 2930 1452 disciplinae;
2982 1382 3286 1438 exsecratio
3319 1392 3503 1437 autem
3554 1384 3833 1453 peccem

2229 1455 2441 1528 cultura
2488 1471 2606 1527 Dei.
2657 1470 2758 1527 Fili
2788 1513 2804 1538 ,
2837 1472 3227 1542 concupiscens
3251 1473 3580 1544 sapientiam
3606 1514 3623 1539 ,
3674 1489 3836 1529 serva

2222 1562 2583 1644 justitiam,et
2603 1563 2747 1618 Deus
2765 1563 3024 1634 praebebit
3045 1563 3189 1619 illam
3219 1564 3335 1619 tibi.
3361 1563 3649 1635 Sapientia
3688 1568 3834 1622 enim

2227 1661 2283 1708 et
2304 1651 2587 1723 disciplina
2611 1651 2774 1707 timor
2802 1652 3034 1714 Domini.
3058 1653 3235 1708 ethoc
3254 1655 3397 1722 quod
3424 1653 3834 1725 beneplacitum

2226 1750 2311 1798 est
2325 1741 2399 1798 illi
2424 1739 2559 1797 ﬁdes
2573 1752 2629 1797 et
2653 1742 3029 1808 mansuetudo,
3042 1750 3099 1798 et
3122 1743 3438 1812 adimplebit
3456 1746 3753 1799 thesauros
3774 1745 3834 1797 ii-

2229 1831 2356 1890 lius.
2384 1832 2691 1889 Contumax
2716 1847 2822 1887 non
2842 1833 2917 1887 sis
2936 1841 2991 1886 et
3012 1832 3345 1888 Incredibilis
3368 1834 3551 1888 timori
3585 1834 3831 1895 Domni,

540 1923 767 2028 gloriam
805 1946 1015 2010 carnis,
1045 1952 1101 1999 et
1138 1953 1333 2012 magna
1371 1946 1456 1994 est
1482 1934 1683 1992 Christi
1729 1931 1901 2005 gratia
1932 1928 2127 1986 nobili-
2157 1936 2204 1996 Β
2231 1932 2287 1980 et
2317 1939 2385 1980 ne
2423 1924 2725 1980 accesseris
2768 1924 2836 1979 ad
2879 1923 3028 1978 illum
3072 1923 3268 1994 duplici
3300 1924 3483 1978 corde.
3541 1923 3623 1978 Ne
3660 1926 3833 1980 fueris

542 2015 709 2100 iidem
745 2037 987 2095 moribus
1015 2043 1299 2103 superasse
1320 2067 1336 2094 ,
1367 2023 1584 2082 domina
1626 2021 1737 2077 ﬁlia
1769 2018 1962 2075 merito
2002 2015 2127 2072 illu-

539 2133 695 2191 stris.
731 2128 891 2188 Certa
934 2125 1100 2198 igitur
1125 2122 1363 2177 existens
1391 2155 1408 2185 ,
1437 2113 1787 2171 dilectissima
1808 2150 1824 2176 ,
1871 2110 1996 2165 vita:
2030 2107 2132 2163 bu—

536 2225 629 2299 ius
673 2232 1008 2295 quaecunque
1045 2224 1174 2271 sunt
1213 2210 1386 2283 spatia
1432 2204 1673 2299 aeternis
1698 2201 2006 2299 divinisque
2045 2198 2130 2254 of-

541 2291 710 2373 i'iciis—
748 2311 1021 2368 illustrare
1085 2301 1351 2361 contende
1382 2337 1398 2366 ,
1463 2305 1524 2351 nt
1582 2294 1676 2365 qui
1741 2291 2010 2363 insignem
2082 2297 2134 2343 te

542 2400 798 2479 praestitit
828 2442 843 2470 ,
887 2398 1079 2455 reddat
1120 2393 1222 2451 sibi
1270 2406 1368 2464 per
1405 2386 1599 2446 saecula
1640 2383 1949 2479 clariorem.
1988 2377 2135 2447 Qua-

542 2474 767 2573 propter
831 2502 982 2551 tuam
1047 2491 1330 2546 hortamur
1390 2480 1733 2573 dilectionem
1812 2483 1873 2530 ut
1933 2474 2133 2573 bonum

541 2567 686 2665 quod
714 2586 927 2661 cmpisti
957 2597 1171 2653 semper
1202 2576 1415 2648 impleri
1458 2590 1565 2665 non
1605 2569 1847 2665 diﬁ'eras,
1874 2567 2001 2665 quia
2025 2580 2134 2665 non

540 2658 819 2740 laudatur-
846 2676 1064 2734 initium
1128 2670 1227 2727 sed
1276 2669 1422 2723 ﬁnis.
1502 2661 1839 2735 Sapientiam
1885 2658 2032 2713 enitn
2081 2664 2135 2711 te

542 2776 830 2832 hortamur
857 2767 1080 2838 diligere
1127 2771 1185 2819 et
1231 2757 1502 2822 scrutari,
1531 2763 1594 2810 ut
1643 2750 2036 2808 rationaniliter
2083 2755 2138 2802 et

494 2919 515 2936 ρ
544 2868 820 2941 sapienter
866 2862 1122 2931 disponas
1150 2863 1205 2911 et
1242 2852 1454 2925 iudices
1481 2862 1546 2941 ea
1571 2859 1691 2917 quae
1716 2843 1812 2899 tibi
1835 2839 2137 2941 com-missa

544 2929 693 3025 sunt,
721 2957 936 3012 dicente
953 2929 1190 3007 Domino
1219 2960 1316 3018 per
1338 2940 1665 3012 Prophetam
1716 2950 1733 2991 :
1778 2952 1799 2986 ι
1835 2929 2136 2987 Erudimini

545 3051 638 3122 qui
680 3046 935 3119 iudicatis
974 3052 1174 3099 terram
1222 3035 1398 3111 (Ptol.
1449 3049 1536 3101 tt,
1585 3030 1769 3122 10).“:
1807 3026 1963 3082 Time
2009 3038 2138 3122 ergo

545 3114 860 3202 Dominum,
884 3142 942 3191 et
968 3130 1224 3188 mandata
1249 3126 1366 3198 ejus
1392 3137 1570 3188 serva,
1591 3129 1649 3178 et
1674 3118 1837 3190 dilige
1861 3130 1985 3173 eum
2013 3114 2140 3170 totis

544 3225 892 3291 visceribus,
945 3230 1001 3278 et
1073 3218 1381 3292 proximum
1454 3221 1605 3268 tuum
1675 3209 1820 3265 sicut
1884 3203 2135 3276 telpsum.

2232 2015 2515 2089 hypocrita
2530 2016 2583 2070 in
2602 2024 2893 2086 conspectu
2921 2015 3223 2080 hominum,
3245 2022 3301 2070 et
3316 2031 3420 2071 non
3435 2016 3834 2071 seandalizeris

2232 2108 2395 2181 265
2417 2109 2471 2164 in
2498 2108 2656 2165 labiis
2682 2109 2810 2163 tuis.
2842 2108 3073 2163 Attende
3103 2107 3155 2162 in
3187 2107 3295 2163 illis
3330 2122 3396 2162 ne
3425 2107 3567 2163 forte
3587 2110 3836 2165 radaset

2233 2213 2408 2270 ponas
2451 2198 2767 2255 scandalum
2806 2198 3001 2253 animae
3040 2204 3166 2261 tum,
3213 2205 3269 2252 et
3297 2196 3542 2253 adducas
3591 2197 3834 2254 inhono-

2236 2292 2501 2346 rationem
2531 2291 2648 2356 tibi,
2686 2298 2742 2346 et
2775 2289 2981 2346 revelet
3012 2288 3153 2344 Dens
3202 2288 3465 2344 absconsa
3504 2299 3593 2344 tua
3626 2289 3829 2360 (Eedi.

2233 2395 2276 2448 ι,
2301 2380 2476 2451 9-40).
2513 2380 2620 2436 Pro
2650 2380 2755 2435 ﬁde
2798 2389 2851 2436 et
2875 2378 3087 2450 justitia
3130 2393 3193 2434 ac
3247 2394 3347 2448 pro
3388 2377 3562 2434 salute
3624 2382 3829 2436 anima

2236 2481 2384 2530 certa
2420 2487 2638 2544 semper
2672 2481 2729 2527 et
2751 2489 2851 2543 pro
2876 2470 3145 2541 adiutorio
3172 2470 3404 2527 fratrum
3432 2472 3674 2528 viriliter
3711 2490 3831 2545 age,

2238 2572 2300 2620 ιιι
2343 2579 2374 2619 a
2420 2563 2650 2618 Domino
2700 2562 2937 2633 recipias
2984 2561 3499 2617 remunerationem.
3547 2561 3830 2633 Scriptum

2237 2661 2323 2710 est
2348 2652 2492 2708 enim
2522 2667 2539 2706 :
2577 2671 2596 2706 ι
2636 2651 2760 2719 Fili,
2788 2666 3049 2708 conserva
3080 2660 3293 2722 tempus
3320 2663 3375 2707 et
3400 2652 3573 2707 devita
3599 2668 3636 2706 a
3667 2653 3833 2708 malo.

2237 2745 2346 2801 Pro
2366 2745 2547 2800 anima
2588 2755 2676 2801 tua
2714 2761 2823 2801 non
2853 2743 3207 2801 confundat-is
3259 2743 3442 2801 dicere
3485 2759 3710 2800 verum.
3742 2746 3834 2800 Est

2236 2838 2382 2893 enim
2412 2836 2660 2893 confusio
2699 2837 2978 2893 adducens
3024 2844 3327 2902 peccatum,
3370 2846 3427 2893 et
3462 2846 3546 2894 est
3570 2837 3833 2893 confusio

2238 2926 2515 2984 adducens
2537 2928 2768 2999 gratiam
2789 2936 2846 2983 et
2868 2927 3116 2998 gloriam.
3145 2925 3481 2997 Neaccipias
3506 2925 3715 2982 faciem
3742 2929 3835 2983 ad-

2239 3032 2432 3075 versus
2466 3017 2664 3074 faciem
2709 3026 2876 3082 tuam,
2931 3012 3032 3073 n'ec
3080 3017 3343 3073 adversus
3397 3018 3642 3073 animam
3690 3028 3831 3073 tuam

2239 3110 2604 3166 mendacium.
2626 3109 2741 3165 Non
2772 3110 3073 3165 reverearis
3100 3111 3407 3181 proximum
3435 3119 3584 3165 tuum
3614 3111 3677 3164 in
3704 3128 3833 3167 casa

2242 3211 2361 3269 tuo,
2390 3216 2492 3258 nec
2540 3201 2775 3257 retineas
2824 3202 3047 3257 verbum
3074 3202 3127 3256 in
3160 3211 3402 3272 tempore
3448 3201 3670 3256 salutis.
3719 3202 3830 3257 Non

552 3342 572 3375 ι
621 3321 763 3376 Deus
811 3314 1108 3373 altissimus
1156 3309 1364 3367 creavit
1414 3302 1734 3377 sapientiam
1798 3300 1854 3354 in
1930 3294 2134 3366 Spiritu
2163 3303 2208 3367 ο
2240 3294 2544 3352 abscondas
2576 3292 2895 3364 sapientiam
2927 3302 3075 3348 tuam
3121 3294 3176 3348 in
3207 3292 3404 3349 decore
3442 3294 3581 3364 ejus.
3630 3292 3695 3348 In
3726 3294 3828 3348 lin—

546 3420 737 3473 sancto
753 3450 769 3478 ,
815 3419 873 3466 et
895 3406 1033 3463 vidit
1060 3413 1115 3461 et
1143 3398 1509 3460 dinumeravit
1533 3392 1678 3462 eam,
1702 3402 1758 3449 et
1786 3404 2007 3447 mensus
2033 3396 2136 3453 est,

546 3515 605 3564 et
639 3501 832 3561 effudit
867 3499 1017 3556 illam
1060 3509 1230 3568 super
1268 3490 1448 3549 omnia
1492 3503 1659 3561 opera
1704 3500 1830 3551 sua,
1876 3491 1933 3537 et
1978 3493 2141 3550 super

545 3612 763 3657 omnem
790 3608 1011 3653 carnem
1046 3587 1340 3648 secundum
1367 3587 1552 3643 datum
1586 3596 1741 3639 suum
1765 3620 1781 3646 ,
1829 3586 1882 3634 et
1911 3574 2142 3649 praebuit

547 3696 696 3751 illam
724 3690 1079 3763 diligentibus
1125 3700 1206 3741 se.
1256 3681 1447 3738 Timor
1473 3675 1687 3735 Domini
1738 3672 1908 3747 gloria
1939 3667 2137 3763 e_tgglo-

546 3788 732 3855 riatio,
784 3758 851 3841 etv
872 3780 1081 3846 laetitia,
1144 3784 1202 3832 et
1247 3772 1447 3829 cerena
1495 3764 1893 3825 exsultationis.
1955 3758 2143 3815 Timor

546 3877 763 3939 Domini
821 3871 1116 3931 delectabit
1157 3883 1277 3935 cor,
1325 3873 1382 3920 et
1435 3861 1586 3919 dabit
1612 3858 1850 3914 laetitiam
1901 3863 1955 3911 et
2012 3868 2142 3926 gau-

547 3974 699 4029 diunt
750 3971 806 4025 in
854 3962 1255 4039 longitudinetn'
1299 3958 1531 4014 dierum.
1571 3951 1807 4009 Timenti
1855 3948 2141 4005 Dominum

548 4065 691 4120 bene
737 4061 842 4117 erit
872 4059 925 4114 in
977 4052 1261 4117 extremis,
1301 4048 1435 4105 etin
1484 4045 1572 4103 die
1623 4040 1979 4099 defunctionis
2033 4051 2145 4093 suae

546 4154 917 4214 benedicatur.
981 4145 1211 4203 Dilectio
1279 4141 1374 4197 Dei
1430 4135 1764 4195 honorabilis
1826 4130 2138 4203 sapientia;

546 4251 744 4325 quibus
773 4254 956 4302 autem
997 4236 1313 4314 apparuerit
1365 4234 1419 4290 in
1446 4232 1589 4297 visu,
1637 4228 1869 4299 diligttnt
1912 4238 2045 4325 eam.
2088 4222 2143 4276 in

543 4313 760 4400 visione
795 4346 850 4395 et
880 4337 933 4393 in
974 4313 1252 4408 agnitione
1297 4323 1623 4399 magnalium
1653 4332 1897 4378 suorum.
1922 4313 2141 4408 Initium

547 4433 831 4508 sapientia:
856 4407 1018 4486 timor
1051 4422 1288 4489 Domini,
1335 4430 1391 4477 ct
1436 4433 1574 4508 cutn_
1610 4413 1858 4508 ﬁdelibus
1985 4407 2145 4463 vulva

546 4499 870 4583 eohcreatus
915 4526 1019 4585 est,
1050 4522 1106 4572 et
1151 4527 1274 4569 cum
1320 4509 1510 4566 electis
1552 4503 1767 4562 feminis
1797 4499 2056 4574 graditur,
2090 4505 2146 4553 et

547 4633 671 4675 cum
704 4612 868 4684 iustis
913 4617 968 4664 et
1012 4604 1259 4662 ﬁdelibus
1303 4598 1641 4672 agnoscitur.
1693 4594 1880 4649 Timor
1926 4588 2138 4684 Domini

2238 3399 2343 3455 gua
2375 3383 2523 3438 enim
2558 3384 2870 3455 agnoscitur
2900 3382 3191 3454 sapientia,
3233 3390 3289 3438 et
3316 3396 3532 3447 sensus,
3566 3394 3628 3437 et
3656 3384 3831 3439 scien-

2242 3476 2333 3539 tia,
2366 3484 2423 3532 et
2449 3475 2696 3531 doctrina
2724 3475 2778 3530 in
2809 3476 2988 3529 verbis
3028 3474 3295 3541 veritatis,
3335 3483 3392 3529 et
3419 3474 3829 3531 firmamentum

2240 3567 2296 3622 in
2329 3567 2586 3639 operibus
2611 3567 2859 3639 justitiaa.
2888 3565 3005 3622 Non
3058 3567 3405 3623 contradicas
3451 3569 3681 3623 veritati
3728 3569 3831 3624 alia)

2240 3660 2425 3725 modo,
2449 3669 2507 3715 et
2527 3660 2595 3715 de
2616 3659 2899 3714 mendacio
2919 3660 3300 3716 ineruditionis
3340 3661 3827 3719 tuaaconfundere.

2240 3751 2359 3808 Non
2385 3750 2739 3807 confundaris
2779 3750 3026 3807 conﬁteri
3056 3761 3285 3821 peccata
3324 3761 3438 3817 tua,
3469 3761 3531 3807 et
3558 3769 3632 3809 ne.
3672 3753 3831 3822 subji-

2241 3844 2355 3899 cias
2393 3853 2447 3899 te
2486 3843 2692 3898 homini
2740 3857 2841 3913 pro
2873 3851 3120 3913 peccato.
3165 3842 3287 3898 Noli
3337 3844 3600 3899 resistere
3650 3854 3831 3901 contra

2242 3934 2434 3990 faciem
2460 3935 2719 4004 potentis,
2744 3949 2842 3990 nec
2874 3935 3089 3990 coneris
3117 3944 3307 3990 contra
3361 3934 3532 3989 ictum
3575 3934 3827 3991 ﬂuminis.

2242 4025 2572 4095 Projustitia
2606 4026 2896 4096 agonizare
2942 4040 3041 4096 pro
3069 4025 3252 4080 anima
3301 4032 3415 4091 tua,
3457 4034 3518 4079 et
3568 4040 3743 4096 usque
3768 4025 3830 4079 ad

2244 4127 2479 4172 mortem
2522 4126 2671 4172 certa
2706 4131 2806 4186 pro
2839 4115 3072 4186 jnstilia,
3100 4116 3320 4171 etDens
3354 4109 3699 4187 expugnabit
3737 4130 3832 4186 pro

2244 4215 2300 4263 te
2326 4208 2579 4264 inimicos
2603 4217 2741 4263 tuos.
2782 4206 2901 4262 ‘loli
2942 4207 3139 4263 citatus
3169 4221 3289 4262 esse
3319 4206 3373 4260 in
3401 4206 3587 4277 lingua
3641 4215 3754 4271 tua,
3782 4213 3833 4260 et

2245 4299 2454 4354 inutilis
2484 4305 2539 4354 et
2562 4298 2822 4363 remissus
2852 4297 2903 4352 in
2933 4296 3190 4367 operibus
3225 4296 3350 4350 tuis.
3385 4294 3505 4350 Noli
3540 4310 3669 4351 esse
3696 4297 3832 4351 sicut

2245 4389 2330 4446 leo
2351 4390 2407 4446 in
2433 4390 2594 4445 domo
2622 4397 2736 4454 tua,
2763 4396 3014 4443 evertens
3040 4386 3367 4441 domesticos
3394 4392 3542 4450 tuos,
3574 4395 3636 4440 et
3657 4385 3833 4456 oppri-

2245 4498 2400 4539 mens
2451 4481 2726 4552 subjectos
2771 4479 2887 4535 tibi.
2943 4477 3058 4533 Non
3110 4478 3183 4534 sit
3215 4492 3406 4545 manus
3444 4486 3538 4531 tua
3584 4488 3832 4548 porrecta

2249 4574 2316 4629 ad
2363 4573 2736 4643 accipiendum
2767 4581 2821 4627 et
2854 4571 2921 4625 ad
2950 4569 3194 4625 dandum
3243 4569 3466 4625 collecta
3517 4569 3715 4641 (Ereti.
3761 4585 3829 4633 tr,

546 4658 1181 4774 Eéié'nifi'an'gioaas.‘
1213 4658 1555 4764 Religiositas
1595 4684 1861 4743 custodiet
1902 4692 1956 4737 ct
1978 4681 2139 4774 justi-
2173 4658 2220 4719 D
2245 4664 2569 4774 ἓῖιλξίξξξ
2779 4659 3368 4774 ίιιξξειλὸξξῇρξξιιςξξᾞιξ
3408 4660 3828 4774 {admittng

549 4801 738 4859 ﬁcabit
775 4772 1345 4866 con—iucunditatem
1414 4794 1578 4853 atque
1644 4775 1899 4850 gaudium
1971 4772 2138 4829 dabit.

476 4870 483 4877 ί
551 4888 788 4948 Timenti
825 4883 1114 4942 Dominum
1160 4879 1297 4934 bene
1327 4873 1455 4940 erit,
1486 4871 1627 4927 etin
1664 4867 1857 4923 diebus
1884 4878 2138 4920 consum-

549 4981 808 5042 mationis
882 4977 1024 5033 illius
1071 4970 1439 5029 benedicetur.
1510 4960 1793 5019 Plenitudo
1861 4956 2141 5029 sapientia:

549 5085 635 5132 est
668 5073 858 5127 timere
886 5065 1197 5127 Dominum,
1226 5071 1281 5115 et
1307 5055 1581 5129 plenitudo
1619 5066 1650 5106 a
1681 5047 1948 5105 fructibus
1975 5044 2138 5100 illius.

549 5168 778 5225 Omnem
807 5162 1026 5217 domum
1068 5155 1210 5210 illius
1258 5150 1500 5221 implebit
1534 5163 1564 5202 a
1595 5141 2058 5218 generationibus,
2082 5146 2138 5193 et

548 5251 894 5328 receptacula
934 5265 964 5303 a
992 5244 1263 5303 thesauris
1308 5242 1470 5297 illius.
1502 5238 1719 5328 Corona
1748 5230 2026 5328 sapientia:
2074 5230 2140 5328 ti-

549 5319 698 5405 mor-
715 5339 931 5400 Domini
963 5378 979 5407 ,
1017 5337 1235 5407 replens
1265 5348 1450 5406 pacem
1477 5338 1533 5386 et
1566 5325 1756 5384 salutis
1785 5324 2042 5380 fructum.
2073 5319 2140 5375 Et

547 5439 729 5504 vidit,
778 5443 835 5493 et
883 5428 1243 5489 dinumeravit
1293 5441 1434 5481 eam.
1490 5421 1731 5491 Utraque
1782 5412 1963 5472 autem
2013 5422 2140 5504 sunt

549 5531 691 5589 dona
715 5503 833 5585 Dei.
882 5522 1179 5582 Scientiam
1218 5528 1273 5574 et
1319 5516 1649 5572 intellectum
1683 5507 1985 5582 prudentiae
2034 5503 2135 5559 Sa-

549 5622 756 5700 pientia
794 5621 1094 5689 comparat,
1145 5620 1200 5666 et
1257 5608 1481 5682 gloriam
1538 5604 1840 5659 timentium
1890 5613 1950 5655 se
1986 5595 2141 5700 exal:

551 5686 649 5776 iet.
705 5711 876 5767 Radix
919 5686 1210 5778 sapientiae
1253 5707 1337 5757 est
1386 5698 1576 5755 timere
1627 5693 1933 5751 Dominum.
1983 5686 2138 5743 ﬂanti

2244 4769 2460 4826 semper
2485 4765 2567 4809 sta
2600 4761 2777 4818 recta,
2824 4761 2878 4806 et
2917 4767 2948 4805 a
2993 4751 3077 4806 via
3127 4751 3371 4805 veritatis
3418 4765 3492 4805 ne
3543 4751 3829 4812 avertatis.

2247 4856 2306 4901 ut
2334 4847 2564 4919 gratiam
2598 4844 2690 4900 Dei
2722 4844 2974 4916 acquiras
2998 4851 3053 4898 et
3076 4843 3360 4907 honorem,
3390 4842 3680 4897 hominum
3702 4843 3831 4897 arui.

2247 4942 2374 4998 citia
2422 4940 2643 5007 fruaris,
2711 4947 2969 5009 tantoque
3031 4946 3120 4993 tua
3184 4936 3435 4993 voluntas
3498 4935 3720 4992 facilius
3767 4938 3830 4990 ab

2246 5050 2434 5090 amore
2465 5032 2624 5102 Itttjus
2652 5031 2831 5087 seculi
2860 5039 3035 5091 exeat,
3068 5036 3272 5099 quanto
3300 5038 3356 5084 et
3383 5028 3689 5099 impellitur
3708 5028 3827 5081 dum

2246 5134 2494 5181 vocatur.
2541 5123 2676 5178 Nam
2715 5138 2815 5177 nos
2842 5130 2897 5177 et
2923 5130 3221 5191 praesentes
3243 5135 3338 5175 vos
3370 5119 3556 5174 videre
3585 5121 3828 5189 cupimus

2246 5227 2302 5274 et
2321 5216 2635 5274 absentibus
2661 5230 2759 5287 per
2794 5213 3074 5283 epistolam
3103 5214 3291 5268 saltent
3340 5211 3577 5282 colloqui
3626 5213 3828 5268 deside-

2248 5325 2451 5365 ratnus.
2481 5308 2635 5364 Unde
2664 5316 2718 5362 et
2744 5315 2996 5378 optamus
3043 5314 3100 5361 ut
3126 5320 3222 5361 vos
3248 5305 3440 5360 beatus
3472 5304 3674 5359 Petrus
3701 5320 3823 5373 apo—

2247 5403 2507 5459 stolorum
2541 5402 2790 5473 princeps
2817 5400 2883 5454 ad
2910 5415 3008 5455 sua
3048 5398 3232 5454 limina
3275 5397 3507 5453 feliciter
3547 5398 3823 5460 perducat.

2248 5502 2514 5564 quatenus
2535 5493 2587 5546 in
2617 5491 3016 5560 Omnipotentis
3047 5489 3219 5560 gratia
3248 5486 3454 5558 perfrui
3488 5496 3673 5541 vestra
3697 5501 3823 5555 prae-

2248 5587 2422 5643 sentia
2475 5600 2797 5642 mereamur.
2855 5584 2985 5638 Data
3021 5598 3096 5636 ιιι
3137 5581 3360 5638 Kalend.
3395 5578 3624 5635 Novem.
3674 5577 3823 5632 Lam-

2245 5677 2406 5749 padio
2434 5685 2490 5732 et
2508 5675 2700 5733 Oreste
2725 5672 2793 5729 IV
2820 5671 3136 5730 consulibus

3578 6434 3583 6435 γ
3656 6432 3697 6442 ,ἡ
3774 6431 3828 6440 ___
