3974 6432
148 312 294 384 ιυωέ

1049 473 1173 486 ——

1353 316 1846 378 escusrsuuu
1874 296 2275 376 COLLECTIO.

3279 271 3416 376 loco

1210 459 3415 483 WW

596 640 1233 736 INCIPIUNT
1308 633 1844 728 DECRETA
1916 633 2531 729 BONIFACII
2612 635 2946 726 PAPAL

1534 829 1995 854 ...ι-ο--ι--ιη

149 964 401 1037 Epistola
447 963 680 1037 ejusdem
722 963 811 1037 ad
832 959 1121 1037 Eulaliumn
1159 957 1606 1037 Alexandrinum"
1628 956 1735 1037 epi-
1767 956 1817 1016 Α
1846 968 2123 1011 cessorum
2154 964 2466 1011 nostrorum
2494 955 2756 1014 Bonifacii
2800 968 2963 1029 atque
2988 960 3264 1018 Ccelestini
3294 978 3429 1021 con-

224 1024 559 1108 scopumfde
610 1031 1034 1155 reconciliatione
1080 1028 1508 1101 Carthaginemis
1556 1024 1743 1081 Eccle-

745 1119 860 1155 sta'.
891 1111 1111 1155 ttrecta.

745 1111 860 1167 sitv,
891 1111 1111 1155 arrecta.

224 1248 548 1303 Bostracrcs
592 1259 876 1315 episcopus
922 1244 1162 1300 Euuuo
1214 1242 1538 1313 coepiscopo
1591 1240 1743 1297 salu-

150 1353 289 1398 [QII].

224 1433 367 1490 Ohm
394 1440 447 1489 et
475 1434 544 1486 ab
568 1431 723 1486 initio
753 1438 957 1484 tantam
1000 1427 1343 1500 percepimus
1369 1441 1396 1481 a
1427 1425 1587 1480 beato
1632 1422 1736 1477 Pe-

150 1532 245 1576 tro
291 1519 661 1591 apostolorum
720 1520 966 1590 principe
1019 1514 1294 1582 fiduciam,
1343 1524 1403 1571 ut
1447 1515 1747 1570 habeamus

152 1613 542 1668 auctoritatem
604 1611 902 1666 universali
955 1610 1228 1674 Ecclesim,
1286 1607 1581 1663 auxiliante
1633 1605 1743 1660 Do-

131 1703 331 1770 ‘mino,
362 1702 671 1768 subvenire,
705 1710 760 1756 et
786 1701 1044 1771 quidquid
1088 1700 1338 1756 nocivum
1394 1707 1477 1754 est
1510 1696 1747 1755 auctori-

156 1801 275 1848 tate
299 1792 591 1864 apostolica
619 1791 893 1860 corrigere
924 1799 979 1846 et
1003 1790 1315 1846 emendare.
1348 1788 1430 1844 Ad
1470 1789 1574 1843 hoc
1600 1787 1748 1843 enim

156 1886 359 1941 divina:
392 1883 760 1955 diSpositiouis
796 1882 1035 1954 provisio
1087 1882 1286 1953 gradus
1328 1881 1575 1936 diversos
1619 1894 1750 1934 con-

155 1978 339 2033 stituit
366 1992 484 2032 esse
512 1976 818 2041 distinctos,
849 1982 908 2029 ut
931 1974 1055 2030 dum
1097 1971 1460 2027 reverentiam
1509 1970 1751 2025 minores

154 2071 460 2143 potioribus
505 2063 847 2133 exbiberent,
880 2077 935 2123 et
980 2068 1219 2138 potiores
1263 2066 1565 2121 minoribus
1616 2062 1751 2118 dile-

157 2163 399 2217 ctionem
436 2161 829 2232 impenderent,
869 2172 979 2213 una
1025 2156 1331 2213 concordi:e
1375 2156 1531 2211 ﬁeret
1563 2171 1631 2210 cx
1668 2155 1751 2209 di-

158 2252 423 2307 versitate
472 2250 752 2317 contexio,
787 2258 842 2304 et
889 2259 1036 2305 recte
1066 2248 1363 2305 ciliciorum
1394 2256 1751 2320 generaretur

1845 1057 1930 1104 tra
1962 1048 2256 1103 Romanam
2278 1048 2576 1106 Ecelesiam
2605 1052 2809 1122 erepit;
2838 1054 2931 1109 sed
2956 1055 3141 1112 videns
3178 1071 3237 1111 se
3267 1057 3431 1116 modo

1845 1139 2086 1210 peccatis
2112 1138 2318 1194 Aurelii
2347 1139 2589 1196 Eulalius
2617 1157 2647 1196 a
2673 1140 2931 1198 Romana:
2974 1143 3231 1201 Ecclesia:
3274 1161 3428 1202 com-

1848 1229 2104 1284 munione
2131 1238 2500 1302 segregatum,
2532 1231 2829 1288 humilians
2870 1236 3185 1306 recognovit
3225 1251 3304 1303 se,
3335 1253 3429 1307 pa-

1846 1334 1966 1376 cem
2019 1328 2073 1376 et
2122 1322 2560 1377 communionem
2618 1312 2880 1379 Romanae
2938 1324 3193 1381 Ecclesia:
3245 1335 3433 1398 petens

1847 1413 2240 1470 subscribendo
2266 1430 2374 1470 una
2404 1430 2527 1471 cum
2555 1416 2779 1487 collegis
2824 1417 2939 1474 suis
2980 1419 3260 1475 damnavit
3301 1436 3433 1491 apo-

1848 1505 2041 1592 stolica
2073 1506 2402 1563 auctoritate
2436 1522 2628 1563 omnes
2677 1509 2979 1579 scripturas
3004 1525 3125 1582 qua:
3174 1511 3433 1568 adversus

1849 1599 2107 1656 Romanae
2139 1600 2394 1657 Ecclesia:
2434 1601 2714 1676 privilegia
2764 1602 2923 1660 factae
2959 1621 3177 1676 quouuo
3215 1606 3432 1677 ingenio

1848 1690 2069 1747 fuerint.

1850 1785 2138 1858 Exemplar
2186 1804 2397 1859 precum
2445 1789 2561 1860 ejus
2584 1796 2632 1844 et
2659 1787 2861 1845 Justt'tti
2887 1791 3127 1860 prwdlctt'
3161 1792 3433 1862 principis.

1927 1897 1945 1932 ι
1976 1879 2157 1935 Prima
2184 1878 2328 1935 salus
2359 1888 2464 1947 est,
2495 1889 2659 1936 recta:
2702 1880 2824 1936 ﬁdei
2855 1881 3092 1953 regulam
3142 1883 3434 1949 custodire,

1853 1980 1908 2025 et
1942 1986 1972 2025 a
1997 1970 2313 2026 constitutis
2348 1969 2572 2025 Patrum
2623 1970 2932 2027 nullatenus
2957 1970 3196 2038 deviare,
3224 1980 3280 2027 et
3308 1972 3433 2043 quia

1853 2078 1960 2118 non
1991 2071 2168 2134 potest
2205 2062 2418 2118 Domini
2466 2063 2634 2118 nostri
2686 2063 2812 2120 Jesu
2841 2064 3043 2120 Christi
3095 2064 3435 2133 praetermitti

1855 2158 2125 2212 sententia
2161 2157 2429 2212 dicentis:
2493 2175 2510 2209 t
2560 2156 2641 2211 Tu
2691 2172 2751 2213 es
2798 2156 2993 2212 Petrus
3021 2166 3075 2211 et
3104 2172 3267 2227 super
3294 2157 3437 2211 hanc

1858 2256 2063 2316 petram
2079 2247 2356 2303 aediﬁcabo
2379 2248 2676 2304 Ecclesiam
2696 2264 2869 2304 meam
2893 2248 3107 2321 (Matth.
3136 2248 3376 2320 xvt,18).
3410 2267 3431 2301 ι

162 2340 563 2396 administratio
586 2340 943 2411 singulorum,
969 2355 1142 2410 neque
1164 2339 1489 2394 universitas
1524 2338 1626 2393 alia
1660 2355 1754 2410 po-
1780 2306 1831 2367 B
1862 2338 1926 2392 Et
1951 2338 2067 2393 haec
2087 2353 2208 2408 quae
2234 2337 2374 2393 dicta
2403 2346 2550 2405 sunt,
2581 2353 2761 2394 rerum
2788 2340 3089 2409 probantur
3129 2338 3436 2407 cll‘ectibus,

163 2433 298 2487 terit
324 2433 530 2488 ratione
554 2432 868 2495 subsistere,
912 2432 1012 2486 nisi
1035 2429 1337 2498 hujusmodi
1369 2445 1595 2499 magnus
1632 2443 1753 2485 eam

164 2521 486 2578 diﬂ‘erentiaa
546 2523 683 2577 ordo
728 2531 993 2578 servaret.
1040 2521 1177 2588 Quia
1224 2536 1353 2576 vero
1403 2528 1655 2575 creatura
1700 2519 1753 2574 in

159 2626 277 2667 una
312 2613 609 2683 eademque
636 2612 945 2683 aequalitate
990 2613 1279 2683 gubernari
1325 2610 1409 2667 vel
1438 2611 1622 2667 vivere
1646 2627 1753 2667 non

162 2712 378 2774 potest,
403 2704 703 2760 caelestium
730 2704 1043 2759 militiarum
1066 2703 1308 2775 exempla
1336 2718 1434 2759 nos
1457 2702 1768 2767 instruunt,

164 2795 299 2867 quia
332 2797 457 2851 dum
513 2795 623 2850 sint
658 2794 856 2865 angeli,
903 2794 1012 2849 sint
1047 2794 1375 2866 archangeli,
1431 2793 1602 2864 liquet
1625 2793 1752 2864 quia

166 2902 279 2941 non
328 2886 564 2957 tequales
617 2895 783 2952 sunt,
829 2887 923 2941 sed
981 2888 1034 2941 iu
1095 2895 1363 2957 potestate
1419 2895 1474 2942 et
1525 2886 1750 2951 ordine,

173 2980 322 3036 sicut
374 2980 568 3044 nostis,
606 2979 785 3035 differt
831 2978 969 3034 alter
1014 2979 1082 3034 ab
1124 2978 1315 3035 altero.
1345 2978 1401 3035 Si
1451 2995 1581 3051 ergo
1612 2978 1755 3034 inter

165 3072 273 3127 hos
297 3071 390 3142 qui
418 3070 536 3126 sine
561 3080 786 3142 peccato
809 3080 934 3127 sunt
960 3079 1172 3126 constat
1197 3071 1296 3125 ista
1317 3084 1438 3125 esse
1451 3070 1751 3136 distinctio,

168 3162 296 3233 quis
336 3163 613 3218 hominum
657 3164 942 3219 abnuatse
973 3163 1204 3219 libenter
1237 3163 1574 3233 dispositioni
1621 3164 1754 3219 sub-

169 3256 391 3312 mittere
417 3258 449 3311 ?r
474 3255 613 3312 llinc
642 3256 785 3311 enim
826 3271 932 3326 pax
962 3264 1017 3310 et
1046 3255 1288 3311 charitas
1343 3265 1526 3309 mutua
1554 3269 1611 3309 se
1634 3254 1754 3310 vice

169 3348 625 3420 complectuntur,
658 3355 714 3404 et
745 3357 928 3404 manet
961 3348 1115 3403 ﬁrma
1152 3349 1437 3403 concordia
1462 3348 1515 3403 in
1542 3347 1751 3404 alterna

168 3454 228 3500 et
269 3443 380 3500 Deo
431 3443 626 3514 placita
676 3442 978 3515 dilectionis
1023 3443 1361 3515 sinceritate.
1411 3444 1547 3512 Quia
1589 3444 1755 3514 igitur

166 3536 599 3606 unumquodque
648 3534 940 3590 salubriter
984 3542 1110 3590 tunc
1158 3534 1458 3604 completur
1492 3535 1750 3601 oliicium,

169 3642 298 3683 cum
328 3626 491 3682 fuerit
517 3642 656 3683 unus
677 3628 742 3683 ad
772 3642 932 3699 quem
972 3627 1147 3697 possit
1174 3626 1378 3682 recurri
1409 3627 1750 3698 przepositus,

169 3729 300 3775 vota
357 3728 545 3775 nostra
590 3720 915 3775 charitatem
960 3727 1106 3773 tuam
1160 3717 1330 3773 latere
1369 3718 1642 3785 nolumus,
1686 3735 1753 3775 ne

168 3812 265 3882 qui
310 3812 583 3883 particeps
612 3810 712 3867 luit
739 3812 1137 3877 sollicitudinis,
1181 3811 1496 3881 gaudiorum
1548 3810 1755 3868 fructus

174 3905 434 3961 reddatur
475 3905 729 3961 extorris.
760 3905 827 3960 Et
872 3905 994 3961 ideo
1035 3904 1517 3976 Carthaginensem
1566 3905 1757 3962 Eccle-

172 3996 311 4051 siam
363 3996 430 4051 ad
465 3997 903 4052 communionem
957 4006 1204 4052 nostram
1249 3998 1477 4054 rediisse
1524 3998 1756 4055 Domino

173 4088 504 4160 propitiante
560 4089 897 4145 tradentibus
959 4089 1331 4162 signiﬁcamus
1383 4090 1655 4160 alloquiis,
1702 4099 1759 4147 et

175 4179 559 4235 mandatorum
608 4195 728 4251 qua:
773 4179 964 4252 legatis
1013 4180 1215 4236 nostris
1258 4179 1505 4236 dedimus
1558 4181 1753 4236 seriem

173 4272 233 4327 in
268 4273 521 4329 omnibus
552 4272 717 4329 fuisse
751 4273 1098 4343 completam.
1132 4273 1208 4328 De
1244 4288 1347 4343 qua
1390 4282 1565 4343 parte,
1594 4281 1655 4328 ut
1687 4274 1756 4329 ad

175 4362 524 4420 dilectionem
554 4373 701 4420 tuam
733 4364 948 4435 plenius
995 4362 1236 4435 perfecte
1269 4364 1522 4436 gaudium
1565 4380 1757 4435 perve-

170 4453 339 4519 niret,
362 4455 596 4511 libellum
628 4456 819 4511 Eulalii
847 4456 1031 4511 fratris
1054 4464 1109 4511 et
1131 4455 1536 4512 cousaccrdotis
1564 4457 1754 4521 nostri,

173 4547 625 4618 Carthagineusis
673 4548 931 4620 episcopi,
990 4557 1044 4602 et
1092 4548 1290 4604 Justini
1350 4547 1756 4604 clerncntissirui

175 4636 435 4709 principis
467 4638 707 4694 Orientis
758 4653 1034 4694 sacrarum
1073 4638 1378 4695 litterarum
1425 4641 1756 4710 exemplaria

176 4727 384 4797 pariter
405 4728 735 4784 credidimus
777 4728 1121 4797 destinanda,
1145 4729 1452 4800 judicantes
1487 4730 1757 4787 nihilomi-

174 4835 279 4874 nus
307 4833 404 4888 per
428 4816 665 4876 Orientis
714 4828 897 4890 partes
927 4819 1186 4890 plurimos
1229 4821 1512 4890 episcopos
1552 4822 1630 4876 sic
1679 4821 1759 4876 fe-

173 4908 338 4964 cisse.
373 4906 633 4978 Superest
664 4918 722 4964 ut
770 4925 798 4963 a
826 4909 982 4963 nobis
1034 4909 1470 4979 competentibus
1500 4909 1754 4981 precibus

1858 2429 1983 2498 quia
2013 2428 2066 2481 in
2100 2426 2227 2482 sede
2265 2426 2557 2498 apostolica
2608 2436 2762 2484 extra
2821 2429 3087 2483 maculam
3118 2445 3333 2500 semper
3354 2439 3441 2486 est

1859 2519 2123 2575 catholica
2152 2529 2364 2575 servata
2403 2519 2611 2591 religio.
2638 2519 2714 2574 De
2742 2535 2847 2590 qua
2881 2536 2976 2590 spe
3004 2531 3058 2576 et
3081 2521 3185 2576 ﬁde
3211 2521 3435 2577 minime

1857 2612 2100 2683 separari
2126 2612 2425 2683 cupientes,
2458 2623 2511 2666 et
2538 2610 2760 2666 Patrum
2792 2622 3082 2682 sequentes
3110 2613 3431 2678 constituta,

1862 2704 2380 2759 anathematizamus
2435 2719 2623 2758 omnes
2672 2704 2762 2775 qui
2809 2713 2994 2759 contra
3034 2713 3278 2760 sanctam
3326 2705 3434 2761 Ro-

1858 2802 2073 2852 manam
2107 2804 2161 2852 et
2186 2797 2538 2867 apostolicam
2582 2797 2882 2853 Ecclesium
2929 2799 3292 2870 superhiendo
3314 2816 3441 2855 suas

1858 2888 2071 2959 erigunt
2120 2888 2383 2956 cervices,
2415 2898 2706 2960 sequentes
2729 2890 2780 2945 in
2803 2892 3056 2947 omnibus
3079 2893 3435 2962 apostolicam

1855 2978 2040 3035 sedem
2070 2988 2124 3036 et
2157 2979 2512 3051 praedicantes
2540 2978 2656 3051 ejus
2682 2981 2862 3035 omnia
2906 2981 3197 3037 constituta
3222 2999 3236 3045 ;
3263 2991 3316 3037 et
3340 2999 3441 3054 per

1856 3070 2039 3126 omnia
2090 3086 2253 3141 spero
2304 3079 2363 3126 ut
2413 3070 2468 3125 in
2529 3087 2635 3126 una
2686 3075 3068 3129 communione
3125 3074 3439 3136 vobiscum.

1857 3178 2020 3232 quam
2081 3164 2240 3219 sedes
2291 3163 2584 3233 apostolica
2627 3165 2907 3235 przedicat,
2963 3182 3083 3221 esse
3125 3180 3356 3231 merear,
3389 3168 3444 3222 in

1856 3273 1964 3327 quo
1993 3266 2077 3312 est
2108 3257 2312 3327 integra
2336 3266 2390 3311 et
2416 3272 2541 3312 vera
2581 3256 2900 3313 Christianae
2932 3258 3204 3328 religionis
3228 3271 3284 3314 et
3310 3274 3435 3330 per-

1858 3347 1996 3403 fecta
2025 3346 2291 3415 soliditas,
2346 3347 2669 3419 promittens
2725 3360 3097 3419 sequestratos
3143 3366 3446 3406 acornmu-

1790 3512 1799 3519 O
1860 3444 2019 3517 nione
2056 3443 2312 3499 Ecclesia:
2361 3444 2665 3510 catholicae,
2697 3446 2749 3500 id
2787 3455 2871 3502 est
2898 3462 3002 3501 non
3030 3448 3433 3504 consentientes

1858 3535 1971 3590 sedi
2003 3535 2333 3605 apostolicae,
2365 3551 2554 3591 eorum
2594 3538 2809 3592 nomina
2843 3553 2995 3593 sacra
3038 3538 3181 3595 inter
3214 3556 3319 3594 non
3351 3556 3439 3596 re-

1861 3628 2074 3685 citanda
2108 3642 2226 3684 esse
2248 3629 2524 3701 mysteria.
2574 3628 2725 3696 Quod
2758 3631 2802 3687 si
2847 3630 2899 3685 iu
2950 3632 3131 3702 aliquo
3165 3648 3194 3686 a
3231 3631 3438 3703 pro‘l‘es-

1861 3721 2014 3776 sione
2058 3736 2177 3776 mea
2234 3720 2453 3777 deviare
2496 3729 2806 3786 tentarero,
2862 3723 2948 3778 his
2995 3737 3131 3793 quos
3186 3723 3435 3779 damuth

1859 3812 2177 3883 complicem
2211 3829 2329 3870 mea
2357 3815 2623 3870 sententia
2668 3830 2754 3870 me
2800 3831 2921 3871 esse
2965 3817 3245 3886 protltcor,
3294 3818 3437 3874 hanc

1859 3912 2037 3959 autem
2078 3902 2469 3974 professionem
2519 3921 2694 3961 meam
2748 3923 2907 3961 manu
2970 3920 3086 3961 mea
3118 3906 3444 3978 subscripsi.

1861 4006 1916 4053 et
1942 3995 2224 4053 Bonifacio
2254 4006 2442 4054 sancto
2468 4007 2524 4053 et
2553 3998 2845 4053 venerabili
2878 4014 3026 4069 papre
3057 3999 3207 4054 urbis
3255 3999 3442 4055 Romae

1861 4087 2057 4152 direxi,
2122 4086 2389 4144 danmans
2449 4097 2502 4143 et
2558 4099 2937 4144 antecessores
2986 4098 3042 4143 et
3096 4105 3445 4146 successores

1859 4192 2035 4243 meos,
2063 4187 2116 4232 ct
2142 4193 2333 4233 onmes
2354 4178 2444 4248 qui
2476 4189 2677 4235 saneta:
2723 4177 2984 4235 Romanae
3029 4191 3085 4236 et
3130 4180 3444 4251 apostolica:

1862 4266 2118 4323 Ecclesiae
2141 4269 2425 4341 privilegia
2455 4285 2672 4327 cassare
2701 4271 2969 4326 nituntur.
3005 4291 3022 4323 ι

1931 4361 2066 4416 Hinc
2094 4363 2235 4417 enim
2252 4379 2496 4433 supernae
2515 4364 2898 4420 misericordia“:
2915 4366 3293 4421 documentum
3315 4381 3440 4436 per-

1862 4452 2089 4507 docetur
2114 4452 2368 4522 quotriam
2396 4461 2451 4507 et
2494 4455 2750 4509 mundani
2789 4456 3060 4525 principes
3091 4471 3286 4510 causas
3321 4454 3445 4510 ῆιΙυί

1859 4559 1983 4598 curn
2014 4544 2318 4614 reipublicae
2364 4545 2704 4602 ordinatione
2725 4546 3077 4618 etmjuugunt,
3106 4557 3162 4601 ct
3188 4546 3447 4602 ecclesia-

1862 4652 1978 4691 rum
2008 4637 2265 4706 praesules
2285 4638 2426 4709 quod
2456 4639 2522 4692 ad
2549 4639 3007 4709 dispensationem
3031 4656 3184 4695 suam
3208 4640 3447 4710 pertinet

1861 4729 2021 4783 ollicil
2056 4746 2322 4785 memores
2356 4741 2748 4801 exsequuntur.
2783 4730 3006 4786 Talibus
3057 4733 3200 4786 enim
3234 4732 3445 4803 indige-
3528 4786 3534 4791 .

1866 4820 1958 4876 bat
1984 4831 2104 4891 post
2126 4821 2409 4878 discordiae
2431 4822 2693 4893 procellas
2723 4821 2910 4894 religio
2939 4822 3247 4878 Christiana
3272 4830 3448 4878 recto-
3528 4820 3531 4833 '

1868 4914 2041 4978 ribus,
2077 4914 2191 4984 qui,
2226 4914 2554 4984 compressis
2586 4914 2807 4985 provida
2830 4914 3232 4985 dispensalione
3278 4914 3448 4969 turbi~

175 4999 443 5055 Divinitas
482 5008 707 5055 exorata
759 5000 1045 5066 concedat,
1110 5010 1379 5069 quatenus
1423 5001 1488 5054 de
1528 4999 1754 5054 aliarqu
1782 5020 1837 5081 Ι)
1864 5006 2046 5072 nilms,
2070 5004 2159 5060 diu
2183 5004 2584 5076 peregrinatum
2626 5019 2814 5074 pacem
2855 5005 3079 5077 depulsa
3128 5013 3453 5077 tempestate

173 5104 392 5160 quoque
440 5089 799 5144 Ecclesiarum
871 5089 1327 5161 rediutegratioue
1403 5089 1752 5161 gratulemur.

171 5164 251 5240 Ea
280 5197 410 5236 vero
436 5197 555 5251 qua:
582 5182 888 5252 significare
910 5184 1243 5249 curavimus,
1279 5183 1332 5238 in
1364 5199 1551 5239 eorum
1576 5199 1756 5239 sacer-

168 5272 364 5347 dotum
393 5263 483 5347 qui
513 5277 843 5332 fraternitati
870 5286 974 5332 tum
1002 5277 1162 5332 vicini
1211 5285 1357 5344 sunt,
1389 5278 1606 5332 curabis
1625 5292 1758 5348 pro-

174 5368 320 5424 ferre
352 5369 633 5436 notitiam,
661 5378 722 5425 ut
758 5378 811 5424 et
835 5369 934 5440 ipsi
978 5371 1042 5424 de
1081 5368 1274 5425 ell‘ectu
1313 5379 1474 5426 tantm
1511 5370 1586 5425 rei
1637 5387 1758 5441 gra-

177 5461 284 5516 tias
313 5462 590 5517 nobiscum
629 5461 868 5517 caelestis
917 5461 1303 5517 misericordiae
1349 5461 1626 5518 beneﬁciis
1672 5479 1758 5517 re-

180 5554 322 5610 l'erre
348 5570 452 5610 non
474 5564 708 5612 cessent.
739 5555 994 5611 Aurelius
1015 5556 1159 5611 enim
1192 5555 1430 5626 perfecte
1476 5555 1761 5628 Carthagi-

180 5645 367 5702 nensis
389 5645 644 5702 Ecclesiae
676 5646 804 5701 olim
832 5646 1139 5716 episcopus,
1193 5661 1314 5703 cum
1350 5645 1573 5716 collegis
1622 5647 1755 5712 suis,

181 5728 475 5809 instigante
532 5739 766 5806 diabolo,
821 5740 1104 5811 superbire
1165 5739 1498 5812 temporibus
1555 5740 1756 5810 prtede-

1866 5099 2206 5164 reducerent,
2235 5106 2295 5152 ut
2323 5098 2374 5153 in
2405 5097 2582 5159 futura
2607 5105 2728 5168 post
2757 5096 2955 5153 s'ecttla
2984 5098 3053 5153 ad
3079 5098 3341 5169 propositi
3364 5098 3445 5154 sui

1866 5190 2110 5260 exempla
2162 5189 2448 5245 tendentes
2495 5189 2598 5244 sibi
2643 5190 3025 5247 ascribendum
3076 5176 3448 5248 indubitanter

1864 5280 2214 5338 ostenderent
2237 5280 2496 5352 quidQuid
2526 5281 2752 5337 Domino
2779 5282 3037 5353 placitum
3080 5284 3314 5356 posteris
3344 5299 3444 5353 pro

1863 5389 1959 5429 sua
2011 5373 2313 5435 imitatione
2352 5372 2628 5429 fecissent.
2682 5374 3070 5431 Beuedicamus
3130 5376 3442 5442 Dominum,

1866 5461 2067 5518 fratres
2092 5462 2421 5523 charissimi.
2455 5464 2656 5518 nostris
2686 5448 3001 5521 hoc'diehus
3030 5465 3196 5521 fuisse
3220 5479 3440 5521 conces-

1867 5570 2007 5618 sum,
2041 5564 2096 5609 et
2123 5554 2248 5610 totis
2274 5555 2581 5610 orationum
2612 5564 2667 5612 et
2690 5573 2941 5613 curarum
2987 5559 3195 5614 viribus
3226 5558 3441 5613 annita=

1868 5663 1988 5701 mur
2011 5654 2089 5710 ut,
2131 5660 2250 5716 qure
2273 5645 2367 5703 Dei
2399 5662 2561 5717 opere
2592 5636 2727 5705 bene
2753 5658 2930 5720 erepta
2955 5658 3101 5716 sunt,
3151 5651 3265 5723 ipso
3291 5650 3442 5720 adius
3516 5636 3535 5659 ’“

1867 5746 2025 5792 vante
2062 5751 2156 5807 per
2182 5737 2362 5793 omnia
2393 5737 2782 5810 compleantur.
2814 5741 3151 5811 Sperandum
3196 5742 3337 5798 enim
3363 5752 3445 5799 est
