3988 6424
566 250 709 308 ἲοϐ7

1338 267 1626 327 ΑΡΡΕΝΙ).
1670 273 1763 329 AD
1795 272 1968 332 SEC.
2009 276 2100 333 lx.
2132 311 2202 323 —
2234 281 2484 342 lSlDORl
2513 282 2957 343 MERCATORIS

3683 289 3824 350 1068

644 369 710 423 ad
740 384 1054 474 compagem
1077 377 1324 474 corporis
1351 380 1432 436 sui
1463 381 1665 454 reliqua
1707 399 1829 456 qua:
1857 386 2031 444 adhuc
2055 389 2134 446 di-
2164 394 2211 456 Α
2242 396 2540 468 integritas.
2574 396 2670 453 llis
2696 397 2750 452 in
2780 399 2975 454 robore
3003 413 3101 454 suo
3133 399 3281 455 omni
3327 400 3826 474 circumspectione

559 458 674 513 visa
697 471 824 518 sunt
865 468 1106 522 membra
1149 468 1426 539 festinent,
1455 481 1509 528 et
1528 489 1558 528 a
1586 476 1888 546 potioribus
1921 480 2134 538 minora

558 564 664 604 non
698 551 1028 622 discrepent.
1058 556 1140 629 Ad
1169 560 1311 630 quod
1346 577 1468 616 cum
1497 579 1584 620 me
1613 565 1832 623 dilectio
1862 577 1950 623 tua
1980 570 2136 627 Chri-

558 641 750 698 stianae
779 647 964 703 studio
981 649 1268 709 charitatis
1299 653 1574 722 hortatur,
1622 656 1782 712 debet
1809 659 1954 728 quod
2002 660 2137 715 invi-

559 742 638 789 tat
660 738 834 807 sequi,
863 748 916 794 et
936 742 1077 810 quod
1103 744 1390 800 amandum
1431 749 1622 803 suadet
1649 749 1924 820 amplecti.
1971 749 2138 807 Simi-

556 823 660 880 l‘em
687 827 830 883 enim
854 827 966 898 jam
1014 830 1148 887 ﬁdei
1188 849 1374 891 curam
1405 848 1653 907 gerentes
1682 855 1781 909 per
1818 840 2134 912 religiosam

553 917 894 988 patientiam,
920 937 1020 994 per
1044 924 1207 980 etiam
1226 930 1506 997 praemium
1534 929 1602 986 de
1638 931 1767 986 boni
1808 933 1987 1003 operis
2014 949 2138 1005 spe-

555 1024 741 1066 ramus
768 1010 984 1067 eﬁ'ectu.
1037 1013 1223 1087 Neque
1267 1018 1413 1074 enim
1458 1019 1864 1080 diﬁlcultatibus
1909 1033 1994 1080 est
2040 1039 2134 1080 ce-

556 1101 812 1158 dcndum.
867 1104 983 1160 Non
1033 1107 1176 1162 enim
1206 1107 1460 1179 fatigatur
1496 1111 1704 1182 asperis
1738 1113 1892 1180 ﬁdes,
1932 1129 2032 1170 nec
2066 1116 2134 1171 ad

553 1193 817 1256 ctelorum
850 1197 1017 1252 ardua
1039 1213 1137 1268 per
1169 1200 1408 1270 proclive
1437 1203 1679 1258 tenditur
1705 1219 1722 1271 ;
1751 1219 1852 1260 nec
1884 1219 2136 1262 remune-

554 1285 818 1341 rationem
882 1288 1018 1344 citra
1080 1289 1282 1348 laboris
1323 1293 1643 1350 exercitium
1705 1295 1827 1365 quis
1872 1303 2133 1352 meretur.

555 1370 712 1428 Unde
740 1391 808 1432 ue
833 1375 1095 1436 facientes
1111 1379 1249 1435 bona
1277 1379 1592 1438 deﬁciamus
1615 1383 1926 1454 specialiter
1947 1386 2135 1442 admo-

552 1481 768 1533 nentur,
814 1469 979 1524 etiam
1026 1479 1170 1527 teste
1209 1471 1493 1528 Psalmista
1528 1491 1541 1527 :
1578 1492 1597 1525 ι
1627 1473 1780 1530 Beati
1832 1475 1926 1545 qui
1957 1483 2137 1531 custo-

549 1554 1012 1628 diuntjudicium,
1044 1570 1099 1616 et
1126 1561 1616 1633 faciuntjustitiam
1639 1565 1694 1620 in
1717 1566 1864 1620 omni
1896 1568 2136 1636 tempore

555 1645 729 1717 (Psal.
757 1665 878 1716 vm,
911 1651 1022 1723 32),
1057 1671 1077 1704 ι
1110 1654 1234 1724 quia
1258 1669 1366 1709 non
1397 1655 1613 1710 initium
1644 1655 1850 1715 laboris
1880 1672 2136 1713 remune-

2237 486 2468 543 servatis
2510 488 2745 542 remedia
2792 488 3140 558 sperantibus
3188 500 3607 547 conservantur.
3645 491 3823 548 Habet

2237 580 2381 635 enim
2432 581 2926 638 ecclesiasticarum
2977 583 3112 639 ordo
3157 583 3486 656 regularum,
3538 594 3601 640 et
3645 585 3823 656 ipsius

2236 667 2409 726 forma
2425 670 2670 741 justitize,
2704 681 2764 727 ut
2784 673 3052 730 medicina
3097 675 3436 732 rationabilis
3477 675 3716 747 benigne
3761 686 3817 731 et

2237 761 2468 818 ﬁdeliter
2518 765 2861 834 sperantibus
2909 781 3015 821 non
3063 776 3308 838 negetur,
3361 782 3464 822 nec
3511 769 3820 838 quisquam

2234 861 2319 907 est
2344 853 2419 908 ita
2450 854 2522 910 ab
2549 853 2883 910 humanitate
2928 855 3214 921 discretus,
3245 871 3402 927 quem
3429 872 3539 912 non
3574 871 3605 910 a
3634 858 3822 928 rigore

2236 943 2594 1000 districtionis
2625 942 2850 998 inclinet
2875 952 3033 1000 cauta
3061 944 3402 1014 simplicitas.
3439 937 3549 1001 Sed
3574 952 3636 1000 ut
3661 955 3825 1002 caule

2236 1036 2340 1092 hoc
2380 1043 2719 1103 exterasque
2755 1034 3003 1104 querelas
3051 1043 3146 1090 aut
3195 1049 3412 1091 errores
3455 1034 3694 1105 alicujus
3722 1038 3825 1091 avi

2235 1125 2420 1181 valeas
2437 1125 2714 1195 expedire,
2739 1125 3086 1181 dilectissime
3103 1124 3290 1192 frater,
3319 1141 3617 1196 personam
3643 1142 3824 1181 meam

2236 1226 2289 1273 te
2333 1215 2386 1272 in
2416 1217 2520 1272 hoc
2559 1225 2774 1286 oportet
2819 1216 3063 1283 induere,
3094 1217 3353 1273 scientem
3404 1218 3460 1272 in
3506 1218 3823 1290 hujusmodi

2235 1307 2434 1374 causis,
2461 1306 2601 1362 sicut
2629 1307 2947 1378 prmdictum
2973 1318 3077 1375 est,
3109 1309 3241 1378 quid
3277 1310 3581 1366 cavendum
3626 1311 3726 1376 sit,
3769 1323 3823 1366 et

2234 1398 2310 1453 ita
2338 1399 2520 1454 omnia
2546 1399 2959 1470 providendum,
2982 1409 3047 1455 ut
3073 1409 3126 1456 te
3153 1416 3260 1456 non
3280 1401 3526 1472 ambigas
3545 1402 3823 1457 rationem

2235 1491 2654 1562 dispensationis
2703 1492 2861 1562 hujus
2897 1493 3007 1549 Deo
3049 1507 3170 1549 esse
3217 1493 3554 1549 reddendam
3585 1511 3602 1547 :
3628 1493 3707 1548 ita
3739 1502 3822 1546 ta-

2236 1599 2360 1640 men
2389 1592 2452 1639 ut
2478 1599 2573 1640 eos
2597 1585 2689 1654 qui
2719 1585 2874 1641 vobis
2919 1583 3138 1640 fuerunt
3180 1585 3563 1640 communione
3602 1584 3822 1646 sociati.

2236 1673 2324 1730 vel
2351 1687 2447 1744 per
2467 1688 2566 1729 vos
2590 1674 2704 1731 sedi
2730 1673 3044 1744 apostolica:
3087 1681 3267 1730 vestra
3295 1674 3454 1730 nobis
3485 1674 3702 1745 scripta
3731 1674 3824 1729 de-

555 1738 821 1838 :ationem
848 1741 1053 1810 praemii
1087 1743 1372 1799 consuevit
1399 1745 1666 1814 invenire,
1705 1746 1798 1802 sed
1839 1746 2126 1804 ῑεηηὶηυε-
2157 1741 2206 1802 Β
2234 1738 2464 1832 clarent,
2503 1767 2700 1837 quibus
2721 1738 2886 1822 etiam
2907 1774 2964 1822 et
2988 1782 3152 1838 quam
3174 1766 3571 1822 continentiam
3596 1764 3813 1821 libello-

552 1827 695 1902 Ergo
721 1834 958 1890 studium
981 1835 1362 1895 sollicitudinis
1403 1848 1762 1908 assumentes,
1793 1841 1989 1910 quibus
2036 1849 2122 1898 est

551 1939 658 1979 una
688 1924 742 1980 in
766 1929 1146 1985 communione
1176 1930 1409 1987 societas
1439 1940 1494 1987 et
1523 1932 1834 1998 credulitas,
1866 1933 2127 2005 quemad-

548 2016 767 2072 modum
799 2019 866 2074 de
896 2020 1104 2076 unitate
1148 2023 1294 2078 sedis
1334 2022 1641 2094 apostolicm
1667 2032 1720 2080 et
1747 2024 2129 2080 Constantino-

547 2109 797 2178 politanae
817 2111 1075 2169 Ecclesia:
1102 2115 1312 2185 pariter
1332 2115 1667 2172 cxsultamns
1694 2116 1746 2171 in
1779 2116 2028 2182 Domino,
2054 2107 2129 2172 ita

546 2199 615 2256 de
647 2199 980 2272 reliquorum
1010 2220 1230 2276 quoque
1257 2205 1401 2261 sicut
1421 2205 1709 2263 aﬁ‘eetione
1729 2206 2021 2274 admones,
2043 2219 2130 2262 re-

549 2294 953 2366 dintegratione
996 2297 1262 2364 laetemur,
1319 2307 1379 2354 et
1420 2313 1673 2356 curemus
1724 2299 2032 2371 prmmium,
2070 2307 2130 2353 nt

549 2386 710 2442 ﬁdem
763 2387 1239 2462 integritatemque
1288 2400 1534 2448 nostram
1600 2391 2007 2448 immaculatam
2059 2391 2128 2446 ab

545 2477 694 2533 omni
715 2478 1039 2551 contagione
1059 2496 1360 2538 servemus.
1407 2481 1560 2539 Nosti
1605 2482 1772 2549 enim,
1801 2481 1974 2538 frater
1999 2483 2129 2538 chao

547 2565 760 2623 rissime
793 2583 858 2625 ac
909 2571 1274 2638 sanctissime,
1303 2571 1430 2644 quia
1484 2572 1856 2628 ecclesiastica
1908 2578 2130 2627 servant

545 2659 758 2715 vincula
794 2662 1138 2718 concordiam
1168 2678 1288 2733 qure
1317 2678 1420 2719 nos
1441 2663 1511 2718 ab
1536 2663 1916 2719 haereticorum
1970 2671 2129 2718 tuea-

549 2757 638 2805 tur
661 2750 896 2819 insidiis,
925 2767 1022 2824 per
1064 2768 1226 2824 quam
1277 2753 1443 2810 etiam
1499 2769 1772 2810 canonum
1823 2750 2128 2809 custoditur

2229 1871 2349 1912 rum
2372 1855 2669 1914 obtulerint
2715 1855 3010 1912 inseratur.
3061 1855 3156 1913 Sic
3199 1870 3416 1928 quoque
3450 1856 3823 1911 humilitatem

2230 1945 2490 2002 debemus
2529 1953 2716 2001 tenere
2764 1945 2820 1999 in
2849 1954 3051 2012 mente,
3093 1953 3154 2001 ut
3197 1945 3325 2000 inde
3376 1945 3588 2001 ordinis
3642 1947 3820 2000 nostri

2231 2038 2548 2112 dignitatem
2578 2052 2861 2094 servemus
2885 2037 2941 2093 in
2989 2039 3221 2104 honore,
3251 2046 3524 2108 quatenus
3553 2037 3609 2093 in
3631 2038 3820 2101 nobis,

2235 2145 2337 2186 nee
2359 2129 2641 2185 humilitas
2663 2129 2926 2196 timenda,
2950 2143 3052 2186 nec
3074 2129 3216 2185 ratio
3243 2129 3315 2185 sit
3339 2128 3595 2199 superba.
3617 2127 3820 2182 Omni-

2233 2231 2430 2294 potens
2457 2221 2625 2288 Deus,
2659 2221 3002 2288 citatissime,
3039 2236 3137 2278 sua
3171 2230 3222 2276 te
3251 2220 3589 2292 protectionc
3630 2227 3821 2274 custo-

2234 2315 2368 2379 diat,
2397 2323 2563 2387 atque
2587 2315 2654 2370 ad
2675 2313 2916 2371 caelestis
2940 2314 3432 2371 remunerationem
3460 2313 3660 2384 patria
3682 2312 3820 2366 mul-

2234 2409 2404 2480 tiplici
2447 2410 2756 2465 animarum
2793 2408 2972 2464 fructu
3015 2409 3298 2480 perducat.
3329 2406 3470 2462 Deus
3502 2416 3556 2464 te
3601 2406 3822 2462 incolu-

2232 2520 2356 2561 men
2387 2505 2683 2571 custodiat,
2725 2502 3184 2560 revereudissime
3213 2501 3405 2557 frater.
3429 2502 3628 2556 Amen.
3683 2501 3818 2554 Data

2231 2605 2427 2651 octavo
2452 2594 2681 2651 Kalend.
2735 2594 3011 2663 Octobris,
3059 2591 3445 2650 Valentiniano
3462 2591 3506 2646 ll
3533 2599 3591 2648 et
3617 2591 3821 2649 Ortale

2230 2685 2298 2744 IV
2329 2687 2665 2746 consulibus.

549 2946 2432 2975 Μ

1035 3146 1681 3280 INCIPIUNT.
1748 3143 2285 3263 DECRETA
2351 3142 2867 3239 J‘OANNIS
2935 3143 3321 3236 PAPIE.

612 3487 1083 3545 R‘everendissimo
1135 3486 1293 3548 fratri
1343 3488 1583 3549 “nemo
1643 3491 1896 3564 episeopo
1951 3489 2118 3548 Joan-
2145 3490 2198 3556 (ζ
2223 3503 2348 3544 nem
2395 3503 2518 3545 cum
2559 3489 2770 3547 actibus
2812 3491 2951 3559 suis,
2988 3490 3351 3550 etinduentes
3377 3508 3818 3552 novumcumeo

542 3595 662 3636 RES.

613 3669 832 3742 Scripta
883 3679 989 3727 tute
1035 3672 1342 3730 sanctitatis
1374 3674 1676 3748 suscipiens
1721 3674 1880 3748 plena
1906 3689 1972 3732 ea
1996 3675 2118 3732 ﬁdei

537 3762 724 3834 regula
751 3778 856 3834 qua
884 3763 1118 3836 primum
1149 3765 1317 3836 polles
1353 3767 1554 3833 inveni,
1585 3776 1640 3824 et
1669 3767 1781 3826 Deo
1804 3769 2008 3841 gratias
2035 3785 2123 3826 re-

538 3851 635 3907 tuli
663 3854 807 3924 quod
851 3853 1032 3909 anima
1076 3863 1133 3911 et
1183 3871 1409 3928 corpore
1456 3867 1508 3914 te
1531 3859 1671 3916 bene
1712 3859 1899 3931 vigere
1930 3861 2115 3918 didici.

538 3939 681 3998 Sane
710 3959 775 3999 ea
804 3959 928 4014 quae
952 3944 1270 4015 signiﬁcasti
1322 3948 1584 4018 quosdam
1607 3948 1788 4006 dicere
1837 3951 2119 4021 quodnon

537 4033 789 4090 sitFilius
811 4034 1032 4104 aequalis
1053 4035 1228 4103 Patri,
1242 4045 1296 4092 et
1319 4037 1460 4109 quod
1477 4039 1528 4093 in
1545 4039 1836 4111 Evangelio
1856 4041 2117 4112 scriptum

538 4125 648 4181 sit:
678 4145 697 4177 ι
730 4125 894 4182 Pater
920 4127 1095 4199 major
1123 4143 1210 4184 me
1231 4138 1335 4196 est,
1371 4148 1393 4182 ι
1424 4131 1567 4187 scias
1606 4148 1713 4188 non
1767 4141 1916 4190 recte
1955 4133 2117 4191 intel-

539 4215 708 4286 ligere
759 4216 893 4272 tales
923 4218 1049 4273 ﬁdei
1095 4218 1331 4290 regulas,
1363 4236 1464 4277 nec
1496 4231 1700 4278 rectam
1743 4222 1905 4280 ﬁdem
1949 4237 2118 4294 penes

537 4322 595 4364 se
619 4308 839 4365 habere.
871 4308 1070 4366 Paulus
1118 4313 1394 4384 apostolus
1420 4330 1524 4370 non
1553 4316 1850 4372 secundum
1897 4317 2118 4374 deitatis

538 4411 791 4458 naturam
823 4402 1097 4459 Christum
1124 4416 1366 4462 creatum
1399 4407 1656 4476 insinuat,
1687 4409 1782 4467 sed
1819 4412 2117 4468 secundum

536 4495 785 4551 humana:
813 4505 1022 4553 naturte
1051 4499 1410 4554 substantiam
1432 4503 1682 4558 eumdem
1710 4511 1952 4560 creatum
1975 4503 2118 4560 afﬁr-

535 4593 684 4651 mat,
733 4584 852 4658 ipso
904 4586 1154 4658 Ephesiis
1206 4590 1627 4647 conscribente:
1684 4613 1703 4645 ι
1735 4593 2116 4663 Renovamini,

536 4676 732 4748 inquit,
761 4681 954 4751 spiritu
985 4683 1190 4739 mentis
1229 4693 1425 4739 vestra:
1453 4692 1508 4739 et
1544 4684 1752 4742 induite
1783 4703 1981 4743 novum
2014 4688 2114 4743 ho-

537 4769 737 4826 minem
765 4771 856 4841 qui
896 4775 1192 4828 secundum
1226 4774 1394 4830 Dcttm
1435 4786 1653 4832 creatus
1699 4787 1784 4833 est
1827 4777 2112 4849 iniustitia

2225 3583 2317 3655 qui
2344 3592 2636 3639 renovatur
2659 3584 2712 3638 in
2735 3584 3012 3655 agnitione
3039 3587 3336 3641 secundum
3371 3586 3675 3660 imaginem
3705 3587 3816 3657 ejus

2225 3674 2314 3744 qui
2337 3674 2542 3730 creavit
2559 3690 2682 3730 eum
2709 3673 2847 3747 (Col.
2874 3691 2957 3744 ιιι,
2983 3675 3062 3748 8).
3083 3696 3102 3729 ι
3126 3673 3380 3748 Nunquid
3404 3679 3450 3733 is
3470 3679 3567 3749 qui
3588 3680 3812 3736 univer-

2221 3779 2336 3820 sam
2356 3776 2687 3832 creaturam,
2710 3766 2941 3824 visibilia
2965 3777 3020 3824 et
3043 3769 3338 3826 invisibilia
3359 3787 3389 3826 a
3414 3772 3642 3843 propria
3667 3782 3815 3845 pote-

2221 3857 2382 3912 statis
2405 3857 2606 3914 virtute
2650 3859 2956 3928 procreavit
2976 3876 3041 3917 ac
3060 3860 3214 3930 fecit,
3257 3865 3503 3935 seipsum
3531 3874 3703 3920 antea
3726 3865 3807 3921 vel

2222 3949 2585 4020 postmodum,
2609 3951 2751 4021 quod
2775 3951 2954 4008 dicere
2986 3953 3139 4010 nefas
3160 3963 3270 4022 est,
3293 3956 3503 4011 creavit
3523 3954 3613 4010 vel
3636 3955 3812 4012 facere

2218 4041 2412 4112 potuit.
2448 4040 2617 4097 Filius
2667 4043 2846 4099 minor
2887 4053 2972 4100 est
2996 4044 3157 4102 Patre
3199 4048 3252 4102 in
3276 4047 3548 4117 assumpti
3577 4048 3815 4104 hominis

2220 4134 2414 4201 forma,
2440 4135 2666 4206 aequalis
2685 4151 2813 4192 vero
2836 4136 2988 4193 Patri
3018 4148 3103 4196 est
3124 4140 3176 4195 in
3202 4140 3423 4196 deitatis
3446 4149 3667 4195 natura:
3691 4142 3811 4196 sub.

2217 4225 2438 4290 stantia;
2463 4225 2650 4282 eodem
2673 4235 3046 4297 protestante:
3079 4249 3096 4282 ι
3121 4229 3232 4299 Ego
3256 4239 3312 4284 et
3333 4227 3504 4286 Pater
3525 4247 3702 4285 unum
3728 4247 3807 4285 su-

2219 4332 2339 4372 mus
2383 4317 2547 4389 266
2595 4316 2778 4389 (Joan.
2836 4334 2902 4386 ι,
2948 4319 3060 4391 30).
3106 4340 3125 4373 ι
3156 4320 3223 4375 Et
3257 4320 3496 4375 iterum:
3535 4341 3554 4373 ι
3589 4320 3700 4388 Qui
3731 4336 3812 4376 me

2220 4408 2397 4475 videt,
2431 4410 2574 4464 videt
2601 4418 2655 4465 et
2684 4408 2902 4466 Patrem
2932 4410 3120 4482 (Joan.
3154 4428 3265 4477 xiv,
3297 4412 3374 4484 9).
3413 4431 3433 4466 ι
3470 4413 3541 4468 Et
3569 4414 3808 4470 iterum:

2224 4519 2247 4552 ι
2277 4500 2377 4568 Qui
2406 4501 2521 4556 odit
2549 4516 2665 4567 me,
2705 4502 2822 4558 odit
2853 4512 2908 4560 ει
2933 4503 3144 4558 Patrem
3182 4504 3368 4576 (Joan.
3413 4521 3507 4572 xv,
3533 4505 3655 4577 9.5).
3697 4527 3716 4560 ι
3747 4505 3812 4561 Et

2219 4595 2455 4650 iterum:
2495 4613 2514 4646 ι
2553 4593 2623 4651 Ut
2651 4610 2842 4653 omnes
2871 4596 3230 4653 honoriﬁcent
3261 4597 3488 4665 Filium,
3521 4600 3669 4654 sicut
3711 4601 3806 4656 ho-

2218 4688 2521 4744 uoriﬁcavit
2560 4687 2774 4745 Patrem
2805 4689 2986 4760 (locu.
3020 4707 3073 4756 v,
3101 4690 3217 4763 25).
3257 4711 3277 4746 ι
3311 4692 3376 4747 Et
3403 4693 3600 4748 iterum
3634 4711 3649 4746 :
3688 4712 3709 4746 ι
3743 4692 3808 4748 ιίι

2221 4781 2332 4836 sint
2361 4782 2415 4836 in
2446 4781 2602 4838 nobis
2624 4798 2813 4849 unum,
2839 4783 2978 4838 sicut
3003 4792 3059 4838 et
3079 4800 3179 4840 nos
3209 4801 3395 4842 sumus
3422 4801 3590 4840 unum
3623 4785 3804 4856 (locu.

531 4866 591 4917 et
622 4864 909 4918 sanctitate
958 4865 1222 4921 veritatis.
1274 4865 1489 4937 (Ephea.
1521 4883 1596 4934 tv,
1633 4868 1726 4938 25)
1764 4888 1784 4921 ι
1818 4869 1886 4924 Et
1922 4871 1988 4926 ad
2014 4870 2118 4928 lle-

2227 4890 2310 4938 xv,
2329 4873 2442 4946 21).
2475 4874 2569 4929 »Ει
2591 4874 2821 4930 iterum:
2848 4893 2872 4926 ι
2890 4875 2966 4930 Tu
2988 4875 3039 4930 in
3067 4892 3153 4932 me
3172 4887 3227 4934 et
3249 4892 3350 4948 ego
3373 4877 3428 4932 in
3446 4878 3530 4933 eis
3546 4853 3759 4950 Ubii).
3783 4897 3800 4928 ι

530 4952 709 5009 braeos
741 4971 752 5006 :
789 4972 808 5006 ι
856 4953 912 5007 1η
945 4968 1010 5010 eo
1037 4956 1184 5010 enim
1215 4955 1268 5010 in
1304 4971 1411 5026 quo
1457 4973 1649 5029 passus
1675 4969 1759 5016 est
1807 4961 1895 5016 ille
1923 4969 1978 5017 et
2003 4973 2119 5018 ten-

533 5053 696 5110 tatus,
754 5047 918 5102 etiam
987 5058 1167 5120 potest
1220 5049 1304 5106 his
1366 5051 1458 5122 qui
1513 5060 1790 5109 tentantur
1843 5056 2114 5112 auxiliari.

543 5137 692 5193 Unde
723 5149 924 5194 sanetae
953 5140 1253 5198 vocationis
1272 5142 1587 5214 participes,
1618 5145 1963 5201 considerate
1993 5162 2118 5218 apo-

536 5226 734 5282 stolum
777 5237 832 5284 et
881 5229 1191 5300 pontiﬁcem
1245 5231 1605 5290 confessionis
1654 5242 1856 5291 nostrae
1906 5235 2114 5304 Iesum,

537 5317 748 5373 ﬁdelem
771 5321 1089 5378 existentem
1106 5322 1152 5379 ei
1178 5324 1267 5395 qui
1290 5325 1498 5380 creavit
1517 5340 1639 5381 eum
1663 5325 1850 5399 (Hebr.
1872 5343 1933 5392 ιι,
1953 5329 2064 5400 18).
2091 5351 2111 5381 ›

535 5407 602 5463 Et
627 5409 695 5465 ad
743 5409 1134 5467 Colossenses:
1170 5432 1189 5466 ‹
1226 5412 1380 5470 Νιιηε
1429 5424 1610 5472 autem
1659 5415 1914 5487 deponite
1937 5426 1992 5472 et
2018 5435 2116 5476 vos

534 5501 785 5557 universa
817 5519 831 5559 :
867 5505 1025 5571 iram,
1058 5504 1506 5576 indignationem,
1534 5507 1817 5572 malitiam,
1860 5509 2112 5580 blasphe-

537 5592 722 5659 miam;
755 5595 1146 5667 turpiaqueex
1178 5612 1274 5652 ore
1322 5608 1502 5675 vestro
1525 5613 1631 5654 nou
1661 5599 1976 5670 procedant.
2007 5600 2115 5658 No-

540 5681 631 5739 lite
661 5686 876 5744 mentiri
909 5687 1536 5758 invicem,eXSpoliantcs
1565 5706 1660 5749 vos
1675 5700 1911 5749 veterem
1941 5694 2117 5751 homi-

2224 4965 2290 5019 ΕΙ.
2316 4965 2512 5020 iterum
2541 4979 2558 5019 :
2595 4983 2615 5017 ι
2648 4963 2842 5022 Omnia
2875 4981 2992 5022 mea
3038 4975 3127 5022 tua
3156 4978 3281 5023 sunt
3305 4967 3495 5040 (Ibid.,
3529 4969 3646 5040 10).
3683 4989 3704 5022 ι
3744 4968 3806 5023 Et

2223 5057 2418 5111 iterum
2447 5074 2462 5111 :
2496 5077 2514 5108 ι
2544 5055 2655 5128 Ego
2702 5057 2755 5112 in
2803 5056 2994 5124 Patre,
3030 5068 3086 5114 et
3135 5057 3294 5115 Pater
3324 5060 3378 5115 in
3413 5076 3504 5116 me
3533 5059 3746 5133 (Ibat).
3777 5081 3799 5114 ι

2219 5148 2290 5203 Et
2319 5147 2516 5202 iterum
2547 5165 2562 5203 :
2601 5168 2620 5200 ‹
2650 5148 2812 5205 Pater
2845 5149 2898 5204 in
2931 5164 3017 5205 me
3046 5165 3270 5205 manens
3291 5189 3307 5214 ,
3338 5149 3469 5206 facit
3495 5166 3666 5222 opera
3693 5152 3795 5208 luet

2221 5238 2404 5309 (Joan.
2437 5253 2546 5302 xiv,
2578 5239 2688 5307 10).
2727 5259 2746 5290 ι
2779 5239 2848 5295 Et
2885 5239 3122 5296 Joannes
3160 5241 3490 5312 evangelista
3522 5243 3601 5297 ait
3632 5258 3650 5298 :
3688 5263 3706 5295 ι
3744 5242 3796 5297 ιι.

2218 5329 2488 5400 principio
2517 5339 2634 5387 erat
2660 5329 2896 5387 Verbum
2926 5341 2980 5387 et
3006 5332 3240 5388 Verbum
3275 5341 3396 5388 erat
3421 5335 3562 5404 apud
3591 5335 3760 5391 Deum
3780 5374 3796 5401 ,

2217 5431 2274 5478 et
2306 5423 2452 5478 Deus
2479 5431 2599 5477 erat
2637 5423 2873 5480 Verbum
2900 5423 3084 5496 (Joan.
3117 5425 3266 5493 1,1).
3311 5444 3330 5477 ι
3364 5425 3434 5480 Et
3460 5426 3664 5483 iterum
3689 5427 3798 5498 ipse

2220 5515 2286 5569 ad
2315 5515 2546 5571 Parthos
2579 5533 2593 5570 :
2631 5533 2649 5567 ι
2687 5515 2822 5572 Tres
2848 5525 3011 5583 sunt,
3051 5517 3253 5587 inquit,
3295 5517 3386 5589 qui
3428 5519 3794 5575 testimonium

2218 5607 2506 5678 perhibent
2536 5607 2589 5663 in
2637 5616 2783 5665 terra
2813 5626 2826 5664 :
2860 5623 3022 5679 aqua,
3045 5611 3266 5681 sanguis
3302 5618 3357 5668 et
3385 5612 3634 5683 spiritus.
3665 5612 3793 5668 Tres

2220 5700 2270 5755 in
2304 5699 2460 5756 nobis
2489 5708 2647 5767 sunt,
2680 5710 2735 5758 et
2765 5710 2870 5758 tres
2899 5702 2990 5772 qui
3016 5702 3386 5762 testimonium
3425 5706 3710 5778 perhibent
3738 5707 3786 5759 is
