3882 5316
101 122 253 180 1069

1267 83 1756 191 ΒΕΕΒΠᾹΜΗΜ
1811 132 2208 192 COLLECTIO.

3225 147 3388 232 toro

103 236 290 304 cordo,
320 233 500 302 Pater,
527 234 761 294 Verbum
798 247 851 295 et
879 241 1134 311 Spiritus.
1175 242 1244 298 Et
1277 245 1331 298 hi
1367 253 1476 300 tres
1526 261 1694 300 unum
1725 253 1767 308 Α
1799 245 2086 314 saeculum,
2117 261 2291 320 neque
2337 249 2581 321 adjectus
2619 259 2706 309 est
2748 251 2834 322 ei,
2879 268 3054 326 neque
3099 257 3370 316 minuetur

103 335 265 381 sunt.
325 345 349 380 ι
397 326 507 383 Nos
531 328 713 401 itaque
762 330 818 385 in
869 341 1060 386 natura
1087 333 1340 400 deitatis,
1371 335 1497 406 quia
1531 352 1697 392 unum

103 426 242 471 sunt
272 416 443 473 Pater
478 427 535 474 et
583 419 784 489 Filius,
815 438 915 478 nec
965 423 1181 480 Patrem
1222 427 1493 482 credimus
1519 429 1698 499 aliquo

103 515 372 578 tempore
390 512 749 579 praecessisse,
779 527 848 568 ne
876 513 1047 584 major
1071 515 1144 570 sit
1179 515 1337 582 Filio,
1371 533 1470 574 nec
1502 518 1696 574 Filium

101 609 304 670 postea
337 609 522 656 natum
547 617 666 658 esse
691 643 707 668 ,
736 615 796 658 ut
821 603 1022 660 deitate
1069 607 1246 663 Patris
1288 609 1607 663 minoretur.
1639 608 1698 664 Si

104 688 344 760 :equalis
376 689 521 746 Patri
552 691 722 748 Filius
749 709 854 748 non
883 703 997 760 est,
1024 711 1122 753 cur
1149 697 1221 752 ita
1248 697 1315 752 de
1344 698 1434 752 illo
1461 698 1699 755 Joannes

103 780 456 850 evangelista
496 790 726 839 testatus
761 797 843 840 εει
875 801 888 839 :
922 784 1239 855 Propterea,
1287 787 1481 857 inquit,
1512 803 1696 858 perse-

105 871 431 940 quebantur
449 871 616 928 Judmi
648 872 832 930 Jesum
859 885 910 931 et
936 877 1248 946 qumrcbant
1275 893 1398 932 eum
1429 879 1698 946 occidere,

103 961 235 1029 quia
260 975 380 1016 non
420 961 592 1018 solum
623 963 869 1020 solvebat
897 965 1194 1022 Sabbatum
1214 1007 1230 1034 ,
1270 969 1365 1024 sed
1397 978 1452 1025 et
1480 968 1700 1026 Patrem

105 1068 266 1107 suum
289 1052 512 1109 dicebat
532 1054 723 1124 Deum,
743 1057 1003 1129 aequalem
1017 1073 1074 1114 se
1095 1058 1297 1116 faciens
1318 1060 1448 1117 Deo.
1471 1061 1536 1118 Et
1556 1062 1699 1119 Pau-

104 1142 189 1197 lus
217 1143 509 1212 apostolus
535 1159 549 1199 :
581 1165 600 1198 ι
632 1144 745 1202 Hoc
776 1147 975 1204 sentite
1005 1149 1058 1203 in
1099 1151 1284 1216 vobis,
1316 1152 1525 1221 inquit,
1555 1155 1699 1224 quod

105 1243 161 1288 et
189 1233 245 1288 in
277 1233 509 1291 Christo
534 1234 682 1292 Jesu.
710 1237 812 1305 Qui
841 1253 962 1294 cum
993 1241 1048 1295 in
1083 1241 1257 1298 forma
1284 1243 1377 1298 Dei
1403 1254 1546 1300 esset
1571 1260 1703 1300 cou-

105 1333 374 1393 stttutus,
411 1344 521 1384 non
550 1329 796 1399 rapinam
840 1332 1134 1390 arbitratus
1162 1343 1246 1390 est
1280 1350 1402 1393 esse
1431 1351 1489 1392 se
1521 1352 1700 1409 aequa-

107 1415 212 1469 lem
245 1417 394 1481 Deo,
427 1417 524 1472 sed
552 1420 906 1490 semetipsum
950 1422 1248 1478 cxinanivit
1286 1423 1516 1481 formam
1556 1428 1697 1483 servi

109 1508 390 1578 accipiens
421 1509 678 1580 (Philipp.
709 1527 750 1566 ll
772 1552 788 1578 ,
822 1513 901 1582 5).
951 1513 1018 1568 Et
1063 1515 1118 1569 in
1170 1515 1460 1574 Salomone
1490 1536 1504 1572 :
1543 1536 1562 1570 ι
1596 1519 1698 1587 Qui

1799 335 1908 402 illi;
1942 336 2058 407 ipse
2094 346 2179 393 est
2202 338 2346 395 enim
2375 339 2624 398 dominus
2652 351 2915 401 creaturae
2935 361 3079 415 suae,
3117 349 3209 420 qui
3236 351 3373 408 nihil

1798 426 1947 496 eguit
1989 427 2056 482 ab
2087 427 2286 499 aliquo.
2318 429 2385 485 Et
2413 431 2468 486 in
2495 431 2612 502 psal
2634 449 2779 489 Lxxu
2811 452 2825 488 :
2859 453 2878 488 ‹
2902 435 3040 504 Quid
3070 439 3216 496 enim
3238 441 3370 498 mihi

1797 528 1884 574 est
1912 518 1968 573 in
1988 519 2157 588 coelo,
2183 529 2238 578 et
2263 522 2329 577 ad
2361 530 2414 577 te
2440 524 2569 593 quid
2602 524 2746 579 volui
2779 540 2940 596 super
2968 537 3192 585 terram.
3217 531 3373 591 »11ωο

1797 609 1979 665 omnia
2014 609 2209 666 Filium
2238 627 2345 667 non
2395 612 2707 670 inferiorem
2733 625 2931 672 natura
2963 619 3370 690 demonstrant,

1798 701 2285 773 sedazqualitatem
2316 706 2534 763 deitatis
2573 708 2934 777 annuntiant,
2978 713 3232 780 quoniam
3279 716 3372 786 qui

1799 802 2031 866 utraque
2054 795 2267 852 locutus
2292 807 2407 865 est,
2431 813 2620 854 verum
2645 800 2804 868 dixit,
2830 803 2956 873 quia
2984 802 3196 862 Veritas
3221 823 3374 864 men-

1801 887 1891 942 tiri
1923 902 2028 942 non
2056 890 2251 960 potuit.
2303 891 2528 961 Taliter,
2572 893 2743 952 frater
2778 897 3128 968 charissime,
3160 917 3374 973 semper

1799 994 1929 1051 age,
1958 992 2292 1052 cmterosque
2318 999 2508 1040 omnes
2540 1002 2700 1057 agere
2733 1004 2892 1044 mone
2911 1032 2926 1057 ,
2957 999 3017 1046 ut
3045 991 3244 1049 abolito
3271 995 3376 1050 hoc

1800 1071 1890 1139 qui
1924 1080 2084 1126 natus
2105 1073 2393 1130 videbatur
2420 1090 2642 1144 errore,
2688 1079 2741 1134 in
2788 1079 3001 1137 laudem
3045 1092 3101 1138 et
3141 1084 3370 1155 gloriam

1801 1160 1896 1216 Dei
1920 1178 2016 1232 per
2040 1170 2212 1217 totum
2238 1165 2497 1221 mundum
2525 1183 2628 1222 una
2644 1167 2775 1224 fich
2788 1170 2928 1241 sitet
2947 1187 3052 1226 una
3077 1173 3374 1243 eademque

1801 1251 2070 1308 confessio
2088 1293 2104 1320 ,
2137 1272 2155 1306 ι
2190 1261 2250 1308 ut
2279 1255 2330 1310 in
2363 1256 2582 1312 nomine
2605 1257 2732 1315 Iesu
2758 1274 2916 1316 omne
2938 1276 3075 1332 genu
3099 1261 3372 1331 ﬂectatur,

1800 1341 2123 1409 cmlestium,
2154 1345 2492 1400 terrestrium
2523 1356 2579 1404 et
2598 1346 2952 1416 infernorum,
2983 1360 3038 1406 et
3065 1353 3240 1406 omnis
3267 1352 3374 1408 lin-

1801 1447 1902 1503 gua
1931 1433 2256 1489 confiteatur
2277 1436 2403 1506 quia
2430 1436 2690 1492 Dominus
2717 1436 2872 1495 Jesus
2902 1440 3149 1496 Christus
3179 1440 3231 1494 in
3260 1441 3374 1512 glo-

1802 1523 1882 1578 ria
1911 1532 1998 1580 est
2022 1524 2114 1579 Dei
2143 1524 2317 1580 Patris
2344 1526 2593 1598 (Philipp.
2628 1544 2666 1585 tt
2687 1571 2702 1594 ,
2726 1529 2842 1601 10).
2870 1550 2889 1583 ι
2921 1530 3054 1586 Data
3074 1570 3087 1585 .
3111 1570 3125 1585 .
3146 1569 3162 1586 .
3193 1531 3373 1588 Nonas

107 1598 291 1668 genuit
317 1613 411 1653 me
444 1600 711 1669 requievit
733 1601 786 1656 in
817 1601 1163 1659 tabernacqu
1189 1619 1309 1661 meo
1330 1603 1522 1677 (Eccli.
1544 1623 1698 1674 xxrv.
1732 1607 1776 1669 Β
1803 1613 2068 1688 Augusti,
2103 1613 2408 1674 Justiniano
2436 1626 2492 1674 et
2535 1598 2847 1678 Athalarico
2873 1621 2942 1677 lV
2967 1621 3299 1680 consulibus.

112 1687 218 1760 l2).
254 1708 276 1742 ι
307 1689 378 1746 Et
406 1689 580 1747 Isaias
617 1707 631 1745 ;
664 1691 818 1748 Sicut
848 1702 935 1749 est
979 1694 1048 1749 ab
1096 1694 1284 1764 initio,
1323 1696 1396 1752 ita
1444 1712 1616 1770 usque
1640 1699 1695 1753 in

122 1877 3220 1910 mmm—

684 2096 1161 2231 INCII’IT'
1231 2095 1815 2195 EPISTOLA
1899 2100 2374 2194 AGAPITI
2470 2105 2801 2195 PAPE

285 2287 380 2352 Ad
411 2289 772 2354 Antemt‘um
801 2289 1572 2372 Constantinopolitanum
1609 2295 1967 2374 episcopum
1996 2295 2069 2358 de
2105 2295 2346 2358 duabus
2375 2300 2623 2362 naturis
2653 2300 2718 2362 in
2754 2319 2878 2362 uno
2915 2301 3186 2365 Christo.

178 2614 447 2672 AGAPI'I'US
490 2615 742 2672 ANTEIIO
770 2614 1023 2688 episcopo
1054 2615 1308 2672 salutem.

181 2707 340 2762 Multo
369 2708 578 2780 gaudio
617 2723 792 2766 essem
841 2709 1114 2779 repletus,
1159 2709 1202 2765 si
1248 2717 1303 2766 te
1350 2707 1513 2766 talem
1543 2708 1691 2766 circa

118 2793 355 2851 Ecclesiae
395 2811 594 2867 pacem
641 2804 699 2852 et
742 2795 1116 2866 gloriosissirni
1146 2796 1490 2868 imperatoris
1528 2806 1691 2867 atque

119 2884 282 2955 populi
307 2886 620 2942 doctrinam
650 2885 975 2956 reperissem
997 2928 1012 2953 ,
1036 2887 1250 2957 qualem
1277 2895 1330 2942 te
1365 2888 1418 2942 in
1450 2887 1686 2957 primor—

119 2975 198 3029 dio
219 2991 334 3032 esse
363 2977 578 3032 audivi.
610 2975 718 3032 Sed
747 2993 892 3033 nunc
920 2979 1046 3047 quia
1077 2977 1363 3034 didicimus
1383 2993 1411 3032 a
1437 2993 1690 3034 reveren-

1798 2611 2027 2683 apostoli
2053 2611 2385 2681 docuerunt,
2420 2623 2475 2669 et
2514 2613 2773 2671 hactenus
2802 2631 2988 2672 eorum
3041 2633 3369 2688 suorumque

1797 2719 2175 2760 successorum
2202 2718 2454 2775 sequens,
2478 2716 2666 2761 sancta
2721 2707 2835 2763 lucc
2890 2707 3132 2766 Romana
3160 2720 3215 2766 et
3238 2706 3367 2782 apo-

1797 2796 1987 2854 stolica
2016 2795 2256 2853 Ecclesia
2283 2795 2563 2860 doerinam
2596 2798 2766 2854 tenuit
2798 2813 2864 2854 ac
2895 2808 3074 2868 tenet,
3103 2802 3286 2859 docuit
3312 2814 3368 2860 et

1798 2889 1972 2945 docet.
1999 2888 2277 2961 Siquidem
2306 2889 2449 2944 cnim
2473 2889 2544 2943 ita
2570 2890 2971 2953 suntpbcaecati
2990 2933 3004 2957 ,
3031 2902 3085 2948 et
3110 2910 3139 2948 a
3168 2893 3370 2952 lumine

1796 2979 2041 3034 veritatis
2069 2980 2265 3044 alieni,
2304 2990 2362 3034 ut
2390 2978 2553 3035 Verbi
2577 2979 2678 3035 Dei
2713 2995 2742 3034 a
2771 2989 3013 3052 tempore
3043 2982 3370 3044 incarnatio-

117 3031 337 3123 dissimis
362 3031 636 3124 fratribus
666 3077 720 3124 te
745 3031 951 3124 contra'
970 3077 1174 3124 statuta
1205 3068 1428 3124 Patrum
1459 3070 1692 3140 impera-
1721 3031 1764 3094 Ο
1797 3068 1882 3124 nis
1911 3070 2176 3141 denegent
2202 3070 2514 3137 veritatem,
2542 3073 2830 3128 ostendant
2859 3073 3042 3144 inquo
3075 3078 3177 3132 sibi
3208 3078 3365 3135 Chri-

116 3164 275 3214 torem
300 3168 355 3215 et
383 3160 631 3230 reliquos
656 3161 879 3230 populos
904 3161 1100 3218 docere
1117 3203 1132 3230 ,
1161 3161 1238 3216 ita
1265 3170 1324 3218 ut
1363 3169 1558 3234 negata
1588 3162 1692 3216 bum
1794 3162 2030 3218 stianum
2060 3177 2256 3220 nomen
2277 3172 2561 3234 usurpent,
2586 3172 2641 3220 et
2665 3180 2787 3220 cum
2808 3165 3101 3238 Evangelia
3121 3170 3368 3227 veritatis

114 3266 272 3307 mana:
294 3253 491 3308 carnis
511 3261 673 3322 atque
695 3253 887 3308 animae
906 3253 1138 3309 veritate
1164 3261 1375 3308 tantum
1403 3252 1690 3308 Dominum
1793 3268 1899 3325 qua
1947 3254 2157 3310 ratione
2195 3255 2554 3322 concordent,
2609 3255 2655 3310 si
2701 3269 2802 3326 per
2837 3255 3068 3328 Virginis
3113 3269 3328 3328 parium
3349 3299 3366 3324 ,

114 3350 342 3398 nostrum
364 3342 560 3399 Iesum
591 3343 863 3399 Christum
886 3343 1046 3400 unius
1068 3357 1282 3399 asseras
1305 3358 1431 3400 esse
1461 3351 1688 3409 naturae,

119 3439 357 3503 tanquam
401 3432 574 3489 Verbi
619 3433 792 3489 deitas
843 3433 960 3504 ipsa
996 3448 1054 3488 se
1089 3433 1142 3488 in
1178 3447 1396 3488 carnem
1420 3433 1689 3488 animam-

119 3537 210 3592 que
234 3526 492 3594 verterit,
521 3533 578 3582 et
606 3533 863 3596 tanquam
892 3509 1100 3597 concipi
1148 3540 1214 3580 ac
1257 3525 1448 3592 nasci,
1492 3525 1686 3580 nutriri

1794 3355 1886 3403 aut
1907 3362 2037 3404 caro
2060 3347 2180 3403 sine
2206 3347 2404 3404 deitate
2421 3388 2438 3415 ,
2460 3355 2552 3404 aut
2578 3347 2751 3406 deitas
2779 3358 2862 3405 est
2881 3359 3001 3406 orta
3026 3349 3143 3433 sine
3176 3365 3363 3406 carne.

1794 3437 1947 3494 Sicut
1974 3439 2118 3494 enim
2155 3437 2341 3510 negari
2373 3454 2480 3494 non
2527 3447 2708 3510 potest
2737 3438 3084 3512 (evangelista
3130 3441 3363 3512 dicente)

1792 3529 1936 3598 quod
1966 3527 2198 3585 Verbum
2225 3544 2353 3586 caro
2389 3528 2592 3586 factum
2621 3538 2705 3587 est
2730 3540 2785 3587 et
2813 3531 3074 3588 habitavit
3099 3533 3152 3588 in
3173 3534 3360 3600 nobis,

117 3624 167 3668 et
191 3630 463 3686 crescere,
495 3618 743 3688 crucifigi
770 3633 834 3673 ac
858 3618 1030 3684 mori,
1053 3616 1268 3686 sepeliri
1292 3631 1356 3671 ac
1382 3630 1686 3686 resurgere,
1791 3620 1866 3675 ita
1898 3620 2083 3690 negari
2132 3636 2238 3676 non
2266 3629 2443 3692 potest
2487 3623 2666 3694 (beato
2695 3623 2940 3695 apostolo
2981 3623 3148 3680 Paulo
3171 3625 3368 3695 praedi-

119 3712 168 3759 ct
195 3711 486 3766 ascendere
524 3709 576 3764 in
603 3709 798 3766 cmlum
821 3750 836 3775 ,
868 3709 1056 3765 sedere
1077 3707 1144 3762 ad
1170 3707 1447 3763 dexteram
1480 3707 1685 3774 Patris,
1789 3711 1972 3781 caute)
2001 3711 2141 3780 quod
2167 3711 2308 3768 Deus
2336 3719 2455 3767 erat
2484 3711 2537 3767 in
2565 3711 2801 3778 Christo,
2833 3714 3090 3769 mundum
3121 3714 3364 3770 reconci-

119 3796 287 3852 venire
313 3799 380 3853 ad
413 3798 738 3870 judicandos
768 3799 919 3854 vivos
947 3808 1001 3853 et
1039 3805 1278 3854 mortuos
1302 3839 1317 3865 ,
1349 3797 1541 3854 divina:
1573 3807 1692 3853 tau-
1790 3805 1930 3862 lians
1956 3805 2082 3862 sibi.
2113 3805 2243 3873 Quae
2283 3813 2464 3862 autem
2491 3806 2874 3878 .reconciliatio
2898 3822 3018 3863 esse
3045 3815 3228 3878 posset
3253 3823 3362 3878 qua

121 3894 221 3942 tum
248 3890 545 3948 voluntatis
588 3891 752 3948 fuerit
795 3907 916 3962 quae
965 3890 1098 3945 nihil
1147 3890 1339 3946 horum
1371 3890 1424 3945 in
1475 3905 1533 3946 se
1570 3890 1689 3947 sine
1790 3897 2029 3967 humano
2071 3897 2256 3969 generi
2304 3897 2753 3968 repropitiaretur
2805 3895 2983 3964 Deus,
3029 3897 3076 3954 si
3128 3898 3364 3954 hominis

122 3980 283 4036 carnis
322 3985 530 4054 recepit
577 3983 832 4048 veritate,
879 3996 999 4053 quae
1038 3989 1232 4036 natura
1277 3981 1426 4035 unita
1478 3992 1687 4038 natura:
1789 3989 2301 4054 causamMediator
2348 3990 2442 4046 Dei
2488 3998 2544 4046 et
2572 3990 2850 4045 hominum
2879 4006 2986 4046 non
3031 3992 3365 4064 susciperet?

120 4066 284 4126 Patris
311 4083 508 4130 natura
539 4083 626 4131 cst
663 4074 897 4146 Spiritus
940 4073 1114 4144 sancti
1161 4071 1429 4142 simulque
1479 4073 1682 4145 impas-

123 4160 276 4220 sibilis
293 4205 307 4231 ,
339 4167 608 4238 simulque
659 4163 1113 4221 incommutabilis
1136 4163 1479 4232 sempiterna:
1503 4162 1683 4220 Trini-

123 4255 238 4309 tatis
264 4255 494 4314 indivisa
539 4259 718 4315 unitas
739 4299 753 4324 ,
783 4267 838 4314 et
871 4257 1033 4313 unius
1055 4255 1351 4313 voluntatis
1378 4255 1681 4327 aequalitas,

124 4347 250 4401 unde
275 4348 319 4403 si
349 4350 549 4420 aliquis
593 4351 749 4407 mala:
788 4349 1078 4407 voluntatis
1123 4349 1264 4415 hoc,
1318 4360 1410 4407 aut
1452 4350 1684 4408 infidelis

125 4436 332 4507 quisque
351 4442 605 4498 desciscit
630 4458 698 4498 ne
719 4441 1074 4498 convincatur
1095 4440 1348 4496 deitatem
1370 4442 1680 4510 passibilem

105 4529 308 4586 .tentire
333 4540 498 4602 atque
521 4532 804 4589 mortalem
824 4573 840 4598 ,
869 4541 925 4588 et
952 4539 1133 4587 tamen
1169 4529 1333 4586 Verbi
1379 4531 1644 4587 incarnati
1664 4572 1679 4596 ,

113 4613 170 4676 id
200 4629 280 4673 est
314 4621 474 4678 Verbi
503 4632 558 4680 et
600 4623 782 4680 carnis
811 4638 974 4677 unam
1021 4635 1186 4677 ausus
1232 4619 1398 4676 fuerit
1437 4637 1684 4692 pronun-

124 4705 248 4765 tiare
275 4721 558 4783 naturam,
585 4714 870 4772 manifeste
897 4714 949 4768 in
981 4723 1222 4786 apertam
1261 4723 1314 4768 et
1343 4715 1464 4771 ideo
1509 4715 1682 4771 odibi-

124 4793 214 4851 lem
246 4805 434 4859 transit
458 4805 760 4873 insaniam,
793 4808 884 4878 qui
915 4809 1270 4863 mediatorem
1300 4807 1393 4863 Dei
1423 4816 1476 4862 et
1505 4807 1684 4862 homi-

122 4901 234 4942 num
295 4890 476 4950 Jcsum
525 4898 802 4956 Christum
871 4898 1204 4955 simulatorie
1257 4899 1431 4955 credit
1493 4898 1672 4953 omnia

121 4977 293 5046 egisse,
324 5001 422 5040 nec
445 5002 636 5046 verum
665 4989 717 5044 in
743 4990 961 5046 Christo
987 5006 1203 5062 corpus,
1235 4992 1330 5046 sed
1351 4992 1672 5062 phantasma

117 5065 220 5132 eius
238 5078 472 5145 corporis
498 5082 744 5153 Speciem
768 5081 939 5137 oculis
969 5083 1287 5154 apparuisse
1313 5082 1670 5140 cernentium.

122 5155 548 5245 Quaeimpietatis
574 5174 854 5231 mendacia
878 5175 1135 5245 quoniam
1159 5174 1289 5230 olim
1321 5177 1454 5232 fides
1483 5173 1672 5228 catho-

128 5244 219 5302 lica
246 5254 549 5316 detestatur.
581 5273 634 5316 et
675 5264 799 5316 talia
837 5244 1198 5316 asSerlimmm
1230 5266 1518 5316 sacrilegia
1542 5279 1674 5316 con-

1788 4078 1905 4146 Qua
1928 4094 2060 4135 vero
2100 4079 2310 4134 ratione
2339 4079 2624 4134 veritatem
2655 4079 2970 4136 mediatoris
2996 4079 3214 4151 implet,
3255 4081 3362 4138 nisi

1785 4169 1877 4239 qui
1906 4168 1958 4223 in
1990 4169 2161 4223 forma
2205 4168 2302 4224 Dei
2328 4167 2551 4238 aequalis
2593 4176 2676 4223 est
2720 4166 2902 4237 Patri,
2934 4170 2987 4225 in
3023 4170 3194 4225 forma
3220 4171 3365 4227 servi

1784 4259 2057 4330 particeps
2089 4267 2233 4315 esset
2259 4267 2314 4312 et
2345 4258 2548 4324 nostri,
2574 4267 2634 4312 ut
2670 4261 2863 4315 mortis
2902 4261 3173 4317 vinculum
3204 4262 3364 4317 unius

1788 4353 2234 4426 praevaricatione
2274 4360 2610 4408 contractum
2641 4352 2802 4408 unius
2843 4362 3049 4420 morte,
3078 4353 3171 4422 qui
3215 4352 3364 4408 solus

1787 4445 1948 4502 morti
1982 4444 2116 4500 nihil
2155 4442 2373 4509 debuit,
2419 4443 2753 4500 solveretur?
2795 4442 2998 4499 Eﬂ‘usio
3044 4445 3188 4499 enim
3226 4443 3362 4513 justi

1786 4537 2066 4610 sanguinis
2104 4534 2306 4591 Christi
2354 4545 2462 4591 tam
2494 4534 2593 4590 fuit
2631 4533 2782 4590 dives
2825 4535 2892 4590 ad
2921 4537 3191 4606 pretium,
3221 4543 3280 4591 ut
3311 4535 3360 4592 si

1786 4629 2114 4686 universitas
2146 4627 2482 4698 captivorum
2518 4627 2571 4681 in
2610 4625 3004 4690 redemptorem
3051 4644 3207 4684 suum
3235 4643 3358 4685 cre-

1785 4720 1975 4786 deret,
2008 4718 2210 4774 nullum
2239 4717 2437 4773 diaboli
2467 4717 2737 4772 vinculum
2783 4720 3070 4786 retineret;
3103 4710 3360 4789 quoniam

1785 4811 1927 4867 sicut
1950 4807 2239 4880 Apostolus
2266 4809 2384 4863 ait:
2421 4827 2439 4859 t
2483 4807 2582 4862 Ubi
2609 4808 2901 4864 abundavit
2924 4819 3236 4880 peccatum,
3269 4827 3360 4885 sua

1783 4900 2173 4974 perabttndavit
2194 4908 2250 4955 et
2280 4900 2451 4972 gratia
2483 4895 2533 4969 (1
2566 4897 2702 4954 Tim.
2737 4916 2792 4966 t,
2825 4899 2933 4970 l4).
2971 4919 2988 4952 ι
3021 4901 3086 4954 ΕΙ.
3109 4915 3232 4955 cum
3263 4902 3363 4956 sub

1780 4993 1992 5066 peccati
2040 4990 2355 5064 prtejudicio
2404 4988 2517 5047 nati
2564 5001 2888 5061 potestatem
2950 4993 3264 5062 acceperint
3298 4993 3365 5047 ad

1774 5085 2041 5156 justitiam
2085 5084 2447 5148 renascendi,
2476 5081 2710 5142 validius
2737 5085 2935 5142 factum
2958 5092 3040 5138 est
3069 5082 3273 5137 donum
3298 5081 3368 5136 li-

1784 5176 2015 5234 bertatis
2044 5187 2206 5245 quam
2238 5175 2480 5230 debitum
2511 5177 2813 5234 servitutis.
2841 5177 3011 5246 Quam
3052 5173 3240 5240 itaque
3268 5171 3369 5228 sibi

1786 5269 1839 5316 in
1883 5266 2042 5316 huius
2067 5267 2398 5316 sacramenti
2431 5267 2690 5316 nrzesidin
2718 5286 2861 5316 gnem
2896 5267 3240 5316 mlittmlunl.
3280 5263 3369 5316 nui
