3988 6456
513 290 648 346 1071

1321 287 1619 344 sereno:
1645 264 1744 342 ω
1783 286 1958 343 saec.
1989 284 2080 341 nr.
2120 314 2192 325 —
2227 282 2482 340 lStDGRf
2516 281 2958 341 MERCATORIS

3647 281 3800 340 {07!

511 403 651 461 didit
678 401 1029 473 semetipsum
1072 416 1170 473 pro
1216 401 1371 457 nobis
1416 374 1746 457 oblationem
1779 410 1837 456 et
1867 400 2097 463 hostiam
2128 402 2175 461 A
2205 396 2558 464 declaratum,
2578 397 2943 455 sine-veritate
2969 397 3150 455 carnis
3178 398 3593 467 nonjuberetur
3613 407 3808 452 trans-
3838 474 3843 477 _

515 496 629 553 Deo
656 495 711 552 in
740 496 964 552 odorem
1010 493 1332 560 suavitatis;
1366 513 1384 546 ι
1418 502 1513 548 aut
1558 493 1701 563 quod
1746 508 1984 563 unquam
2013 507 2102 547 sa-

517 587 789 644 criﬁcium
820 586 921 646 fuit
945 574 1212 642 sacratius
1233 597 1396 656 quam
1422 586 1565 656 quod
1596 599 1757 640 verus
1786 593 1841 641 et
1864 593 2101 640 aeternus

522 677 769 734 Pontifex
801 675 955 731 altari
980 666 1286 746 crucis'per
1315 674 1742 730 immolationem
1779 688 1891 729 sum
1918 673 2101 729 carnis

519 768 810 841 imposuit?
842 767 901 823 In
930 777 1225 837 conspectu
1265 766 1476 823 Domini
1533 766 1769 836 pretiosa
1814 779 1962 821 mors
2006 765 2099 836 ju-

519 867 726 914 storum
758 856 892 924 fuit,
924 857 1125 914 nullius
1156 867 1334 912 tamen
1366 858 1599 913 insontis
1638 857 1843 913 occisio
1884 856 2099 912 redem-

517 947 630 1017 ptio
677 945 779 1002 fuit
824 947 1029 1003 mundi.
1076 949 1421 1018 Acceperunt
1461 944 1631 1015 justi,
1684 962 1790 1002 non
1839 947 2103 1003 dederunt

518 1053 770 1093 coronas.
808 1038 883 1095 De
907 1038 1224 1095 fortitudine
1252 1039 1489 1094 ﬁdelium
1536 1038 1786 1110 exempla
1815 1049 1942 1093 nata
1974 1047 2101 1094 sunt

518 1129 815 1198 patientiae,
844 1145 950 1185 non
980 1131 1119 1186 dona
1143 1130 1389 1202 iustitiae.
1422 1128 1739 1206 Singulares
1765 1131 1967 1202 quippe
1987 1131 2102 1185 sin-

518 1216 659 1288 gulis
681 1228 884 1275 mortes
909 1219 1149 1287 fuerunt,
1171 1235 1272 1277 nec
1295 1220 1520 1276 alterius
1543 1221 1833 1291 quisquam
1855 1221 2097 1275 debitum

518 1322 624 1363 suo
649 1307 755 1364 ﬁne
802 1309 1092 1381 persolvit,
1137 1325 1262 1365 cum
1306 1309 1450 1366 ﬁlius
1489 1311 1722 1366 hominis
1743 1351 1760 1376 ,
1790 1325 1930 1366 unus
1952 1310 2101 1366 solus

520 1399 787 1459 Dominus
814 1415 999 1460 noster
1025 1403 1182 1459 Iesus
1213 1404 1481 1472 Christus,
1512 1405 1602 1475 qui
1630 1420 1758 1461 vere
1786 1419 1956 1475 agnus
1979 1411 2100 1461 erat

518 1490 934 1562 immaculatus,
981 1496 1275 1551 exstiterit.
1325 1497 1383 1552 ln
1431 1511 1540 1568 quo
1583 1509 1775 1552 omnes
1817 1494 2097 1561 cruciﬁxi,

520 1596 710 1639 omnes
737 1587 977 1653 mortui,
1024 1601 1215 1643 omnes
1262 1586 1490 1659 sepulti,
1534 1603 1723 1643 omnes
1766 1598 1893 1643 sunt
1934 1589 2097 1643 etiam

518 1674 794 1743 suscitati,
842 1677 908 1732 de
955 1678 1152 1750 quibus
1191 1680 1305 1751 ipse
1332 1680 1547 1736 dicebat
1575 1699 1590 1737 :
1619 1699 1640 1734 ι
1672 1680 1806 1737 Cum
1831 1680 2099 1737 exaltatus

2202 490 2331 546 ferri
2373 490 2430 546 in
2458 488 2750 562 [Egyptum
2782 506 2940 561 pncr‘,
2975 499 3029 546 et
3056 490 3128 546 ab
3149 489 3381 546 Herodis
3410 489 3805 560 persecutione

2202 584 2446 641 subduci.
2483 582 2614 639 Sine
2643 580 2806 639 Verbi
2835 584 3074 653 potentia
3101 598 3208 639 non
3238 584 3448 639 diceret
3475 597 3579 636 vos
3614 580 3807 635 Patris

2203 675 2369 732 missa
2405 677 2473 730 de
2519 674 2661 730 caelo
2695 693 2709 729 :
2748 693 2766 726 ι
2804 673 2905 730 llic
2935 683 3020 730 est
3061 675 3235 731 Filius
3276 690 3433 730 meus
3462 673 3698 729 dilectus
3747 671 3806 726 in

2201 782 2309 839 quo
2339 765 2469 821 mihi
2500 766 2636 821 bene
2663 765 3004 835 complacui,
3033 765 3210 836 ipsum
3241 764 3425 819 audite
3460 762 3679 836 (Manli.
3714 777 3807 827 ιιι,

2203 858 2323 928 Π);
2357 876 2375 909 ι
2403 868 2459 913 et
2479 858 2594 913 sine
2619 858 2861 913 veritate
2873 859 3064 913 carnis
3079 872 3184 913 non
3208 864 3611 928 protestaretur
3635 852 3811 909 han-

2202 964 2346 1004 nes:
2405 969 2423 1000 c
2461 949 2601 1004 Ecce
2660 950 2846 1021 Agnus
2891 950 3016 1013 Dei,
3077 964 3205 1004 ecce
3248 949 3345 1019 qui
3387 946 3532 1003 tollit
3571 957 3808 1017 peccata

2203 1040 2387 1096 mundi
2421 1038 2601 1110 (loan.
2636 1056 2688 1106 ι,
2718 1039 2832 1108 29).
2874 1058 2893 1093 ι
2931 1031 3064 1095 Sine
3104 1039 3267 1095 Verbi
3298 1039 3549 1111 potentia
3592 1039 3809 1093 reinte-

2200 1128 2378 1200 gratio
2406 1146 2511 1184 non
2544 1127 2700 1185 ﬁeret
2728 1130 2983 1185 debilium
3007 1138 3063 1186 et
3083 1128 3381 1185 viviﬁcatio
3408 1139 3799 1195 mortuorum;

2208 1231 2264 1276 et
2299 1222 2418 1277 sine
2442 1222 2677 1278 veritate
2705 1223 2921 1290 carnis,
2953 1238 3054 1277 nec
3080 1223 3235 1279 cibus
3268 1220 3492 1292 jejuno,
3526 1237 3632 1278 nec
3661 1237 3811 1278 som-

2199 1327 2301 1367 nus
2333 1319 2477 1368 esset
2507 1312 2856 1368 necessarius
2887 1311 3133 1383 fatigato.
3172 1311 3453 1369 Postremo
3482 1312 3607 1368 sine
3634 1310 3806 1368 Verbi

2198 1402 2437 1471 potentia
2463 1417 2569 1456 non
2596 1417 2657 1457 se
2674 1401 3086 1456 DominnsPatri
3115 1401 3461 1472 proﬁteretur
3487 1400 3807 1473 aequalem;

2199 1502 2255 1548 et
2285 1493 2402 1550 sine
2431 1493 2659 1548 veritate
2689 1492 2871 1549 carnis
2914 1507 3020 1547 non
3069 1492 3214 1548 idem
3270 1492 3481 1548 diceret
3529 1491 3704 1547 Patre
3749 1506 3807 1546 se

2199 1598 2322 1639 esse
2349 1584 2646 1649 minorem,
2679 1600 2803 1640 cum
2834 1583 3103 1639 catholica
3133 1581 3275 1639 ﬁdes
3295 1591 3590 1654 utrumque
3623 1583 3809 1637 susci-

2199 1674 2346 1743 piat,
2390 1681 2687 1744 utrnmque
2725 1671 3014 1738 defendat,
3066 1686 3187 1743 quae
3232 1671 3536 1728 secundum
3582 1670 3808 1728 confes-

520 1763 679 1821 fuero
708 1782 738 1821 a
788 1776 930 1823 terra
950 1809 967 1836 ,
1013 1770 1197 1825 omnia
1246 1771 1457 1826 traham
1490 1772 1559 1828 ad
1602 1772 1865 1845 meipsnm
1917 1772 2101 1845 (Joan.
2134 1760 2179 1819 B
2207 1762 2416 1820 sionem
2449 1762 2595 1819 beati
2623 1762 2769 1818 Petri
2793 1762 3019 1834 apostoli
3043 1778 3208 1818 unum
3237 1762 3517 1818 Christum
3562 1761 3665 1817 Dei
3698 1762 3808 1815 vivi

513 1870 592 1912 xu
612 1897 626 1923 ,
654 1856 746 1929 32)
765 1897 781 1925 ,
823 1875 843 1910 ι
875 1858 1008 1916 ﬁdes
1032 1863 1232 1916 etenim
1268 1860 1578 1932 iustiﬁcans
1610 1864 1804 1935 impios
1831 1874 1888 1920 et
1907 1880 2102 1921 ereans

513 1948 693 2018 justas
742 1951 808 2006 ad
857 1952 1177 2010 humilitatis
1212 1964 1444 2013 retracta
1492 1957 1870 2027 participium,
1905 1958 1957 2012 in
2009 1958 2101 2013 illo

513 2042 749 2113 acquirit
776 2043 1007 2100 salutem
1040 2045 1094 2100 in
1132 2062 1242 2117 quo
1277 2046 1392 2102 solo
1417 2047 1578 2103 homo
1605 2063 1664 2104 se
1701 2049 1907 2105 invenit
1948 2048 2104 2104 inno-

516 2143 766 2199 centem,
813 2132 1043 2191 liberum
1072 2135 1279 2191 habens
1326 2152 1423 2207 per
1471 2137 1699 2209 gratiam
1732 2138 1825 2194 Dei
1874 2141 1941 2194 de
1982 2137 2102 2208 ejus

517 2226 756 2295 potentia
786 2225 1030 2297 gloriari,
1057 2227 1155 2296 qni
1173 2230 1364 2283 contra
1391 2228 1610 2285 hostem:
1628 2230 1852 2286 humani
1883 2231 2101 2302 generis

518 2315 573 2369 in
618 2315 804 2370 carnis
855 2324 1057 2371 nostra:
1095 2317 1400 2373 humilitate
1439 2334 1783 2390 congressus,
1814 2320 1901 2376 his
1934 2320 2104 2376 victo-

516 2405 654 2460 riam
687 2421 840 2462 suam
872 2407 1065 2463 tribuit
1109 2409 1162 2463 in
1192 2423 1422 2479 quorum
1466 2425 1694 2480 corpore
1725 2412 2099 2481 triumphavit.

514 2495 671 2555 Licet
692 2513 824 2570 ergo
856 2500 909 2554 in
937 2516 1045 2556 uno
1070 2500 1301 2556 Domino
1322 2509 1510 2557 nostro
1539 2500 1667 2558 Jesu
1699 2504 1919 2559 Christo
1970 2518 2097 2560 vero

515 2587 613 2643 Dei
641 2596 803 2660 atque
822 2589 1060 2646 hominis
1080 2590 1240 2659 Filio,
1267 2592 1431 2647 Verbi
1456 2600 1511 2647 et
1535 2593 1719 2649 carnis
1739 2609 1844 2649 una
1866 2608 2097 2665 persona

512 2677 629 2744 sit,
669 2693 790 2748 quae
838 2680 1274 2752 inseparabiliter
1300 2689 1462 2752 atque
1501 2683 1734 2740 indivise
1779 2685 1978 2740 habeat
2007 2700 2099 2741 ac-

516 2770 695 2825 tiones
717 2785 1033 2832 communes
1052 2813 1067 2839 ,
1100 2773 1461 2846 intelligenda:
1492 2784 1672 2833 tamen
1701 2766 1827 2849 sunt
1856 2779 2097 2850 ipsorum

516 2875 742 2931 operum
769 2862 1169 2934 qualitates,'et
1196 2865 1278 2922 sic
1297 2881 1441 2922 veru:
1465 2865 1591 2941 ﬁdei
1640 2870 2099 2941 contemplatione

512 2951 849 3008 cernendum
877 2963 987 3019 est,
1009 2955 1083 3009 ad
1099 2970 1220 3026 qua:
1242 2940 1875 3031 provehatuifhumili‘tss
1894 2961 2097 3030 carnis,

513 3049 571 3096 et
600 3041 668 3097 ad
696 3057 818 3112 quae
839 3043 1133 3100 inclinetur
1155 3045 1386 3101 altitudo
1412 3028 1664 3121 deitatis;
1703 3028 1934 3119 quissit
1957 3028 2100 3121 quod

2203 1852 2400 1908 Filium
2440 1862 2492 1909 et
2525 1853 2798 1909 hominem
2852 1854 3024 1909 credit
3051 1861 3107 1909 et
3133 1868 3343 1919 verum,
3371 1852 3627 1909 Christus
3664 1853 3810 1909 Deus

2202 1955 2389 2001 noster
2417 1961 2582 2001 verus
2635 1946 2709 2000 ita
2756 1946 2899 2001 inter
2931 1945 3101 2001 Deum
3130 1954 3184 2001 et
3213 1944 3486 2001 hominem
3520 1945 3802 2000 mediator

2202 2036 2488 2107 apparuit,
2516 2045 2578 2092 ut
2605 2036 2658 2091 in
2688 2038 2898 2092 unitate
2941 2052 3184 2107 persona:
3214 2036 3473 2106 copulans
3500 2045 3809 2108 utramque

2202 2135 2455 2181 naturam
2476 2167 2490 2193 ,
2517 2138 2574 2184 et
2603 2127 2760 2183 solita
2815 2127 3139 2183 sublimaret
3164 2128 3432 2195 insolitis,
3473 2139 3533 2185 et
3572 2130 3806 2185 insolita

2200 2220 2375 2277 solitis
2393 2229 2737 2292 temperaret.
2772 2219 2910 2288 Quid
2932 2220 3269 2292 igitur‘ZCum
3289 2220 3539 2277 Christus
3566 2222 3650 2276 sit
3667 2223 3812 2278 Deus

2200 2300 2708 2383 ethomo,ioquitur
2724 2312 2978 2376 homo,et
2997 2311 3347 2368 ealumniaris
3382 2312 3527 2369 Deo?
3549 2313 3654 2370 Ille
3670 2314 3730 2369 in
3751 2331 3815 2370 se

2202 2414 2455 2460 naturam
2485 2405 2831 2460 commendat
2856 2404 3150 2459 humanam
3171 2446 3191 2470 ,
3216 2404 3271 2458 in
3304 2405 3394 2460 illo
3421 2394 3597 2460 audes
3620 2404 3811 2463 defor-

2200 2514 2352 2554 mare
2386 2498 2664 2554 divinam?
2691 2497 2917 2554 Gemina
2945 2512 3075 2567 ergo
3101 2507 3186 2553 est
3233 2498 3533 2553 substantia
3563 2497 3807 2567 Christi,

2198 2591 2378 2647 divina
2410 2589 2639 2656 scilicet,
2691 2604 2798 2660 qua
2828 2588 3052 2658 aequalis
3077 2597 3163 2643 est
3188 2586 3361 2653 Patri,
3396 2589 3644 2643 humana
3674 2604 3812 2643 vero

2198 2698 2306 2754 qua
2356 2682 2536 2738 minor
2557 2690 2641 2737 est
2667 2679 2828 2736 Patre
2866 2688 3201 2750 :utrumquc
3245 2689 3425 2735 autem
3469 2680 3643 2734 simul
3699 2696 3807 2734 non

2203 2776 2345 2842 duo,
2391 2775 2486 2830 sed
2539 2788 2677 2829 unus
2722 2772 3006 2837 Christus,
3040 2788 3109 2827 ne
3136 2774 3208 2827 sit
3234 2771 3575 2842 qnaternitas
3633 2772 3808 2828 Deus.

2202 2865 2355 2921 Sicut
2383 2864 2530 2920 enim
2578 2877 2718 2917 unus
2762 2869 2846 2917 est
2887 2860 3050 2916 homo
3096 2862 3377 2917 inanima
3425 2863 3694 2917 rationali
3737 2870 3791 2917 et

2203 2973 2400 3027 carne,
2431 2957 2512 3014 sic
2538 2972 2680 3013 unus
2706 2967 2791 3012 est
2815 2955 3063 3012 Christus
3090 2957 3233 3011 Dens
3275 2965 3332 3011 et
3377 2957 3572 3022 homo,
3610 2965 3677 3012 et
3714 2972 3805 3027 per

2206 3048 2309 3104 hoc
2333 3046 2583 3103 Christus
2613 3045 2756 3102 Deus
2792 3046 2974 3100 anima
3027 3045 3309 3101 rationalis
3344 3054 3403 3101 et
3442 3061 3592 3101 caro.
3644 3048 3807 3101 Chri-

514 3145 646 3186 caro
672 3130 790 3187 sine
819 3130 998 3189 Verbo
1027 3149 1132 3189 non
1160 3133 1271 3206 agit
1289 3177 1305 3203 ,
1340 3146 1395 3191 et
1419 3116 1548 3206 quid
1575 3137 1648 3192 sit
1671 3116 1813 3208 quod
1860 3116 2097 3196 Verbum
2126 3136 2171 3198 C
2202 3148 2343 3196 stum
2370 3137 2524 3194 inhis
2539 3137 2812 3202 omnibus,
2828 3136 3105 3192 Christum
3130 3137 3182 3191 in
3206 3136 3428 3206 singulis
3447 3135 3802 3191 conﬁtemur.

490 3222 636 3279 -sine
661 3238 829 3279 carne
853 3240 958 3280 non
988 3224 1177 3282 efﬁcit.
1209 3226 1341 3284 Sine
1375 3218 1547 3286 Verbi’
1562 3230 1709 3285 enim
1731 3232 1973 3303 potentia
2000 3247 2101 3289 nec

511 3312 822 3384 conciperet
854 3314 1138 3389 Virgonec
1160 3327 1412 3389 pareret,
1442 3328 1498 3374 et
1523 3320 1643 3376 sine
1662 3321 1894 3378 veritate
1919 3323 2103 3379 carnis

512 3404 765 3462 obvoluta
792 3409 986 3478 pannis
1012 3409 1240 3466 infantia
1270 3426 1377 3466 non
1401 3411 1630 3483 iaceret.
1660 3412 1792 3469 Sine
1813 3412 1975 3470 Verbi
2005 3430 2102 3486 po-

515 3498 684 3554 tentia
738 3515 844 3554 non
898 3502 1187 3557 adorarent
1236 3501 1377 3574 magi
1427 3518 1694 3575 puerum,
1738 3502 1893 3559 stella
1924 3503 2100 3561 indice

2207 3230 2349 3285 Deus
2394 3237 2447 3285 te
2490 3235 2778 3284 convertat
2821 3227 2875 3282 in
2900 3226 3123 3291 bonum,
3161 3224 3350 3292 frater,
3374 3237 3429 3282 et
3475 3236 3646 3282 recte
3680 3227 3802 3282 ﬁdei

2203 3333 2448 3374 normam
2482 3327 2532 3374 te
2562 3319 2615 3374 in
2646 3318 2897 3373 omnibus
2928 3325 3116 3371 tenere
3161 3325 3218 3371 et
3261 3317 3456 3372 docere
3507 3319 3799 3373 concedat.

2203 3409 2398 3466 Amen.
2426 3410 2561 3466 Data
2589 3408 2779 3464 Kalen.
2805 3406 2966 3475 Maii,
2994 3406 3301 3464 Justiniano
3324 3417 3522 3480 quarto
3543 3420 3597 3465 et
3622 3409 3804 3466 Theo-

2204 3504 2332 3559 dato
2354 3500 2421 3558 IV
2451 3500 2786 3558 consulibus.

543 3710 3788 3745 W

999 3890 1638 3983 INCIPIUNT
1710 3893 2249 3986 DECRETA
2318 3895 2849 3987 SILVERII
2928 3893 3270 3983 PAP/E

713 4228 954 4300 Epistol'a
982 4229 1250 4290 Amatoris
1275 4232 1509 4305 episcOpt'
1533 4235 1606 4288 ad
1627 4234 1887 4290 eumdem.

580 4320 784 4377 Beatis.~
795 4320 905 4377 imo
928 4320 1185 4380 SILVERIO
1220 4324 1454 4380 Annon
1478 4327 1765 4398 episcOpns

544 4414 628 4517 ’.Α
656 4414 980 4517 quibusdam
999 4414 1204 4517 ,"Pater
1227 4416 1610 4485 dilectissime,
1641 4419 1750 4475 illic
1785 4437 1813 4475 a
1844 4420 2094 4479 Patribns
2125 4456 2173 4517 Β

514 4505 896 4562 adventatibus
922 4506 1230 4563 audivimus
1267 4523 1361 4565 vos
1389 4523 1420 4563 a
1450 4512 1577 4567 sede
1619 4513 1791 4567 sancti
1819 4512 1964 4569 Petri
2010 4514 2093 4569 in-

508 4596 655 4667 juste
681 4597 894 4669 pulsum
931 4599 1127 4655 exsilio
1157 4598 1508 4656 destinatum.
1539 4600 1694 4668 Quod
1724 4603 1887 4658 nimis
1930 4620 2094 4674 grave

511 4687 751 4746 ferentes
784 4690 1031 4748 misimus
1061 4707 1225 4763 parva
1274 4693 1624 4759 munuscula,
1657 4695 1707 4750 id
1754 4704 1838 4752 est
1884 4697 2093 4769 argenti

510 4778 680 4838 libras
709 4798 849 4848 xxx,
887 4782 953 4837 ad
990 4793 1228 4840 vestram
1278 4794 1692 4855 vestrornmque
1738 4789 2093 4843 sustentatio-

514 4891 639 4933 nem
665 4918 682 4944 ,
717 4893 838 4948 quae
877 4879 1109 4949 petimus
1155 4887 1217 4935 ut
1262 4880 1335 4934 ila
1364 4889 1520 4952 grato
1562 4882 1748 4937 animo
1791 4882 2099 4953 suscipiatis

513 4970 656 5026 sicut
681 4980 833 5042 grata
872 4973 1153 5028 mittuntur
1200 4973 1524 5030 intentione.
1564 4973 1866 5031 Precamur
1885 4991 2104 5048 quoque

515 5070 572 5117 ut
597 5078 694 5134 per
721 5073 962 5120 vestram
994 5067 1283 5138 epistolam
1315 5068 1471 5124 nobis
1517 5073 1835 5124 remendare
1865 5085 1971 5124 non
2004 5070 2098 5124 dc-

513 5156 810 5227 dtgnetnini
843 5158 1075 5227 qualiter
1099 5160 1244 5216 circa
1272 5176 1368 5217 vos
1390 5160 1459 5216 sit
1480 5170 1660 5216 actum
1686 5160 1768 5216 vel
1802 5160 1960 5216 modo
1987 5162 2102 5232 agi-

515 5257 627 5311 tttr,
659 5254 719 5301 ut
750 5254 959 5301 certam
988 5249 1256 5326 rationem
1289 5251 1356 5306 de
1397 5251 1550 5306 vobis
1578 5251 1718 5308 scire
1744 5260 1800 5307 et
1838 5249 2101 5309 fratribus

513 5336 726 5393 valeam
758 5338 1029 5395 nuntiare.
1059 5340 1196 5409 Quid
1235 5343 1379 5398 enim
1426 5353 1586 5417 putas
1631 5344 1697 5399 de
1742 5345 1898 5401 nobis
1944 5345 2094 5417 ﬁeri,

514 5429 676 5488 Pater
703 5446 943 5499 summe,
973 5448 1096 5489 cum
1148 5437 1215 5491 de
1265 5452 1476 5492 summo
1528 5447 1749 5508 pastore
1795 5449 1852 5495 et
1892 5438 2097 5494 vicario

470 5548 473 5553 ·
513 5524 687 5580 sancti
730 5525 875 5582 Petri
906 5526 1031 5582 talia
1070 5525 1238 5583 fiunt?
1284 5528 1391 5585 Vos
1441 5539 1618 5586 tamen
1668 5529 1834 5585 nolite
1870 5528 2095 5585 multum

515 5616 718 5672 tristari
740 5658 755 5683 ,
785 5619 881 5674 sed
904 5616 1287 5676 confortamini
1320 5636 1533 5693 semper
1560 5622 1612 5678 in
1653 5622 1883 5678 Domino
1904 5663 1920 5689 ,
1957 5638 2093 5693 quo-

513 5708 656 5765 niam
687 5719 877 5782 potens
923 5722 1006 5771 est
1053 5712 1306 5771 divinitas
1349 5714 1625 5770 immensae
1653 5715 1989 5787 tempestatis
2018 5715 2095 5770 in-

2201 4243 2352 4293 certa
2379 4235 2521 4291 bono
2541 4234 2854 4291 serenitatis
2876 4248 3151 4291 amovere.
3181 4232 3288 4290 Ora
3314 4248 3415 4306 pro
3444 4235 3603 4292 nobis
3625 4278 3643 4303 ,
3672 4236 3801 4293 bea-

2203 4327 2410 4383 tissime
2436 4341 2593 4397 papa.
3274 4330 3277 4337 ι

2310 4417 2634 4489 Βεδτήριιιηι
2675 4417 2913 4488 ejusdem
2936 4416 3006 4473 ad
3031 4416 3335 4473 Amatorem
3359 4421 3690 4488 episcopum.

2276 4509 2634 4564 Dilectissimo
2657 4518 2818 4580 atque
2839 4509 3219 4565 amantissimo
3233 4508 3489 4564 Annon:
3503 4509 3783 4580 episcopo,

2203 4601 2510 4658 SILvt-zntus.

2274 4695 2320 4752 Ο
2343 4711 2502 4766 quam
2552 4696 2691 4751 bona
2721 4705 2805 4751 est
2832 4696 3072 4752 cnaritas
3097 4711 3218 4767 qua:
3257 4680 3635 4765 absentia‘per
3665 4711 3796 4749 ima-

2205 4789 2388 4861 ginem
2435 4789 2722 4858 praesentia
2769 4788 3090 4859 sibimetipsi
3136 4789 3356 4843 exhibet
3401 4804 3500 4859 per
3527 4803 3789 4844 amorem.

2164 4934 2172 4939 ,
2209 4878 2385 4934 Divisa
2437 4879 2639 4950 tangit,
2681 4877 2903 4933 confusa
2947 4878 3198 4944 ordinat,
3255 4878 3545 4948 inmqnalia
3587 4880 3788 4941 sociat,

2206 4971 2521 5042 imperfecta
2550 4970 2783 5041 perﬁcit.
2809 4968 2982 5038 Quam
3013 4979 3160 5026 recte
3185 4970 3511 5041 praedicator
3536 4970 3789 5041 egregius

2203 5064 2474 5120 vinculum
2508 5063 2860 5136 perfectionis
2895 5072 3085 5129 vocat,
3132 5062 3260 5132 quia
3308 5064 3543 5118 virtutes
3570 5062 3786 5133 quidem

2202 5167 2414 5213 cmtera:
2441 5155 2831 5228 perfectionem
2875 5162 3168 5226 generant,
3197 5153 3290 5208 sed
3320 5161 3501 5207 tamen
3528 5167 3626 5207 eas
3664 5152 3788 5206 cha-

2203 5250 2339 5305 ritas
2388 5249 2548 5319 ligat,
2580 5259 2639 5304 ut
2685 5250 2753 5305 ab
2790 5248 3026 5303 amantis
3055 5256 3237 5303 mente
3281 5246 3508 5302 dissolvi
3549 5244 3669 5316 jam
3697 5260 3786 5300 ne-

2203 5351 2424 5411 queant.
2456 5340 2569 5396 Hac
2594 5343 2776 5412 itaque
2804 5341 3040 5405 virtute,
3072 5338 3242 5395 frater
3284 5339 3645 5405 cbarissimc,
3674 5337 3781 5408 ple-

2206 5450 2332 5489 num
2366 5443 2418 5489 te
2446 5434 2661 5505 reperio
2686 5434 2811 5489 dtnn
2842 5447 2947 5488 non
2977 5431 3149 5487 solum
3182 5432 3249 5486 de
3272 5445 3359 5485 me
3392 5430 3712 5485 suscitando
3733 5436 3782 5483 et

2203 5526 2475 5582 visitando
2519 5541 2707 5583 curam
2756 5525 2959 5589 babes,
3011 5522 3105 5578 sed
3156 5522 3321 5577 etiam
3369 5521 3529 5577 bonis
3572 5519 3678 5575 tuis
3700 5506 3783 5574 me

2205 5619 2396 5676 fulcire
2443 5629 2500 5675 et
2546 5627 2854 5675 sustentare
2904 5632 3011 5672 non
3058 5615 3276 5670 desinis.
3335 5613 3549 5682 Quanta
3607 5621 3776 5666 autem

2205 5712 2343 5769 mala
2372 5712 2422 5767 in
2449 5728 2537 5768 me
2555 5720 2771 5783 peracta
2799 5719 2922 5767 sunt
2941 5751 2956 5777 ,
2982 5724 3078 5767 nec
3104 5722 3394 5776 enarrare,
3425 5719 3525 5762 nec
3549 5702 3779 5762 scribere
