3988 6426
189 331 333 390 £075

1302 336 1792 396 DECRETALIUM
1833 331 2240 391 COLLECTIO.
2283 351 2291 356 ”

3309 323 3448 380 1074

187 451 294 508 tibi
336 464 436 522 per
467 451 648 508 omnia
694 438 934 524 possunt.
967 454 1104 511 Ante
1130 456 1312 510 omnia
1361 471 1489 511 vero
1532 453 1760 525 patricia
1789 455 1837 514 Α
1867 451 2011 505 tione
2035 447 2330 520 apostolica
2362 445 2526 503 fultus
2566 443 2724 516 juxta
2766 443 2911 499 vires
2941 455 3088 505 suas,
3118 446 3173 494 et
3211 437 3449 492 fraterna

187 545 386 602 infesta
413 546 543 600 mihi
572 554 722 612 erat,
770 562 835 602 eo
863 548 1007 617 quod
1050 563 1156 604 non
1209 547 1560 603 reSIituebam
1600 546 1769 600 Ante-

183 638 360 691 tnium
407 637 608 693 dudum
653 638 1024 708 patriarcham
1075 637 1768 707 Constantinopolitanum,

185 742 354 798 quem
429 737 631 782 sanctze
713 729 988 782 memoria:
1061 729 1322 800 Agapitus
1402 727 1772 799 prmdecessor

185 832 348 872 meus
395 819 509 873 suis
553 819 766 873 meritis
799 819 1094 875 damnavit.
1123 819 1363 890 Urgente
1401 833 1616 889 quoque
1655 816 1772 886 ejus

187 908 440 978 jussione
510 910 763 965 exierunt
831 909 1048 979 quidam
1111 909 1231 965 falsi
1304 919 1470 964 testes
1531 909 1773 964 dicentes

189 999 486 1054 adversum
537 1015 622 1054 me
666 1002 893 1055 crimina
913 1042 928 1067 ,
966 1018 1195 1072 quorum
1225 1002 1496 1073 particeps
1527 1018 1634 1056 non
1665 999 1765 1054 fui.

151 1090 355 1161 ~267
405 1089 511 1145 Sed
555 1092 682 1146 dum
731 1092 884 1146 multi
929 1094 982 1148 in
1031 1094 1217 1148 eadem
1263 1094 1605 1149 accusatione
1652 1108 1776 1162 per-

181 1180 469 1246 sisterent,
496 1180 674 1234 timuit
704 1180 989 1237 Julisarius
1013 1183 1274 1253 patricius
1309 1191 1520 1248 noster,
1541 1191 1597 1237 et
1622 1197 1775 1236 man-

181 1268 338 1324 davit
361 1287 444 1326 me
472 1272 540 1326 ad
572 1286 630 1326 se
657 1272 843 1327 venire
878 1272 1102 1344 pacilice
1137 1288 1233 1341 pro
1256 1272 1575 1342 quibusdam
1601 1271 1778 1327 eccle-

183 1362 428 1418 siasticis
456 1362 900 1433 dispOsitionibus
931 1365 982 1418 in
1022 1365 1279 1435 palatium
1315 1364 1575 1434 principis
1614 1371 1670 1418 et
1706 1363 1776 1419 ad

182 1453 422 1522 primum
453 1463 507 1510 et
536 1457 830 1510 secundum
868 1455 1044 1511 velum
1083 1456 1303 1511 retinuit
1327 1471 1541 1510 omnem
1572 1455 1775 1511 clerum

181 1552 244 1599 et
271 1545 522 1614 populum
550 1547 640 1616 qui
674 1561 884 1602 mecum
920 1547 1188 1612 veniebat,
1215 1556 1269 1602 et
1299 1547 1501 1602 nullam
1528 1527 1778 1618 permisit

183 1635 436 1701 introire,
462 1637 564 1692 nisi
593 1652 680 1692 me
707 1638 881 1692 solum
910 1646 966 1693 et
992 1636 1244 1709 Vigilium
1265 1639 1543 1694 diaconem
1571 1653 1772 1693 meum.

182 1725 277 1782 Me
301 1741 431 1782 vero
455 1727 506 1782 vi
535 1737 764 1795 retento,
788 1737 844 1782 et
883 1737 1008 1784 ante
1037 1730 1348 1800 praedictam
1377 1729 1656 1800 patriciam
1684 1730 1778 1786 de-

1873 542 2159 598 dilectione
2198 557 2228 595 a
2276 549 2465 596 sancta
2511 538 2770 610 religione
2810 548 2992 590 mores
3034 531 3282 604 proprios
3325 544 3454 582 con-

1873 649 2091 691 servare
2133 645 2189 688 et
2219 633 2270 686 iu
2312 629 2691 686 communione
2731 626 3050 680 alterutrum
3095 621 3370 690 adjuvare,
3399 626 3455 672 et

1873 724 1927 779 in
1953 723 2216 788 charjtate
2241 737 2579 792 permanere,
2604 729 2658 776 et
2681 717 2775 773 Dei
2803 715 3062 772 voluntati
3089 712 3458 769 indesinenter

1873 815 2127 870 studeant
2173 815 2437 868 inhaerere
2469 852 2484 878 ,
2536 820 2595 866 ut
2642 809 2799 866 simul
2850 808 3128 862 laudantes
3171 802 3457 858 Dominum

1873 904 2173 960 indefessas
2193 903 2266 958 illi
2287 903 2492 975 gratias
2513 915 2726 970 semper
2749 912 2990 970 agamus.
3015 893 3144 950 Vale
3167 893 3218 947 in
3241 890 3459 946 Christo

1873 1011 2109 1066 semper,
2150 1003 2206 1050 et
2245 995 2501 1066 praedicta
2529 1001 2690 1064 prout
2728 989 2919 1045 melius
2957 986 3180 1059 poteris,
3229 981 3458 1038 Domino

1872 1103 1975 1160 ope
1999 1088 2226 1152 ferente,
2257 1085 2571 1157 adimplere,
2599 1093 2655 1140 et
2678 1083 2914 1153 reliquos
2944 1079 3141 1134 fratres
3167 1073 3460 1148 apostolica

1873 1179 2196 1234 auctoritate
2225 1176 2519 1232 informare
2546 1175 2779 1230 studeto.
2836 1173 2970 1226 Data
3000 1186 3055 1225 ιι
3084 1167 3313 1224 Kalend.
3349 1165 3458 1220 De-

1875 1271 2128 1337 cembris,
2158 1269 2464 1326 Iustiniano
2489 1268 2531 1324 V
2561 1276 2615 1321 et
2639 1265 2881 1322 Julisano
2903 1263 2969 1319 IV
2995 1260 3325 1318 consulibus.

2034 1361 2274 1434 Epistola
2302 1360 2512 1417 Silverii
2535 1375 2684 1430 papw
2713 1357 2781 1412 ad
2815 1355 3065 1427 Vigilium
3093 1353 3321 1424 papam.‘

1948 1455 2237 1511 SiLvnnius
2269 1452 2554 1523 episcopus
2574 1449 2810 1507 Vieiuo.

1949 1546 2128 1601 Multis
2164 1554 2218 1601 te
2258 1541 2778 1614 transgressionibus
2817 1537 3083 1592 irretitum
3115 1531 3465 1590 sacerdotalis

1871 1635 2188 1707 jamdudum
2209 1635 2357 1690 novit
2371 1631 2711 1703 generalitas.
2730 1630 2796 1684 Et
2811 1629 2936 1699 quia
2954 1627 3226 1683 cruciatus
3243 1623 3458 1696 [cruen-

1879 1728 1972 1802 tis]
2005 1729 2240 1783 humano
2275 1723 2532 1794 sanguine
2575 1720 2824 1775 manibus
2854 1715 3227 1774 decessoribus
3267 1712 3467 1768 nostris

180 1817 350 1874 ducto
377 1820 640 1874 miserunt
679 1820 732 1874 in
773 1820 1042 1885 exsilium,
1073 1821 1128 1875 in
1157 1837 1262 1891 quo
1301 1823 1459 1877 modo
1504 1831 1775 1878 sustentor
1802 1831 1849 1890 Β
1877 1820 2175 1894 pervicacia
2195 1827 2280 1873 tua
2304 1812 2850 1886 subripiensleviticis
2869 1806 3277 1881 praisumpseris
3301 1819 3466 1860 excu-

180 1921 328 1976 pane
356 1909 716 1966 tribulationis
744 1920 798 1966 et
826 1926 966 1981 aqua
998 1912 1276 1982 angustiae.
1310 1912 1420 1982 Ego
1445 1922 1622 1968 tamen
1647 1927 1776 1983 pro-

181 2010 372 2071 pterea
421 2018 528 2057 non
559 2003 736 2058 dimisi
767 2019 870 2060 nec
898 2004 1114 2060 dimitto
1150 2003 1383 2060 oﬂieium
1432 2019 1633 2070 meum,
1681 2004 1776 2060 sed

154 2093 610 2163 .cum'cpiscopis
650 2108 786 2162 quos
819 2109 1148 2166 congregare
1187 2096 1356 2166 potui,
1390 2111 1486 2152 eos
1521 2096 1610 2166 qui
1650 2096 1774 2151 talia

157 2195 317 2255 ‘erga
358 2199 444 2238 me
486 2194 712 2254 egerunt
741 2185 1221 2253 anathematizavi;
1272 2195 1328 2242 et
1368 2203 1472 2242 una
1517 2203 1639 2242 cum
1673 2187 1777 2242 illis

180 2275 478 2346 apostolica
506 2276 751 2346 synodali
776 2277 1098 2332 auctoritate
1122 2281 1285 2333 statui
1311 2277 1514 2332 nullum
1537 2293 1774 2347 unquam

181 2367 370 2422 taliter
395 2368 767 2437 decipiendum
796 2369 939 2423 sicut
965 2368 1222 2439 deceptus
1251 2385 1390 2434 sum,
1427 2377 1481 2424 et
1515 2369 1559 2424 si
1583 2369 1778 2440 aliquis

183 2459 444 2529 deinceps
469 2457 633 2514 ullum
677 2475 914 2529 unquam
960 2461 1334 2530 episcoporum
1381 2460 1454 2514 ita
1482 2460 1774 2529 deciperet,

183 2552 474 2637 anathema
504 2553 822 2606 maranatlia
856 2553 1010 2606 fieret
1053 2552 1104 2606 in
1129 2561 1419 2622 conspectu
1450 2552 1540 2606 Dei
1567 2561 1622 2606 et
1655 2567 1778 2607 san-

182 2653 399 2700 ctorum
426 2644 759 2715 angelorum.
805 2643 1066 2699 Similiter
1101 2655 1409 2698 sanctorum
1439 2643 1660 2697 Patrum
1690 2658 1778 2698 ro-

182 2738 444 2793 borantes
471 2739 688 2793 decreta
719 2736 1028 2803 statuimus,
1055 2736 1182 2791 licet
1209 2738 1503 2806 smpissime
1525 2737 1639 2808 jam
1669 2746 1779 2792 sta-

185 2840 364 2887 tutum
405 2829 589 2896 fuerit,
627 2844 726 2884 nec
759 2829 946 2894 falsos,
976 2825 1084 2883 nec
1104 2828 1352 2884 inimicos
1381 2838 1659 2898 suspectos
1690 2844 1778 2882 ac-

182 2931 469 2980 cusatores
486 2922 578 3000 vel
611 2931 774 2978 testes
797 2937 1033 2992 unquam
1063 2936 1225 2990 super
1246 2923 1526 2991 episcopos
1555 2922 1775 2989 suscipi,

183 3017 375 3085 eisque
424 3029 619 3070 nocere
671 3014 975 3069 nullatenus
1024 3027 1201 3083 posse,
1255 3013 1380 3082 quia
1437 3012 1627 3068 falsam
1685 3024 1778 3068 aut

183 3108 430 3164 odiosam
471 3121 656 3161 vocem
701 3113 794 3160 aut
824 3105 1088 3159 funestam
1119 3103 1297 3172 potius
1343 3102 1588 3156 interdici
1617 3117 1776 3172 quam

1877 1915 2008 1970 bare
2034 1910 2328 1983 mysteriis,
2355 1907 2597 1979 plerique
2622 1903 2869 1959 noverint
2895 1901 3152 1956 fidelium.
3180 1897 3313 1953 Nam
3340 1897 3466 1966 quia

1875 2013 2066 2061 contra
2107 2004 2231 2074 jura
2263 1999 2525 2056 canonica
2575 1995 2906 2066 temporibus
2945 2001 3146 2048 sancta:
3192 1988 3466 2044 memoria:

1874 2095 2138 2153 Bonifacii
2185 2107 2364 2165 papae,
2413 2091 2530 2162 ipso
2574 2089 2788 2144 vivente
2835 2087 3117 2142 successor
3159 2084 3278 2154 ejus
3323 2081 3466 2137 desi-

1876 2191 2030 2264 gnari
2057 2187 2374 2251 conabaris,
2397 2183 2504 2239 nisi
2533 2182 2627 2236 tibi
2658 2178 2974 2249 amplissimi
3003 2184 3220 2232 senatus
3249 2173 3468 2228 obvias-

1875 2291 1958 2338 set
1996 2280 2226 2352 jus'titia,
2271 2286 2398 2331 tunc
2426 2272 2764 2346 providentia
2810 2266 3063 2340 pastorali
3108 2265 3347 2335 auspicia
3377 2273 3468 2318 tua

1873 2369 2168 2444 pontiﬁcali
2199 2366 2523 2423 auctoritate
2548 2360 2878 2418 exsecranda
2910 2358 3022 2429 jam
3051 2358 3350 2412 debuerant
3374 2354 3470 2408 de-

1877 2462 2136 2518 truncari.
2189 2459 2297 2515 Sed
2325 2459 2450 2512 dum
2483 2467 2708 2526 parvum
2737 2450 2930 2505 vulnus
2976 2449 3029 2502 in
3080 2456 3133 2501 te
3163 2446 3469 2515 neglectum

1875 2562 1979 2618 est,
2022 2549 2322 2608 insanabile
2348 2547 2588 2602 accrevit
2631 2549 2933 2613 apostema,
2979 2539 3123 2608 quod
3174 2536 3278 2590 nisi
3325 2533 3470 2588 ferro

1877 2643 2040 2699 altius
2080 2639 2454 2701 abscindatur,
2501 2633 2867 2688 fomentorum
2907 2627 3111 2682 sentire
3155 2639 3259 2679 non
3293 2630 3471 2694 potest

1876 2734 2202 2791 medicinam
2235 2748 2247 2784 :
2280 2728 2478 2799 quippe
2505 2725 2594 2795 qui
2624 2721 2939 2792 nequissimi
2970 2718 3194 2789 Spiritus
3221 2715 3468 2779 audacia,

1877 2825 2188 2882 ambitionis
2232 2821 2486 2876 frenesim
2533 2815 2868 2884 concipiens,
2918 2812 2970 2866 in
3019 2809 3161 2864 illius
3187 2805 3468 2879 apostolici

1878 2921 2073 2977 medici
2119 2917 2204 2973 cui
2263 2915 2475 2970 animas
2520 2908 2722 2982 ligandi
2777 2903 3129 2972 solvendique
3175 2900 3368 2955 collata
3416 2909 3471 2954 et

1878 3027 2135 3072 concessa
2181 3017 2423 3080 potestas
2472 3013 2579 3069 est,
2626 2999 2864 3057 versaris
2916 2993 3318 3075 contumeliam,
3370 3006 3470 3046 no-

1879 3119 2113 3175 vumque
2139 3101 2315 3157 scelus
2356 3099 2409 3152 in
2441 3093 2735 3167 apostolica
2773 3090 2904 3146 sede
2945 3102 3135 3142 rursus
3165 3082 3358 3139 nitaris
3389 3082 3472 3137 in-

189 3201 370 3256 audiri
419 3190 620 3256 sanctis
672 3198 923 3253 Patribus
967 3197 1185 3268 placuit.
1241 3195 1611 3265 SummOpere,
1659 3196 1785 3249 clta-
1813 3194 1856 3254 C
1888 3200 2085 3253 ducere
2125 3202 2178 3248 et
2225 3194 2278 3247 in
2328 3203 2478 3245 more
2533 3185 2798 3245 Simonis,
2848 3180 3002 3250 cujus
3052 3177 3371 3247 discipulum
3417 3183 3471 3230 te

185 3298 428 3362 rissime,
464 3296 598 3352 tales
628 3294 853 3351 cavendi
887 3303 1035 3360 sunt,
1069 3302 1124 3348 et
1165 3290 1442 3347 avertendi
1473 3299 1632 3357 atque
1662 3287 1786 3354 reji-

183 3386 388 3450 ciendi,
419 3385 464 3441 si
508 3393 768 3440 nocentes
796 3382 1169 3454 apparuerint,
1198 3381 1324 3451 quia
1354 3393 1460 3433 non
1497 3378 1669 3432 solum
1696 3391 1786 3431 ec-

185 3478 530 3545 clesiasticae,
557 3478 650 3532 sed
680 3478 841 3533 etiam
889 3474 1070 3530 saeculi
1113 3473 1259 3543 leges
1290 3471 1425 3527 tales
1471 3485 1577 3525 non
1614 3468 1786 3525 susci-

183 3573 367 3644 piunt,
411 3572 504 3627 sed
549 3569 847 3642 repellunt;
895 3569 1036 3625 unde
1076 3568 1334 3638 scriptum
1363 3573 1447 3621 est
1483 3583 1496 3618 :
1533 3583 1551 3615 ι
1584 3562 1657 3620 Os
1685 3563 1786 3617 im-

184 3665 404 3734 piorum
450 3664 672 3718 devorat
722 3661 1062 3732 iniquitatem
1109 3657 1294 3731 (Prov.
1337 3672 1452 3722 nx,
1494 3655 1618 3721 28);
1671 3673 1690 3706 ι
1731 3651 1788 3709 ei

186 3755 454 3811 Dominus
497 3770 595 3824 per
636 3754 950 3825 prophetam
998 3752 1236 3822 loquitur
1277 3749 1462 3804 dicens
1505 3764 1518 3802 :
1573 3766 1592 3799 ι
1649 3745 1784 3801 Cum

187 3857 383 3905 sancto
410 3855 630 3902 sanctus
654 3847 785 3912 eris,
812 3854 868 3901 et
911 3859 1032 3899 cum
1063 3844 1180 3897 viro
1206 3842 1496 3896 innocente
1528 3838 1786 3892 innocen-

187 3949 280 3995 ter
306 3938 442 4011 agis.
488 3938 620 3993 Cum
659 3937 831 3993 electo
871 3935 1075 3992 electus
1110 3934 1237 3998 eris,
1269 3941 1322 3987 et
1365 3947 1488 3988 cum
1532 3942 1785 4000 perverso

185 4030 522 4103 pervcrteris
551 4028 636 4100 ('II
662 4028 790 4100 Reg.
815 4044 952 4092 χχιι,
977 4025 1100 4093 26);
1132 4046 1150 4078 ι
1179 4033 1232 4080 et
1258 4023 1547 4095 Apostolus
1572 4020 1782 4090 inquit:

193 4140 214 4174 ι
255 4120 580 4176 Pervertunt
602 4135 779 4175 mores
802 4118 975 4175 bonos
1002 4117 1271 4186 colloquia
1298 4115 1440 4169 mala
1470 4113 1520 4185 (Ι
1545 4113 1666 4169 Cor.
1693 4127 1782 4179 xv,

187 4217 317 4287 53);
354 4235 372 4268 ι
407 4216 632 4280 idcirco,
661 4216 854 4286 utjam
893 4213 1230 4284 praelibatum
1269 4218 1383 4275 est,
1415 4207 1539 4262 mali
1572 4221 1786 4275 semper

189 4308 440 4371 cavendi,
484 4317 538 4362 et
567 4307 721 4362 bonis
751 4314 914 4377 atque
958 4302 1232 4360 benevolis
1275 4308 1358 4356 est
1389 4297 1780 4360 inhaerendum,

193 4413 257 4457 ut
296 4401 591 4471 periculum
639 4399 887 4464 desidiae,
930 4406 1190 4467 quantum
1239 4406 1545 4464 possumus,
1585 4389 1785 4445 devite-

190 4507 352 4559 mus;
384 4501 440 4546 et
466 4507 534 4546 ne
577 4490 744 4561 pestis
789 4489 904 4543 haec
947 4487 1108 4540 latius
1136 4484 1456 4555 divulgetur,
1493 4480 1783 4536 severitate

1882 3287 2124 3345 ostendis
2152 3282 2425 3353 operibus,
2447 3277 2574 3333 data
2598 3273 2845 3346 pecunia,
2872 3271 2904 3306 "‘
2933 3283 3109 3338 neque
3136 3265 3350 3337 repulso
3375 3265 3470 3334 qui

1882 3381 2098 3436 favente
2127 3374 2354 3431 Domino
2383 3371 2559 3426 tribus
2582 3368 2695 3438 jam
2720 3362 2923 3436 jugiter
2950 3358 3186 3416 emensis
3215 3354 3472 3426 tempori-

1843 3486 1848 3492 ‘
1883 3475 1984 3530 bus
2009 3471 2059 3528 ei
2087 3467 2337 3540 prresidio
2368 3473 2612 3532 tempora
2640 3473 2759 3513 mea
2789 3454 2981 3510 nitaris
3015 3451 3290 3506 invadere.
3321 3447 3471 3502 Habe

1883 3579 2012 3636 ergo
2037 3538 2159 3618 cum
2189 3559 2273 3614 his
2301 3555 2392 3626 qui
2426 3553 2523 3609 tibi
2567 3547 2915 3606 consentiunt
2953 3558 3128 3615 paenae
3168 3538 3472 3596 damnatio-

1884 3635 2074 3726 nisque
2100 3648 2448 3713 sententiam,
2478 3643 2856 3709 sublatumque
2883 3635 2982 3690 tibi
3014 3647 3206 3688 nomen
3252 3638 3308 3685 et
3353 3644 3472 3682 mu-

1885 3721 2004 3804 nus
2026 3743 2312 3802 ministerii
2355 3735 2707 3795 sacerdotalis
2750 3745 2980 3803 agnosce
3021 3725 3192 3781 sancti
3236 3721 3474 3793 Spiritus

1879 3839 2103 3911 judicio,
2145 3843 2201 3890 et
2245 3830 2541 3904 apostolica
2571 3843 2599 3881 a
2630 3825 2786 3880 nobis
2809 3820 3138 3877 auctoritate
3163 3817 3470 3870 damnatus.

1885 3903 1977 3987 Sic
2001 3903 2144 3984 enim
2175 3903 2331 3982 decet
2363 3923 2521 3978 fidem
2551 3925 2861 3974 sanctorum
2891 3913 3111 3967 Patrum
3143 3909 3197 3962 in
3229 3903 3472 3960 Ecclesia

1884 4018 2090 4076 servari
2122 4013 2412 4079 catholica,
2453 4019 2513 4066 ut
2541 4008 2684 4079 quod
2727 4003 2917 4060 habuit
2960 4000 3195 4064 amittat,
3240 3995 3331 4066 qui
3373 3995 3474 4048 im-

1883 4109 2149 4184 probabili
2182 4106 2489 4163 temeritate
2519 4099 2664 4172 quod
2708 4113 2812 4154 non
2844 4094 3053 4165 accepit
3100 4087 3470 4159 assumpserit.

1885 4179 2020 4256 Data
2066 4208 2260 4255 octavo
2303 4194 2525 4250 Kalend.
2569 4190 2695 4245 Julii
2740 4187 2987 4258 principii
3033 4183 3237 4238 Basilii.
3277 4179 3472 4235 Cadius

1887 4288 2151 4346 Silverius
2180 4300 2314 4356 papa
2341 4283 2491 4337 urbis
2517 4289 2733 4336 aeternae
2761 4277 2887 4330 huic
2913 4277 3130 4330 decreto
3152 4269 3471 4325 anathema-

1885 4386 1956 4440 tis
1983 4385 2036 4438 in
2061 4380 2258 4452 Vigilio
2288 4391 2578 4448 pervasore
2619 4373 2783 4437 facto,
2811 4370 2876 4425 ad
2901 4369 3080 4424 omnia
3112 4372 3312 4420 statuta
3343 4376 3473 4415 cou—

1886 4489 2105 4531 sensum
2135 4448 2384 4542 praebens
2413 4463 2708 4533 subscripsi
2745 4462 2968 4532 pariter,
3001 4467 3056 4511 et
3100 4462 3330 4524 quatuor
3358 4448 3472 4518 epi-

191 4537 352 4559 -----.
387 4537 439 4546 ν-
466 4537 534 4546 --ν
578 4537 743 4561 rw.-
789 4537 902 4543 —----
951 4537 1104 4540 -—————_
1142 4537 1242 4541 νη
1284 4537 1363 4555 υη
1442 4537 1455 4546 ,
2138 4537 2152 4542 _

191 4597 304 4650 qua
348 4597 632 4652 possumus
671 4579 1068 4640 abscindamus,
1117 4574 1371 4644 quoniam
1409 4587 1516 4627 non
1562 4570 1782 4626 temeri-
1811 4550 1859 4609 Ι)
1887 4564 2032 4636 scepi
2067 4561 2524 4629 subscripserunt,
2560 4554 2613 4609 id
2651 4561 2755 4618 est,
2785 4545 3214 4608 Terrocineusis,
3256 4537 3471 4596 Funda-

194 4684 283 4729 tas
305 4672 597 4728 intervenit
625 4668 1056 4742 prtcsumptionis
1080 4667 1171 4720 tibi
1201 4675 1284 4720 est
1309 4663 1582 4734 diligentia
1613 4663 1782 4730 pieta-

193 4763 290 4820 tis.
319 4763 459 4820 Aaat
481 4778 693 4818 semper
721 4759 1087 4816 unusouisuue
1112 4766 1350 4811 vestrum
1391 4755 1495 4809 hac
1527 4751 1783 4806 informa-

200 4947 2936 4986 _____________________.______.___..___——-————

1887 4633 2010 4721 nus,
2050 4650 2348 4708 Firmensis
2387 4657 2443 4704 et
2483 4644 2846 4700 Meterreusis.
2900 4641 3029 4695 Data
3079 4640 3179 4693 ista
3224 4633 3468 4690 chartula

1890 4763 1986 4819 per
2009 4744 2354 4801 Anastasium
2383 4739 2791 4796 subdiaconum.

736 5177 1370 5267 INCIPIUNT
1443 5169 1978 5263 DECRETA
2043 5163 2478 5261 VIGILII
2558 5162 2930 5251 PAPfE.

279 5509 330 5563 l.
371 5506 446 5561 De
486 5500 910 5560 Priscillianistis
938 5497 1028 5570 qui
1061 5496 1128 5553 ab
1157 5509 1250 5551 esu
1282 5508 1529 5550 carnium
1570 5507 1630 5549 se
1659 5492 1786 5549 sub-

207 5601 450 5658 trahunt.

277 5691 332 5745 2.
376 5691 448 5743 De
479 5688 619 5743 trina
653 5684 943 5742 mersionc.

279 5783 332 5836 ὃ.
377 5781 448 5838 Ite
479 5783 561 5837 his
591 5781 678 5850 qui
708 5781 774 5836 ab
803 5776 1017 5835 Arianis
1043 5775 1236 5832 iterum
1265 5771 1629 5844 baptizautut'.

1958 5489 2026 5544 4.‘
2053 5487 2130 5542 De
2155 5485 2503 5542 ecclesiarum
2529 5479 2920 5541 restauratione
2947 5477 3000 5556 in
3033 5473 3250 5530 fabricis
3275 5470 3353 5528 vel
3375 5472 3466 5527 de-

1890 5579 2156 5636 dicatione
2184 5576 2309 5646 quid
2341 5576 2410 5632 sit
2443 5572 2858 5631 observandum.

1960 5671 2012 5726 5.
2057 5669 2133 5725 De
2153 5668 2373 5724 Pascha:
2395 5665 2686 5723 festivitate
2725 5671 2775 5720 et
2802 5675 3020 5734 precum
3043 5658 3230 5716 ordine
3256 5669 3318 5711 ac
3343 5654 3469 5709 mis-

1861 5785 1866 5790 ·
1891 5779 2073 5821 sarum
2103 5760 2398 5820 solemniis.
