3988 6426
618 303 771 360 1075

1421 304 1713 365 APPEhD.
1753 307 1846 364 AD
1872 305 2047 365 SEC.
2073 304 2164 362 IX.
2198 335 2267 346 —
2289 302 2543 362 lSlDORl
2583 303 3032 365 MERCATORIS

3693 316 3793 382 107.8

686 413 742 470 6.
781 411 934 484 Quod
963 415 1018 472 in
1048 415 1263 474 nomine
1283 415 1566 475 Trinitatis
1591 421 1786 477 debeat
1812 420 2094 493 baptizari.
2118 431 2152 468 ο

2304 414 2539 482 dacium,
2586 424 2642 472 ct
2685 419 3041 475 cauteriatam
3070 418 3388 477 habentium
3428 435 3570 480 suam
3591 431 3797 496 conscien-

687 506 743 560 7.
783 506 938 575 Quod
967 509 1108 565 beati
1146 509 1373 581 apostoli
1405 509 1550 567 Petri
1584 511 1842 570 Romana:
1871 514 2079 570 scilicet
2104 514 2204 569 Ec-

615 597 796 655 clesia:
823 599 978 657 sedes
1016 601 1364 658 sacerdotalis
1407 611 1582 659 mater
1619 604 1688 661 sit
1716 604 2012 678 dignitatis,
2041 613 2205 679 atque

615 690 994 749 ecclesiasticae
1020 694 1273 766 magistra
1304 695 1548 753 rationis.
1795 745 1799 749 .

684 779 815 836 Car.
852 781 893 836 Ι.
936 782 1299 842 Dilectissimo
1326 785 1480 843 fratri
1512 789 1734 847 Eureno
1759 791 2024 850 VlGlLIUS.

684 873 933 931 Directas
958 875 1024 931 ad
1053 893 1152 934 nos
1178 887 1282 936 tua:
1318 881 1600 939 charitatis
1621 884 1878 955 epistolas
1897 885 2084 956 plenas
2115 901 2204 943 ca-

612 961 828 1020 tholicae
875 966 1238 1036 inquisitionis
1285 972 1646 1032 sollicitudine
1693 986 1975 1047 gratanter
2007 980 2204 1050 accipi-

612 1070 757 1123 mus,
783 1057 1168 1117 benedicentes
1197 1062 1292 1118 Dei
1323 1067 1494 1120 nostri
1520 1067 1886 1136 clementiam,
1915 1071 2038 1140 quia
2071 1071 2204 1128 tales

610 1149 873 1205 extremis
905 1153 1090 1209 mundi
1124 1154 1371 1224 partibus
1399 1157 1651 1229 dignatur
1688 1162 1802 1216 suis
1841 1163 2034 1219 ovibus
2079 1179 2205 1234 pro-

612 1238 796 1296 videre
827 1251 1096 1311 pastores,
1124 1261 1225 1316 per
1245 1263 1384 1317 quos
1409 1257 1465 1304 et
1492 1252 1710 1321 pascuis
1753 1252 1969 1310 valeant
2009 1256 2206 1312 saluta-

612 1328 764 1389 ribus
792 1331 1088 1402 abundare,
1127 1344 1184 1392 et
1225 1338 1295 1394 ab
1321 1339 1529 1410 antiqui
1557 1343 1728 1398 hostis
1759 1345 2055 1416 rapacitate
2091 1363 2205 1403 ser-

613 1422 753 1490 vari,
787 1433 847 1478 ut
888 1425 1111 1482 insidias
1142 1438 1414 1500 nequeant
1453 1431 1572 1503 ejus
1616 1435 1980 1505 subreptionis
2025 1437 2209 1493 incur-

613 1527 758 1568 rere.
794 1514 946 1571 Unde
982 1527 1190 1574 certum
1213 1531 1298 1576 est
1322 1523 1446 1592 quia
1477 1525 1756 1594 promissa:
1776 1542 1872 1582 vos
1912 1529 2202 1586 beatitudi-

613 1603 701 1659 nis
737 1608 910 1676 gratia
947 1609 1326 1681 subsequatur,
1371 1614 1590 1683 quando
1629 1630 1660 1669 a
1703 1617 1856 1672 vobis
1899 1618 2202 1674 caelestium

611 1695 878 1765 perfectio
915 1700 1286 1759 doctrinarum
1329 1713 1475 1760 tanta
1503 1707 1684 1762 votiva
1705 1710 2059 1768 suscitatione
2082 1727 2204 1783 per-

2305 507 2466 575 tiam;
2516 509 2866 580 prohibentes
2911 514 3138 581 nubere,
3185 521 3237 570 et
3281 515 3594 574 abstinentes
3629 534 3655 574 a
3687 523 3794 593 cibis,

2301 617 2439 674 quos
2481 599 2621 661 De'us
2649 608 2859 664 creavit
2887 610 2956 664 ad
2985 610 3385 681 percipiendum
3429 629 3543 669 cum
3581 618 3796 686 gratiarum

2301 697 2516 753 actione
2557 697 2805 756 ﬁdelibus
2832 709 2887 756 et
2931 700 3016 757 his
3058 702 3150 772 qui
3192 713 3548 774 cognoverunt
3566 708 3796 776 veritatem,

2299 787 2427 859 quia
2450 789 2632 846 omnis
2659 800 2912 846 creatura
2939 791 3034 848 Dei
3062 793 3204 850 bona
3233 803 3338 861 est,
3375 804 3431 849 et
3455 795 3586 853 nihil
3620 797 3797 866 rejiciea-

2300 879 2426 934 dum
2451 881 2593 950 quod
2625 897 2749 938 cum
2773 884 3071 955 gratiarum
3099 886 3314 942 actione
3343 887 3620 957 percipitur
3642 887 3682 960 (Ι
3705 889 3794 945 Tia.

2301 984 2378 1036 1v,
2406 971 2481 1042 l).
2518 990 2538 1024 ι
2577 970 2704 1028 llaec
2733 973 2898 1044 igitur
2931 975 3210 1045 sequentia
3235 975 3458 1031 Patrum
3501 981 3796 1037 venerabilia:

2284 1068 2614 1136 constituta,
2642 1069 2953 1139 specialiter
2987 1085 3080 1127 eos
3123 1080 3450 1128 censuerunt
3471 1087 3582 1129 esse
3613 1073 3796 1131 damnas

2287 1161 2420 1226 dos,
2449 1162 2542 1232 qui
2571 1177 2693 1218 cum
2723 1165 2984 1220 carnibus
3024 1165 3381 1231 abstinerent,
3422 1182 3482 1221 ea
3523 1181 3701 1238 quoque
3721 1185 3796 1225 cre-

2303 1250 2501 1307 debant
2527 1266 2649 1308 esse
2689 1254 2913 1310 vitanda
2938 1270 3060 1326 quae
3098 1255 3355 1312 carnibus
3383 1256 3540 1313 fuisse
3564 1258 3796 1314 videlnntur

2304 1339 2556 1396 admista.
2582 1341 2716 1397 Nam
2745 1353 2802 1400 et
2824 1343 2942 1415 ipse
2969 1346 3227 1401 Dominus
3256 1355 3440 1402 noster
3459 1345 3602 1403 Iesus
3625 1348 3796 1404 Christus

2304 1432 2378 1488 ita
2424 1436 2746 1504 praemonuit
2787 1436 2975 1493 dicens
3022 1454 3038 1492 :
3091 1456 3112 1490 ι
3165 1437 3284 1493 Non
3335 1439 3478 1508 quod
3516 1439 3658 1494 intrat
3690 1441 3728 1495 in
3759 1456 3798 1497 os

2305 1525 2621 1596 coinquinat
2648 1528 2911 1593 homines,
2945 1529 3042 1585 sed
3069 1545 3190 1599 qua:
3217 1532 3515 1602 procedunt
3534 1533 3594 1587 de
3613 1548 3705 1595 ore,
3724 1535 3796 1588 hac

2305 1626 2434 1674 sunt
2478 1634 2599 1687 qua:
2642 1619 2999 1691 coinquinant
3043 1621 3319 1678 hominem
3353 1621 3559 1694 (Matth.
3586 1639 3660 1687 xv,
3685 1625 3792 1694 11).»

2305 1709 2645 1783 Quapropter
2672 1727 2773 1768 nec
2798 1713 3178 1768 abstinentiam
3208 1713 3326 1769 Deo
3350 1713 3588 1785 placitam
3618 1715 3795 1784 reprobo

611 1789 868 1858 quiritur.
901 1791 1174 1864 Scriptum
1195 1805 1281 1852 est
1303 1797 1447 1852 enim
1477 1815 1492 1852 :
1530 1817 1550 1851 r
1580 1799 1728 1855 Beati
1755 1801 1845 1871 qui
1887 1812 2202 1858 scrutantur
2231 1802 2276 1863 Β
2302 1817 2448 1868 mus,
2478 1817 2580 1858 nec
2609 1818 2704 1860 eos
2727 1803 2822 1875 qui
2851 1812 3209 1861 exsecrantur
3235 1804 3455 1860 Domini
3481 1813 3726 1861 creaturam
3744 1819 3796 1861 rt-

611 1882 923 1939 testimonia
952 1884 1092 1955 ejus,
1123 1887 1176 1942 in
1207 1897 1320 1945 toto
1347 1891 1511 1946 corde
1536 1893 1832 1963 exquirunt
1871 1911 1996 1952 eum
2027 1897 2201 1970 (Paul.

593 1987 800 2041 cxvm,
829 1974 907 2045 2).
957 1993 977 2028 ι
1013 1975 1126 2034 Hoc
1151 1979 1335 2050 igitur,
1378 1980 1551 2038 frater
1573 1983 1912 2052 cbarissime,
1953 1986 2202 2058 proposi-

611 2069 726 2118 tum
755 2071 858 2120 tua;
883 2067 1295 2125 consultationis
1331 2080 1440 2127 tota
1483 2083 1664 2130 mente
1703 2085 2016 2146 tractantes,
2042 2079 2108 2135 de
2151 2086 2204 2135 te

607 2171 827 2226 quoque
852 2161 1136 2228 provenire
1159 2165 1558 2234 contendimus,
1602 2167 1696 2237 qui
1735 2169 1977 2241 regulam
2015 2170 2201 2227 catho-

607 2244 728 2300 lica!
752 2246 876 2303 ﬁdei
908 2250 1098 2307 iisdem
1127 2253 1312 2309 studes
1353 2262 1540 2312 tenere
1578 2257 1822 2330 vestigiis
1862 2259 2057 2329 quibus
2080 2276 2200 2316 eam

606 2338 902 2408 apostolica
932 2340 1038 2398 ﬁde
1063 2344 1346 2414 cognoscis
1371 2360 1494 2403 esse
1521 2347 1821 2406 fundatam.
1862 2351 1930 2406 Et
1948 2354 2199 2424 quamvis

605 2443 773 2485 sonus
793 2444 980 2486 eorum
1006 2440 1118 2488 toto
1137 2435 1270 2490 orbe
1294 2435 1519 2494 diﬁ'usns
1545 2447 1602 2496 et
1633 2455 1805 2511 usque
1831 2441 1899 2497 ad
1937 2441 2074 2500 ﬁnes
2108 2459 2202 2501 or-

604 2519 690 2576 bis
712 2528 872 2578 terrae
893 2525 1055 2579 verba
1081 2540 1270 2582 eorum
1293 2528 1555 2594 distensa,
1578 2531 1884 2591 dilectionis
1913 2543 2019 2592 tute
2039 2538 2202 2594 corda

604 2608 824 2668 Christo
848 2615 1200 2682 probaverint
1243 2633 1365 2675 esse
1410 2620 1621 2690 ﬁdelia;
1655 2632 1834 2680 tamen
1882 2624 1928 2682 si
1967 2627 2096 2696 quid
2134 2643 2202 2684 ex

604 2703 694 2759 his
724 2704 778 2758 in
807 2704 1070 2773 Ecclesia,
1095 2724 1216 2778 quae
1244 2719 1350 2766 tua:
1371 2713 1750 2784 gubernationi
1773 2717 1882 2772 Deo
1907 2719 2204 2776 auxiliante

605 2793 898 2849 commissa
923 2804 1025 2862 est,
1077 2798 1304 2853 necdum
1333 2799 1486 2871 plena
1513 2801 1632 2858 luce
1653 2803 1930 2872 claruerit,
1955 2807 2025 2862 ad
2053 2823 2204 2864 eum-

606 2885 732 2940 dem
776 2879 980 2942 fontem
1012 2888 1082 2944 de
1110 2905 1219 2961 quo
1249 2891 1338 2946 illa
1377 2893 1631 2951 salutaris
1673 2909 1922 2955 manarat
1962 2901 2201 2973 lympha,

605 2981 909 3048 recurritis,
944 2983 996 3037 id
1039 2992 1126 3039 est
1163 2986 1306 3055 quod
1345 2986 1525 3044 debita
1555 2990 1822 3048 charitate
1863 3008 2052 3050 sumus
2089 3010 2205 3051 am-

2301 1891 2535 1962 cipimus
2564 1893 2619 1948 in
2652 1903 2836 1950 nostra
2871 1895 3151 1950 societate.

2615 1986 2696 2042 De
2722 1988 3106 2042 renascendum
3135 1987 3279 2042 trina
3306 2003 3556 2042 "temone

2370 2075 2435 2133 ll.
2475 2077 2553 2134 De
2596 2078 2866 2148 baptismo
2908 2093 3122 2148 quoque
3166 2077 3486 2134 solemniter
3527 2076 3792 2148 adimplenda,

2301 2167 2556 2224 similiter
2585 2168 2713 2239 quid
2741 2167 3056 2239 apostolica,
3091 2167 3176 2224 vel
3215 2169 3467 2223 sanxerit
3490 2168 3566 2223 vel
3597 2177 3796 2224 «inservit

2303 2260 2621 2326 auctoritas,
2651 2260 2704 2316 in
2738 2260 2998 2332 subjectis
3029 2268 3118 2315 tua
3146 2259 3394 2315 charitas
3430 2259 3671 2315 evidenter
3689 2273 3794 2328 agno-

2301 2358 2446 2418 seet;
2497 2350 2626 2406 illud
2677 2359 2858 2408 autem
2905 2349 3101 2407 novelli
3149 2364 3274 2406 esse
3320 2347 3608 2420 iudicamus
3644 2349 3793 2412 erroris,

2303 2442 2448 2514 quod
2477 2457 2598 2498 cum
2632 2443 2688 2498 in
2720 2441 2829 2499 ﬁne
2869 2442 3201 2513 psalmorum
3229 2441 3304 2497 ab
3341 2441 3578 2497 omnibus
3599 2438 3794 2496 catholicis

2301 2549 2372 2590 ex
2400 2549 2556 2591 more
2595 2535 2809 2590 dicatur
2838 2548 2854 2588 :
2892 2551 2912 2585 ι
2944 2531 3125 2590 Gloria
3155 2531 3334 2598 Patri,
3367 2540 3423 2588 et
3443 2531 3589 2596 Filio,
3611 2540 3654 2586 et
3685 2529 3794 2599 Spiri-

2304 2626 2381 2681 tui
2429 2635 2640 2691 sancto,
2672 2644 2692 2678 a
2726 2623 2892 2695 aliqui
2939 2624 3080 2680 sicut
3111 2622 3347 2688 indicas,
3393 2621 3629 2678 subducta
3661 2619 3794 2691 syllaba

2303 2716 2669 2787 conjunctiva,
2715 2713 3013 2785 perfectum
3061 2721 3332 2769 conantur
3380 2712 3602 2767 minuere
3640 2709 3794 2764 vocabu-

2305 2809 2416 2863 lum
2445 2806 2750 2873 Trinitatis,
2791 2826 2809 2860 c
2845 2807 3015 2879 gloria
3049 2805 3255 2882 Patri,
3278 2814 3336 2862 et
3376 2805 3526 2870 Filio,
3565 2812 3613 2859 et
3646 2799 3794 2872 Spiriti

2305 2907 2514 2954 sancto.
2547 2917 2567 2950 ι
2599 2897 2857 2966 Quamvis
2880 2911 3009 2968 ergo
3036 2896 3148 2968 ipsa
3179 2911 3281 2953 nos
3311 2896 3450 2951 ratio
3473 2891 3794 2952 evidentcrelo-

2305 2998 2444 3057 ceat,
2473 2989 2601 3059 quia
2648 2989 2912 3046 subducta
2956 3005 3062 3044 una
3109 2989 3339 3061 syllaba,
3379 3002 3636 3059 personam
3658 2984 3744 3041 Filii
3763 2991 3795 3039 et

605 3072 770 3142 plexi,
803 3075 928 3145 quia
971 3076 1296 3133 ﬁducialiter
1316 3079 1382 3134 de
1423 3080 1526 3146 his,
1551 3083 1693 3139 unde
1718 3085 1856 3156 apud
1884 3099 1979 3142 eos
2016 3087 2205 3144 ohser-
2239 3162 2276 3174 Α
2308 3079 2548 3152 δρῑτὶιυε
2589 3079 2763 3174 ξθηοῑῖ
2794 3095 2958 3134 “nam
3000 3081 3402 3174 ‘_l_“°damm0f10
3445 3093 3554 3174 εεξε
3579 3077 3793 3174 ἀθείειξιξίν

605 3166 848 3222 vantiam
902 3182 1024 3224 esse
1072 3169 1286 3226 dixistis
1338 3173 1678 3245 ambiguam,
1729 3185 1914 3234 nostra
1961 3162 2278 3238 voluistisC
2311 3179 2489 3227 tamen
2542 3170 2611 3226 ad
2656 3185 2900 3226 θηονθηι
2955 3169 3141 3272 “illul.”
3193 3170 3602 3272 confillcenduﬂl
3650 3163 3794 3272 ξυῶάξν

593 3259 962 3328 responsione
985 3258 1209 3317 ﬁrmari.
1240 3261 1581 3336 QuaprOpter
1602 3267 1943 3326 dilectionem
1977 3281 2124 3328 tuam
2147 3274 2202 3329 in
2305 3262 2450 3333 (ἰυοά
2491 3261 2754 3317 Dominus
2799 3259 2957 3316 ³8⁸1³⁵
2981 3259 3232 3317 Chii-“ns
3274 3261 3552 3332 deSilinans
3585 3259 3629 3313 in
3654 3258 3795 3311 ί¹¹τ⁰⁰³⁶

612 3345 843 3404 Domino
879 3349 1180 3409 salutantes
1205 3352 1272 3408 de
1300 3353 1526 3427 singulis
1553 3359 1680 3429 quid
1703 3358 1857 3428 juxta
1882 3364 2204 3421 catholicam

609 3443 949 3515 disciplinam
981 3453 1163 3502 teneat
1201 3449 1509 3519 apostolicae
1549 3453 1694 3510 sedis
1719 3457 2036 3524 auctoritas,
2071 3461 2202 3515 sub-

604 3531 767 3604 jectis
808 3535 1077 3606 aliquibus
1121 3539 1284 3594 etiam
1341 3551 1652 3600 sanctarum
1698 3547 1949 3618 capitulis
1994 3551 2206 3620 regula-

610 3641 754 3689 rum,
782 3636 836 3682 te
863 3629 1136 3686 credimus
1165 3630 1559 3691 instruendum.
1583 3638 1660 3693 Ac
1688 3638 1921 3708 primum
1951 3641 2036 3698 his
2065 3658 2203 3714 quos

613 3715 967 3774 Priscilliante
995 3719 1217 3778 haeresis
1245 3723 1492 3780 indicasti
1523 3727 1672 3783 vitiis
1706 3729 1976 3801 inquinari
2015 3747 2203 3791 sancta

610 3815 667 3859 et
707 3810 1046 3864 convenienti
1095 3812 1342 3884 religioni
1391 3818 1670 3874 catholica:
1711 3835 1806 3877 eos
1849 3823 2205 3885 detestatione

607 3897 822 3968 judicas
845 3903 1168 3970 arguendos,
1197 3907 1286 3975 qui
1332 3907 1404 3962 ita
1447 3923 1508 3964 se
1548 3911 1647 3967 sub
1672 3914 2014 3972 abstinentia:
2039 3919 2206 3974 simu-

589 3991 737 4049 latae
763 4004 1027 4064 prmtextu
1057 4000 1123 4052 ab
1148 4000 1289 4056 escis
1311 4001 1562 4058 videntur
1579 4007 1824 4062 carnium
1860 4011 2202 4080 submovere,

612 4091 675 4138 ut
715 4085 820 4141 hoc
847 4089 1237 4146 exsecrationis
1283 4093 1464 4162 potius
1501 4097 1682 4153 animo
1709 4113 1871 4168 quam
1906 4102 2206 4162 devotionis

613 4173 912 4244 probentur
935 4176 1148 4235 efﬁcere
1178 4196 1192 4236 :
1226 4181 1279 4235 in
1301 4197 1406 4252 qua
1431 4199 1490 4239 re
1511 4187 1634 4254 quia
1663 4186 2062 4248 nefandissimis
2089 4193 2204 4249 Ma-

615 4261 844 4319 nichaeis
881 4280 1002 4321 esse
1028 4270 1339 4326 consimiles
1377 4275 1762 4344 approbantur,
1799 4279 1944 4350 juste
1986 4281 2205 4339 Patrum

584 4355 1006 4411 ~venerabilium
1054 4361 1361 4418 constitutis
1406 4365 1475 4420 ab
1524 4367 1627 4422 hac
1675 4371 2061 4440 superstitione
2107 4375 2208 4431 sub

614 4445 977 4501 anathematis
1009 4457 1140 4503 sunt
1183 4449 1622 4510 interminatione
1664 4458 1944 4526 prohibiti,
1991 4466 2207 4533 quando

2307 3355 2454 3410 tione
2495 3353 2781 3409 Trinitatis
2825 3352 3160 3409 credentium
3206 3354 3408 3410 debere
3453 3351 3676 3423 baptisma
3707 3344 3795 3402 cele-

2304 3446 2475 3516 brari,
2507 3445 2645 3500 dixit
2671 3463 2685 3501 :
2719 3464 2737 3497 ι
2771 3440 2869 3510 lie,
2899 3443 3088 3500 docete
3108 3459 3304 3500 omnes
3333 3450 3533 3516 gentes,
3557 3438 3794 3535 baptizatus

2303 3542 2419 3608 eos,
2466 3540 2520 3595 iu
2568 3538 2788 3596 nomine
2816 3538 3018 3604 Patris,
3067 3548 3124 3593 et
3161 3537 3313 3602 Filii,
3359 3546 3415 3593 et
3453 3535 3652 3606 Spiritus
3682 3535 3794 3584 sancit

2305 3629 2523 3702 (Matth.
2549 3645 2744 3693 xxvttt,
2776 3628 2884 3701 t9).
2919 3647 2937 3682 ι
2973 3628 3113 3700 Ergo
3141 3643 3267 3683 cum
3296 3643 3402 3684 non
3437 3623 3637 3716 dixerit,
3667 3618 3708 3674 ln
3735 3629 3795 3716 no-

2305 3725 2452 3780 mine
2478 3722 2680 3789 Patris,
2707 3731 2761 3778 et
2789 3721 2934 3786 Filii,
2975 3729 3031 3777 et
3069 3719 3309 3791 Spiritus
3341 3718 3528 3782 sancti,
3550 3707 3794 3810 sed-equali-

2305 3815 2407 3872 bus
2453 3814 2911 3879 distinctionibus,
2959 3813 3173 3869 Patrem
3211 3820 3270 3868 et
3309 3811 3499 3867 Filium
3534 3815 3582 3862 et
3616 3802 3794 3872 Spiritum

2306 3915 2553 3961 sanctum
2592 3904 2819 3976 jusserit
2863 3903 3152 3970 nominari,
3199 3910 3413 3959 constat
3455 3897 3564 3955 iﬂos
3599 3892 3794 3950 omnino:

2305 3999 2418 4055 Deo
2444 3998 2689 4054 doctrina
2713 3997 2956 4064 deviare,
2981 3997 3072 4068 qui
3099 3997 3305 4067 aliquid
3333 3995 3454 4050 huic
3478 3987 3794 4084 voluerint

2305 4085 2528 4143 fessioni
2570 4088 2850 4160 derogare.
2900 4086 3004 4155 Qui
3047 4086 3096 4141 si
3145 4085 3198 4141 in
3245 4100 3434 4142 errore
3479 4079 3793 4154 permanserint.

2307 4176 2440 4232 socii
2468 4176 2627 4232 nobis
2653 4190 2772 4232 esse
2798 4189 2906 4230 non
2936 4183 3181 4246 possunt.

2378 4268 2466 4324 lll.
2506 4267 2584 4324 De
2625 4269 2712 4324 his
2738 4268 2904 4324 etiam
2930 4267 3023 4338 qui
3052 4265 3398 4337 baptismatis
3433 4261 3590 4336 gratia
3623 4255 3794 4313 salutans

2309 4370 2553 4432 accepta,
2599 4361 2740 4432 apud
2783 4360 3020 4417 Arianos
3057 4360 3255 4415 iterum
3302 4355 3567 4429 baptizati,
3603 4344 3796 4423 profundi!

2310 4453 2586 4524 voraginis
2612 4462 2738 4508 sunt
2761 4462 2937 4509 morte
2965 4452 3220 4517 demersi,
3251 4452 3380 4522 quid
3409 4465 3502 4522 per
3525 4441 3716 4516 singulos
3741 4450 3796 4491 oro

615 4531 819 4602 aliquid
865 4535 1109 4592 ciborum
1150 4541 1471 4612 contagione
1514 4545 1758 4600 carnium
1802 4519 2044 4606 creditur
2086 4567 2209 4609 esse

2311 4519 2474 4599 diues
2511 4543 2595 4598 vel
2638 4551 2828 4599 aetates
2873 4552 3281 4599 antecessorum
3326 4532 3795 4635 nostrorum

612 4620 907 4690 pollutum,
955 4626 1081 4695 quia
1123 4628 1190 4683 de
1224 4629 1311 4684 his
1349 4632 1600 4690 omnibus
1633 4650 1752 4704 qua:
1795 4639 1864 4693 ad
1913 4640 2206 4699 humanum
2311 4639 2660 4697 οθιιευθνιηην
2692 4631 3540 4730 (ωαχηιιιιιίριίοῑξιξηι.ᾳίεθεξῆ
3564 4620 3795 4730 "fmilia?

614 4712 816 4767 victum
842 4715 1212 4774 misericordia
1239 4720 1330 4775 Dei
1362 4724 1606 4790 contulit,
1631 4727 1764 4782 nihil
1789 4729 2069 4788 catholicis
2088 4748 2210 4790 esse
2311 4731 2499 4779 ηοδιτο
2532 4722 2734 4777 Sermo
2770 4721 3010 4778 “leva”
3039 4721 3277 4822 fatim”
3311 4721 3406 4822 Ρίῗ,
3429 4712 3793 4822 ⁵¹ἶωθξ

615 4803 862 4860 videatur
883 4807 1246 4864 immundum.
1273 4813 1364 4869 Sic
1387 4817 1531 4870 enim
1555 4816 1733 4874 Titum
1761 4820 1948 4877 doctor
1967 4825 2207 4896 gentium
2312 4832 2452 4883 mus.
2492 4817 2546 4871 in
2569 4816 2766 4887 quibus
2791 4824 2971 4871 “lmen
3017 4814 3147 4870 illud
3191 4814 3408 4886 speCia“
3445 4810 3669 4896 Charm"?
3688 4808 3793 4896 tm.“

617 4893 816 4952 Paulus
861 4908 1042 4954 monet
1095 4902 1368 4968 apostolus
1414 4905 1601 4962 dicens
1642 4925 1656 4961 :
1705 4928 1723 4960 ε
1771 4893 2207 4970 Omnia'munda

618 4985 835 5041 mundis
864 5004 877 5041 :
910 4987 1274 5059 coinquinatis
1300 5000 1478 5047 autem
1514 5003 1568 5049 et
1608 4995 1911 5054 inﬁdelibus
1956 5001 2088 5056 nihil
2123 5012 2208 5058 est

618 5076 902 5144 mundum,
933 5080 1028 5135 sed
1057 5081 1257 5151 polluta
1285 5092 1408 5138 sunt
1435 5100 1622 5139 eorum
1665 5103 1817 5144 mens
1843 5099 1899 5144 et
1925 5093 2210 5149 conscien-

621 5163 715 5219 tia.
751 5163 916 5220 Deum
941 5168 1266 5226 conﬁtentur
1294 5187 1353 5228 se
1382 5189 1560 5241 nosse,
1591 5175 1750 5232 factis
1775 5188 1956 5235 autem
1985 5191 2204 5251 negant,

619 5255 1011 5313 abominabiles
1038 5268 1094 5314 et
1135 5261 1416 5331 increduli,
1448 5274 1502 5320 et
1531 5267 1595 5320 ad
1638 5283 1798 5324 omne
1837 5285 1972 5341 opus
2007 5271 2205 5330 bonum

621 5351 833 5420 reprobi
875 5349 1005 5421 (Tit.
1046 5367 1086 5416 l,
1123 5353 1235 5423 15).
1273 5373 1293 5408 ι
1335 5354 1596 5412 Similiter
1634 5369 1689 5415 et
1735 5360 1841 5417 alio
1887 5362 1940 5416 in
1981 5363 2100 5419 loco
2139 5368 2206 5422 ad

619 5441 962 5500 Timotheum
988 5444 1054 5499 de
1089 5445 1393 5514 hujusmoJi
1427 5450 1680 5508 cavendis
1707 5453 1982 5511 erroribus
2010 5458 2206 5527 praedi-

621 5535 762 5589 cavit
798 5533 1026 5592 dicens:
1065 5555 1083 5586 ι
1118 5535 1174 5591 ln
1217 5539 1522 5598 novissimis
1561 5545 1891 5614 temporibus
1928 5547 2205 5604 discedent

621 5627 837 5696 quidam
873 5646 904 5685 a
947 5629 1072 5698 ﬁde,
1114 5634 1454 5692 attendentes
1480 5637 1757 5707 spiritibus
1795 5641 1998 5696 erroris
2027 5649 2082 5695 ct
2112 5643 2205 5697 do-

623 5721 812 5778 ctrinis
838 5723 1254 5790 dannoniorum;
1304 5728 1354 5782 in
1388 5729 1655 5799 hypocrisi
1697 5732 2023 5802 loquentium
2055 5750 2202 5793 mcn-

2311 4907 2565 4964 convenit
2592 4907 2898 4973 observari;
2926 4917 2988 4962 ut
3012 4906 3141 4977 quia
3181 4921 3283 4976 pro
3307 4904 3530 4977 peccatis
3556 4891 3742 4970 plurimis
3760 4899 3793 4937 In

2308 4999 2556 5071 gentibus
2593 4999 2852 5070 iniquitas
2890 4999 3006 5072 ipsa
3042 5000 3278 5056 surrexit
3309 5000 3360 5054 in
3394 4991 3700 5053 aestimatione
3718 4980 3790 5084 ire

2309 5091 2582 5147 ternitatis
2616 5101 2719 5147 tute
2743 5091 3078 5163 aliorumque
3120 5093 3430 5163 pontiﬁcum
3465 5103 3552 5159 per
3587 5075 3792 5140 suasdicc-

2306 5201 2459 5242 ceses
2503 5185 2858 5255 relinquatur,
2889 5193 2950 5240 ut
2988 5185 3032 5240 si
3060 5186 3293 5256 qualitas
3315 5194 3368 5240 et
3391 5169 3787 5274 pteniteutis‘tie“:

2307 5277 2384 5332 tio
2410 5277 2573 5333 fuerit
2598 5277 2917 5348 approbata,
2949 5279 3290 5351 indulgentia:
3317 5289 3519 5348 quoque
3542 5263 3730 5365 remedio
3745 5263 3789 5365 Sil

2309 5367 2505 5424 "iCiM-
2535 5368 2772 5434 Quorum
2820 5378 3001 5424 tamen
3047 5368 3410 5425 reconciliatio
3447 5379 3542 5420 non
3580 5372 3658 5431 per
3691 5351 3786 5440 illan

2313 5459 2709 5530 impositionem
2753 5475 2947 5515 manus
2989 5475 3108 5530 quae
3147 5475 3246 5532 per
3285 5445 3786 5549 invocationem?le

2311 5550 2545 5620 Spiritus
2593 5561 2870 5622 operatur,
2925 5551 3020 5608 sed
3072 5567 3169 5622 per
3219 5551 3360 5608 illam
3408 5561 3504 5620 qua
3544 5540 3785 5632 pauitantia!

2311 5641 2520 5697 fructus
2554 5642 2873 5712 acquiritur.
2907 5651 2960 5698 ct
3006 5650 3204 5700 sanctae
3240 5633 3601 5699 communionis
3635 5630 3782 5682 restitu-

2311 5734 2384 5788 tio
2412 5734 2706 5803 perﬁcitur.
