3988 6446
228 324 368 382 10⁷7

1286 327 1780 386 DECRETALIUM
1819 327 2223 390 COLLECTIO.

3351 332 3493 393 £078

291 437 382 494 IV.
419 437 496 494 De
530 437 736 496 fabrica
775 455 907 498 vero
938 441 1224 514 cujuslibet
1253 443 1519 510 ecclesiae,
1548 443 1594 500 si
1627 443 1806 499 diruta
1835 445 1886 506 Α
1915 455 2091 517 tyrum
2137 447 2280 504 sicut
2337 464 2620 521 speramus
2665 458 2860 508 sancto
2907 464 3006 508 nos
3034 447 3248 507 aﬂ'ectui
3281 458 3373 507 tuo
3413 451 3496 506 di-

221 525 406 592 fuerit,
454 528 825 596 instauranda,
855 539 909 585 et
947 531 994 587 si
1036 533 1089 588 in
1135 549 1201 588 eo
1237 533 1354 590 loco
1386 535 1814 593 consecrationis

218 621 540 679 mlemnitas
586 624 782 680 debeat
827 625 1038 682 iterari.
1089 626 1148 683 ln
1196 644 1304 699 quo
1349 631 1656 686 sanctuaria
1703 648 1812 688 non

216 713 443 783 fuerint,
468 716 924 786 nihiljudicamus
944 721 1178 791 edicere,
1199 723 1291 781 sed
1319 739 1420 795 per
1443 741 1563 782 eam
1590 727 1814 786 minime

217 819 365 874 aqua
391 806 674 862 benedicta
697 807 958 879 jactetur,
987 812 1112 882 quia
1139 816 1604 873 consecrationem
1631 819 1813 889 cujus-

215 897 353 956 libet
384 897 631 956 ecclesize
675 901 727 955 in
759 916 864 972 qua
905 902 1139 974 Spiritus
1167 908 1340 963 sancti
1383 923 1478 964 ara
1512 925 1617 966 non
1658 912 1812 980 poni-

214 998 332 1056 tur,
356 990 729 1048 celebritatem
765 1001 972 1050 tantum
1015 996 1219 1054 scimus
1249 1013 1372 1055 esse
1411 1000 1722 1070 missarum,
1754 1013 1812 1059 et

213 1083 342 1138 ideo
369 1083 415 1140 si
443 1099 550 1154 qua
589 1095 900 1141 sanctorum
939 1087 1160 1145 basilica
1197 1104 1229 1144 a
1257 1088 1619 1148 fundamentis
1644 1093 1808 1149 etiam

210 1172 383 1232 fuerit
403 1176 684 1242 innovata,
729 1178 848 1235 sine
885 1178 1066 1250 aliqua
1105 1179 1444 1240 dubitatione
1479 1199 1603 1240 cum
1645 1185 1701 1241 in
1742 1199 1808 1240 ea

208 1268 506 1326 missarum
537 1269 700 1326 fuerit
725 1271 995 1328 celebrata
1034 1273 1374 1342 solemnitas,
1407 1278 1572 1334 totius
1607 1278 1810 1334 sancti—

209 1359 398 1418 ﬁcatio
423 1363 849 1420 consecrationis
878 1365 1045 1437 268
1071 1366 1400 1438 implebitur.
1445 1369 1502 1426 Si
1531 1385 1662 1427 vero
1685 1385 1810 1428 sano

207 1451 422 1508 ctuaria
443 1468 567 1522 quae
604 1453 840 1510 habebat
871 1455 1052 1512 ablata
1091 1465 1241 1526 sunt,
1277 1475 1468 1516 rursus
1498 1476 1684 1517 earum
1717 1463 1808 1518 de-

207 1542 484 1611 positione
511 1551 567 1599 et
602 1544 890 1601 missarum
927 1547 1271 1606 solemnitate
1297 1552 1657 1608 reverentiam
1683 1567 1808 1608 san-

206 1632 563 1692 ctificationis
586 1636 836 1707 accipiet.

392 1724 467 1780 De
493 1723 718 1783 Paulam
744 1727 1076 1786 solemnitate
1100 1739 1151 1787 et
1181 1748 1391 1803 precum
1414 1733 1618 1790 ordine.

1917 539 2123 595 rexisse
2145 541 2422 611 reliquias,
2449 550 2841 613 praesumentes
2864 541 3023 597 fidem
3048 549 3287 597 vestram
3308 554 3496 597 eorum

1913 631 2168 703 deinceps
2193 633 2401 704 plenius
2427 648 2548 690 esse
2576 635 2785 691 meritis
2811 632 3193 703 adiuvandam.

1983 723 2068 779 Vl.
2097 723 2154 780 Si
2171 725 2292 796 quis
2310 726 2594 798 episcopus
2605 735 2700 782 aut
2712 727 2994 798 presbyter
2999 726 3152 797 juxta
3168 733 3496 796 praeceptum

1914 816 2124 872 Domini
2153 833 2259 873 non
2289 818 2720 889 haptizaveritin
2743 819 2962 875 nomine
2986 817 3183 882 Patris,
3200 825 3256 872 et
3279 816 3424 883 Filii,
3442 824 3498 873 et

1913 903 2148 976 Spiritus
2190 908 2411 974 sancti,
2462 911 2556 964 sed
2608 909 2660 963 in
2709 924 2813 963 una
2871 922 3101 977 persona
3168 906 3494 974 Trinitatis,

1911 1005 2003 1051 aut
2054 995 2284 1063 duabus,
2329 1007 2424 1052 aut
2457 997 2512 1053 in
2565 999 2738 1054 tribus
2784 996 3052 1068 patribus,
3080 1006 3175 1052 aut
3224 997 3282 1052 in
3317 996 3494 1052 tribus

1912 1089 2056 1156 filiis,
2107 1101 2201 1146 aut
2249 1090 2423 1147 tribus
2469 1091 2783 1163 paracletis,
2810 1090 3125 1162 projiciatur
3150 1089 3216 1145 de
3255 1087 3497 1146 Ecclesia

1909 1181 2028 1237 Dei.

1985 1272 2091 1328 Vll.
2132 1272 2271 1330 Nulli
2303 1274 2390 1331 vel
2433 1275 2668 1332 tenuiter
2693 1274 2970 1340 sentienti,
2999 1273 3086 1331 vel
3131 1273 3365 1345 pleniter
3403 1289 3496 1332 sa-

1907 1363 2076 1435 pienti
2120 1364 2340 1420 dubium
2387 1375 2492 1433 est,
2538 1367 2682 1436 quod
2729 1365 2970 1421 Ecclesia
3020 1365 3263 1422 Romana
3303 1363 3499 1420 funda-

1906 1465 2152 1513 mentum
2197 1467 2254 1515 et
2303 1457 2480 1514 forma
2525 1459 2599 1514 sit
2643 1457 3032 1525 Ecclesiarum,
3085 1473 3118 1513 a
3169 1471 3274 1528 qua
3305 1471 3496 1514 omnes

1907 1547 2168 1604 ecclesias
2199 1547 2526 1620 principium
2557 1549 2856 1618 sumpsisse
2885 1562 3047 1603 nemo
3085 1557 3234 1603 recte
3273 1546 3497 1602 creden-

1909 1638 2042 1694 tium
2077 1639 2320 1712 ignorat:
2375 1641 2633 1712 quoniam
2661 1640 2790 1696 licet
2837 1640 3078 1696 omnium
3127 1637 3494 1710 apostolorum

1907 1742 2010 1798 par
2033 1737 2181 1786 esset
2208 1729 2424 1797 electio,
2459 1732 2618 1793 beato
2648 1739 2825 1788 tamen
2857 1731 3016 1786 Petro
3042 1744 3358 1786 concessum
3386 1736 3493 1796 est,

283 1814 351 1872 ν.
392 1817 596 1876 Pascha
629 1836 759 1877 vero
789 1821 1030 1878 futurum
1065 1839 1182 1890 nos,
1230 1825 1275 1880 si
1303 1825 1450 1882 Deus
1477 1827 1703 1883 voluerit
1747 1843 1797 1884 ιι

1908 1826 1967 1872 ut
2018 1818 2232 1874 caeteris
2273 1819 2673 1890 praemineret,
2715 1819 2858 1874 unde
2903 1827 2960 1875 et
2987 1817 3198 1890 Cepbas
3245 1826 3492 1884 vocatur,

206 1906 578 1966 Kalendarum
608 1911 871 1968 Maiarum
910 1913 1001 1970 die
1033 1913 1397 1972 celebraturos
1439 1931 1560 1972 esse
1605 1933 1804 1990 cogno-

205 1999 370 2056 scite.
400 2000 656 2063 Ordinem
679 2019 897 2074 quoque
920 2019 1141 2075 precum
1171 2006 1224 2060 in
1252 2006 1572 2064 celebritate
1599 2009 1801 2065 missa-

206 2105 338 2146 rum
376 2091 527 2148 nullo
559 2108 659 2148 nos
704 2102 981 2164 tempore,
1018 2095 1166 2151 nulla
1201 2097 1494 2154 festivitate
1525 2100 1802 2172 significa-

211 2202 342 2243 mus
389 2188 592 2244 habere
644 2189 876 2246 divisum
909 2231 925 2256 ,
977 2193 1073 2248 sed
1119 2206 1333 2264 semper
1379 2196 1568 2252 eodem
1617 2205 1804 2254 tenore

206 2279 394 2335 oblata
460 2279 573 2336 Deo
655 2297 879 2337 munera
948 2298 1290 2342 consecrare.
1373 2285 1600 2354 Quoties
1665 2303 1799 2344 vero

208 2370 510 2442 paschalis,
548 2381 644 2428 aut
696 2374 1033 2432 ascensionis
1079 2376 1291 2432 Domini
1319 2378 1405 2434 vel
1432 2378 1801 2446 Pentecostes,

207 2470 271 2518 et
301 2462 610 2533 Epiphaniae
645 2473 1072 2536 sanctorumque
1107 2467 1202 2523 Dei
1231 2467 1394 2525 fuerit
1420 2473 1623 2542 agenda
1654 2468 1804 2528 festi-

206 2553 384 2620 vitas,
443 2555 654 2627 singula
711 2557 946 2622 capitula
994 2559 1182 2616 diebus
1235 2570 1360 2632 apta
1407 2562 1800 2637 subiungimus,

203 2645 407 2714 quibus
473 2648 1047 2705 commemorationem
1127 2661 1333 2708 sanctae
1395 2653 1752 2713 solemnitatis
1783 2697 1801 2722 ,

201 2744 303 2790 aut
347 2751 538 2793 eorum
571 2729 866 2805 fabiamus,
909 2754 1140 2811 quorum
1168 2743 1410 2800 natalitia
1439 2746 1798 2816 celebramus,

200 2837 401 2885 uetera
462 2845 594 2887 vero
641 2831 833 2889 ordine
889 2843 1146 2890 consueti
1195 2838 1589 2908 persequimur.
1651 2841 1800 2909 Qua-

201 2932 431 2993 propter
457 2932 515 2978 et
553 2923 724 2996 ipsius
749 2925 1024 2982 canonica:
1046 2929 1225 2999 precis
1276 2939 1479 2986 textum
1507 2934 1801 2993 direximus

199 3012 396 3068 subter
430 3013 701 3084 adjectum
724 3056 739 3081 ,
773 3031 934 3086 quem
972 3017 1080 3074 Deo
1113 3021 1348 3090 propitio
1392 3038 1459 3078 ex
1503 3026 1800 3094 apostolica

201 3106 496 3164 traditione
538 3111 910 3180 suscepimus;
943 3119 1001 3168 et
1027 3121 1090 3168 ut
1120 3113 1362 3169 charitas
1391 3125 1480 3171 tua
1507 3129 1796 3190 cognoscat
1821 3151 1867 3216 ο

197 3197 404 3267 quibus
454 3198 590 3256 locis
632 3200 812 3272 aliqua
870 3200 1258 3260 festivitatibus
1307 3214 1431 3275 apta
1479 3218 1790 3276 eonnectas,

203 3287 483 3358 paschalis
517 3289 625 3346 diei
674 3305 864 3361 preces
925 3291 1085 3348 simul
1127 3291 1443 3364 adiecimus.
1488 3295 1584 3352 His
1633 3297 1796 3370 igitur

207 3379 568 3440 fraternitatis
616 3389 721 3439 tuae
769 3383 1108 3454 inquisitioni
1163 3388 1458 3458 responsis,
1503 3389 1789 3447 Dominum

203 3477 452 3526 nostrum
485 3481 746 3542 quantum
789 3487 1076 3544 possumus
1104 3489 1415 3544 exoramus,
1446 3487 1506 3534 ut
1539 3481 1791 3537 omnibus

193 3561 488 3618 catholicae
529 3563 809 3634 religionis
837 3563 1097 3622 Ecclesiis
1141 3567 1286 3623 circa
1333 3569 1617 3626 universos
1653 3586 1790 3641 quos

205 3654 394 3712 fideles
420 3657 520 3713 sibi
560 3657 972 3730 eilicit,-gratize
1009 3675 1122 3715 sua:
1155 3661 1293 3718 dona
1338 3662 1659 3734 multiplicet
1682 3705 1698 3729 ,
1735 3673 1792 3720 et

199 3744 274 3801 ab
300 3746 550 3803 omnibus
575 3747 786 3803 insidiis
826 3747 1123 3819 spiritualis
1147 3750 1320 3807 hostis
1358 3761 1522 3824 atque
1557 3754 1789 3810 carnalis

199 3844 435 3892 cunctos
487 3837 712 3908 populos
761 3853 890 3894 suos
923 3837 1170 3911 redigere
1215 3840 1468 3911 dignetur
1497 3842 1780 3900 immunes.

201 3924 556 3997 Significatur
599 3925 764 3985 etiam
793 3928 1076 3985 beatorum
1118 3930 1480 4001 apostolorum
1506 3931 1593 3990 vel
1640 3948 1786 3989 mar-

1903 1913 2028 1984 quia
2073 1923 2236 1985 caput
2275 1925 2358 1969 est
2405 1922 2462 1970 et
2505 1915 2712 1985 primus
2737 1913 2979 1970 omnium
3009 1910 3398 1983 apostolorum.
3427 1910 3495 1966 Et

1901 2006 2046 2076 quod
2071 2005 2127 2061 in
2163 2005 2340 2075 capite
2366 2006 2662 2075 praecessit,
2713 2005 2765 2059 in
2796 2005 3057 2060 membris
3085 2001 3236 2072 sequi
3271 2013 3494 2056 necesse

1902 2105 2006 2151 est.
2035 2094 2398 2163 Quamobrem
2426 2105 2614 2151 sancta
2660 2094 2904 2151 Romana
2948 2093 3190 2149 Ecclesia
3229 2089 3352 2160 ejus
3377 2105 3493 2146 me-

1905 2185 2010 2242 rito
2050 2185 2262 2241 Domini
2294 2200 2424 2242 voce
2445 2193 2786 2249 consecrata,
2815 2193 2871 2239 et
2907 2192 3222 2240 sanctorum
3267 2180 3490 2236 Patrum

1901 2278 2226 2335 auctoritate
2250 2278 2525 2345 roborata,
2548 2277 2838 2348 primatum
2858 2283 3003 2332 tenet
3025 2273 3267 2329 omnium
3291 2271 3482 2328 Eccle-

1902 2370 2130 2437 siarum,
2171 2370 2241 2425 ad
2290 2385 2455 2441 quam
2486 2377 2595 2424 tam
2621 2384 2832 2424 summa
2860 2367 3234 2438 episcoporum
3275 2361 3491 2432 negotia

1900 2470 1960 2516 et
1976 2459 2181 2530 judicia
2205 2469 2370 2531 atque
2399 2459 2633 2530 querelae
2652 2498 2668 2524 ,
2699 2473 2860 2529 quam
2886 2465 2940 2513 et
2970 2456 3204 2526 majores
3228 2453 3488 2510 ecclesia-

1902 2569 2020 2610 rum
2063 2553 2424 2624 quaestiones,
2455 2552 2612 2623 quasi
2639 2553 2707 2606 ad
2745 2559 2910 2620 caput
2955 2565 3169 2620 semper
3199 2545 3488 2604 referenda

1901 2655 2050 2704 sunt.
2087 2645 2224 2701 Nam
2269 2654 2321 2702 et
2371 2646 2465 2716 qui
2511 2660 2571 2701 se
2617 2645 2717 2701 scit
2776 2643 2897 2699 aliis
2935 2657 3057 2698 esse
3097 2638 3486 2713 przepositum,

1901 2755 2009 2796 non
2070 2738 2296 2796 moleste
2343 2737 2482 2795 ferat
2535 2738 2771 2809 aliquem
2828 2751 2950 2792 esse
3013 2734 3118 2790 sibi
3181 2730 3484 2804 praelatum.

1899 2832 2019 2904 Ipsa
2058 2846 2294 2903 namque
2343 2830 2587 2888 Ecclesia
2637 2846 2758 2901 quae
2789 2830 2964 2901 prima
3002 2836 3089 2885 est
3134 2827 3209 2882 ita
3265 2822 3490 2894 reliquis

1901 2925 2146 2982 ecclesiis
2191 2924 2338 2980 vices
2367 2939 2494 2981 suas
2524 2923 2752 2980 credidit
2794 2920 3119 2994 largiendas,
3151 2927 3210 2975 ut
3235 2918 3288 2972 iu
3330 2923 3490 2987 parte

1900 3017 2012 3073 sint
2027 3024 2234 3073 vocatae
2253 3015 2651 3079 sollicitudinis,
2678 3029 2784 3070 non
2813 3013 2866 3069 in
2895 3010 3226 3085 plenitudine
3248 3015 3488 3080 potesta-

1905 3106 1996 3172 tis,
2021 3105 2164 3160 unde
2189 3105 2431 3161 omnium
2465 3104 2850 3176 appellantium
2893 3101 3247 3172 apostolicam
3297 3099 3485 3156 sedem

1896 3195 2270 3266 episcoporum
2291 3194 2493 3267 judicia
2522 3202 2579 3250 et
2605 3202 2924 3248 cunctarum
2956 3190 3220 3260 majorum
3266 3189 3484 3260 negotia

1894 3305 2183 3346 causarum
2219 3290 2394 3346 eidem
2429 3297 2632 3345 sanctae
2660 3288 2774 3343 sedi
2805 3293 3079 3340 reservata
3111 3297 3234 3340 esse
3275 3282 3482 3353 liquet,

1891 3381 2194 3451 pmsertim
2250 3396 2374 3438 cum
2434 3382 2487 3436 in
2539 3380 2626 3436 his
2677 3378 2931 3435 onmibus
2987 3377 3104 3448 ejus
3153 3390 3369 3446 semper
3411 3373 3483 3430 sit

1890 3473 2314 3545 exspectandum
2372 3471 2680 3529 consultum
2736 3488 2750 3527 :
2809 3470 2962 3541 cujus
2992 3467 3198 3524 tramiti
3242 3465 3288 3521 si
3355 3464 3485 3535 quis

1889 3564 2110 3620 obviare
2153 3563 2464 3627 tentaverit,
2513 3562 2857 3618 sacerdotum
2899 3574 3096 3615 causas
3133 3572 3193 3613 se
3222 3572 3327 3612 non
3357 3555 3479 3610 sine

1891 3654 2114 3711 honoris
2150 3654 2236 3709 sui
2279 3653 2522 3724 periculo
2557 3652 2699 3724 apud
2746 3652 2990 3708 eamdem
3021 3657 3264 3706 sanctam
3291 3645 3475 3702 sedem

1889 3747 2103 3802 noverit
2146 3745 2506 3802 redditurum.
2547 3745 2682 3799 Data
2704 3742 2928 3799 Kalend.
2956 3741 3158 3806 Martii,
3184 3737 3480 3795 Wisiliano

1879 3847 1934 3896 et
1962 3837 2207 3895 Johanne
2231 3839 2298 3896 Ν
2323 3837 2653 3895 consulibus.

209 4155 3463 4186 Ἢ

702 4336 1338 4430 INCIPIUNT
1406 4335 1944 4430 DECRETA
2012 4336 2492 4428 PELAGII
2569 4337 2944 4426 PAPIE.

1623 4542 2030 4562 ψ

451 4681 687 4756 Epistula
727 4683 927 4758 Pelagii
957 4705 1106 4757 papa:
1141 4689 1210 4743 ad
1257 4688 1529 4760 Vigilium.

271 4774 540 4831 PELAGIUS
568 4776 854 4848 episcopus
887 4777 1098 4834 Vtcmo
1127 4779 1445 4850 coepiscopo
1471 4777 1717 4834 salutem.

273 4866 494 4922 Gaudeo
523 4865 645 4920 fidei
676 4867 960 4922 devotione
1002 4877 1106 4924 tua:
1148 4869 1292 4939 quod
1329 4868 1634 4938 religiosum
1663 4877 1778 4924 stu-

203 4960 350 5016 dium
396 4967 451 5012 et
496 4958 734 5013 divinum
780 4959 1019 5015 cilicium
1068 4961 1352 5032 dignanter
1394 4959 1678 5030 impendis,
1726 4967 1782 5014 et

201 5049 438 5104 maxime
495 5049 637 5118 quod
692 5049 812 5104 fidei
865 5050 1112 5106 inimicos
1166 5052 1438 5108 :emularis
1477 5052 1780 5123 apostolicae

199 5139 348 5197 sedis
373 5156 617 5211 qumrens
641 5141 906 5212 exempla.
930 5143 1098 5198 Didici
1130 5161 1261 5201 sane
1283 5154 1390 5201 tam
1420 5160 1518 5216 per
1554 5147 1778 5202 latorem

202 5240 420 5286 tuarum
447 5247 608 5301 quam
633 5241 686 5286 et
713 5246 809 5301 per
832 5232 1044 5290 litteras
1082 5242 1201 5290 tuas
1235 5235 1379 5306 quod
1420 5236 1528 5291 sint
1564 5236 1780 5306 quidam

205 5335 374 5391 penes
426 5337 522 5376 vos
578 5321 670 5391 qui
717 5322 959 5377 dicentes
1006 5325 1250 5394 garriunt
1292 5326 1580 5394 :Qualiter
1623 5327 1784 5382 Pater

202 5421 259 5466 et
288 5410 456 5466 Filius
485 5427 622 5467 unus
648 5421 826 5481 potest
857 5428 975 5469 esse
1003 5415 1164 5480 Deus,
1195 5433 1317 5472 cum
1343 5428 1537 5488 praeter
1565 5419 1781 5475 Patrem

200 5499 344 5557 alius
379 5515 484 5556 non
514 5501 584 5556 sit
627 5502 770 5557 Deus
793 5543 809 5568 ,
840 5503 932 5572 qui
963 5503 1175 5559 dicatur
1203 5506 1470 5577 ingenitus
1504 5517 1665 5573 atque
1695 5509 1779 5561 in-

203 5589 470 5646 visibilis?
501 5589 565 5644 Hi
591 5606 719 5646 sane
747 5593 792 5648 si
824 5594 1027 5650 scirent
1047 5596 1244 5651 donum
1271 5597 1388 5662 Dei,
1409 5609 1462 5652 et
1485 5615 1625 5654 vera:
1651 5600 1774 5655 fidei

203 5680 418 5751 regulas
453 5681 833 5754 intelligerent,
866 5701 1205 5757 nequaquam
1235 5687 1359 5744 talia
1389 5689 1771 5756 mussitarent;
1817 5709 1826 5718 '

202 5771 294 5826 sed
351 5773 475 5835 quia
522 5789 624 5828 non
667 5775 926 5832 habentes
973 5778 1168 5834 munda
1218 5780 1379 5836 corda
1428 5799 1545 5851 qua:
1593 5781 1776 5864 videre
1876 5783 2020 5854 jnro,
2077 5785 2198 5856 quia
2239 5784 2403 5841 exivit
2447 5800 2511 5841 cx
2561 5798 2654 5841 ore
2704 5800 2823 5841 meo
2869 5783 3119 5848 veritas.
3175 5791 3229 5838 et

1805 4687 2092 4747 Dsecreta
2138 4680 2232 4736 Dei
2265 4689 2321 4735 et
2353 4678 2656 4750 intelligere
2693 4677 2948 4748 mysteria
2999 4675 3218 4731 valeant
3261 4674 3468 4744 divina,

1881 4783 1940 4832 et
1978 4776 2289 4830 inundantia
2323 4782 2450 4830 sunt
2479 4774 2631 4846 prius
2669 4772 2833 4829 corda
2859 4788 3045 4828 eorum
3076 4787 3173 4842 per
3197 4772 3466 4842 peniten~

1884 4870 2012 4924 tiam
2049 4879 2107 4922 ut
2162 4869 2459 4940 intelligere
2507 4867 2848 4938 postmodum
2879 4906 2892 4930 ,
2943 4875 2999 4921 et
3043 4880 3238 4934 capere
3283 4865 3468 4922 lumen

1885 4962 2130 5017 veritatis
2176 4961 2404 5032 possint.
2454 4959 2662 5028 Quibus
2700 4968 2880 5014 tamen
2915 4959 2981 5013 ad
3010 4973 3198 5012 eorum
3228 4973 3294 5013 ac
3323 4957 3466 5013 mul~

1885 5062 2060 5108 torum
2119 5052 2564 5108 illuminationem
2618 5051 2936 5122 corrigendo
2987 5050 3171 5105 talium
3220 5066 3466 5107 errorem

1885 5145 2178 5217 apestolica
2221 5144 2545 5201 auctoritate
2576 5143 3006 5213 respondendum
3035 5152 3118 5198 est
3150 5143 3224 5197 ita
3269 5160 3282 5198 :
3323 5142 3470 5210 Quo—

1886 5236 2046 5292 modo
2087 5251 2186 5291 vos
2227 5235 2443 5290 Patrem
2491 5242 2546 5290 et
2596 5232 2792 5288 Filium
2839 5248 3004 5287 unum
3054 5233 3296 5303 profiteri
3358 5249 3466 5288 non

1884 5328 2082 5383 vultis?
2126 5328 2232 5383 Eos
2285 5326 2453 5382 etiam
2505 5339 2605 5380 nos
2652 5340 2822 5380 unum
2865 5333 2922 5379 et
2967 5339 3156 5379 verum
3211 5325 3378 5379 Deum
3432 5342 3464 5380 a

1881 5418 2164 5489 prophetis
2203 5425 2258 5470 et
2297 5415 2558 5486 apostolis
2604 5415 2940 5471 ostendimus
2987 5415 3340 5486 praedicatum
3367 5455 3383 5481 ,
3433 5431 3464 5470 a

1882 5511 2080 5581 quibus
2111 5511 2276 5565 etiam
2321 5508 2584 5580 Spiritum
2622 5508 2896 5564 credimus
2924 5515 3171 5564 sanctum
3209 5521 3317 5562 non
3341 5522 3465 5563 esse

1883 5601 2192 5664 discretum,
2211 5601 2348 5655 Isaia
2369 5601 2632 5672 propheta
2662 5599 2875 5656 dicente
2905 5617 2919 5654 :
2951 5618 2968 5651 α
3006 5599 3116 5668 Ego
3145 5613 3264 5652 sum
3296 5596 3460 5660 Deus,

1879 5700 1936 5746 ct
1992 5708 2096 5747 non
2161 5701 2245 5747 est
2293 5690 2432 5746 alius
2453 5701 2652 5762 praeter
2695 5707 2799 5746 me.
2842 5691 2908 5744 Et
2953 5705 3049 5760 per
3087 5688 3462 5756 memetipsum

3284 5795 3464 5838 sermo
