3988 6426
517 303 650 374 I079

1323 324 1613 381 APPEND.
1654 322 1746 380 AD
1782 322 1956 381 SxEC.
1998 322 2087 379 IX.
2116 354 2184 365 —
2214 323 2462 383 lSlDOlll
2495 321 2937 385 MERCATORIS

3641 331 3783 388 IOSO

510 451 663 493 meus
699 450 805 492 non
854 435 1151 502 avertitur,
1192 452 1319 507 quia
1372 438 1502 492 mihi
1534 437 1881 493 inclinabitur
1921 450 2083 492 omne
2111 440 2161 499 Α
2185 435 2350 494 Israel
2385 438 2580 496 dilecto
2617 456 2735 499 suo.
2773 441 2904 498 Post
2947 443 3064 499 haec
3100 442 3153 497 in
3192 424 3353 499 terris
3399 442 3551 499 visus
3579 455 3700 508 est,
3728 456 3789 499 et

508 545 696 603 genu,
728 538 784 585 et
833 528 1010 585 omnis
1056 529 1236 601 lingua
1279 529 1489 600 jurabit
1528 545 1625 601 per
1679 529 1962 585 Dominum
2015 529 2094 586 di-

509 637 643 677 cens
673 635 688 675 :
715 620 929 676 iustitia
974 630 1028 676 et
1076 621 1246 693 gloria
1294 623 1361 676 ad
1391 637 1513 678 eum
1559 624 1740 680 veniet
1778 622 1912 697 (Isa.
1956 636 2091 687 xcv,

506 711 723 783 21-25).
765 732 784 765 ι
820 712 886 766 Ει
919 720 980 767 ιιι
1008 712 1112 768 hoc
1149 712 1201 767 in
1249 714 1558 769 testimonio
1585 713 1802 769 Patrem
1850 712 2012 769 simul
2039 720 2095 767 et

508 803 705 859 Filium
736 818 1032 876 cognoscas
1062 803 1248 871 fuisse,
1268 804 1493 860 Paulum
1521 806 1643 862 audi
1675 806 1963 870 dicentem,
1985 824 2004 857 ι
2037 813 2097 859 ut

510 895 566 950 in
594 896 830 960 nomine,
868 896 1066 967 inquit,
1100 894 1226 952 Jesu
1274 912 1436 953 onme
1480 911 1620 968 genu
1660 897 1905 953 ﬂectatur
1934 896 2095 952 coale-

510 988 699 1053 stium,
732 987 1071 1043 terrestrium
1114 997 1170 1044 et
1217 987 1579 1045 inl'ernorum.
1611 989 1681 1044 Et
1707 988 1885 1043 omnis
1913 986 2096 1059 lingua

509 1078 837 1135 confiteatur
860 1119 875 1144 ,
910 1078 1038 1148 quia
1065 1078 1323 1134 Dominus
1351 1078 1510 1134 Jesus
1551 1078 1802 1135 Christus
1841 1077 1894 1132 in
1926 1076 2094 1149 gloria

508 1177 594 1223 est
623 1169 717 1223 Dei
747 1168 927 1224 Patris
956 1168 1345 1238 omnipotentis
1380 1166 1633 1239 (Philipp.
1666 1183 1726 1233 ιι,
1755 1168 1866 1238 ll).
1889 1186 1907 1218 ι
1942 1165 2094 1234 Quod

509 1259 557 1314 si
584 1260 687 1315 istc
722 1258 891 1314 Filius
928 1257 1107 1314 minor
1153 1266 1241 1314 est
1291 1258 1455 1313 Patre
1513 1272 1633 1324 suo,
1664 1271 1794 1329 ergo
1824 1256 2095 1311 minorata

508 1357 594 1405 est
620 1348 789 1420 gloria
829 1347 1007 1404 Patris
1053 1349 1106 1403 in
1135 1347 1295 1404 Filio.
1333 1347 1403 1402 Et
1430 1347 1522 1403 ubi
1564 1345 1815 1417 estquod
1852 1346 1906 1400 in
1938 1345 2094 1401 Salo-

512 1455 674 1498 mone
731 1441 1015 1513 Scriptura
1063 1432 1302 1512 loquitur
1338 1441 1525 1497 dicens
1555 1458 1568 1494 :
1606 1460 1625 1493 ι
1658 1437 1814 1495 Sicut
1833 1438 1997 1495 etiam
2039 1438 2093 1493 in

508 1544 803 1607 conspectu
824 1547 1035 1601 eorum,
1068 1534 1281 1606 inquit,
1314 1524 1693 1598 magniﬁcatus
1724 1545 1783 1587 es
1813 1532 1867 1585 in
1905 1528 2093 1594 nobis,

510 1628 589 1684 ita
624 1629 678 1683 in
724 1636 1013 1699 conspectu
1064 1637 1251 1683 nostro
1294 1624 1725 1697 inagnilicaberis
1773 1623 1827 1678 in
1866 1621 1995 1689 illis,
2038 1629 2098 1678 ut

2196 528 2339 583 inter
2385 531 2632 589 homines
2677 542 3029 590 conversatus
3066 543 3150 589 est
3178 533 3411 606 (Barach
3446 551 3547 602 nt,
3594 535 3710 605 56).
3764 554 3787 587 ι

2197 618 2264 673 Ει
2301 619 2356 675 in
2397 619 2689 680 Salomone
2732 642 2745 678 :
2776 642 2796 676 ι
2843 610 3099 681 Miserere
3136 627 3311 691 nobis,
3344 625 3485 681 Deus
3511 627 3790 689 omnium,

2195 718 2250 763 et
2291 711 2516 768 ostende
2557 714 2712 771 nobis
2760 716 2942 772 lumen
2996 717 3394 782 miserationis,
3450 726 3507 771 et
3554 717 3796 771 immitte

2198 802 2446 858 timorem
2493 812 2641 860 tuum
2674 822 2835 878 super
2868 817 3057 879 gentes
3093 823 3214 879 qua:
3260 824 3365 863 non
3409 807 3795 878 exquisiemnt

2197 901 2279 958 te,
2334 903 2395 948 ut
2442 905 2771 966 cognoscant
2817 898 2943 969 quia
2991 914 3099 954 non
3149 906 3233 954 est
3279 899 3416 953 alius
3472 899 3635 962 Deus,
3685 896 3793 952 nisi

2199 992 2252 1039 tu
2287 984 2479 1055 (Eccli.
2513 1003 2673 1043 xxxvr
2711 1029 2726 1054 ,
2756 988 2831 1060 l).
2880 1008 2900 1042 ι
2942 989 3075 1044 ltem
3133 990 3204 1044 ibi
3254 1008 3267 1043 :
3310 1008 3329 1040 ι
3373 989 3605 1043 Domine
3647 988 3796 1043 Dens

2196 1073 2379 1139 Israel,
2412 1092 2520 1133 non
2566 1087 2652 1132 est
2696 1078 2791 1133 tibi
2841 1079 3037 1134 similis
3088 1079 3142 1134 in
3174 1079 3313 1134 coelo
3338 1094 3583 1142 sursum,
3613 1090 3797 1146 neque

2197 1166 2251 1222 in
2280 1175 2424 1222 terra
2454 1169 2707 1224 deorsum
2736 1167 2917 1237 (Deut.
2951 1184 3025 1237 tv,
3050 1169 3163 1241 39).
3192 1188 3213 1219 ι
3232 1168 3299 1223 Et
3325 1169 3377 1221 in
3407 1167 3618 1237 psalmo
3640 1180 3794 1220 mt:

2201 1256 2223 1312 ό
2268 1259 2532 1327 Quoniam
2574 1261 2699 1332 quis
2732 1262 2868 1317 deus
2914 1271 3116 1332 praeter
3161 1262 3470 1328 Dominum,
3524 1268 3623 1315 aut
3668 1259 3797 1328 quis

2196 1353 2330 1408 deus
2371 1362 2570 1431 praeter
2617 1354 2785 1409 Deum
2827 1354 3116 1410 nostrum?
3144 1374 3162 1407 ι
3206 1356 3271 1409 Et
3293 1356 3345 1408 in
3376 1354 3580 1409 Genesi
3616 1371 3633 1407 :
3673 1371 3698 1403 ε
3730 1350 3801 1408 Et

2195 1443 2335 1515 pluit
2386 1444 2643 1501 Dominus
2684 1460 2715 1500 a
2762 1446 2990 1501 Domino
3036 1445 3216 1513 ignem
3250 1454 3305 1500 et
3350 1444 3582 1515 Sulpbur
3625 1456 3801 1511 super

2199 1536 2489 1598 Sodomam
2527 1547 2581 1592 et
2614 1530 2996 1601 Gomorrham,
3047 1547 3102 1593 et
3128 1539 3327 1593 evertit
3368 1538 3625 1592 civitates
3674 1535 3798 1588 illas

2199 1625 2349 1700 (Gen.
2379 1644 2491 1694 xu,
2522 1629 2636 1700 2i).
2682 1649 2703 1682 ι
2746 1629 2805 1683 Si
2833 1628 2978 1685 solus
3006 1628 3167 1684 Pater
3210 1630 3350 1683 Deus
3373 1638 3476 1692 est,
3503 1627 3631 1697 quis
3655 1626 3798 1694 pluit

513 1727 842 1790 cognoscant
893 1728 944 1773 le
989 1718 1131 1774 sicut
1175 1725 1232 1772 el
1273 1732 1373 1771 n05
1416 1715 1787 1788 COSHOVimlIS.
1838 1712 2095 1784 quoniam
2133 1789 2165 1792 ,Α
2201 1721 2379 1792 ignem
2409 1731 2465 1777 et
2508 1722 2736 1791 sulphur
2759 1737 2789 1777 a
2818 1722 3066 1786 Domino,
3096 1721 3184 1776 vel
3222 1720 3565 1791 supradictas
3586 1718 3797 1773 civita-

511 1789 621 1863 non
651 1816 735 1863 est
764 1808 905 1863 Deus
932 1816 1128 1879 prmter
1167 1814 1240 1873 te,
1267 1806 1495 1861 Domine
1520 1804 1710 1876 (Eccli.
1738 1819 1923 1869 xxxvi,
1949 1802 2029 1874 4).
2076 1820 2094 1854 ι

2207 1789 2287 1866 tias
2315 1811 2551 1866 evertit?
2572 1789 2764 1879 Quzeso
2788 1852 2803 1877 ,
2853 1811 3135 1882 responde.
3171 1811 3237 1866 Et
3264 1789 3753 1865 Denteronomium
3777 1826 3794 1861 :

516 1898 821 1969 Diligenter
859 1899 1076 1953 attende
1115 1906 1170 1953 et
1198 1890 1428 1969 agnosce
1456 1896 1650 1951 Filium
1678 1910 1832 1963 esse,
1863 1895 1955 1966 qui
1986 1908 2099 1948 ma-

511 1988 856 2062 gniﬁcabitur
876 1988 929 2043 in
954 1988 1157 2059 judicio
1184 1989 1310 2044 dum
1329 1988 1540 2042 venerit
1568 1987 1719 2043 vivos
1754 1997 1812 2042 et
1858 1994 2119 2042 mortuos-

511 2079 774 2150 judicare.
811 2080 941 2136 ltem
972 2080 1141 2135 Isaias
1179 2098 1192 2134 :
1242 2079 1439 2135 Audite
1473 2094 1580 2146 me,
1627 2079 1820 2135 domus
1845 2078 2012 2135 Jacob
2039 2085 2097 2133 et

511 2172 787 2229 residuum
816 2171 1007 2228 domus
1028 2170 1209 2234 lsrael,
1238 2170 1330 2242 qui
1354 2170 1673 2242 egredimini
1693 2186 1758 2226 ex
1783 2179 1936 2226 utero
1954 2184 2097 2237 meo,

512 2274 569 2321 et
621 2263 911 2320 erudimini
960 2278 991 2317 a
1038 2278 1206 2334 puero
1269 2278 1441 2332 usque
1487 2263 1556 2318 ad
1608 2271 1962 2319 senectutem.
2014 2262 2100 2317 Ab

513 2354 672 2411 initio
716 2371 817 2426 ego
865 2369 1009 2421 sum,
1056 2362 1115 2410 et
1159 2368 1441 2424 quousque
1487 2353 1786 2408 senescatis
1832 2368 1932 2425 ego
1954 2368 2094 2408 sum.

513 2447 625 2518 Ego
648 2462 742 2501 vos
772 2445 899 2512 feci,
922 2454 978 2501 et
1001 2459 1101 2516 ego
1128 2445 1391 2500 sustineo.
1420 2444 1534 2515 Ego
1562 2444 1859 2511 remittam,
1899 2452 1957 2500 et
1997 2459 2098 2514 ego

512 2536 827 2608 suscipiam,
855 2536 987 2591 dicit
1008 2535 1285 2591 Dominus.
1322 2535 1392 2589 Et
1415 2535 1653 2591 iterum:
1685 2536 1799 2605 Ego
1838 2551 1955 2591 sum
1987 2535 2096 2591 Do-

514 2628 691 2683 minus
730 2627 912 2692 Deus,
971 2636 1026 2682 et
1081 2636 1281 2696 praeter
1333 2642 1418 2682 me
1477 2642 1585 2682 non
1633 2635 1718 2683 est
1762 2627 1901 2683 alius
1929 2628 2093 2694 Deus,

512 2718 844 2773 annuntians
891 2718 1183 2772 novissima
1230 2718 1543 2788 priusquam
1596 2717 1752 2784 ﬁant,
1809 2727 1864 2773 et
1911 2720 2093 2773 statim

513 2815 889 2864 consummata
937 2816 1082 2863 sunt.
1141 2809 1273 2863 ltem
1322 2808 1471 2862 alibi.
1499 2807 1638 2862 Audi
1674 2823 1786 2874 me,
1831 2808 1999 2865 Jacob
2041 2817 2097 2864 et

515 2899 703 2967 Israel,
724 2913 884 2970 quem
916 2913 1016 2971 ego
1042 2898 1167 2955 feci.
1192 2899 1306 2969 Ego
1332 2915 1450 2955 sum
1477 2900 1735 2956 Dominus
1764 2901 1905 2955 Deus
1937 2912 2060 2956 tuus
2078 2943 2094 2967 ,

515 3001 569 3048 et
611 3008 716 3047 non
760 3002 846 3048 est
892 2991 1031 3049 alius
1077 3002 1277 3063 praeter
1311 3008 1417 3048 me.
1452 2992 1584 3049 ltem
1630 2993 1755 3048 alibi
1791 3012 1803 3047 :
1835 2993 1947 3065 Ego
1972 3009 2092 3049 sum

517 3082 776 3138 Dominus
807 3082 947 3137 Deus
984 3092 1104 3137 tuus
1130 3124 1145 3148 ,
1183 3084 1391 3152 primus
1433 3091 1490 3138 et
1523 3097 1622 3153 ego
1657 3083 2001 3150 novissimus,
2039 3094 2095 3141 et

2202 1900 2463 1959 Dominus
2491 1903 2639 1959 solus
2682 1903 2979 1960 deducebat
3024 1920 3142 1970 eos,
3167 1914 3221 1960 et
3251 1919 3355 1958 non
3389 1903 3489 1957 fuit
3518 1919 3649 1971 cunt
3694 1902 3797 1956 illis

2200 1994 2332 2048 deus
2369 1994 2595 2049 alienus.
2631 1995 2700 2050 Et
2739 1995 2938 2050 Paulus
2982 1996 3256 2065 apostolus
3308 2014 3321 2049 :
3375 2014 3395 2046 ι
3447 1992 3600 2052 Unus
3652 1993 3798 2047 Deus

2199 2084 2292 2154 qui
2322 2083 2584 2155 justiﬂcat
2624 2086 3089 2142 circnmcisionem
3133 2102 3201 2141 ex
3235 2086 3337 2140 title
3363 2094 3418 2139 et
3457 2084 3797 2154 praeputium

2199 2191 2297 2246 per
2325 2177 2483 2232 tidem
2517 2177 2696 2248 (Rom.
2728 2193 2809 2243 Ill,
2839 2178 2952 2250 50).
2986 2197 3007 2230 ι
3033 2178 3095 2233 Ει
3120 2178 3186 2232 ad
3212 2176 3559 2232 Corinthios:
3586 2194 3609 2224 ι
3651 2176 3798 2229 Dens

2198 2276 2318 2323 erat
2347 2267 2400 2322 in
2429 2267 2647 2324 Christo
2690 2268 2950 2323 mundum
2990 2267 3349 2323 reconcilians
3384 2267 3482 2322 sibi
3522 2265 3615 2334 (ll
3667 2264 3797 2318 Cor.

2200 2372 2259 2425 v,’
2287 2358 2396 2428 l9).
2428 2366 2460 2412 ἰ
2508 2358 2573 2413 Ει
2619 2360 2814 2413 iterum
2865 2376 2878 2413 :
2929 2377 2947 2409 ε
2986 2357 3103 2412 Non
3133 2366 3216 2414 est
3239 2356 3399 2421 Dens,
3430 2356 3532 2409 nisi
3563 2371 3749 2409 unus.
3777 2375 3798 2407 ι

2198 2451 2266 2506 Ει
2290 2452 2359 2508 ad
2384 2450 2603 2508 Galatas
2635 2468 2679 2503 ει
2713 2449 2975 2504 Mediatnr
2998 2458 3178 2504 autem
3210 2449 3367 2503 unius
3390 2463 3493 2502 non
3519 2458 3631 2511 est,
3658 2447 3801 2499 Deus

2198 2554 2379 2601 autem
2413 2542 2555 2599 unus
2582 2553 2668 2599 est
2694 2541 2836 2613 (Gal.
2882 2558 2964 2607 ιιι,
2992 2541 3105 2613 50).
3154 2560 3172 2593 ι
3216 2542 3283 2595 Ει
3312 2541 3571 2594 unitatem
3612 2539 3804 2593 Patris

2196 2647 2250 2695 et
2295 2637 2419 2693 Filii
2463 2645 2519 2692 et
2562 2636 2798 2707 Spiritus
2844 2636 3017 2690 sancti
3063 2636 3441 2690 demonstrans
3467 2674 3483 2695 ,
3532 2632 3804 2702 Ephesiis

2201 2732 2489 2796 scribens,
2536 2730 2609 2784 ita
2634 2729 2919 2783 confirmat
2960 2746 2974 2782 :
3012 2746 3031 2779 ι
3075 2726 3408 2783 Sullerentes
3453 2725 3708 2780 invicem
3753 2725 3801 2779 in

2198 2824 2470 2879 charitate
2515 2821 2731 2876 solliciti
2780 2835 2999 2875 servare
3044 2820 3311 2875 unitatem
3338 2817 3556 2888 spiritus
3580 2815 3648 2868 in
3684 2815 3801 2869 vis.

2196 2913 2319 2969 culo
2367 2913 2536 2983 pacis,
2588 2927 2753 2966 unum
2801 2925 2999 2981 corpus
3045 2920 3103 2965 et
3151 2924 3292 2964 unus
3327 2907 3593 2978 spiritus,
3663 2908 3806 2964 sicut

2196 3004 2372 3059 vocati
2430 3003 2564 3058 estis
2612 3002 2663 3056 in
2712 3016 2818 3056 una
2876 3016 2976 3071 spe
3026 3000 3331 3056 vocationis
3380 3007 3605 3061 vestrae,
3663 3013 3806 3051 tinus

2204 3096 2491 3162 Dominus,
2534 3112 2642 3151 una
2695 3094 2848 3160 ﬁdes,
2896 3110 3060 3149 unum
3107 3092 3413 3163 baptisma,
3460 3105 3606 3145 unus
3660 3089 3807 3145 Deus

516 3190 570 3230 m
599 3190 662 3232 ea
692 3190 810 3245 quae
832 3185 1226 3244 superventura
1260 3185 1391 3231 sunt
1416 3175 1469 3230 in
1502 3176 1798 3232 novissimo
1828 3192 1928 3248 ego
1957 3193 2096 3233 sum.
2128 3172 2174 3234 C
2212 3186 2428 3260 (Ephes,
2459 3203 2531 3252 ιν,
2555 3188 2632 3258 3).
2679 3206 2697 3239 ι
2728 3185 2787 3241 Si
2813 3187 2957 3241 enim
2987 3183 3227 3255 pnedicti
3257 3183 3495 3239 haeretici
3526 3183 3804 3238 unitatem

516 3267 650 3322 ltem
675 3267 832 3321 alibi:
863 3267 978 3339 Ego
1006 3284 1125 3323 sum
1154 3268 1296 3323 Deus
1323 3268 1414 3337 qui
1444 3277 1496 3323 te
1523 3269 1828 3339 creavi,qni
1862 3277 1914 3323 te
1942 3270 2108 3334 adivi,

516 3366 571 3413 et
614 3358 940 3414 communivi
991 3359 1212 3415 dextera
1260 3373 1404 3414 mea.
1440 3359 1507 3414 Et
1555 3361 1815 3415 unitatem
1846 3360 2026 3417 Patris
2057 3372 2113 3416 et

517 3448 640 3504 Filii
693 3450 975 3521 assignans
1023 3449 1260 3520 loquitur
1287 3450 1510 3506 dicens:
1541 3450 1652 3521 Ego
1697 3450 1851 3505 testis
1895 3459 2109 3517 vester,

525 3539 659 3596 dicit
689 3540 948 3597 Dominus
989 3541 1169 3607 Deus,
1215 3550 1272 3597 et
1317 3556 1454 3612 puer
1500 3557 1651 3598 meus
1697 3550 1753 3597 tu
1801 3557 1962 3613 quem
2010 3559 2112 3614 ego

518 3631 680 3703 elegi,
714 3638 773 3687 ut
808 3632 995 3693 sciatis
1040 3640 1096 3687 et
1122 3632 1359 3689 credatis
1401 3632 1525 3703 quia
1564 3646 1664 3703 ego
1690 3647 1840 3698 sum,
1871 3642 1997 3687 ante
2025 3649 2113 3689 me

517 3738 623 3780 non
654 3721 757 3777 fuit
797 3722 936 3779 alius
976 3722 1115 3778 Deus
1138 3763 1155 3790 ,
1188 3732 1245 3779 et
1278 3732 1399 3794 post
1440 3737 1528 3778 me
1566 3739 1675 3779 non
1725 3724 1849 3779 erit.
1903 3723 2110 3790 Unum,

519 3816 797 3881 haeretice,
833 3816 971 3886 elige
1017 3830 1048 3871 e
1082 3815 1291 3871 duobus
1322 3829 1337 3870 :
1373 3825 1469 3869 aut
1497 3815 1674 3871 fatere
1698 3814 1917 3870 Patrem
1942 3823 1999 3870 et
2023 3814 2113 3869 Fi-

519 3907 651 3962 lium
682 3923 848 3962 unum
880 3908 1081 3974 Deum;
1115 3917 1207 3961 aut
1250 3907 1297 3961 si
1324 3906 1498 3962 solum
1534 3905 1751 3963 Patrem
1785 3906 1955 3963 Deum
1992 3921 2115 3962 esse

519 3999 824 4063 contendis,
873 4013 1004 4069 ergo
1049 3998 1143 4051 tibi
1177 3995 1435 4052 Dominus
1481 3997 1625 4052 Deus
1663 3995 1822 4053 Jesus
1866 3996 2116 4053 Christus

523 4090 620 4146 Dei
652 4090 823 4146 Filius
854 4106 961 4147 non
993 4091 1100 4146 erit
1126 4090 1288 4156 Deus,
1315 4090 1441 4161 quia
1476 4090 1739 4161 scriptum
1771 4098 1884 4147 est:
1925 4108 1945 4143 ι
1973 4090 2116 4147 Ante

521 4197 611 4237 me
639 4198 747 4238 non
793 4181 895 4236 fuit
939 4182 1078 4237 alios
1107 4181 1250 4237 Deus
1273 4222 1289 4247 ,
1332 4189 1386 4238 et
1413 4192 1537 4253 post
1569 4198 1657 4238 me
1684 4197 1790 4237 non
1830 4181 1956 4239 erit.
1998 4201 2017 4234 ι
2055 4181 2112 4238 Si

521 4274 820 4331 secundum
851 4282 902 4330 te
930 4274 1004 4329 ita
1030 4283 1135 4340 est,
1174 4289 1273 4331 cur
1300 4274 1588 4346 Apostolus
1617 4274 1743 4330 talia
1775 4274 2036 4346 praedicat
2059 4284 2116 4333 et

520 4366 769 4422 eumdem
810 4365 1003 4422 Filium
1051 4366 1217 4422 Deum
1255 4382 1419 4437 super
1446 4367 1627 4424 omnia
1660 4367 2002 4423 benedictum
2030 4368 2110 4422 in-

520 4461 740 4518 sinuat?
769 4482 787 4514 i
822 4460 1061 4529 Quorum
1087 4468 1292 4530 patres,
1322 4461 1516 4532 inquit,
1549 4477 1615 4516 ex
1642 4461 1838 4531 quibus
1858 4459 2108 4517 Christus

522 4553 816 4611 secundum
847 4569 1089 4619 carnem,
1119 4553 1212 4624 qui
1250 4565 1334 4608 est
1374 4568 1537 4625 super
1562 4554 1743 4608 omnia
1773 4553 1915 4609 Deus
1942 4555 2108 4609 bene-
2141 4532 2187 4591 D

523 4651 701 4708 dictus
739 4652 792 4706 in
822 4651 1016 4707 saecula
1050 4649 1230 4724 (Rom.
1261 4667 1339 4717 ις,
1363 4651 1442 4723 5).
1496 4670 1515 4704 i
1564 4652 1695 4706 ltem
1721 4650 1891 4706 Isaias
1933 4648 2065 4705 dicit
2094 4666 2108 4702 :

524 4742 785 4799 Dominus
812 4743 956 4798 Deus
1000 4743 1192 4811 Israel,
1239 4744 1331 4815 qui
1377 4743 1628 4800 liberabit
1674 4758 1798 4799 eum
1848 4740 2109 4813 Egypto.

526 4835 640 4907 Ego
665 4850 785 4890 sum
813 4835 1023 4905 primus
1049 4843 1105 4891 et
1129 4850 1229 4907 ego
1258 4844 1380 4906 post
1404 4836 1541 4899 haec,
1568 4842 1622 4890 et
1651 4841 1851 4905 prater
1892 4848 1981 4888 me
2006 4847 2113 4888 non

527 4934 613 4982 est
634 4925 777 4982 Deus
803 4927 944 4982 sicut
964 4941 1063 4997 ego
1090 4941 1208 4981 sum
1232 4926 1323 4996 qui
1349 4934 1472 4992 stet,
1504 4934 1559 4980 et
1587 4933 1745 4982 vocet
1768 4934 1825 4982 et
1851 4932 2120 4996 praeparet

529 5018 663 5074 mihi
712 5034 777 5075 ex
807 5035 915 5090 quo
942 5020 1217 5075 hominem
1257 5018 1360 5076 feci
1407 5020 1461 5075 in
1503 5019 1780 5076 smculum.
1817 5019 1953 5075 ltem
1998 5019 2107 5075 ibi:

530 5108 637 5165 Iste
664 5118 747 5164 est
775 5108 916 5165 Deus
942 5120 997 5167 et
1027 5109 1425 5176 nesciebamus,
1452 5112 1613 5177 Deus,
1641 5119 1700 5167 et
1728 5127 1833 5167 non
1871 5119 1956 5168 est
1973 5110 2113 5166 alius

528 5198 664 5255 deus
686 5204 885 5269 praeter
917 5208 989 5255 te.
1032 5199 1114 5255 Tu
1156 5201 1301 5255 enim
1341 5214 1402 5256 es
1450 5201 1589 5256 Deus
1624 5209 1679 5257 et
1716 5201 2112 5265 nesciebamus,

532 5291 676 5347 Deus
714 5290 883 5347 lsrael
913 5291 1150 5347 salvator
1181 5308 1321 5348 unus
1370 5291 1531 5349 Deus.
1561 5290 1677 5349 Non
1707 5301 1834 5348 sunt
1859 5291 2023 5348 Pater
2061 5298 2119 5348 et

531 5383 702 5441 Filius
726 5385 822 5452 dii,
854 5386 980 5457 quia
1005 5394 1089 5441 est
1115 5386 1257 5443 Deus
1303 5386 1357 5441 in
1403 5401 1509 5457 quo
1557 5401 1678 5443 esse
1706 5386 1907 5443 dicitur
1933 5386 2107 5454 Deus;

531 5485 731 5547 pneter
762 5475 927 5531 alium
953 5476 1122 5531 Deum
1147 5491 1254 5532 non
1290 5491 1412 5533 esse
1452 5477 1712 5547 propheta
1742 5491 2112 5549 saepenumero

532 5575 884 5639 protestatur.
911 5567 979 5623 Et
1011 5566 1273 5623 Jeremias
1317 5586 1329 5622 :
1360 5587 1379 5622 ι
1412 5567 1510 5626 llic
1538 5570 1676 5625 Deus
1704 5579 1908 5635 noster,
1932 5569 2029 5635 ait,
2057 5578 2114 5627 et

535 5675 642 5715 non
679 5660 1041 5731 applicabitur
1069 5659 1208 5717 alter
1251 5661 1317 5715 ad
1346 5676 1493 5727 eum,
1540 5662 1631 5732 qui
1664 5661 1867 5719 invenit
1894 5677 2109 5718 omnem

527 5750 772 5809 scientiae
802 5752 965 5816 viam,
1015 5762 1067 5810 et
1116 5751 1265 5811 dedit
1316 5767 1432 5808 eam
1486 5751 1651 5810 Jacob
1695 5769 1860 5823 puero
1903 5770 2005 5811 suo
2057 5763 2110 5812 et

2214 3280 2339 3334 lidei
2370 3278 2636 3333 voluerint
2672 3277 2900 3347 simplici
2938 3278 3101 3332 corde
3137 3276 3397 3344 recipere,
3446 3289 3517 3328 ex
3550 3274 3667 3329 hoc
3692 3273 3805 3342 jam

2214 3367 2526 3423 testimonio
2585 3367 2638 3420 in
2696 3381 2815 3419 uno:
2839 3366 3289 3443 spiritulpossunt
3326 3363 3487 3418 simul
3519 3362 3711 3418 Patris
3750 3374 3806 3417 et

2194 3459 2334 3514 Filii
2375 3460 2639 3514 unitatem
2678 3458 3011 3513 condiscere.
3053 3456 3268 3511 Patrem
3313 3455 3478 3526 igitur
3506 3465 3566 3508 ut
3599 3455 3711 3525 ipsi
3748 3470 3806 3509 se

2212 3552 2400 3607 dicunt
2428 3551 2714 3621 invenisse
2758 3548 2813 3603 in
2852 3547 3049 3603 divinis
3098 3545 3312 3601 litteris
3330 3545 3639 3616 ingenitum
3685 3561 3805 3616 pro-

2213 3642 2334 3713 prie
2381 3641 2619 3714 positum
2669 3654 2771 3695 nec
2814 3637 2995 3710 legere
3023 3645 3247 3709 possunt
3278 3636 3516 3707 penitus,
3548 3650 3659 3690 nec
3689 3651 3805 3705 pro-

2215 3731 2345 3787 bare
2401 3749 2417 3785 :
2473 3730 2568 3786 sed
2620 3729 2747 3800 quia
2785 3730 3016 3800 idipsum
3072 3727 3209 3783 ﬁdes
3261 3727 3432 3798 exigit
3484 3727 3802 3781 Christiana

2214 3824 2421 3896 absque
2482 3824 2590 3878 ulla
2641 3822 2977 3878 dubitatione
3045 3820 3317 3892 ingenitus
3362 3819 3611 3875 creditur
3646 3859 3663 3883 ,
3714 3818 3802 3889 qui

2216 3921 2394 3969 tamen
2424 3912 2719 3968 secundum
2761 3911 2959 3966 seriem
2985 3909 3391 3982 Scripturarum
3418 3910 3472 3964 in
3520 3909 3667 3965 Filio
3693 3926 3725 3964 a
3749 3924 3807 3963 se

2216 4003 2397 4075 genito
2425 4003 2572 4058 visus
2596 4015 2718 4058 esse
2743 4008 3093 4057 monstratur.
3123 3999 3413 4072 Apostolus
3437 4016 3571 4055 vero
3600 3997 3803 4055 Paulus

2216 4094 2528 4151 missionem
2577 4092 2698 4149 Filii
2750 4091 2846 4148 Dei
2895 4093 2949 4148 in
2984 4091 3192 4162 Spiritu
3230 4100 3421 4148 sancto
3463 4091 3634 4161 longe
3678 4100 3804 4150 ante

2217 4187 2585 4258 conspiciens,
2625 4186 2881 4242 Romana:
2920 4184 3176 4240 Ecclesia:
3206 4184 3451 4239 scribens
3478 4183 3599 4238 b:ec
3629 4192 3803 4238 testa-

2217 4288 2305 4336 tus
2331 4286 2416 4334 est
2437 4278 2622 4358 dicens
2668 4289 2684 4330 :
2721 4294 2740 4327 ι
2778 4275 2933 4343 Quod
2975 4276 3120 4331 enim
3150 4274 3484 4345 impossibile
3511 4282 3638 4328 erat
3677 4272 3802 4344 legi,

2213 4372 2267 4427 in
2335 4386 2444 4442 quo
2501 4369 2879 4425 inlirmabatur
2922 4383 3031 4440 per‘
3074 4384 3338 4435 carnem,
3399 4367 3543 4423 Deus
3603 4366 3800 4421 Filium

2211 4485 2368 4527 suum
2412 4468 2563 4525 misit
2603 4468 2657 4523 in
2698 4466 3100 4523 similitudinem
3143 4466 3325 4521 carnis
3351 4464 3585 4535 peccati,
3636 4472 3695 4519 et
3737 4462 3807 4516 de

2213 4569 2439 4632 peccato
2494 4559 2775 4615 damnavit
2834 4566 3113 4628 peccatum
3160 4556 3215 4611 in
3264 4569 3446 4619 carne,
3502 4566 3560 4610 ut
3585 4553 3803 4625 justitia

2213 4652 2349 4723 legis
2378 4650 2693 4723 impleretur
2718 4649 2892 4722 (Rom.
2923 4664 3040 4713 vni,
3076 4647 3152 4718 5).
3184 4667 3205 4702 ι
3248 4646 3517 4702 Cernisne
3541 4647 3800 4716 quoniam

2216 4745 2384 4801 Filius
2413 4759 2521 4801 non
2549 4743 2846 4799 secundum
2875 4741 3136 4798 deitatem
3180 4755 3210 4794 a
3252 4738 3415 4794 Patre
3452 4739 3659 4794 missus
3694 4748 3795 4799 est,

2217 4837 2314 4894 sed
2346 4836 2641 4893 secundum
2674 4849 2893 4890 carnem
2913 4874 2930 4900 ,
2966 4848 3128 4904 quam
3168 4831 3466 4887 clementer
3493 4840 3550 4884 et
3579 4833 3672 4900 pie
3704 4846 3800 4901 pro

2219 4926 2377 4984 nobis
2427 4940 2707 4982 assumere
2765 4940 2871 4980 non
2932 4924 3251 4995 dedignatus
3303 4932 3409 4977 est.
3468 4920 3610 4976 Nam
3658 4919 3801 4992 quod

2214 5018 2561 5089 semetipsum
2588 5016 2862 5073 exinanita
2891 5012 3190 5083 maiestatis
3222 5029 3332 5069 sua:
3361 5013 3629 5083 potentia,
3662 5013 3801 5067 idem

2216 5124 2278 5166 se
2312 5108 2481 5164 Filius
2535 5106 2794 5172 miserit,
2851 5103 3141 5176 Apostolus
3187 5112 3527 5160 contestatur
3569 5103 3799 5157 dicens:

2223 5217 2244 5252 ι
2288 5198 2649 5268 Semetipsum
2708 5197 3006 5254 exinanivit
3051 5196 3277 5253 formam
3321 5196 3465 5252 servi
3506 5196 3799 5265 accipiens.

2218 5289 2524 5346 humiliavit
2570 5290 2920 5360 semetipsum
2984 5288 3162 5343 factus
3206 5287 3468 5343 obediens
3517 5302 3689 5356 usque
3732 5282 3799 5339 ad

2219 5391 2473 5447 mortem,
2518 5388 2746 5435 mortem
2792 5389 2971 5434 autem
3024 5379 3202 5435 crucis
3253 5377 3512 5451 (Philipp.
3547 5395 3620 5442 ιι,
3652 5378 3727 5447 7).
3773 5395 3793 5429 ι

2222 5474 2289 5530 Ει
2322 5472 2489 5529 Isaias
2524 5488 2538 5526 :
2578 5470 2693 5527 Non
2746 5471 2974 5543 legatus,
3020 5486 3197 5541 neque
3232 5471 3456 5542 angelus
3482 5515 3499 5538 ,
3545 5471 3641 5525 sed
3686 5470 3799 5539 ipse

2218 5564 2480 5623 Dominus
2524 5564 2736 5627 veniet,
2761 5573 2817 5618 et
2843 5562 3071 5618 salvabit
3117 5577 3225 5619 eos.
3279 5562 3411 5618 ltem
3449 5562 3523 5617 ibi
3570 5581 3584 5616 :
3616 5562 3797 5617 Palam

2221 5656 2441 5729 apparui
2476 5670 2581 5711 non
2613 5652 2978 5726 quaerentibus
3010 5668 3114 5709 me.
3142 5653 3210 5709 Et
3238 5653 3291 5709 in
3322 5652 3555 5710 Ieremia
3592 5674 3605 5708 :
3640 5653 3796 5708 Dere-

2222 5750 2351 5821 liqui
2406 5749 2623 5808 domum
2658 5763 2858 5815 meam,
2882 5745 3060 5804 dimisi
3110 5746 3480 5804 hereditatem
3510 5762 3698 5807 meum,
3740 5752 3792 5799 et
