3988 6426
208 383 342 440 1081

1365 370 1855 430 DECRETALIUM
1890 375 2298 434 COLLECTIO.

3349 377 3489 434 1089.

213 495 383 560 veni,
425 501 480 547 et
525 490 700 546 factus
731 503 848 544 sum
877 486 985 542 illis
1016 485 1068 540 in
1104 485 1478 556 opprobrium.
1508 484 1575 538 Et
1613 485 1664 539 in
1697 484 1792 539 Mi-
1823 495 1868 549 Α
1898 504 2052 553 nens,
2109 489 2309 560 ubique
2353 488 2586 560 potentia
2631 504 2728 545 sua
2775 490 3054 554 consistit,
3110 491 3200 547 tibi
3258 507 3286 545 a
3327 491 3486 547 Patre

207 591 363 645 clima
395 601 408 640 :
443 585 585 640 Ecce
633 582 890 638 Dominus
939 579 1159 644 veniet,
1212 588 1266 634 ct
1315 579 1800 632 commovebuntur

208 690 428 736 montes
465 677 565 734 sub
592 691 677 731 eo.
708 675 772 729 Et
805 674 856 728 in
886 672 1150 727 Zacharia
1181 688 1194 724 :
1228 671 1415 730 Gaude
1471 678 1524 724 et
1567 671 1798 737 exsulta,

211 770 326 824 ﬁlia
362 769 516 832 Sion,
567 765 693 834 quia
741 778 868 818 ecce
911 777 1011 832 ego
1039 761 1226 824 venio,
1259 770 1313 815 et
1341 761 1718 816 commorabor
1745 760 1798 814 in

210 861 395 916 medio
424 860 522 922 tui,
565 856 696 911 dicit
733 854 1012 911 Dominus.
1062 853 1129 906 Et
1171 851 1464 920 Apostolus
1509 851 1576 904 ad
1617 850 1800 905 Timo-

215 953 402 1005 theum
435 965 450 1002 :
493 966 511 999 ι
541 945 741 1000 Fidelis
770 958 947 998 sermo
976 951 1028 996 et
1054 942 1198 995 omni
1238 940 1551 1008 acceptione
1586 939 1802 1008 dignus,

207 1039 342 1109 quia
378 1036 536 1091 Jesus
565 1033 812 1089 Christus
853 1030 1004 1085 venit
1049 1030 1101 1082 in
1147 1029 1289 1082 hunc
1321 1027 1579 1081 mumlum
1607 1042 1799 1096 pecca-

215 1140 370 1184 tores
397 1126 576 1181 salvos
602 1123 780 1177 facere
803 1120 852 1191 (Ι
893 1119 1028 1173 Tim.
1066 1135 1104 1183 ι,
1147 1118 1261 1185 15).
1308 1136 1326 1168 ι
1357 1117 1421 1170 Et
1458 1115 1750 1170 Malachias
1786 1133 1799 1168 :

215 1239 237 1272 ι
269 1219 411 1274 Ecce
441 1215 622 1270 subito
647 1213 829 1266 veniet
859 1211 912 1264 in
945 1209 1142 1279 templo
1180 1225 1278 1263 suo
1308 1207 1598 1272 Dominus,
1644 1221 1802 1276 quem

209 1327 317 1367 vos
351 1307 612 1379 quaeritis,
643 1312 698 1359 et
735 1303 956 1373 angelus
992 1299 1324 1365 testamenti,
1348 1314 1508 1368 quem
1549 1313 1647 1354 vos
1690 1297 1805 1352 vul-

211 1401 290 1454 tis
335 1397 594 1469 (Malach.
646 1409 748 1457 ιιι,
784 1393 860 1459 1).
909 1410 928 1443 ι
973 1391 1041 1445 Ει
1071 1391 1124 1444 in
1156 1388 1444 1458 Evangelio
1474 1405 1488 1440 :
1519 1387 1634 1444 Non
1683 1387 1803 1442 veni

209 1505 414 1546 vocare
447 1487 644 1557 justos,
682 1485 777 1540 sed
807 1491 1121 1554 peccatores
1157 1481 1208 1534 in
1238 1479 1579 1550 poenitentia.
1607 1479 1804 1532 lterum

222 1583 300 1638 ibi
340 1563 402 1636 εἰ
434 1579 572 1648 Quid
603 1578 757 1633 nobis
783 1585 838 1632 et;
867 1576 994 1645 quid
1024 1575 1142 1637 tibi,
1170 1573 1297 1629 Jesu
1329 1572 1426 1626 Fili
1471 1573 1586 1636 Dei,
1612 1571 1804 1625 venisti

212 1684 346 1730 ante
375 1684 582 1742 tempus
626 1671 851 1741 perdere
893 1667 1026 1723 nos?
1055 1665 1272 1735 (Matth.
1299 1679 1416 1728 vtn,
1447 1662 1565 1732 29.)
1611 1682 1630 1714 ι
1672 1661 1805 1717 ltent

217 1767 299 1823 ibi
324 1784 338 1821 :
371 1787 388 1819 ι
419 1765 578 1821 Venit
606 1763 744 1818 ﬁlius
772 1760 1008 1817 hominis
1037 1773 1284 1828 qurerere
1310 1765 1364 1811 et
1393 1755 1599 1811 salvum
1624 1753 1806 1810 facere

211 1860 364 1931 quod
394 1858 622 1929 perierat
665 1853 815 1926 (Luc.
862 1869 977 1914 xix,
1010 1851 1120 1921 10).
1168 1869 1186 1904 ι
1232 1849 1362 1903 Item
1396 1848 1466 1902 ibi
1496 1864 1510 1900 :
1549 1845 1660 1913 Ego
1682 1844 1804 1900 veni

215 1958 282 2002 ut
313 1949 477 2001 vitam
507 1945 763 2007 habeant,
806 1951 860 1997 et
894 1951 953 1996 ut
988 1938 1352 1995 abundantius
1387 1937 1640 1991 habeant.
1672 1935 1803 1989 Item

215 2043 294 2096 ibi
329 2059 343 2095 :
381 2059 399 2092 ι
441 2039 610 2093 Nemo
649 2036 894 2092 ascendit
939 2033 994 2088 in
1031 2031 1229 2088 cailum
1272 2029 1377 2085 nisi
1407 2027 1499 2098 qui
1529 2026 1807 2082 descendit

215 2132 288 2187 de
311 2130 470 2194 ctelo,
516 2129 660 2183 ﬁlius
704 2125 939 2182 hominis
980 2124 1070 2194 qui
1103 2131 1187 2178 est
1226 2123 1282 2176 in
1327 2121 1466 2176 εωιο
1511 2118 1692 2191 (Joan.
1720 2133 1806 2184 ιιι,

217 2222 339 2281 13).
382 2240 401 2273 ι
446 2219 697 2288 Nunquid
727 2219 778 2272 in
809 2217 894 2272 his
921 2216 1086 2270 tantis
1115 2229 1181 2269 ac
1220 2212 1416 2268 talibus
1457 2211 1805 2276 testimoniis,

215 2312 417 2382 quibus
445 2325 503 2365 se
539 2309 708 2364 Filius
755 2307 850 2362 Dei
899 2323 928 2361 a
975 2306 1268 2374 semetipso
1313 2306 1524 2358 venisse
1577 2309 1808 2356 testatus

218 2410 325 2466 est,
377 2400 578 2472 poteris
626 2399 807 2454 dicere
849 2399 916 2454 ab
967 2397 1072 2452 alio
1100 2405 1154 2450 et
1187 2411 1294 2450 non
1343 2410 1372 2448 a
1398 2394 1690 2463 semetipso
1717 2406 1806 2446 ve-

216 2492 390 2546 nisse.
440 2491 574 2544 Dum
617 2488 962 2544 manifestum
1016 2495 1102 2542 est
1143 2501 1267 2540 eum
1311 2484 1403 2555 qui
1445 2498 1663 2538 carnem
1703 2497 1802 2537 no-

215 2589 391 2635 stram
436 2579 719 2649 dignanter
773 2578 1066 2648 assumpsit
1108 2575 1411 2630 voluntarie
1460 2585 1516 2628 et
1563 2588 1668 2628 non
1736 2573 1804 2627 ab

218 2669 330 2725 alio
395 2669 590 2724 missus
650 2667 948 2723 advenerit.
1017 2665 1152 2720 Nam
1209 2664 1298 2736 qui
1359 2665 1415 2719 in
1474 2662 1636 2718 Patre
1689 2673 1806 2716 ωιιέ

230 2855 1758 2881 '——————————-_—-——————

1904 580 2210 634 mitteretur
2247 579 2467 634 omnino
2507 594 2611 634 non
2655 579 2862 634 habuit.
2915 579 3131 637 Scimus
3176 581 3318 637 enim
3349 596 3486 651 quo-

1904 671 2046 724 niam
2078 669 2221 724 nulla
2237 684 2364 741 pars
2389 669 2648 726 cmlorutn
2678 685 2742 725 ac
2773 678 2930 726 terra:
2955 679 3287 740 aconspectu
3312 671 3490 729 Patris

1904 762 2194 832 excipitur,
2243 762 2331 817 ubi
2377 763 2671 818 secundum
2703 778 2796 818 eos
2843 778 2873 817 a
2909 762 3069 818 Patre
3097 763 3264 818 Filius
3303 764 3489 820 mitte-

1907 863 2071 907 retur.
2102 853 2495 924 2691nterim
2523 870 2652 909 vero
2682 855 2772 909 det
2795 870 3038 924 Operam,
3081 865 3340 925 quantum
3372 857 3487 911 lieri

1905 951 2102 1012 potest,
2137 953 2224 997 tua
2254 944 2493 1008 dilectio,
2522 954 2579 998 ut
2608 945 2861 999 omnibus
2887 945 3139 1000 Ecclesiae
3169 945 3293 1000 ﬁliis
3342 947 3491 1000 inuo-

1909 1043 2121 1100 tescat,
2177 1035 2303 1104 quid
2375 1043 2566 1090 contra
2625 1036 2845 1105 impium
2909 1051 3125 1090 sensum
3192 1037 3488 1091 secumlum

1907 1125 2285 1196 Evangelicam
2313 1126 2614 1180 doctrinam
2645 1136 2698 1179 et
2739 1125 3086 1196 apostolicam
3114 1125 3487 1196 praedicemus,

1908 1218 2034 1287 quia
2087 1217 2211 1271 licet
2265 1217 2420 1286 plene
2447 1232 2567 1286 qua:
2617 1233 2830 1287 semper
2903 1217 3093 1272 fuisset
3141 1227 3303 1286 atque
3347 1226 3492 1271 esset

1908 1305 2299 1361 catholicorum
2347 1306 2613 1360 sententia
2661 1305 3059 1375 scripserimus,
3121 1314 3300 1358 tamen
3348 1319 3491 1358 nunc

1908 1413 2119 1468 quoque
2147 1398 2212 1450 ad
2244 1397 2640 1451 conﬁrmandas
2663 1397 2902 1451 omnium
2933 1406 3140 1451 mentes
3167 1412 3271 1452 non
3297 1411 3485 1466 parum

1907 1491 2303 1547 exhortationis
2349 1491 2614 1544 addimus.
2659 1488 2864 1544 Memor
2907 1490 3048 1542 enim
3089 1505 3207 1544 sum
3257 1504 3346 1543 me
3392 1488 3493 1543 sub

1909 1584 2052 1639 illius
2097 1583 2314 1638 nomine
2358 1581 2612 1636 Ecclesiae
2655 1581 2965 1652 praesidere,
3005 1579 3155 1648 cujus
3193 1596 3222 1634 a
3268 1581 3493 1635 Domino

1907 1675 2033 1731 Jesu
2061 1675 2280 1730 Christo
2305 1683 2387 1729 est
2414 1673 2710 1743 gloriﬁcata
2743 1671 3030 1736 confessio,
3075 1679 3131 1726 et
3173 1671 3328 1742 cujus
3359 1670 3492 1725 ﬁdes

1908 1783 2099 1823 omnes
2129 1767 2346 1838 quidem
2401 1767 2634 1820 haereses
2689 1765 2936 1829 destruit,
2973 1763 3066 1818 sed
3114 1763 3348 1818 maxime
3392 1762 3494 1816 im-

1841 1879 1882 1938 Β
1911 1859 2167 1928 pietatem
2215 1856 2499 1925 praesentis
2543 1855 2748 1911 erroris
2791 1863 3100 1925 expugnat;
3151 1861 3207 1908 et
3253 1852 3492 1924 intelligo

1911 1946 2071 2000 aliter
2120 1945 2251 2000 mihi
2300 1959 2404 2000 non
2457 1945 2663 2008 licere,
2719 1959 2882 2014 quam
2933 1951 2992 1997 ut
3023 1958 3212 1998 omnes
3265 1952 3494 1998 conatus

1911 2052 2062 2093 meos
2098 2036 2148 2090 ei
2206 2051 2381 2090 causa:
2431 2037 2483 2090 iu
2530 2051 2632 2106 qua
2682 2035 3006 2090 universalis
3054 2035 3310 2090 Ecclesiae
3345 2035 3492 2089 salus

1910 2130 2216 2196 infestatur,
2242 2129 2570 2199 impendam.
2600 2127 2675 2182 Ne
2704 2138 2884 2184 autem
2907 2125 3130 2196 alicujus
3154 2127 3492 2198 negligentia:

1911 2222 2199 2277 occasione
2249 2221 2449 2291 scripta
2483 2229 2666 2274 nostra
2697 2221 2764 2274 ad
2792 2231 2908 2274 vos'
2939 2234 3043 2273 non
3073 2220 3342 2288 potuerint
3371 2233 3491 2286 per-

1910 2313 2116 2378 venire,
2148 2320 2204 2366 et
2248 2310 2578 2380 exemplaria
2610 2325 2796 2366 eorum
2839 2325 2984 2366 nunc
3028 2310 3287 2364 mittemla
3316 2309 3493 2363 credi-

1911 2423 2051 2470 mus,
2101 2415 2158 2459 ut
2206 2403 2513 2458 nullomoilo
2554 2402 2675 2457 ﬁdei
2709 2418 2870 2472 quam
2909 2402 3247 2457 defendimus
3296 2399 3493 2469 przedi-

1908 2497 2052 2552 catio
2093 2503 2286 2551 vestra:
2311 2493 2572 2548 doctrinae
2619 2493 2824 2547 notitize
2871 2493 3226 2547 subtrahatur
3294 2491 3428 2544 Data
3459 2505 3490 2542 v

1908 2587 2046 2644 Non.
2078 2585 2224 2654 Maii,
2253 2585 2462 2642 Joanne
2495 2584 2723 2639 Narsete
2757 2581 2822 2638 ιν
2850 2581 3186 2638 consulibus.

1759 2839 3470 2864 Μαι-...ἠ

711 2993 1353 3086 INCIPIUNT
1425 2984 1962 3080 DECRETA
2027 2981 2543 3075 JOANNIS
2616 2979 2992 3070 PAPIE.

296 3346 531 3402 Joausss
580 3343 887 3416 episcOpus,
933 3342 1202 3398 universis
1236 3340 1503 3412 episcopis
1545 3354 1640 3410 per
1661 3337 1798 3393 Ger-
1827 3338 1873 3400 C
1906 3333 2081 3389 nullus
2108 3333 2306 3387 donum
2331 3328 2564 3400 Spiritus
2593 3325 2761 3382 sancti
2779 3341 2875 3396 per
2889 3322 3491 3416 manusimpositionem

221 3439 420 3494 manias
460 3446 513 3493 et
543 3437 726 3492 Gallia:
757 3438 1060 3507 provincias
1099 3435 1406 3490 constitutis
1428 3475 1443 3500 ,
1495 3433 1550 3488 in
1575 3431 1803 3486 Domino

221 3531 477 3586 salutem.
504 3529 825 3600 Oplaverain
850 3529 1137 3598 siquidem,
1158 3525 1485 3590 charissimi,
1508 3540 1606 3594 pro
1635 3523 1802 3579 nostri

220 3620 494 3675 cbaritate
539 3620 749 3690 collegii
788 3634 978 3675 omnes
1005 3619 1216 3674 Domini
1263 3617 1572 3672 sacerdotes
1598 3616 1651 3669 in
1699 3630 1805 3669 una

221 3713 511 3767 devotione
533 3712 838 3782 persistere,
880 3727 978 3767 nec
1008 3725 1353 3782 quemquam,
1383 3707 1654 3779 prohibita
1682 3722 1808 3776 gra-

223 3807 324 3873 tia,
384 3816 477 3860 aut
513 3806 695 3860 favore
739 3809 1080 3861 sacerdotum
1123 3803 1336 3867 sectari,
1370 3810 1461 3856 aut
1491 3816 1518 3854 a
1549 3800 1634 3854 via
1662 3807 1806 3854 recta

225 3899 546 3963 discedere;
583 3907 638 3953 et.
667 3913 972 3968 quanquam
1015 3898 1300 3952 credamus
1331 3893 1674 3952 dilectionem
1712 3905 1805 3945 ve-

224 3997 395 4043 stram
417 3988 482 4042 ad
510 4003 670 4043 omne
691 4003 826 4057 opus
857 3987 1055 4042 bonum
1084 4003 1204 4042 esse
1238 3996 1502 4056 paratam,
1538 3996 1595 4041 ut
1629 3998 1805 4041 tamen

223 4078 496 4135 efﬁcacior
526 4079 656 4143 ﬁat,
701 4093 993 4148 congruum
1045 4079 1200 4133 nobis
1242 4079 1414 4132 visum
1461 4087 1565 4144 est,
1613 4077 1807 4134 litteris

223 4170 374 4225 sedis
403 4170 724 4238 apostolicae,
757 4179 816 4223 ut
839 4179 1238 4224 antecessorum
1267 4184 1480 4239 quoque
1501 4178 1806 4224 nostrorum

224 4260 454 4330 vestigia
487 4260 780 4325 imitemur,
828 4275 926 4314 vos
956 4275 1174 4314 monere
1218 4269 1481 4330 praecepta
1532 4260 1711 4314 divina
1755 4268 1810 4313 et

227 4348 538 4419 apostolica:
569 4350 712 4404 sedis
760 4349 999 4405 instituta
1031 4350 1258 4404 viriliter
1287 4365 1562 4422 peragere,
1594 4359 1648 4404 et
1678 4365 1804 4418 pro-

230 4440 402 4494 hibita
433 4455 537 4494 non
571 4449 811 4511 tangere,
841 4441 936 4495 sed
968 4455 1198 4505 cavere;
1226 4455 1326 4495 nec
1367 4441 1617 4510 cuiquam
1651 4439 1809 4493 liccat

227 4547 464 4602 unquam
495 4532 794 4587 doctrinam
821 4531 1039 4585 Patrum
1085 4532 1356 4595 deserere,
1403 4539 1457 4585 et
1486 4531 1806 4586 sacerdotali

229 4625 436 4679 honore
462 4622 712 4692 gaudere.
748 4621 1018 4676 Perlatum
1043 4630 1123 4676 est
1155 4623 1222 4676 ad
1254 4605 1805 4692 sedentiapostolicam

1906 3423 2211 3478 tradidisse.
2241 3421 2394 3489 Quod
2421 3430 2602 3474 autem
2624 3418 2752 3473 solis
2779 3415 3037 3486 apostolis
3057 3429 3350 3484 eorumque
3371 3429 3493 3469 suc-

1905 3513 2214 3568 cessoribus
2263 3509 2460 3580 proprii
2517 3509 2586 3563 sit
2623 3505 2782 3562 oliicii
2833 3506 3047 3560 tradere
3076 3504 3337 3575 Spiritum
3369 3520 3494 3559 san-

1907 3617 2051 3660 ctum
2071 3645 2086 3668 ,
2118 3603 2254 3657 liber
2305 3603 2534 3656 Actuum
2560 3597 2924 3669 apostolorum
2949 3598 3124 3652 docet.
3176 3596 3230 3650 In
3262 3597 3492 3652 concilio

1905 3711 2034 3750 vero
2081 3691 2400 3748 Caesariensi
2450 3691 2524 3745 ita
2563 3690 2630 3744 de
2677 3689 3037 3758 corepiscopis
3071 3689 3300 3743 habetur
3350 3689 3491 3744 scri-

1905 3795 2091 3856 ptum:
2124 3781 2218 3837 Cor
2232 3781 2465 3852 episcopi
2497 3795 2712 3851 quoque
2741 3779 2806 3832 ad
2833 3777 3138 3847 exemplum
3178 3786 3233 3832 et
3261 3777 3488 3832 formam

1906 3876 2248 3952 septuaginta
2299 3874 2547 3928 videntur
2605 3885 2755 3935 esse,
2805 3879 2864 3924 ut
2907 3870 3264 3926 comministri
3311 3882 3491 3925 autem

1907 3985 2126 4043 propter
2156 3981 2390 4026 stuumm
2419 3965 2561 4042 quod
2588 3979 2711 4035 erga
2741 3977 3005 4033 pauperes
3031 3963 3287 4018 exhibent
3324 3962 3496 4017 hono-

1908 4076 2115 4120 rentur.
2149 4065 2205 4120 Si
2233 4065 2375 4119 enim
2410 4065 2660 4117 meliores
2688 4055 3095 4132 Sanctiot‘esque
3129 4054 3330 4116 Sanctis
3356 4067 3490 4130 {lpo-

1909 4157 2060 4212 stolis
2100 4173 2220 4211 esse
2243 4157 2464 4226 putatis,
2507 4155 2666 4210 facite
2711 4171 2830 4224 quae
2879 4155 2950 4209 illi
2985 4171 3088 4210 non
3133 4154 3395 4218 fecerunt,
3441 4160 3496 4206 et.

1911 4248 2314 4318 superextollite
2344 4263 2438 4302 vos
2471 4247 2591 4301 illis.
2620 4247 2675 4300 Si
2707 4249 2848 4300 enim
2872 4247 3110 4314 ejusdem
3130 4247 3338 4302 ordinis
3365 4245 3497 4300 estis

1911 4351 1966 4395 et
1986 4339 2325 4408 mquiparare
2358 4352 2454 4392 vos
2488 4337 2648 4390 vultis
2693 4337 2816 4401 illis,
2870 4338 3034 4392 nolite
3067 4353 3228 4408 agere
3275 4353 3392 4406 qua:
3421 4335 3496 4390 illi

1913 4448 2016 4486 non
2057 4437 2301 4500 egerunt,
2359 4429 2451 4482 sed
2483 4430 2794 4494 imitamini,
2824 4439 2984 4499 prout.
3029 4431 3216 4483 melius
3246 4429 3494 4497 potestis,

1909 4524 2152 4594 exempla
2191 4535 2244 4580 et
2273 4525 2496 4596 vestigia
2526 4540 2748 4578 eorum:
2787 4525 2890 4577 illis
2934 4531 3109 4576 autem
3146 4522 3495 4591 praecipiente

1914 4615 2159 4678 Domino,
2213 4613 2425 4683 illisque
2453 4613 2825 4676 demmtiante,
2873 4623 2929 4664 ut
2960 4611 3036 4664 illi
3068 4621 3121 4664 et
3152 4625 3495 4665 successores

227 4713 538 4778 emersisse,
582 4723 636 4767 et
665 4714 841 4767 denuo
868 4713 1192 4766 reviviscere
1224 4713 1571 4782 prohibitum,
1603 4725 1653 4769 et
1688 4714 1806 4770 fun-
1841 4703 1886 4761 D
1911 4721 2097 4759 eorum
2127 4704 2498 4758 tantummodo
2529 4719 2624 4773 per
2665 4718 2856 4755 manus
2884 4701 3282 4771 impositioncm
3314 4702 3493 4755 trade-

227 4803 374 4858 ditus
404 4802 833 4871 exstirpandum,
884 4811 993 4856 tam
1043 4817 1072 4855 a
1100 4813 1288 4856 sancto
1328 4803 1558 4858 Damaso
1584 4821 1745 4874 quam
1777 4822 1805 4858 a

228 4900 420 4948 sancto
454 4891 652 4956 Leone,
702 4891 832 4945 viris
879 4890 1193 4961 apostolicis
1240 4899 1401 4960 atque
1447 4892 1514 4946 ab
1544 4893 1809 4947 universis

230 4983 472 5056 synodali
497 4983 820 5037 auctoritate
850 4983 1115 5052 episcopis
1152 4983 1627 5052 reprehensihilcm
1648 4993 1809 5054 atque

227 5073 428 5144 oppido
449 5073 718 5127 insolitum
747 5088 1004 5137 usum,eo
1031 5074 1174 5143 quod
1205 5075 1422 5143 quidam
1453 5076 1806 5146 corepiscopi,

228 5168 320 5236 qui
350 5174 404 5220 et
431 5181 460 5219 a
497 5165 873 5235 przedictorum
913 5174 1316 5221 antecessorum
1341 5176 1652 5223 sanctorum
1681 5183 1812 5237 apo-

229 5258 543 5333 stolicorum
582 5257 832 5312 Patribus
860 5266 914 5310 et
946 5258 1078 5311 viris
1105 5259 1433 5326 apostolicis,
1483 5267 1538 5313 et
1583 5260 1650 5314 ab
1680 5260 1810 5330 ipsis

230 5352 346 5406 sive
381 5365 413 5404 a
450 5349 605 5404 nobis
649 5358 774 5405 sunt
800 5349 1080 5419 prohibiti,
1126 5351 1267 5404 sicut
1313 5365 1500 5404 eorum
1553 5351 1811 5406 hactenus

232 5451 499 5497 testantur
527 5442 740 5497 decreta
771 5440 909 5495 ultra
940 5440 1156 5496 modum
1198 5456 1354 5494 suum
1382 5442 1809 5516 progredientes,

231 5535 432 5588 donum
458 5533 628 5586 sancti
645 5531 876 5601 Spiritus
895 5545 991 5600 per
1006 5530 1401 5598 impositionem
1427 5545 1680 5584 manuum
1698 5539 1809 5585 tra-

232 5625 385 5687 dant,
411 5631 466 5676 et
489 5622 594 5676 alia
623 5637 740 5691 quae
765 5621 934 5676 solum
965 5619 1307 5691 pontificibus
1336 5621 1596 5676 debentur
1622 5630 1810 5677 contra

232 5710 318 5765 fas
349 5719 647 5781 peragant;
675 5710 974 5781 praesertim
1019 5725 1143 5764 cum
1189 5726 1253 5764 ex
1287 5720 1624 5781 septuaginta
1653 5712 1812 5768 disci-

234 5800 372 5859 nulis
401 5816 635 5865 quorum
687 5800 917 5858 socciem
970 5799 1022 5855 in
1073 5798 1310 5856 Ecclesia
1364 5811 1558 5870 gerunt
1609 5802 1814 5870 legatur

1916 4803 2035 4849 rent.
2059 4792 2322 4862 Spiritum
2345 4804 2675 4856 sanctum,et
2699 4791 2899 4846 nullmn
2929 4808 3162 4861 unquant
3182 4807 3247 4846 ex
3275 4808 3369 4862 sep
3395 4808 3495 4846 ua-

1915 4886 2062 4955 ginta
2075 4895 2309 4940 scientes
2323 4885 2402 4939 eis
2417 4885 2664 4940 illicitum
2680 4883 3047 4952 fore,quorum
3067 4892 3248 4953 typum
3264 4885 3343 4954 (ut
3358 4901 3494 4954 prae-

1916 4975 2118 5030 dictum
2146 4976 2248 5045 est)
2286 4975 2638 5045 cor-episcopi,
2679 4985 2968 5043 antequam
2999 4975 3256 5044 prohibiti
3289 4985 3492 5040 essent,

1918 5068 1970 5122 in
2004 5067 2242 5122 Ecclesia
2271 5067 2552 5137 gerebant,
2607 5067 2821 5121 tradere
2849 5081 2945 5136 per
2977 5082 3166 5121 manus
3190 5067 3494 5137 itnpositio—

1917 5175 2038 5213 nem
2071 5158 2331 5228 Spiritum
2359 5169 2601 5214 sanctum
2635 5158 3028 5230 permiserunt,
3054 5160 3242 5215 dantes
3281 5176 3497 5216 succes-

1912 5252 2126 5306 sm'ihus
2152 5267 2339 5306 eorum
2387 5251 2713 5320 exemplum,
2758 5267 2824 5305 ne
2869 5267 3104 5321 unquam
3135 5254 3259 5308 talia
3291 5269 3496 5324 pricsu-

1914 5351 2140 5398 merent.
2177 5341 2327 5396 Unde
2359 5343 2410 5396 iu
2435 5343 2656 5396 Actibus
2682 5343 3044 5412 apostolorum
3076 5345 3334 5414 scriptum
3365 5355 3446 5400 est
3478 5365 3490 5399 :

1921 5452 1939 5485 ι
1965 5437 2096 5489 Cum
2137 5435 2413 5488 audissent
2461 5435 2724 5504 apostoli,
2773 5436 2863 5504 qui
2897 5447 3052 5490 erant
3084 5437 3493 5507 Hierosolymis,

1915 5525 2036 5595 quia
2071 5525 2274 5594 recepit
2305 5525 2546 5579 Samaria
2588 5527 2810 5580 verbum
2857 5527 2973 5591 Dei,
3013 5527 3273 5581 miserunt
3298 5527 3363 5580 ad
3401 5543 3494 5581 eos

1918 5618 2132 5672 Petrum
2174 5625 2228 5671 et
2255 5615 2539 5672 Joannem.
2589 5617 2838 5684 Quicum
2879 5617 3149 5671 venissent
3200 5629 3495 5672 oraterunt

1919 5723 2016 5776 pro
2042 5707 2188 5777 ipsis,
2223 5716 2281 5761 ιιι
2303 5708 2609 5778 acciperent
2638 5709 2899 5780 Spirittnn
2933 5717 3199 5764 sanctum.
3254 5707 3490 5763 Necdum

1921 5801 2062 5855 enim
2116 5801 2168 5854 in
2198 5816 2523 5871 quemquam
2567 5801 2778 5855 illorum
2830 5810 3076 5868 vcnct‘at,
3110 5801 3202 5856 sed
3253 5800 3492 5870 liaptizat
