3988 6460
509 365 646 423 1085

1387 363 1677 421 APPEND.
1715 365 1809 422 AD
1846 364 2020 424 δΑΕΩ.
2062 366 2151 424 ιι.
2174 388 2244 408 ——
2266 365 2515 424 ιδιυοιιι
2545 361 2985 422 ηΕιιοΑτοιιιδ

3324 339 3424 365 -ιν-

3635 357 3783 415 ιωι

509 489 717 537 tantum
757 476 814 534 in
833 475 1052 532 nom~'ne
1090 474 1303 532 Domini
1335 474 1484 532 Jesu.
1535 477 1688 532 Tunc
1735 477 2087 548 imponebant
2113 497 2160 553 Α
2187 488 2317 536 ante
2360 493 2514 550 reges
2551 485 2607 533 et
2635 478 2893 548 praesides
2932 473 3202 533 ducemiai
3230 481 3454 548 propter
3487 486 3577 528 me
3604 471 3662 527 in
3684 483 3785 528 ω-

511 585 702 624 ntanus
722 581 885 640 super
909 567 1050 634 illos,
1079 578 1134 623 et
1159 567 1500 638 accipiebant
1525 568 1792 639 Spiritum
1836 576 2086 623 sanctum

510 662 651 734 (Act.
679 675 796 726 vni,
818 658 1020 727 N—l7).
1053 675 1072 708 ι
1098 657 1216 712 Non
1247 672 1396 728 ergo,
1425 659 1612 728 utjam
1637 659 1838 715 dictum
1863 667 1969 723 est,
1989 659 2089 714 ali-

511 733 670 824 quem
707 768 774 807 ex
802 751 1160 821 septuaginta,
1207 752 1335 805 licet
1360 751 1518 818 pauci
1557 761 1736 808 essent
1766 751 1996 822 apostoli
2020 733 2088 804 ad

510 844 614 898 hoc
661 833 796 912 opus
823 841 1232 912 perliciendum,
1253 842 1568 895 direxerunt
1589 881 1607 908 ,
1655 841 1750 896 sed
1774 840 1994 896 Petrum
2034 849 2090 895 et

506 935 770 991 Joannem
794 933 1065 1004 apostolus
1101 948 1197 1002 per
1231 947 1424 987 manus
1451 933 1850 1003 impositionem
1875 933 2089 987 tradere

512 1028 772 1098 Spiritum
800 1037 1047 1081 sanctum
1077 1027 1360 1091 miserunt,
1389 1039 1616 1096 quorum
1649 1025 1821 1080 vicem
1848 1023 2089 1095 episcOpi

510 1122 567 1178 in
590 1121 830 1178 Ecclesia
855 1128 1073 1192 gerunt,
1111 1129 1168 1175 et
1210 1136 1316 1175 non
1346 1120 1715 1190 corepiscopi,
1744 1120 1838 1190 qui
1873 1127 2093 1190 septua-

509 1215 659 1286 ginta
680 1212 1064 1284 discipulorum
1087 1210 1314 1266 formam
1329 1219 1455 1264 ante
1471 1210 1888 1280 prohibitionem
1902 1223 2089 1264 eorum

508 1305 788 1377 gerebant.
835 1301 988 1368 Quod
1025 1300 1103 1355 illi
1133 1315 1242 1355 non
1267 1301 1512 1354 fecerunt
1560 1313 1655 1355 vos
1694 1297 1877 1356 facere
1901 1297 2088 1361 nolite,

510 1411 580 1450 ne
605 1392 896 1450 dissimiles
929 1390 1042 1456 eis,
1085 1400 1142 1446 et
1177 1389 1387 1460 indigni
1423 1403 1614 1444 eorum
1657 1387 2001 1444 successione
2034 1395 2092 1442 et

512 1484 816 1541 ministerio
853 1496 975 1539 esse
1000 1481 1313 1548 videamini,
1356 1481 1483 1551 quia
1533 1488 1594 1535 ut
1639 1481 1718 1536 ait
1746 1480 2008 1536 Dominus
2033 1479 2090 1534 in

513 1575 835 1647 Evangelio:
857 1593 876 1626 ι
897 1572 999 1640 Qui
1019 1589 1125 1628 non
1151 1583 1236 1627 est
1256 1586 1468 1626 mecum
1490 1573 1776 1626 adversum
1798 1585 1886 1626 me
1911 1579 2016 1639 est,
2038 1579 2094 1626 et

511 1669 608 1738 qui
653 1684 760 1723 nou
808 1665 1015 1736 colligit
1059 1679 1270 1720 mecum
1308 1663 1570 1734 dispergit
1624 1661 1780 1734 (Luc.
1812 1677 1891 1728 xt,
1916 1661 2031 1733 23).
2065 1679 2086 1714 ι

513 1761 607 1815 Sic
647 1769 828 1814 autem
853 1757 1080 1823 Petrus,
1117 1756 1376 1827 princeps
1404 1757 1789 1824 apostolorum,
1819 1753 2094 1825 adjutores

2185 572 2498 628 stimonium
2522 570 2628 627 illis
2652 578 2710 626 et
2741 570 3012 642 gentibus.
3035 568 3170 625 Cum
3196 579 3377 625 autem
3403 568 3623 622 tradent
3650 581 3788 630 vos,

2159 662 2350 738 _nolite
2371 665 2608 734 cegitare
2633 664 2924 733 quomodo,
2957 661 3191 732 autquid
3210 660 3530 732 loquamini,
3553 659 3793 714 dabitur

2187 754 2332 810 enim
2371 754 2428 810 in
2469 754 2557 809 illa
2601 755 2737 810 hora
2767 753 2896 825 quid
2943 755 3285 825 loquamini;
3329 769 3440 808 non
3487 753 3640 809 enim
3678 767 3791 809 vos

2188 843 2324 898 estis
2355 842 2445 912 qui
2472 843 2776 914 loquimini,
2825 844 2921 899 sed
2961 843 3200 913 Spiritus
3229 841 3410 896 Patris
3458 842 3630 897 vestri
3679 841 3789 911 qui

2188 931 2427 1002 loquitur
2451 934 2506 988 in
2536 933 2709 989 vobis.
2763 932 2968 988 Tradet
3016 941 3200 987 autem
3247 933 3421 985 frater
3446 931 3682 985 fratrem
3723 932 3787 985 in

2188 1033 2443 1091 mortem,
2479 1033 2536 1079 et
2557 1034 2713 1094 pater
2741 1025 2932 1089 lilium,
2957 1033 3016 1079 et
3041 1033 3340 1095 exsurgent
3375 1024 3469 1077 lilii
3495 1025 3553 1077 in
3580 1036 3791 1092 paren-

2191 1123 2272 1172 tes
2302 1125 2359 1172 et
2378 1125 2553 1172 morte
2575 1131 2670 1171 eos
2691 1117 2945 1182 adicient,
2969 1125 3027 1171 et
3051 1116 3206 1170 eritis
3224 1117 3348 1172 odio
3366 1116 3628 1170 omnibus
3650 1129 3756 1184 pro
3779 1141 3790 1149 -

2191 1217 2309 1278 pter
2325 1221 2522 1264 nomen
2548 1221 2748 1262 meum.
2796 1207 2899 1274 Qui
2928 1215 3110 1261 autem
3141 1207 3577 1276 perseveraverit
3602 1221 3789 1275 usque

2189 1302 2247 1358 in
2269 1301 2453 1368 linem,
2493 1301 2584 1356 hic
2619 1300 2802 1357 salvus
2818 1301 2926 1356 erit
2951 1300 3168 1373 (Matth.
3193 1316 3246 1366 x,
3272 1299 3488 1372 lli-27).
3529 1318 3550 1352 ι
3581 1298 3787 1353 Linum

2191 1407 2425 1463 namque
2457 1402 2514 1447 et
2535 1390 2747 1448 Cletum
2786 1391 2926 1446 nihil
2967 1391 3168 1463 legitur
3198 1405 3437 1461 unquam
3465 1405 3537 1445 ex
3558 1389 3792 1460 pontiﬁ-

2190 1485 2294 1541 cali
2322 1484 2623 1539 ministerio
2660 1484 2837 1554 egisse
2864 1485 3218 1552 potestative,
3261 1482 3356 1536 sed
3393 1491 3671 1552 quantum
3702 1482 3791 1531 eis

2189 1592 2222 1632 a
2244 1576 2405 1632 beato
2425 1575 2585 1631 Petro
2604 1575 3034 1647 praacipiebatur,
3063 1583 3269 1629 tantum
3281 1573 3626 1629 solummodo
3648 1588 3792 1644 age-

2190 1671 2341 1725 bant.
2371 1667 2506 1724 Nam
2531 1677 2586 1723 et
2617 1669 2674 1723 in
2697 1682 2904 1723 canone
2933 1669 3130 1740 legitur
3154 1666 3369 1722 Nicano
3398 1685 3412 1721 :
3441 1667 3786 1738 Episcopum

2193 1775 2427 1830 namque
2461 1761 2714 1816 convenit
2757 1760 2996 1814 maxime
3041 1759 3260 1829 quidem
3291 1759 3360 1813 ab
3387 1759 3647 1815 omnibus
3687 1759 3790 1828 qui

511 1852 620 1908 sibi
653 1850 849 1907 πείνη
870 1849 1065 1904 Linum
1099 1857 1156 1904 ει
1195 1848 1425 1913 uelum.
1472 1861 1580 1902 ηοιι
1623 1855 1802 1900 tamen
1832 1854 2099 1916 potestate
2126 1859 2172 1918 Β
2199 1861 2325 1907 sunt
2361 1852 2417 1906 in
2443 1851 2719 1920 provincia
2765 1851 3034 1921 episcopis
3063 1850 3327 1905 ordinari.
3371 1848 3428 1905 Si
3453 1858 3647 1904 autem
3677 1849 3792 1906 hoc

510 1945 800 2019 pontilicii,
847 1953 941 2000 aut
979 1941 1180 2015 ligandi
1209 1941 1296 1996 vel
1322 1939 1566 1996 solvendi
1596 1939 1678 1994 eis
1706 1953 1953 1994 normam
1986 1947 2097 1994 tra-

512 2038 671 2104 didit,
711 2037 807 2092 sed
835 2033 1139 2091 successori
1164 2039 1475 2088 suosancto
1500 2029 1765 2087 Clementi
1793 2028 1888 2100 qui
1913 2028 2097 2084 sedem

512 2127 864 2199 apostolicam
889 2133 1010 2195 post
1027 2132 1241 2189 eum,~et
1249 2119 1973 2192 potestatempontilicalem,
1987 2127 2098 2174 tra-

513 2223 676 2278 dente
703 2221 808 2276 sibi
831 2221 991 2276 beato
1017 2218 1200 2284 Petro,
1219 2226 1404 2273 tenere
1433 2216 1753 2287 promeruit.
1780 2216 1949 2271 Linus
1969 2230 2098 2272 vero

513 2321 572 2367 et
619 2311 802 2366 Cletus
853 2309 1239 2365 ministrabant
1280 2307 1576 2373 exteriora,
1619 2306 1875 2378 princeps
1915 2314 2097 2361 autem

515 2401 899 2471 apostolorum,
928 2399 1122 2456 Petrus
1159 2399 1324 2454 verbo
1357 2408 1415 2454 et
1440 2397 1679 2454 orationi
1708 2397 2014 2467 insistebat,
2043 2404 2100 2452 et

515 2509 638 2565 qute
659 2507 769 2548 non
792 2493 1089 2563 incongrue
1116 2491 1185 2546 ad
1229 2489 1581 2545 traditionem
1629 2488 1871 2560 Spiritus
1921 2487 2098 2543 sancti

516 2603 614 2659 per
637 2601 833 2642 manus
861 2585 1261 2656 iinpositionem
1288 2583 1582 2655 pertinent.
1602 2580 1756 2638 Unde
1783 2590 1840 2636 et
1866 2580 1920 2636 in
1945 2579 2097 2635 Acti-

515 2685 619 2738 bus
647 2678 1009 2750 apostolorum
1036 2678 1297 2748 scriptum
1327 2678 1577 2732 habetur.
1603 2661 1758 2730 (Non
1781 2682 1866 2729 est
1880 2687 2098 2742 aequum

519 2788 620 2828 nos
652 2772 956 2840 relinquere
1001 2772 1224 2824 verbum
1273 2768 1372 2823 Dei
1420 2777 1475 2822 et
1527 2766 1844 2821 ministrare
1895 2764 2099 2819 mensis

519 2865 661 2936 (Act.
689 2879 770 2928 νι,
798 2862 879 2932 2).
911 2879 932 2914 ι
984 2861 1324 2931 Quapropter
1366 2857 1708 2928 septuaginta
1739 2855 1924 2913 .elccti
1973 2862 2100 2909 sunt

2197 1939 2410 1997 diliicile
2430 1941 2613 2006 fuerit,
2655 1949 2751 1995 aut
2779 1949 3002 2011 propter
3038 1940 3330 1995 instantem
3358 1940 3781 2004 necessitatem,

2196 2039 2293 2086 aut
2331 2040 2555 2101 pr0pter
2590 2031 2805 2085 itineris
2848 2030 3264 2102 longitudinem,
3306 2044 3337 2084 a
3377 2028 3549 2085 tribus
3593 2040 3790 2083 tam

2195 2123 2522 2178 omnimodis
2554 2121 2610 2176 in
2659 2121 2890 2191 idipsum
2919 2121 3398 2188 convenientibus,
3448 2129 3508 2176 et
3531 2122 3792 2176 absoni-

2196 2215 2299 2270 bus
2325 2228 2540 2284 quoque
2576 2215 2694 2284 pari
2719 2215 2880 2269 modo
2897 2214 3336 2280 decernentibus,
3364 2223 3419 2270 et
3440 2228 3539 2286 per
3567 2214 3791 2284 scripta

2198 2307 2660 2362 consentientibus
2685 2315 2815 2361 tunc
2858 2305 3132 2361 ordinatio
3167 2304 3487 2372 celebretur,
3536 2304 3791 2359 ﬁrmitas

2199 2405 2380 2452 autem
2427 2411 2614 2452 eorum
2643 2411 2734 2466 qui
2762 2405 3024 2468 geruntur
3057 2409 3157 2466 per
3191 2409 3630 2466 unamquamque
3659 2409 3794 2466 pro-

2200 2488 2431 2543 vinciam
2475 2487 2890 2558 metropolitano
2945 2486 3217 2541 tribuatur
3263 2487 3533 2557 episcopo.
3581 2488 3794 2541 Omnia

2199 2595 2414 2651 quoque
2439 2581 2673 2635 maxima
2690 2579 2920 2635 concilia
2942 2580 3211 2633 aﬂirmant
3238 2593 3362 2633 eum
3386 2593 3491 2634 non
3515 2591 3648 2633 esse
3677 2580 3798 2648 epi-

2198 2683 2448 2742 scopum,
2472 2672 2565 2741 qui
2587 2672 2767 2725 minus
2787 2685 2950 2741 quam
2974 2687 3006 2725 a
3025 2670 3281 2725 Patribus
3300 2670 3563 2740 episcopis
3588 2679 3793 2724 aucto-

2201 2768 2362 2819 ritate
2410 2764 2574 2818 etiam
2623 2763 3022 2832 metropolitani
3061 2761 3228 2818 fuerit
3272 2763 3443 2817 lactus
3470 2763 3795 2834 episcopus;

2196 2857 2428 2926 ideoque
2456 2855 2578 2911 illos
2604 2869 2742 2926 quos
2767 2855 3402 2926 corepiscopos-vocatis,
3423 2857 3547 2925 quia
3577 2855 3658 2909 ab
3686 2871 3796 2911 uno

520 2955 770 3027 discipuli
816 2953 911 3025 qui
947 2953 1220 3008 exteriora
1267 2957 1614 3020 peragerent,
1655 2947 1761 3019 ipsi
1807 2961 1936 3002 vero
1969 2960 2100 3016 apo-
2201 2955 2261 3001 ut
2287 2947 2592 3002 audivimus
2614 2949 2749 3001 liunt
2773 2947 3027 3018 episcopo
3065 2948 3346 3017 episcopos
3374 2961 3482 3002 non
3507 2960 3664 3012 esse,
3695 2963 3797 3003 nec

519 3051 647 3106 stoli
668 3050 831 3104 verbo
855 3056 910 3102 et
935 3044 1172 3102 orationi
1218 3042 1554 3108 insisterent,
1590 3041 1714 3096 inde
1740 3049 1797 3096 et
1825 3040 1881 3094 in
1916 3039 2096 3095 Evan-
2198 3037 2401 3108 aliquid
2428 3039 2495 3093 de
2521 3038 2814 3108 pontiﬁcali
2850 3039 3134 3109 privilegio
3162 3053 3327 3110 agere
3355 3039 3552 3094 debere
3571 3043 3798 3110 perspi-

521 3141 664 3214 gelio
684 3138 976 3194 secundum
1004 3135 1205 3190 Lucam
1237 3133 1498 3204 scriptum
1543 3140 1627 3188 est
1655 3131 1768 3186 ita:
1802 3149 1821 3183 ι
1852 3128 2098 3186 Ροειιιωο
2199 3147 2361 3186 cuum
2387 3140 2488 3196 est,
2536 3132 2793 3200 quoniam
2818 3132 2865 3186 si
2893 3147 3090 3187 nomen
3120 3146 3228 3187 non
3257 3133 3483 3199 habent,
3510 3145 3796 3203 quomodo

523 3245 704 3288 autem
735 3227 1033 3300 designavit
1055 3225 1316 3282 Dominus
1340 3233 1394 3280 et
1416 3224 1553 3279 alios
1577 3225 1912 3294 septuaginta
1939 3221 2096 3286 duos,
2123 3214 2170 3278 C
2201 3224 2433 3280 ollicium
2456 3233 2686 3294 possunt
2720 3223 2962 3280 habere?
2992 3225 3052 3279 Si
3073 3239 3204 3295 ergo
3228 3226 3467 3296 episcopi
3495 3241 3604 3281 non
3640 3237 3816 3293 sunt,‘

497 3322 751 3380 ct'misit
777 3320 900 3376 illos
927 3319 1085 3374 binos
1106 3325 1236 3373 ante
1264 3315 1458 3372 faciem
1484 3330 1640 3371 suam
1667 3315 1725 3369 in
1765 3327 1982 3369 omnem
2017 3312 2101 3368 ci-

493 3471 496 3474 ,
522 3417 746 3470 vitalem
769 3421 824 3467 et
843 3412 1019 3467 locum
1045 3424 1153 3480 quo
1181 3418 1302 3464 erat
1328 3408 1444 3478 ipse
1480 3415 1761 3463 venturus.
1799 3405 1869 3461 Et
1892 3404 2104 3460 dicebat

523 3512 671 3568 illis:
714 3508 902 3564 Messis
929 3505 1147 3577 quidem
1187 3503 1379 3569 multa,
1407 3501 1646 3573 operarii
1691 3509 1872 3557 autem
1921 3500 2100 3571 pauci.

527 3607 732 3676 Bogate
751 3616 880 3672 ergo
901 3598 1180 3654 dominum
1203 3601 1418 3661 messis,
1455 3605 1511 3650 ut
1540 3595 1720 3650 mittat
1735 3595 2019 3665 operarios
2045 3595 2100 3648 in

525 3712 754 3753 messem
782 3709 956 3750 suam.
988 3691 1128 3746 Ecce
1147 3705 1246 3760 ego
1272 3689 1428 3743 mitto
1465 3703 1561 3744 vos
1587 3687 1727 3743 sicut
1755 3701 1925 3758 agnos
1964 3688 2106 3742 inter

522 3793 699 3862 lupos.
745 3788 922 3844 Nolite
977 3793 1196 3856 portare
1232 3781 1530 3848 sarculum,
1564 3795 1741 3850 neque
1770 3795 1975 3851 peram,
2006 3792 2105 3834 ne-

525 3899 632 3954 que
671 3882 1046 3943 calciamenta,
1073 3886 1130 3932 et
1161 3875 1429 3931 neminem
1477 3889 1574 3944 per
1609 3875 1755 3928 viam
1785 3872 2106 3929 salutaveri-

527 3977 616 4032 tis.
648 3974 708 4028 lit
737 3984 1112 4042 quamcunque
1135 3969 1349 4024 domum
1374 3966 1726 4032 intraveritis,
1749 3965 1988 4035 primum
2021 3965 2104 4021 di-

525 4069 666 4124 cite:
694 4065 806 4120 Pax
850 4063 976 4118 huic
1003 4059 1204 4115 domui.
1251 4058 1319 4113 Et
1349 4059 1396 4114 si
1445 4059 1518 4113 ibi
1565 4056 1730 4114 fuerit
1757 4057 1900 4112 ﬁlius
1929 4057 2104 4128 pacis,

529 4160 830 4230 requiescet
864 4169 1026 4224 super
1056 4153 1203 4208 illum
1225 4169 1332 4223 pax
1352 4162 1552 4208 vestra.
1586 4151 1681 4207 Sin
1707 4164 1888 4208 autem
1914 4154 1984 4209 ad
2012 4167 2108 4210 vos

529 4258 854 4308 revertetur.
899 4247 957 4300 In
995 4246 1182 4300 eadem
1213 4255 1390 4301 autem
1433 4246 1595 4302 domo
1642 4255 1858 4303 manete
1885 4247 2109 4305 edentes

527 4353 588 4400 et
615 4343 860 4398 bibentes
897 4354 1016 4408 quae
1043 4339 1184 4408 apud
1235 4337 1355 4394 illos
1402 4348 1565 4405 sunt,
1607 4339 1801 4410 dignus
1834 4349 1921 4396 est
1961 4341 2108 4397 enim

529 4434 813 4510 operarius
849 4431 1097 4486 mercede
1122 4447 1238 4486 sua.
1296 4431 1472 4487 Nolite
1501 4431 1733 4487 transire
1763 4432 1829 4488 de
1855 4435 2016 4490 domo
2053 4435 2110 4490 in

2202 3326 2257 3373 et
2275 3318 2580 3390 presbyteri
2619 3332 2850 3388 quorum
2875 3319 3046 3375 vicem
3073 3329 3291 3392 gerunt,
3338 3320 3464 3390 quia
3502 3321 3571 3375 ad
3603 3334 3794 3378 exem-

2201 3413 2350 3484 plum
2371 3423 2427 3468 et
2451 3411 2682 3468 forma‘m
2709 3413 3050 3485 septuaginta
3072 3413 3205 3468 olim
3233 3413 3436 3470 hebant
3457 3428 3582 3469 esse
3612 3415 3800 3486 despi-

2204 3504 2376 3572 ciunt,
2425 3505 2556 3575 quid
2580 3507 2781 3560 erunt?
2811 3504 3063 3562 Profecto
3090 3506 3236 3576 quod
3258 3508 3465 3562 ratione
3493 3516 3678 3574 caret,
3703 3518 3795 3563 aut

2205 3599 2360 3668 nihil,
2404 3611 2501 3654 aut
2529 3614 2723 3670 parum
2751 3608 3065 3670 provectum
3093 3609 3199 3656 est.
3229 3599 3287 3656 Si
3308 3601 3434 3670 quis
3463 3603 3532 3656 de
3558 3601 3654 3656 his
3683 3617 3796 3656 ani-

2205 3691 2367 3762 plius,
2394 3700 2451 3747 et
2475 3692 2620 3762 quod
2657 3691 2773 3747 lieri
2798 3707 2908 3747 non
2935 3693 3096 3748 debet
3136 3693 3369 3749 voluerit
3409 3694 3593 3760 scire,
3655 3695 3796 3767 legat

2204 3784 2584 3854 praedictorum
2613 3785 3032 3856 apostolicorum
3065 3786 3285 3841 decreta
3304 3825 3320 3852 ,
3347 3795 3402 3842 et
3429 3786 3502 3840 ibi
3533 3789 3794 3857 reperiet.

2207 3877 2284 3932 De
2322 3877 2520 3949 quibus
2555 3877 2738 3948 aliqua
2780 3886 2838 3934 et
2865 3877 2954 3934 hic
2981 3878 3223 3936 inserere
3259 3879 3484 3951 dignum
3512 3879 3793 3936 duximus.

2209 3968 2269 4026 Si
2297 3969 2511 4026 Domini
2538 3969 2911 4026 desideramus
2958 3984 3080 4026 esse
3103 3971 3352 4042 discipuli
3399 3972 3571 4042 ipsius
3611 3973 3797 4030 imite-

2209 4054 2332 4118 innr
2367 4062 2626 4133 vestigia,
2675 4069 2734 4116 ut
2758 4061 2826 4117 de
2853 4061 3010 4120 nobis
3055 4063 3308 4118 dicatur:
3346 4080 3366 4114 ι
3407 4063 3523 4134 Ego
3550 4077 3675 4118 sum
3700 4079 3800 4135 pa-

2208 4163 2325 4210 stor
2355 4153 2528 4210 bonus
2546 4163 2606 4210 et
2633 4168 2866 4226 agnosco
2888 4169 3019 4210 oves
3049 4169 3223 4222 meas,
3251 4163 3308 4210 et
3328 4169 3461 4210 voco
3483 4171 3580 4212 eas
3617 4158 3797 4212 notiti-

2209 4249 2379 4302 natiin
2405 4287 2421 4314 ,
2472 4257 2527 4302 et
2548 4258 2880 4320 cognoscunt
2907 4263 2994 4305 me
3031 4264 3165 4305 mea:
3213 4249 3366 4321 (Lac.
3390 4266 3445 4316 x,
3475 4251 3602 4322 Η),
3630 4271 3653 4304 ο
3681 4262 3793 4309 etc.

2210 4341 2279 4395 Et
2308 4341 2502 4395 iterum
2543 4349 2799 4396 monente
2843 4340 3134 4396 Doniinica:
3172 4343 3322 4399 vocis
3368 4343 3626 4414 imperio,
3684 4362 3797 4417 quo

2208 4434 2558 4490 beatissimus
2583 4433 2860 4504 apostolus
2896 4433 3091 4490 Petrus
3138 4435 3280 4490 trina
3317 4437 3646 4508 repetitione
3680 4455 3798 4512 my-

531 4533 772 4586 tlomum.
799 4529 866 4584 Et
894 4529 946 4584 in
973 4539 1350 4598 quamcunque
1366 4525 1641 4581 civitatem
1674 4527 2030 4594 intraveritis,
2055 4537 2110 4584 et
2211 4525 2362 4580 stica:
2389 4524 2683 4580 sanctionis
2711 4524 2990 4592 imbuitur,
3037 4535 3093 4580 ut
3119 4526 3324 4582 Christi
3350 4543 3482 4583 oves
3514 4530 3612 4600 qui
3642 4529 3799 4587 Chri-

529 4621 873 4692 susceperint
900 4634 1017 4685 vos,
1049 4618 1366 4673 manducate
1411 4631 1531 4688 quae
1554 4629 1898 4689 apponuntur
1932 4620 2106 4688 vobis,
2139 4603 2186 4660 υ
2211 4624 2355 4670 stum
2382 4623 2548 4682 amat,
2584 4615 2869 4685 diligenter
2902 4624 2958 4670 et
3004 4633 3129 4671 cum
3177 4633 3371 4690 magna
3411 4635 3545 4674 cura
3580 4634 3792 4692 pascat,

532 4729 590 4774 et
615 4726 803 4773 curate
837 4716 1080 4770 inﬁrmos
1123 4713 1213 4782 qui
1243 4713 1296 4766 in
1342 4711 1429 4766 illa
1473 4722 1621 4778 sunt,
1670 4720 1726 4768 et
1749 4713 1914 4769 dicite
1962 4713 2106 4770 illis:

534 4807 997 4882 Appropinquahit
1021 4808 1074 4860 in
1103 4820 1200 4861 vos
1223 4820 1446 4876 regnum
1482 4804 1597 4859 Dei.
1636 4804 1694 4858 ln
1729 4821 2112 4876 quamcunque

534 4904 810 4958 civitatein
845 4897 1199 4964 iutraveritis,
1222 4906 1278 4952 et
1305 4911 1412 4952 non
1439 4897 1738 4966 receperint
1767 4911 1884 4964 vos,
1913 4913 2114 4953 exeun-

536 5009 622 5053 tes
653 4999 704 5051 in
741 4995 929 5067 plateis
955 4995 1072 5066 ejus
1114 4994 1313 5050 dicite:
1363 4994 1537 5049 Etiam
1575 4995 1848 5066 pulverem
1875 4997 1967 5067 qui
2016 4999 2116 5053 ad-

534 5088 698 5144 misit
724 5086 877 5140 nobis
905 5085 972 5139 de
1017 5083 1236 5140 civitate
1280 5091 1458 5139 vestra
1503 5085 1838 5156 extergimus
1881 5087 1935 5140 in
1972 5102 2112 5157 vos;

537 5187 723 5231 tamen
772 5176 885 5229 haec
915 5175 1158 5230 scitote:
1203 5175 1341 5241 Quia
1388 5175 1842 5246 appropinquabit
1890 5193 2114 5249 regnum

540 5269 660 5324 Dei.
718 5267 846 5321 Dico
874 5265 1025 5321 vobis
1048 5267 1175 5336 quia
1233 5267 1484 5322 Sodomis
1511 5266 1566 5321 in
1598 5267 1690 5322 illa
1723 5268 1810 5322 die
1837 5271 2118 5327 remissius

537 5359 646 5415 erit
675 5370 835 5428 quam
864 5355 937 5409 illi
971 5355 1178 5410 civitati
1209 5354 1360 5426 (Luc.
1400 5371 1457 5421 ι,
1486 5356 1658 5427 1-12).
1699 5376 1718 5410 ι
1771 5357 1839 5412 Ει
1881 5357 1934 5412 in
1984 5358 2118 5416 Mat-

544 5451 686 5506 thaco
732 5446 1061 5518 evangelista
1102 5447 1360 5516 scriptum
1408 5455 1529 5503 est:
1586 5467 1604 5501 ι
1638 5449 1777 5505 Ecce
1819 5465 1921 5522 ego
1959 5451 2118 5508 mitto

545 5560 641 5598 vos
669 5543 808 5598 sicut
828 5556 960 5597 oves
993 5541 1046 5594 in
1100 5539 1278 5594 medio
1303 5539 1573 5610 luporum.
1627 5542 1813 5600 Estote
1837 5560 1967 5616 ergo
1992 5559 2120 5616 pru-

545 5636 734 5689 dentes
759 5633 900 5688 sicut
921 5637 1202 5702 serpentes
1221 5669 1238 5695 ,
1280 5639 1338 5685 et
1365 5632 1638 5702 simplices
1665 5635 1808 5690 sicut
1833 5637 2116 5692 columbw.

545 5727 746 5781 Cavete
787 5733 964 5779 autem
994 5724 1063 5778 ab
1112 5723 1440 5790 hominibus,
1494 5725 1710 5781 tradent
1752 5727 1897 5782 enim
1943 5744 2040 5785 vos
2066 5731 2118 5784 in

547 5819 814 5884 conciliis,
859 5826 913 5872 et
953 5817 1005 5871 in
1037 5817 1334 5889 Synagogis
1375 5818 1488 5874 suis
1516 5817 1864 5890 ﬂagellabunt
1896 5834 2012 5885 vos,
2067 5831 2113 5876 ct

2211 4708 2466 4777 quoniam
2515 4707 2684 4778 ipsius
2713 4717 2917 4762 sanctae
2942 4709 3108 4775 sedis,
3150 4712 3238 4764 cui
3275 4727 3378 4781 per
3405 4714 3794 4770 abundantiam

2214 4801 2408 4856 divina.-
2436 4803 2624 4874 gratia:
2647 4818 2967 4873 praesumus,
2994 4806 3162 4876 ipsius
3187 4821 3374 4862 amore
3407 4818 3461 4863 et
3491 4813 3795 4866 reverentia

2214 4893 2582 4955 cohortamur,
2613 4906 2672 4948 ut
2704 4903 2865 4949 tanta:
2909 4898 3310 4968 superstitionis
3339 4913 3460 4968 quae
3482 4903 3685 4958 nullius
3718 4907 3797 4976 {ut

2216 5003 2360 5060 saepe
2405 4988 2610 5043 dictum
2654 4991 2758 5060 est)
2816 4991 3036 5046 fulcitur
3088 4994 3438 5062 auctoritate,
3469 4999 3790 5067 periculum,

2223 5093 2487 5154 quantum
2531 5097 2834 5152 possumus,
2871 5085 3224 5155 declinemus,
3267 5103 3336 5144 ne
3376 5092 3523 5147 beati
3552 5096 3794 5167 magistri

2223 5175 2393 5230 nostri
2422 5173 2587 5239 Petri,
2610 5177 2804 5230 summi
2832 5177 3057 5247 apostoli
3093 5178 3332 5245 dilectio,
3369 5197 3474 5252 qua
3503 5199 3565 5239 se
3591 5196 3795 5242 amato-

2222 5282 2338 5322 rem
2367 5266 2459 5323 Dei
2487 5281 2606 5322 esse
2636 5276 2862 5323 testatus
2881 5279 2986 5334 cet,
3019 5283 3155 5324 vana
3188 5270 3496 5328 inveniatur
3536 5275 3590 5329 in
3622 5277 3791 5342 nobis;

2223 5360 2477 5430 quoniam
2503 5359 2680 5414 omnis
2699 5360 3030 5430 negligenter
3056 5377 3304 5432 pascens,
3340 5365 3501 5421 toties
3527 5371 3794 5424 cominen-

2223 5453 2410 5508 datum
2453 5451 2554 5507 sibi
2607 5453 2943 5507 Dominieum
2973 5467 3212 5524 gregem,
3261 5457 3606 5512 convincitur
3651 5474 3793 5515 sum-

2222 5561 2368 5601 mum
2397 5561 2503 5602 non
2544 5559 2730 5600 amare
2756 5545 3054 5611 Pastorem,
3086 5562 3185 5603 nec
3220 5547 3336 5618 ejus
3384 5549 3614 5608 velle-se
3640 5553 3792 5608 disci-

2221 5636 2403 5708 pulum
2435 5637 2574 5702 ﬁeri,
2619 5634 2773 5707 cujus
2823 5637 3069 5708 exempla
3116 5637 3338 5711 ncgligit
3380 5640 3612 5696 imitari.
3665 5641 3786 5697 Nam

2221 5729 2392 5798 gratia
2437 5741 2658 5799 prorsus
2702 5725 2874 5796 major
2923 5728 3251 5798 acquiritur,
3300 5730 3345 5784 si
3385 5729 3451 5785 de
3485 5731 3787 5787 commissis

2223 5819 2411 5876 ovibus
2433 5819 2640 5876 lucrum
2665 5817 2855 5877 oﬂ'erat
2884 5820 2991 5876 Deo
3029 5819 3332 5877 sollicitudo
3368 5822 3624 5882 pastoris.
3659 5821 3784 5877 Nam
