3988 6426
191 365 333 426 1085

1383 367 1874 428 DECRETALIUM
1907 369 2309 429 COLLECTIO.

3303 324 3461 429 mo

188 489 252 536 et.
297 481 515 537 beatum
559 478 749 548 .lacob,
797 479 893 552 qui
937 495 1036 552 pro
1077 492 1335 538 uxoribus
1385 482 1475 536 diu
1519 483 1784 538 servierat
1809 491 1855 546 Α
1887 483 2233 539 fundamenta
2289 483 2343 538 in
2399 480 2642 539 Ecclesia
2696 481 3075 539 tantummodo
3113 481 3463 538 inveniuntur

189 573 399 630 dixisse
427 575 775 632 meminimus
805 591 820 630 :
861 594 881 629 ι
920 576 1119 649 Viginti
1143 577 1301 634 annis
1324 577 1396 633 fui
1426 587 1626 644 tecum,
1650 593 1780 634 oves

188 672 304 719 tua:
323 672 378 720 et
402 680 579 737 capras
605 668 818 724 steriles
849 683 955 725 non
986 666 1458 736 fuerunt,rarietes
1487 671 1668 743 gregis
1701 673 1778 728 tui

183 767 302 808 non
341 754 577 821 comedi,
618 770 721 812 nec
761 767 978 827 captum
1031 773 1059 813 a
1091 759 1261 815 bestia
1311 760 1643 827 ostenditur;
1678 777 1780 832 ego

187 845 453 901 damnum
473 861 637 902 omne
666 848 976 917 reddebam,
1005 861 1058 907 et
1082 853 1342 924 quidquid
1379 853 1523 910 furto
1542 855 1780 925 perierat

187 949 220 986 a
247 950 336 989 me
379 935 652 1007 exigebas.
686 938 782 994 Die
804 950 1077 1012 noctuque
1118 952 1252 999 testu
1283 946 1480 1001 urebar
1524 954 1579 1002 et
1631 947 1773 1018 gelu,

189 1021 436 1104 fugiebat
465 1041 689 1082 somnus
705 1028 773 1083 ab
798 1030 972 1086 oculis
993 1031 1295 1104 meis(Gen.
1317 1049 1468 1100 xxxi,
1515 1034 1726 1102 38—40).
1751 1054 1770 1088 ι

188 1103 248 1159 Si
279 1105 445 1176 igitur
481 1105 692 1162 laborat
722 1119 776 1164 et
824 1111 1012 1180 vigilat
1058 1103 1160 1184 qui
1200 1117 1370 1185 pascit
1400 1133 1529 1174 oves
1570 1117 1772 1183 Laban,

185 1206 396 1265 quanto
450 1196 637 1255 labore
685 1201 1010 1272 quantisque
1049 1205 1251 1277 vigiliis
1295 1209 1454 1264 debet
1497 1209 1778 1266 intendere

152 1285 283 1353 qui
308 1285 482 1354 pascit
513 1302 643 1343 oves
691 1288 828 1344 Dei?
874 1291 982 1347 Sed
1013 1292 1066 1348 in
1109 1293 1195 1350 bis
1243 1298 1493 1353 omnibus
1519 1299 1633 1368 ipse
1676 1314 1775 1356 nos

183 1373 444 1442 instruat,
473 1377 565 1446 qui
595 1391 693 1447 pro
723 1379 836 1434 suis
857 1381 1004 1436 dedit
1033 1383 1226 1440 ovibus
1251 1387 1508 1452 animam,
1534 1396 1591 1444 et
1616 1387 1771 1458 adju-

182 1471 285 1518 vet
310 1478 430 1530 nos,
463 1472 524 1520 ut
549 1467 615 1522 de
637 1467 740 1532 his,
766 1470 858 1539 qui
887 1471 1045 1528 nobis
1071 1475 1347 1532 commissi
1369 1489 1514 1544 sunt,
1536 1477 1772 1534 fructum

181 1552 561 1624 multiplicem,
584 1565 638 1611 ct
655 1573 960 1615 mensuram
988 1563 1455 1633 supereﬂluentem
1477 1569 1545 1627 ad
1566 1577 1772 1625 aeterna

143 1644 385 1712 _gaudia
439 1655 717 1716 reportare
781 1651 1083 1718 concedat,
1135 1662 1423 1727 tantusque
1484 1674 1582 1715 nos
1628 1661 1773 1718 beati

179 1734 358 1802 Petri,
389 1737 750 1806 apostolorum
773 1741 1032 1812 principis
1051 1783 1065 1804 ,
1113 1759 1270 1801 amor
1299 1751 1580 1816 accendat,
1613 1761 1675 1806 ut
1717 1753 1770 1807 in

1885 574 2083 644 posita,
2125 572 2388 644 quidquid
2412 571 2644 642 amplius
2672 571 2905 643 positum
2936 572 2991 627 in
3015 572 3100 628 his
3128 572 3459 640 inveniatur,

1878 673 2028 719 stare
2055 664 2361 720 nullatenus
2388 663 2606 734 poterit.
2638 663 2702 718 Et
2729 664 2869 729 ideo,
2914 679 3037 720 cum
3067 664 3319 720 omnibus
3344 665 3460 722 suis

1879 752 2245 808 fundamentis
2267 762 2322 808 et
2360 753 2663 808 actionibus
2707 761 2870 823 atque
2895 754 3171 810 radicibus
3223 763 3284 809 ut
3310 755 3460 810 evel-

1879 843 2040 910 latur,
2073 859 2290 900 necesse
2313 853 2415 900 est.
2446 845 2524 900 lta
2553 854 2613 900 ut
2638 846 2870 916 amplius
2900 846 3185 916 pullulare,
3211 861 3310 902 nec
3339 860 3460 916 ger-

1877 936 2085 992 minare
2117 936 2313 991 valeat.
2361 935 2475 991 Non
2506 952 2636 1008 ergo
2665 946 2888 1009 generet
2924 947 2982 992 et
3031 953 3137 994 non
3168 937 3334 994 faciat
3358 954 3454 993 vo-

1876 1027 1984 1094 bis,
2016 1027 2234 1093 fratres,
2262 1027 2421 1082 toties
2449 1028 2674 1099 repetita
2703 1028 2904 1084 locutio
2930 1029 3227 1095 fastidium;
3251 1037 3304 1085 et
3328 1030 3455 1101 quia

1877 1133 2087 1174 summa
2119 1119 2415 1174 necessitas
2439 1128 2523 1173 est
2548 1119 2744 1190 saepius
2773 1120 3075 1190 prohiberi,
3121 1121 3264 1190 quod
3288 1121 3457 1177 toties-

1878 1207 2063 1264 illicite
2095 1217 2411 1278 usurpatur,
2443 1217 2498 1264 et
2523 1210 2778 1280 quoniam
2809 1210 3010 1266 veritas
3053 1211 3244 1281 szepius
3273 1213 3456 1283 exagi-

1881 1307 1990 1354 tata
2018 1299 2188 1371 magis
2211 1299 2539 1369 splendescit
2567 1301 2620 1356 in
2646 1300 2840 1367 lucem,
2872 1310 2926 1356 et
2953 1303 3097 1372 quod
3123 1304 3280 1358 toties
3304 1317 3458 1372 repe-

1881 1390 2038 1446 tendo
2066 1395 2391 1447 admonetur
2432 1392 2608 1448 minus
2637 1405 2949 1463 usurpatur.
2995 1393 3172 1465 Super
3197 1395 3280 1449 his
3310 1395 3454 1450 enim

1877 1481 2044 1536 multa
2092 1480 2205 1550 jam
2237 1482 2306 1538 ab
2352 1485 2788 1540 antecessoribus
2835 1485 3036 1540 nostris
3066 1486 3207 1539 dicta
3238 1493 3381 1546 sunt.
3424 1500 3456 1538 a

1877 1570 2074 1638 quibus
2119 1571 2222 1642 ipsi
2263 1571 2406 1628 sicut
2456 1587 2600 1627 nunc
2646 1587 2677 1627 a
2709 1573 2887 1639 nobis,
2937 1574 3010 1628 ita
3036 1573 3167 1628 olim
3210 1575 3279 1628 ab
3324 1574 3456 1644 ipsis

1859 1663 2123 1717 damnati
2155 1672 2211 1718 et
2252 1665 2511 1734 prohibiti
2556 1674 2701 1720 sunt.
2753 1664 2879 1720 Ideo
2908 1669 3106 1736 szepius
3151 1673 3457 1735 repetentes

1875 1765 2068 1808 omnes
2100 1767 2401 1819 monemus,
2439 1763 2498 1808 ut
2527 1755 2766 1809 vitentur
2788 1755 3091 1825 bujusmodi
3115 1765 3171 1810 et
3199 1772 3228 1809 a
3261 1755 3455 1811 talibus

180 1824 312 1918 ovili
346 1825 533 1894 ipsius,
557 1828 641 1883 cui
663 1843 852 1886 omnes
874 1841 1142 1890 creatura:
1163 1846 1290 1892 sunt
1314 1824 1549 1906 traditis,
1574 1857 1765 1900 omnes
1797 1837 1843 1898 B
1871 1859 1930 1901 se
1950 1846 2116 1916 270
2158 1847 2488 1913 abstineant,
2534 1847 2626 1918 qui
2682 1824 2974 1913 noluerint,
3022 1864 3123 1903 una
3151 1863 3274 1903 cum
3321 1849 3401 1904 eis
3421 1863 3456 1904 a

192 1915 381 1971 taliter
426 1928 695 1986 errantes,
737 1929 793 1975 et
822 1921 1008 1978 illicita
1048 1933 1212 1996 atque
1244 1929 1515 1998 prohibita
1563 1948 1770 2002 presu-

184 2014 421 2072 mentes,
456 2008 659 2063 sanctis
689 2011 885 2068 vestris
915 2011 1110 2070 studiis
1137 2029 1351 2073 summo
1397 2020 1770 2093 redintegrare

185 2107 316 2147 cum
343 2094 610 2152 desiderio
656 2096 946 2166 festinetis,
1000 2103 1233 2172 qualiter
1262 2107 1479 2176 animae,
1531 2112 1771 2180 pretioso

183 2182 393 2240 Christi
426 2186 686 2258 sanguine
733 2191 1022 2261 redempta:
1071 2207 1260 2250 eorum
1311 2212 1419 2254 non
1465 2199 1768 2270 depereant

182 2275 525 2344 deceptione.
547 2275 739 2332 Restat
761 2279 924 2335 etiam
955 2284 1102 2352 quod
1135 2299 1231 2354 per
1251 2287 1449 2344 ostium
1479 2289 1532 2346 hi
1558 2306 1764 2362 nequa-

187 2377 354 2432 quam
382 2365 786 2433 subintrarunt,
838 2371 964 2438 quia
994 2387 1100 2426 non
1149 2375 1422 2432 habebant
1447 2379 1646 2436 ostium
1676 2397 1772 2451 per

191 2456 340 2523 quod
366 2455 796 2540 ingrederentur,
825 2461 974 2530 quia,
1008 2472 1066 2517 ut
1087 2462 1290 2520 dictum
1320 2477 1422 2532 est,
1455 2470 1499 2524 si
1528 2485 1627 2528 nec
1656 2474 1771 2542 epi-

182 2544 338 2613 scopi
363 2556 506 2610 sunt,
526 2555 579 2599 et
607 2546 888 2617 plusquam
911 2551 1214 2622 presbyteri
1240 2570 1361 2610 esse
1381 2557 1645 2625 ambiunt,
1674 2576 1774 2630 per

183 2637 331 2706 quod
360 2639 556 2692 ostium
592 2641 892 2708 intrabunt,
920 2659 1042 2697 cum
1075 2645 1128 2699 hi
1156 2655 1332 2702 tamen
1353 2650 1572 2707 ordines
1595 2653 1646 2708 in
1671 2655 1774 2711 Ec-

181 2728 350 2783 clesia
383 2728 660 2810 legantur,
703 2749 804 2793 nec
831 2735 1064 2811 amplius
1110 2738 1176 2797 ad
1219 2741 1490 2816 pastorale
1537 2744 1770 2806 ofﬁcium

181 2827 402 2898 aliquod
425 2839 573 2900 patet
599 2832 798 2885 ostium
825 2847 923 2902 per
950 2833 1091 2903 quod
1112 2844 1299 2903 pastor
1331 2835 1532 2891 intret?
1551 2839 1770 2906 Audite,

189 2919 414 2986 fratres,
449 2940 554 2978 non
598 2940 704 2991 me,
754 2927 848 2982 sed
896 2927 1068 2997 ipsam
1119 2928 1384 2983 dicentem
1431 2928 1767 2986 Veritatem:

187 3029 209 3062 ι
245 3010 346 3077 ριιι
405 3027 510 3066 non
565 3015 733 3070 intrat
783 3031 882 3085 per
926 3015 1124 3071 ostium
1165 3017 1217 3070 in
1261 3017 1402 3073 ovile
1429 3019 1632 3084 ovium,
1679 3020 1774 3075 sed

182 3101 429 3156 ascendit
455 3103 692 3170 aliunde,
711 3105 796 3159 ille
811 3104 899 3159 fur
911 3114 995 3160 est
1011 3105 1217 3161 etlatro
1233 3107 1416 3179 (Joan.
1441 3125 1494 3174 ι,
1529 3111 1599 3180 l),
1621 3129 1641 3163 ι
1664 3121 1770 3166 etc.

1871 1940 2197 1996 sacerdotali
2226 1941 2554 2006 ministerio,
2581 1949 2642 1995 ut
2665 1941 2912 2007 rebelles,
2945 1940 3059 1996 fieri
3086 1941 3266 1996 alieni.
3296 1941 3452 2010 Quod

1873 2029 1948 2085 ita
1971 2029 2189 2085 demum
2231 2032 2462 2101 probare
2489 2032 2805 2102 poterimus,
2853 2031 2898 2086 si
2952 2032 3087 2087 tales
3121 2031 3454 2102 exstirpare,

1869 2127 1923 2176 et
1953 2134 2060 2175 non
2092 2121 2173 2176 eis
2212 2120 2392 2176 favere
2435 2122 2844 2178 decertaveritis
2866 2163 2881 2188 ,
2913 2132 2968 2177 et
2999 2123 3070 2176 ita
3102 2122 3444 2192 postmodum

1871 2212 1938 2267 de
1967 2212 2058 2268 tali
2087 2227 2148 2268 re
2173 2212 2396 2283 querela
2441 2214 2700 2278 cessabit,
2745 2215 2873 2286 quia
2905 2215 3244 2270 contumelia:
3268 2213 3452 2269 studio

1872 2301 1934 2356 fit
1972 2302 2231 2374 quidquid
2281 2303 2629 2358 interdictum
2690 2305 2851 2360 toties
2905 2313 3217 2374 usurpatur.
3263 2302 3455 2360 Omnia

1871 2390 1990 2446 lucc
2032 2391 2346 2458 decretalia,
2393 2401 2450 2447 et
2497 2402 2816 2449 cunctorum
2863 2394 3207 2449 decessorum
3244 2402 3458 2450 nostro-

1873 2498 1992 2537 rum
2031 2483 2351 2550 constituta,
2393 2499 2518 2554 quae,
2552 2484 2619 2539 de
2657 2485 3038 2540 ecclesiasticis
3086 2485 3368 2541 ordinibus
3395 2493 3452 2540 et

1871 2588 2141 2628 canonum
2189 2575 2531 2647 promulgata
2562 2585 2689 2630 sunt
2713 2576 3034 2647 disciplinis,
3085 2576 3160 2631 ita
3212 2576 3364 2632 vobis
3397 2584 3455 2631 et

1870 2663 2122 2716 omnibus
2144 2664 2414 2735 episcopis
2444 2681 2509 2719 ac
2537 2665 2749 2720 cunctis
2776 2664 3106 2736 generaliter
3151 2663 3454 2719 sacerdoti-

1869 2749 1973 2806 bus
1996 2753 2258 2808 custodiri
2305 2751 2520 2808 debere
2547 2754 2888 2818 mandamus,
2938 2761 3000 2807 ut
3048 2753 3092 2807 si
3123 2752 3244 2822 quis
3275 2751 3328 2806 in
3358 2750 3449 2806 illa

1871 2844 2223 2907 commiserit,
2255 2844 2467 2899 veniam
2495 2843 2598 2900 sibi
2633 2843 2885 2913 deinceps
2909 2843 3120 2897 noverit
3157 2840 3446 2910 denegari:

1877 2935 2139 3004 quoniam
2173 2945 2490 2992 occurreret
2516 2936 2719 2991 veritas
2740 2975 2757 3002 ,
2789 2935 2834 2990 si
2872 2933 3081 2989 falsitas
3122 2931 3452 3002 displiceret.

1872 3023 1942 3078 Et
1969 3024 2164 3080 merito
2196 3041 2297 3081 nos
2322 3026 2415 3096 qui
2439 3041 2651 3081 summa
2673 3025 2928 3081 Ecclesia:
2971 3033 3152 3081 tenere
3195 3023 3456 3079 debemus

1875 3113 2257 3184 gubernacula,
2283 3131 2448 3171 causa
2470 3115 2713 3185 respicit,
2741 3115 2784 3170 si
2809 3115 3027 3171 silentio
3061 3113 3335 3168 faveamus
3357 3126 3450 3166 er-

153 3191 322 3260 .Cum
388 3194 550 3248 etiam
605 3197 853 3267 egregius
912 3197 1231 3267 praedicator
1264 3200 1443 3256 dicat:
1491 3219 1511 3254 ι
1552 3196 1836 3258 Funda-C
1868 3205 2000 3261 rori.
2057 3207 2188 3262 Data
2263 3223 2353 3262 xw
2418 3207 2536 3262 Kal.
2588 3207 2857 3280 Augusti,
2909 3205 3212 3264 Iustiniano
3259 3205 3328 3262 Vl
3394 3212 3455 3260 et

183 3290 428 3336 ruentum
479 3283 623 3338 aliud
677 3300 835 3340 nemo
906 3293 1084 3354 potest
1141 3301 1340 3355 ponere
1388 3301 1585 3360 praeter
1633 3293 1776 3362 quod

181 3371 419 3441 positum
471 3383 555 3430 est
604 3374 656 3446 (I
686 3374 810 3431 Cor.
856 3391 941 3440 ιιι,
988 3373 1098 3446 ll).
1140 3393 1160 3427 ι
1199 3375 1332 3433 Cum
1379 3380 1639 3451 praedicta
1668 3381 1775 3438 duo

1875 3297 2105 3355 Narsete
2140 3297 2206 3356 IV
2245 3314 2332 3356 cc.
2359 3299 2691 3356 consulibus.

211 3565 3448 3602 NW

611 3725 1256 3821 INCIPIUNT
1329 3731 1870 3871 DECRETA
1941 3735 2585 3826 BENEDICTI
2663 3735 3034 3826 PAP/E.

259 4062 726 4120 Reverendissimo
750 4063 901 4121 fratri
934 4066 1185 4139 episcopo
1212 4067 1403 4137 Davw,
1429 4069 1763 4127 BENEDICTUS

181 4155 413 4212 salutem
449 4155 500 4209 in
528 4155 774 4212 Domino.

261 4245 601 4315 Respondere
640 4245 833 4303 litteris
868 4257 1064 4304 vestris
1100 4250 1310 4319 plenius
1351 4251 1608 4322 cogitavi,
1646 4252 1761 4318 sed,

181 4353 312 4394 cum
339 4338 439 4393 hoc
468 4338 781 4406 meditarer,
807 4349 986 4396 tantus
1005 4357 1091 4397 me
1116 4343 1269 4398 dolor
1290 4344 1488 4414 tetigit,
1511 4353 1573 4400 ut
1593 4346 1766 4417 magis

182 4426 321 4484 ﬂere
369 4443 528 4498 quam
575 4429 778 4499 aliquid
823 4430 1006 4488 dicere
1050 4433 1345 4490 delectatus
1388 4435 1512 4491 sim.
1559 4435 1665 4492 Sed
1700 4453 1770 4493 nc

183 4517 430 4574 funditus
457 4529 779 4584 remaneret,
829 4536 1000 4590 pauca
1047 4522 1200 4578 vobis
1230 4525 1530 4581 rescribere
1559 4527 1768 4592 curavi,

186 4609 258 4662 ad
301 4609 510 4678 potiora
537 4624 635 4664 vos
673 4618 915 4681 tempora
958 4627 1190 4684 congrue
1218 4614 1469 4670 invitans.
1497 4615 1650 4681 Quod
1680 4633 1773 4670 au-

1872 4065 2006 4122 bant
2032 4062 2086 4119 in
2113 4061 2342 4118 circuitu
2381 4059 2520 4129 ejus,
2543 4073 2637 4114 sex
2666 4057 2764 4112 alae
2789 4057 2904 4126 uni,
2929 4065 2983 4114 et
3009 4073 3100 4114 sex
3130 4057 3229 4114 alae
3259 4057 3416 4115 alteri
3439 4073 3462 4124 ς

1875 4153 2086 4209 duabus
2112 4150 2366 4206 velabant
2395 4147 2612 4214 faciem,
2642 4148 2849 4204 duabus
2875 4156 3057 4203 autem
3093 4147 3345 4202 velabant
3370 4162 3463 4218 pe-

1874 4246 1999 4310 des;
2027 4253 2082 4300 et
2104 4241 2582 4298 duabusvolabant
2607 4249 2662 4295 et
2683 4240 2993 4295 clamabant
3020 4241 3087 4295 ad
3115 4240 3464 4305 alterutrum,

1873 4334 2114 4391 dicentes
2143 4350 2156 4387 :
2207 4331 2462 4391 Sanetus,
2491 4338 2738 4393 sanctus,
2776 4336 2997 4384 sanctus
3027 4329 3287 4383 Dominus
3317 4329 3463 4383 Deus

1874 4424 2114 4480 Sabaoth
2158 4421 2295 4493 (Isa.
2339 4437 2413 4476 vr.
2445 4418 2587 4490 1-2).
2621 4439 2639 4472 ι
2679 4419 2734 4474 Si
2773 4419 2983 4475 trinitas
3024 4435 3129 4474 nou
3161 4427 3264 4484 est,
3291 4434 3459 4488 quare

1874 4513 2036 4570 tertio
2061 4531 2081 4566 α
2115 4520 2335 4568 sanctus
2367 4529 2385 4563 ι
2440 4510 2731 4565 dixerunt?
2785 4510 2851 4565 Et
2895 4509 2938 4564 si
2997 4510 3177 4564 unitas
3214 4524 3318 4563 non
3355 4504 3457 4575 est,

1871 4617 2039 4676 quare
2061 4600 2163 4658 sub
2185 4601 2324 4657 trina
2348 4601 2670 4672 repetitione
2701 4616 2867 4656 unum
2892 4600 3058 4655 Deum
3080 4615 3144 4655 ac
3167 4599 3457 4654 Dominum

189 4707 301 4754 rem
338 4699 531 4755 linem
560 4708 663 4756 ιυω
695 4709 860 4757 resres
902 4712 1028 4757 sum
1070 4703 1329 4773 quosdam
1377 4707 1515 4760 intra
1553 4707 1772 4777 ριιονῖιι-
1803 4692 1845 4748 D
1872 4693 2232 4752 intimarunt?
2254 4693 2310 4748 Si
2341 4694 2554 4748 trinitas
2591 4708 2697 4746 non
2736 4699 2838 4758 est,
2871 4706 2972 4745 cur
2996 4690 3048 4745 in
3079 4690 3353 4747 Geneseos
3374 4689 3461 4744 di-

197 4788 343 4844 ciam
373 4789 622 4845 Baeticam
649 4799 790 4858 esse,
814 4792 905 4862 qui
942 4793 1181 4848 dicerent
1221 4795 1491 4850 neminem
1509 4796 1776 4852 veraciter

185 4893 354 4949 posse
375 4880 604 4950 probare
639 4880 958 4937 Trinitatem
987 4883 1246 4939 unitatem
1277 4883 1413 4951 fieri;
1440 4900 1563 4940 cum
1589 4900 1774 4957 neque

191 4984 310 5029 tres
337 4987 524 5036 llilllm,
555 4985 730 5042 neque
761 4988 922 5028 unum
966 4974 1019 5029 in
1067 4974 1240 5031 tribus
1266 4991 1422 5046 posse
1450 4991 1772 5048 quemquam

189 5064 412 5137 proprie
439 5065 755 5133 approbari:
781 5081 916 5135 quas
947 5067 1018 5122 ob
1042 5081 1254 5133 causas,
1294 5069 1641 5125 dilecdssime
1673 5069 1772 5134 fili,

194 5152 442 5209 consulta
476 5153 548 5208 ibi
577 5155 882 5225 apostolicae
923 5157 1067 5212 sedis
1093 5158 1358 5224 misimus,
1387 5168 1441 5214 ut
1471 5168 1563 5215 aut
1588 5175 1682 5216 eos
1711 5160 1777 5215 ad

196 5252 404 5297 rectam
437 5241 594 5297 fidem
618 5245 856 5300 converti
892 5243 1082 5313 facias,
1113 5255 1206 5302 aut
1233 5247 1301 5302 ab
1329 5248 1592 5316 Ecclesia,
1629 5258 1781 5306 ante-

193 5347 361 5407 quam
412 5331 581 5400 pestis
633 5333 746 5388 hac
796 5333 957 5390 latius
999 5334 1319 5407 divulgetur,
1369 5337 1615 5406 repellas.
1659 5337 1776 5402 His,

194 5401 384 5485 frater,
416 5420 822 5492 Scripturarum
859 5401 1180 5479 testimoniis
1214 5401 1473 5480 unitatem
1499 5401 1780 5481 Trinitatis

198 5525 455 5582 agnosce,
493 5522 548 5565 ct
587 5509 772 5566 desine
802 5511 1122 5567 Arianorum
1171 5515 1487 5582 pravitatem
1517 5516 1689 5584 sequi,
1723 5523 1780 5569 ut

147 5654 150 5656 γ
199 5599 270 5654 ab
303 5599 490 5655 eadem
530 5601 702 5669 possis
737 5610 1073 5670 peccatorum
1101 5603 1424 5676 indulgentia
1457 5607 1779 5676 promereri,

197 5687 338 5744 Isaia
387 5689 643 5758 propheta
690 5690 948 5746 dicente:
984 5711 1001 5743 ι
1039 5690 1158 5746 Vidi
1210 5693 1492 5749 Dominum
1556 5697 1780 5752 sabaoth

201 5776 476 5832 sedentem
507 5793 669 5848 super
690 5781 937 5838 thronum
963 5781 1253 5850 excelsum,
1282 5791 1333 5841 et
1364 5782 1645 5854 Seraphim
1677 5795 1783 5841 sta-

1874 4787 2054 4844 citur:
2099 4803 2118 4837 ‹
2143 4785 2288 4840 Dixit
2320 4786 2483 4852 Deus,
2535 4785 2660 4840 fecit
2715 4783 2873 4849 Deus,
2905 4790 2960 4838 ct
2989 4782 3268 4837 benedixit
3312 4782 3456 4836 Deus

1873 4877 2113 4948 (0911.1,
2159 4878 2250 4943 24,
2281 4878 2396 4948 27).
2438 4897 2456 4930 ›
2508 4876 2566 4932 Si
2612 4891 2740 4931 vero
2787 4876 2969 4930 unitas
3001 4891 3108 4930 non
3155 4883 3262 4940 est,
3289 4888 3460 4944 quare

1880 4971 2034 5026 tertio
2058 4971 2194 5026 dixit
2223 4989 2234 5026 :
2274 4991 2291 5022 ι
2328 4969 2492 5035 Deus,
2530 4987 2550 5022 ι
2580 4976 2635 5023 et
2667 4983 2772 5023 non
2804 4969 2964 5022 tertio
2999 4988 3016 5019 ι
3047 4968 3176 5023 deos
3209 4987 3227 5019 ι
3261 4965 3456 5039 plurali

1873 5075 2100 5116 numero
2127 5059 2558 5116 commendavit?
2586 5058 2653 5113 Et
2683 5059 2726 5114 si
2767 5058 2982 5113 trinitas
3019 5075 3122 5112 non
3151 5068 3257 5124 est,
3288 5073 3460 5127 quare

1880 5152 1933 5206 in
1964 5149 2146 5205 Exodo
2170 5150 2370 5205 dictum
2399 5155 2480 5203 est
2519 5148 2678 5203 tertio
2705 5168 2723 5200 ι
2761 5166 2775 5202 :
2806 5148 3051 5216 Domine,
3080 5149 3327 5216 Domine,
3349 5148 3457 5204 Do-

1879 5243 2047 5306 mine,
2086 5239 2374 5294 miserator
2409 5245 2463 5293 et
2503 5238 2812 5294 misericors
2850 5238 3045 5310 (Exod.
3095 5255 3281 5305 xxxrv,
3325 5239 3400 5310 6).
3434 5257 3457 5291 ι

1880 5331 1938 5386 Si
1964 5332 2144 5386 unitas
2177 5346 2281 5385 non
2312 5339 2416 5396 est,
2443 5345 2610 5399 quare
2639 5330 2762 5385 dum
2796 5331 2954 5386 tertio
2979 5331 3182 5387 diceret
3212 5331 3459 5401 Domine,

1878 5434 2064 5494 postea
2098 5445 2115 5476 ι
2149 5424 2433 5479 miserator
2476 5443 2496 5476 ι
2528 5423 2871 5492 singulariter
2896 5423 3045 5490 dicit,
3079 5433 3132 5479 et
3159 5439 3264 5478 non
3294 5424 3462 5478 miser

1879 5524 2111 5581 ratores,
2147 5522 2206 5567 ut
2234 5513 2416 5584 plures
2447 5514 2773 5579 ostenderet,
2816 5514 3117 5568 inlimavit?
3160 5511 3219 5568 Si
3246 5513 3464 5568 trinitas

1880 5621 1988 5660 non
2029 5612 2130 5670 est,
2171 5617 2268 5658 cur
2304 5603 2573 5658 Abraham
2626 5605 2692 5658 ad
2739 5604 2914 5658 ilicem
2962 5604 3200 5658 Membre
3247 5604 3463 5664 sedens.

1885 5696 2164 5767 tribusque
2209 5710 2518 5760 occurrens,
2566 5696 2656 5750 uni
2696 5715 2713 5748 ι
2750 5696 2974 5750 Domine
3001 5716 3020 5750 ι
3057 5693 3206 5766 (Gen.
3246 5711 3377 5764 xvn,
3407 5696 3466 5769 5)

1887 5789 2043 5856 dixit,
2070 5798 2121 5846 et
2147 5806 2250 5846 non
2274 5797 2331 5844 ut
2362 5788 2569 5844 viderat
2593 5789 2762 5844 tribus
2784 5788 3122 5845 salutationis
3147 5791 3466 5861 obsequium
