3988 6456
514 337 658 430 ιοει

1304 359 1591 418 APPEND.
1631 358 1721 416 AD
1762 357 1935 417 SEC.
1964 355 2056 414 IX.
2087 385 2158 398 —
2193 352 2445 412 ISIDORI
2467 437 2475 449 .
2497 351 2942 412 MERCATORIS

516 468 733 545 reddit?
771 482 831 539 Si
859 481 1039 539 unitas
1082 493 1188 535 non
1217 485 1323 544 est,
1361 489 1533 546 quare
1563 489 1685 530 cum
1716 471 1887 545 Moysi
1913 491 1932 525 ι
1965 471 2107 526 Deus
2135 476 2182 536 Α
2209 470 2352 526 Deus
2380 484 2606 540 magnus
2631 480 2686 525 et
2712 478 2904 539 potens
2940 465 3061 523 est?
3097 484 3116 520 ι
3152 463 3334 538 (Deut.
3360 476 3413 528 ς,
3454 463 3571 537 I7.)
3599 463 3660 520 Si
3688 466 3817 520 uni-

518 575 816 641 Abraham,
838 572 1057 627 etDeus
1089 569 1265 633 Isaac,
1302 574 1356 621 et
1380 566 1522 621 Deus
1566 562 1754 629 Iacob,
1790 582 1809 614 ι
1844 561 2003 616 tertio
2025 560 2106 616 di-

518 674 690 733 ceret,
734 663 1000 719 unitatem
1042 659 1354 727 ostendens,
1396 673 1420 710 (
1465 657 1568 712 hoc
1612 654 1744 710 mihi
1796 667 1993 709 nomen
2023 660 2109 708 est

528 755 726 828 (Exod.
760 769 846 820 ιιι,
874 751 963 824 15)
999 770 1018 804 ›
1048 751 1206 806 dixit:
1238 748 1430 806 Nonne
1459 746 1574 802 haec
1598 746 1724 800 sunt
1764 751 2107 814 quaatnostra

519 846 740 900 nomina
765 840 1099 913 designavit?
1128 840 1186 896 Si
1214 838 1430 895 trinitas
1452 851 1556 892 non
1596 845 1701 902 est,
1737 850 1904 906 quare
1941 833 2109 888 David

520 937 683 992 tertio
742 936 914 991 dixit:
951 953 969 986 ι
1001 932 1294 988 Benedicat
1351 945 1451 985 nos
1491 928 1652 994 Deus,
1713 926 1851 982 Deus
1901 933 2107 990 noster,

520 1024 808 1080 benedicat
838 1037 937 1079 nos
963 1021 1104 1077 Deus
1129 1018 1303 1092 (Psal.
1332 1033 1523 1084 ιιι-ιιι,
1546 1016 1623 1089 8).
1657 1035 1676 1069 ι
1711 1014 1769 1070 Si
1801 1014 1980 1070 unitas
2001 1029 2108 1068 non

519 1124 627 1182 est,
654 1130 822 1186 quare
852 1128 973 1169 cum
1004 1130 1023 1163 ι
1054 1112 1196 1167 Deus
1224 1129 1243 1163 ι
1279 1109 1441 1163 tertio
1463 1106 1817 1169 nominasset,
1847 1122 1864 1155 ι
1895 1102 2111 1158 benedi-

522 1217 611 1262 cat
637 1227 656 1259 ι
689 1216 745 1259 ει
769 1219 876 1260 non
901 1203 1224 1258 benedicant
1246 1198 1525 1270 adjunxit?
1566 1196 1625 1251 Si
1647 1196 1860 1251 trinitas
1881 1209 1983 1250 non
2005 1203 2109 1260 est,

523 1313 621 1353 cur
664 1297 832 1353 Isaias
879 1299 1053 1351 denuo
1099 1293 1274 1348 dixit:
1312 1312 1330 1343 ι
1366 1289 1628 1354 Domine,
1675 1288 1817 1342 Deus
1862 1286 2107 1348 sabaotlt.

523 1389 667 1445 Deus
682 1388 867 1454 Israel,
889 1388 978 1457 qui
1003 1386 1158 1441 sedes
1178 1399 1338 1454 super
1354 1379 1681 1438 Cberubiut?
1704 1399 1723 1432 ι
1749 1378 1883 1451 (lsa.
1901 1394 2110 1445 xxxvu,

526 1480 639 1548 16.)
699 1479 757 1534 Si
795 1481 974 1534 unitas
1017 1491 1124 1532 non
1162 1484 1279 1540 est,
1320 1488 1488 1544 quare
1520 1470 1609 1541 qui
1645 1489 1664 1523 ι
1698 1469 1853 1525 sedes
1891 1488 1910 1522 ι
1942 1467 2109 1534 dixit,

523 1580 580 1626 et
621 1585 727 1626 non
779 1570 873 1639 qui
918 1568 1117 1624 sedetis
1168 1563 1448 1635 adiunxit?
1494 1561 1552 1617 Si
1603 1561 1815 1616 trinitas
1858 1575 1964 1615 non
2004 1567 2111 1627 est,

527 1652 696 1734 quare
721 1662 776 1717 in
796 1663 1100 1733 Regnorum
1118 1659 1255 1713 libro
1280 1656 1480 1712 dicitur
1497 1673 1511 1709 :
1536 1672 1556 1705 ι
1577 1652 1822 1717 Domine,
1840 1651 2112 1707 Deusom-

528 1753 800 1825 nipotens,
824 1751 967 1806 Deus
988 1748 1176 1816 Israel,
1197 1760 1478 1803 sermones
1498 1745 1573 1800 tui
1601 1743 1782 1799 fideles
1803 1742 1965 1798 sunt?
1986 1739 2109 1813 »(11

2214 574 2298 619 tas
2334 578 2441 619 non
2478 569 2581 627 est,
2611 575 2780 630 quare
2807 579 2826 611 ι
2859 574 3086 630 magnus
3114 567 3168 614 et
3200 567 3393 631 potens
3422 576 3443 611 ι
3481 573 3593 612 non
3618 554 3814 627 plura-

2211 654 2337 710 liter
2381 652 2728 709 nominatur?
2778 649 2836 707 Si
2888 650 3109 707 trinitas
3158 664 3267 705 non
3311 658 3421 714 est,
3466 664 3570 705 cur
3606 648 3821 704 Tobias

2212 744 2381 811 tilium
2407 760 2565 800 suum
2607 758 2729 799 cum
2766 743 2820 798 in
2848 744 3021 815 Rages
3051 742 3324 798 civitatem
3361 758 3486 797 cum
3531 740 3819 811 Rapiat-le

2212 837 2404 909 angelo
2428 837 2687 904 mitteret,
2723 836 3051 892 benedicens
3070 850 3185 901 eos,
3213 834 3285 889 ita
3306 834 3510 890 dixisse
3538 834 3775 888 docetur
3795 846 3821 888 :

2221 948 2237 980 ι
2270 927 2415 983 Dens
2438 926 2736 990 Abraham,
2761 934 2817 981 et
2845 925 2985 981 Deus
3013 924 3186 990 Isaac,
3218 934 3272 979 et
3306 924 3449 979 Deus
3469 922 3669 987 Iacob,
3702 923 3821 991 ipse

2216 1018 2437 1089 impleat
2460 1016 2890 1073 benedictionem
2907 1031 3060 1071 suam
3083 1015 3137 1070 in
3164 1013 3347 1070 vobis?
3367 1034 3386 1067 ι
3411 1013 3687 1085 (Tob.vu,
3706 1012 3819 1081 15.)

2216 1107 2275 1163 Si
2304 1108 2485 1163 unitas
2523 1122 2627 1162 non
2668 1116 2774 1172 est,
2809 1121 2979 1176 quare
3008 1126 3027 1158 ι
3066 1106 3181 1176 ipse
3226 1104 3447 1176 iurpleat
3492 1125 3512 1158 ι
3563 1104 3728 1165 dixit,
3761 1115 3823 1157 et

2216 1214 2323 1253 non
2347 1198 2446 1269 ipsi
2478 1197 2739 1267 impleant
2758 1196 3059 1251 intimavit?
3080 1195 3360 1251 Postremo
3387 1194 3432 1250 si
3455 1194 3684 1249 trinitas
3712 1208 3821 1247 non

2216 1297 2320 1353 est,
2350 1303 2520 1359 quare
2543 1288 2801 1342 Dominus
2822 1287 3113 1357 discipulos
3132 1301 3259 1341 suos
3287 1287 3339 1340 in
3361 1286 3585 1340 nomine
3608 1284 3820 1345 Patris,

2178 1394 2183 1401 ‘
2218 1386 2275 1433 et
2302 1376 2443 1445 Filii,
2475 1388 2530 1433 et
2575 1376 2808 1447 Spiritus
2850 1379 3026 1433 Sancti
3064 1378 3349 1433 universas
3401 1386 3590 1447 gentes
3636 1380 3827 1445 posuit

2220 1469 2777 1541 baptizare?(MattI¢.
2832 1485 3025 1536 xxvm,
3065 1468 3178 1540 19.)
3228 1467 3285 1524 Si
3328 1469 3508 1523 unitas
3556 1483 3671 1523 non
3717 1478 3823 1532 est,

2219 1575 2390 1630 quare
2425 1578 2444 1611 ι
2483 1560 2537 1614 in
2566 1560 2784 1615 nomine
2816 1580 2836 1614 ι
2863 1560 3018 1625 dixit,
3041 1569 3096 1615 et
3117 1576 3223 1615 non
3254 1560 3308 1614 in
3331 1558 3649 1615 nominibus
3678 1573 3824 1628 pra-

2219 1651 2466 1721 cipieudo
2487 1651 2800 1721 perdocuit?
2819 1650 2878 1707 Si
2900 1652 3116 1707 trinitas
3136 1666 3242 1706 non
3271 1660 3376 1717 est,
3402 1667 3572 1722 quare
3597 1660 3831 1722 aposto-

2221 1743 2306 1800 lus
2350 1742 2550 1798 Paulus
2586 1744 2701 1798 ait:
2732 1762 2752 1795 ι
2792 1744 2871 1799 Ex
2923 1744 3040 1814 ipso
3076 1753 3134 1800 et
3160 1759 3257 1815 per
3284 1740 3464 1814 ipsum
3495 1753 3552 1800 et
3598 1745 3663 1799 in
3710 1746 3827 1814 ipso

527 1848 658 1920 Reg.
686 1864 822 1914 χιιι,
848 1846 926 1918 5.)
977 1845 1035 1901 Si
1076 1844 1256 1899 unitas
1293 1856 1400 1898 non
1425 1849 1528 1907 εει,
1565 1853 1735 1911 quare
1765 1855 1785 1889 t
1814 1836 1893 1892 tui
1926 1856 1946 1890 ι
1982 1835 2119 1892 dici-
2147 1842 2192 1903 Β
2221 1844 2349 1893 sunt
2366 1837 2586 1892 omnia?
2611 1835 2787 1909 (Rom.
2809 1853 2886 1902 tu,
2913 1836 3028 1909 36.)
3057 1856 3079 1890 ι
3105 1836 3162 1893 Si
3190 1838 3369 1893 unitas
3387 1852 3491 1892 non
3516 1848 3626 1902 eet,
3652 1851 3830 1905 quam

528 1947 636 2005 tur,
664 1947 720 1995 ει
754 1954 858 1994 non
884 1937 1051 1993 vestri
1093 1935 1272 2007 potius
1321 1931 1635 1988 intimatur?
1658 1929 1717 1986 Si
1763 1929 1980 1985 trinitas
2007 1942 2115 1982 non

529 2040 636 2097 est,
669 2045 767 2085 cur
801 2029 855 2083 in
884 2026 1091 2100 psalmo
1120 2024 1565 2096 quinquagesimo
1592 2031 1785 2079 octavo
1821 2030 2076 2077 cantatur
2101 2037 2115 2074 :

534 2137 556 2173 ι
600 2120 826 2176 Domine
848 2120 1132 2181 virtutum,
1168 2117 1310 2171 Deus
1338 2114 1519 2181 Israel,
1545 2114 1763 2170 intende
1796 2113 1867 2167 ad
1895 2113 2120 2167 visitan—

531 2210 632 2266 das
669 2224 857 2265 omnes
893 2206 1118 2278 gentes?
1149 2225 1167 2257 ι
1202 2206 1262 2260 Si
1300 2206 1480 2261 unitas
1518 2219 1623 2259 non
1664 2211 1772 2269 est,
1803 2218 2012 2273 quaret
2039 2202 2122 2258 in-

536 2303 703 2359 tende
736 2321 755 2355 ι
789 2303 969 2373 posuit
1018 2308 1074 2356 et
1101 2314 1205 2354 non
1247 2298 1527 2365 intendite,
1560 2305 1622 2352 ut
1655 2297 1981 2367 prtedicatus
2005 2303 2120 2380 est,

536 2393 842 2449 intin‘tavit?
868 2392 926 2448 Si
968 2392 1181 2447 trinitas
1217 2406 1323 2446 non
1360 2398 1469 2457 est,
1518 2404 1689 2460 quare
1725 2391 1780 2444 in
1802 2387 2124 2460 Apocalypsi

536 2486 699 2542 tertio
728 2486 903 2542 dixit:
941 2504 959 2538 ι
990 2486 1244 2552 Sanctus,
1300 2493 1540 2549 sanctus,
1575 2491 1796 2538 sanctus
1843 2482 2121 2547 Dominus,

534 2580 679 2635 Deus
702 2578 1059 2650 omnipotens,
1091 2579 1179 2649 qui
1209 2585 1293 2633 est
1319 2584 1375 2633 et
1401 2577 1493 2647 qui
1520 2576 1676 2632 erat?
1698 2595 1717 2628 ι
1735 2575 1922 2647 (Apoc.
1946 2590 2020 2640 tv,
2045 2573 2122 2644 8.)

505 2680 517 2691 τ’
541 2667 605 2723 Si
645 2668 826 2723 unitas
851 2683 955 2723 non
994 2676 1097 2730 est.
1139 2682 1307 2737 quare
1353 2681 1458 2721 non
1502 2666 1597 2735 qui
1646 2674 1774 2721 sunt
1821 2664 2124 2734 pluraliter,

539 2757 636 2813 sed
677 2757 771 2827 qui
813 2776 832 2809 ι
877 2766 996 2812 erat
1047 2776 1067 2810 ι
1111 2756 1446 2828 designavit?
1494 2757 1552 2811 Si
1605 2757 1822 2811 trinitas
1871 2771 1977 2810 non
2020 2763 2126 2821 est,

540 2864 713 2919 quare
739 2847 795 2903 in
825 2847 1241 2904 Deuteronomio
1260 2848 1462 2903 dictum
1492 2857 1576 2903 est
1604 2865 1617 2902 :
1650 2865 1670 2899 ι
1700 2848 1960 2903 Dominus
1986 2848 2128 2902 Deus

541 2948 690 3005 tuus,
720 2940 864 2994 Deus
918 2939 1228 2994 misericors
1265 2948 1370 3004 est,
1419 2947 1475 2993 et
1525 2938 1707 2993 audiet
1754 2952 1940 2993 vocem
1982 2947 2128 2992 tuam

545 3026 725 3099 (Deut.
756 3043 828 3093 tv,
859 3028 971 3101 51).
1007 3047 1026 3081 ι
1056 3027 1113 3082 Si
1144 3027 1322 3083 unitas
1355 3042 1460 3082 non
1499 3034 1601 3091 est,
1638 3042 1806 3098 quare
1837 3046 1855 3079 ι
1887 3026 2071 3082 audiet
2104 3044 2123 3078 ι

541 3117 744 3190 posuit,
773 3128 826 3173 et
852 3132 958 3172 non
982 3115 1197 3172 audient
1240 3116 1542 3171 intimavit?
1572 3117 1630 3172 Si
1659 3116 1872 3172 trinitas
1893 3132 1999 3172 non
2023 3124 2127 3181 est,

2224 1949 2244 1984 ι
2281 1946 2350 1986 ex
2408 1932 2527 2002 ipso
2578 1950 2599 1985 ι
2633 1931 2834 2002 posuit,
2877 1940 2933 1986 et
2981 1946 3090 1987 non
3135 1946 3203 1986 ex
3249 1930 3382 2001 ipsis
3430 1929 3716 1986 astruxit?
3768 1928 3827 1986 Si

2218 2026 2364 2081 enim
2387 2032 2540 2081 certo
2565 2026 2778 2081 certius
2796 2025 3031 2081 volueris
3052 2024 3314 2080 unitatem
3335 2022 3623 2079 Trinitatis
3652 2038 3826 2095 agno-

2220 2130 2374 2172 scere
2400 2131 2432 2171 a
2463 2116 2753 2187 saepedicto
2786 2115 3009 2172 doctore
3038 2115 3279 2188 gentium
3323 2114 3584 2184 apostolo,
3614 2116 3830 2185 poteris

2220 2207 2472 2264 universa
2502 2207 2835 2270 condiscere,
2874 2215 2929 2263 et
2980 2207 3133 2278 sequi
3177 2206 3498 2262 catholicam
3545 2205 3725 2261 ﬁdem
3777 2222 3832 2280 ει

2222 2301 2551 2356 Arianorum
2586 2299 2906 2370 pravitatem
2935 2311 3222 2370 respuere;
3259 2299 3431 2370 gratia
3461 2297 3693 2353 Domini
3728 2312 3829 2353 no-

2225 2393 2327 2449 stri
2348 2390 2474 2448 Iesu
2499 2389 2721 2456 Christi,
2752 2378 2944 2461 inquit,
2976 2400 3031 2446 et
3058 2392 3300 2446 cbaritas
3341 2389 3434 2444 Dei
3477 2398 3531 2444 et
3567 2404 3834 2444 commu-

2226 2486 2426 2542 nicatio
2462 2484 2634 2541 sancti
2684 2485 2921 2555 Spiritus
2962 2483 3082 2554 (III
3112 2484 3238 2538 Lor.
3270 2498 3390 2548 xui,
3436 2481 3541 2552 l3),
3589 2482 3721 2552 ipsa
3750 2491 3833 2535 est

2226 2576 2423 2641 Patris,
2447 2585 2505 2631 et
2526 2575 2671 2642 Filii,
2692 2585 2749 2631 et
2773 2575 3008 2646 Spiritus
3039 2575 3231 2630 sancti.
3257 2573 3533 2642 Quomodo
3553 2573 3616 2626 in
3652 2572 3834 2626 Trini-

2230 2679 2339 2727 tate
2365 2685 2532 2725 unum
2570 2678 2718 2733 sunt,
2748 2669 2874 2739 quia
2904 2677 3097 2723 natura
3126 2678 3289 2738 atque
3310 2667 3378 2722 ab
3399 2665 3640 2720 invicem
3673 2679 3834 2735 sepa-

2231 2762 2339 2817 rari
2371 2776 2477 2816 non
2503 2760 2766 2831 possunt?

2299 2853 2586 2919 Ceterum,
2627 2850 2795 2907 frater
2820 2851 3166 2919 charissime,
3187 2866 3308 2922 qua:
3337 2858 3428 2904 tua
3467 2849 3835 2905 continebant

2230 2944 2431 3014 scripta
2461 2957 2526 2999 ex
2558 2944 2814 3015 subjectis
2840 2944 3124 2999 sententiis
3147 2942 3379 2997 maxime
3400 2940 3584 2995 omnia
3626 2940 3834 3010 poteris

2231 3038 2505 3110 colligere.
2538 3035 2770 3091 Necesse
2801 3042 2903 3099 εει,
2941 3033 3111 3088 frater
3151 3032 3494 3096 charissime,
3523 3031 3729 3085 adesse
3757 3030 3833 3084 di-

2232 3129 2442 3195 vinum,
2472 3126 2564 3181 ubi
2602 3126 2900 3180 humanum
2946 3131 3124 3178 cessat
3159 3120 3438 3176 auxilium.
3482 3119 3550 3174 Et
3580 3128 3650 3174 ut
3679 3120 3832 3188 juxta

542 3220 715 3276 quare
768 3207 823 3261 in
850 3205 977 3262 Iesu
1024 3205 1172 3262 Nave
1198 3206 1396 3262 dicitur
1424 3205 1597 3262 libro:
1635 3224 1653 3259 ι
1691 3206 1953 3261 Dominus
1984 3205 2128 3260 Deus
2155 3195 2199 3257 C
2230 3218 2547 3289 Αροςιοιυηι
2574 3217 2838 3281 dicamus,
2863 3214 2989 3269 licet
3012 3215 3175 3269 verba
3209 3212 3536 3283 replicemus
3558 3227 3694 3282 qua
3720 3213 3832 3282 ipse

543 3299 764 3353 deorum
789 3308 872 3353 est
900 3293 1076 3371 (Deut.
1103 3314 1159 3365 ιι,
1189 3298 1299 3371 17).
1338 3316 1358 3351 ι
1392 3297 1452 3353 Si
1483 3298 1664 3353 unitas
1695 3314 1798 3353 non
1837 3309 1939 3363 est,
1961 3314 2130 3368 quare

548 3407 568 3440 ι
603 3397 685 3444 εει
716 3407 737 3441 ι
770 3386 926 3455 dixit,
959 3397 1015 3444 et
1039 3404 1145 3444 non
1182 3397 1327 3454 sunt,
1372 3404 1522 3444 more
1549 3388 1860 3454 locutionis,
1882 3389 2131 3444 induxit?

547 3477 606 3533 Si
638 3478 849 3534 trinitas
903 3494 1007 3534 non
1058 3487 1161 3545 est,
1193 3493 1360 3548 quare
1410 3478 1558 3533 Elias
1604 3478 1911 3534 hortando:
1949 3496 1968 3529 ι
2022 3478 2129 3534 Do-

545 3572 714 3635 mine,
766 3569 1014 3635 Domine,
1065 3571 1311 3635 Domine,
1339 3569 1482 3626 Deus
1526 3568 1708 3635 Israel,
1753 3570 1977 3625 ostende
2007 3572 2131 3640 quia

550 3670 607 3716 tu
655 3677 715 3717 es
750 3660 894 3716 Deus
948 3676 1101 3716 meus
1145 3660 1261 3731 (III
1299 3660 1429 3732 Reg.
1476 3678 1626 3725 xvtu,
1663 3661 1779 3733 36),
1812 3680 1831 3714 ι
1865 3662 2032 3717 dixit?
2072 3661 2131 3718 Si

547 3753 726 3808 unitas
757 3768 861 3807 non
905 3762 1011 3818 est,
1053 3765 1222 3824 quare
1253 3771 1270 3803 ι
1301 3753 1524 3808 ostcmle
1558 3770 1577 3805 ι
1611 3760 1665 3807 ει
1703 3766 1810 3806 non
1865 3751 2134 3807 ostendite

548 3844 765 3914 posuit?
793 3845 850 3899 Si
883 3843 1096 3899 trinitas
1119 3860 1225 3900 non.
1248 3853 1351 3909 est,
1378 3860 1475 3899 cur
1502 3844 1871 3899 Mardochteus
1890 3844 2128 3899 orando:

552 3954 571 3987 ι
606 3934 847 3999 Domine,
881 3935 1020 3990 Deus
1048 3935 1410 4003 omnipotens,
1442 3935 1622 3991 omnia
1662 3935 1714 3989 in
1746 3943 2011 4004 potestate
2043 3944 2132 3990 tua

547 4034 675 4082 ειιιιι
719 4024 893 4098 (Estlt.
939 4042 1052 4094 xiv,
1104 4026 1193 4097 12)
1239 4046 1257 4079 ι
1301 4027 1469 4081 dixit?
1526 4027 1585 4082 Si
1641 4028 1822 4083 unitas
1869 4043 1974 4083 non
2025 4037 2131 4095 est,

550 4131 719 4185 quare
750 4117 802 4170 in
841 4132 859 4167 ι
899 4123 988 4170 tua
1025 4135 1044 4169 ι
1074 4117 1271 4186 posuit,
1318 4124 1373 4171 et
1419 4116 1606 4171 nonin
1656 4125 1831 4171 vestra
1869 4116 2135 4187 signavit?

536 4198 607 4265 'Si
642 4208 855 4264 trinitas
898 4224 1005 4264 non
1041 4216 1144 4275 est,
1173 4225 1272 4263 cur
1300 4209 1463 4264 etiam
1498 4208 1681 4265 Iudith
1722 4210 1928 4265 orando
1956 4209 2131 4265 dixit:

554 4320 575 4353 ι
613 4299 855 4365 Domine,
887 4299 1132 4366 Domine,
1161 4299 1303 4357 Deus
1351 4302 1591 4357 omnium
1620 4303 1900 4371 virtutum,
1928 4305 2136 4377 respice

550 4391 606 4447 in
635 4390 933 4447 orationem
974 4391 1189 4446 meam?
1220 4411 1240 4444 ι
1270 4391 1591 4464 (ludit/nix,
1620 4393 1700 4466 ὅ.)
1730 4394 1786 4450 Si
1818 4394 1999 4451 unitas
2026 4411 2133 4451 non

548 4495 655 4551 est,
681 4501 849 4556 quare
882 4505 901 4539 ι
938 4485 1146 4557 reSpice
1178 4505 1196 4538 ι
1227 4488 1423 4556 posuit,
1453 4499 1510 4542 et
1546 4503 1651 4543 non
1692 4488 1946 4559 respicite
1987 4489 2134 4545 desi-

2231 3302 2521 3365 Timotheo
2566 3307 2791 3372 scribit,
2830 3306 3062 3360 dicens:
3106 3321 3125 3355 ι
3161 3303 3399 3363 Ecclesia
3438 3302 3541 3357 Dei
3586 3304 3704 3358 vivi
3747 3319 3835 3358 eo-

2231 3402 2416 3457 lumna
2460 3409 2513 3456 et
2561 3399 2959 3454 firmamentum
3011 3405 3093 3452 est
3136 3396 3402 3451 veritatis.
3443 3394 3515 3450 Et
3543 3397 3833 3451 manifeste

2232 3508 2487 3564 magnum
2529 3500 2615 3547 est
2651 3491 2866 3562 pietatis
2886 3498 3305 3555 sacramentum,
3333 3487 3476 3558 quod
3513 3487 3833 3543 manifesta-

2235 3595 2346 3642 tum
2374 3594 2457 3641 est
2484 3584 2536 3639 in
2560 3598 2743 3647 carne,
2769 3578 3125 3652 justiﬁcatum
3149 3590 3233 3635 est
3253 3581 3307 3635 in
3336 3580 3560 3652 spiritu,
3581 3580 3833 3650 apparuit

2233 3676 2460 3749 angelis,
2487 3674 2837 3746 praedicatum
2884 3682 2969 3728 est
3014 3671 3285 3744 gentibus,
3331 3672 3605 3727 creditum
3653 3683 3737 3728 est
3776 3673 3827 3726 in

2232 3770 2458 3835 mundo,
2476 3776 2808 3837 assumptum
2824 3775 2909 3821 est
2933 3766 2985 3819 in
3010 3765 3180 3836 gloria
3205 3763 3254 3838 (I
3282 3763 3419 3819 Tim.
3448 3780 3536 3828 ιιι,
3555 3765 3650 3831 15,
3675 3766 3784 3836 16).
3808 3784 3825 3816 ο

2237 3879 2258 3913 ι
2294 3858 2527 3930 Spiritus
2563 3867 2742 3913 autem
2788 3856 3072 3913 manifeste
3093 3856 3245 3922 dicit,
3273 3857 3403 3928 quia
3433 3858 3487 3911 in
3518 3858 3830 3913 novissimis

2234 3939 2568 4023 temporibus
2594 3950 2875 4005 discedent
2903 3948 3121 4019 quidam
3152 3964 3183 4003 a
3211 3948 3316 4003 fide
3351 3950 3704 4005 attendentes
3726 3950 3830 4019 ενι·

2234 4041 2432 4098 ritibus
2455 4041 2657 4098 erroris
2682 4049 2737 4096 et
2762 4039 3027 4096 doctrinis
3054 4040 3443 4097 daemoniorum
3471 4042 3529 4097 in
3555 4041 3827 4114 hypocrisi

2233 4130 2567 4202 loquentium
2613 4132 2978 4196 mendacium,
3014 4124 3075 4186 et
3114 4131 3468 4187 cauteriatam
3511 4132 3827 4188 habentium

2234 4237 2387 4278 suam
2413 4222 2818 4286 conscientiam,
2847 4221 3251 4292 prohibentium
3293 4222 3525 4288 nubere,
3552 4224 3829 4280 abstinere

2234 4329 2269 4369 a
2313 4313 2475 4380 cibis,
2518 4329 2657 4384 quos
2696 4313 2839 4368 Deus
2886 4313 3091 4368 creavit
3138 4312 3205 4367 ad
3246 4314 3663 4384 percipiendum
3704 4331 3826 4371 cum

2237 4406 2534 4479 yatiarum
2562 4405 2795 4472 actione,
2828 4405 3072 4461 ﬁdelibus
3101 4414 3165 4474 et
3209 4405 3295 4460 bis
3333 4408 3426 4477 qui
3455 4420 3831 4479 cognoverunt

2239 4478 2546 4561 veritatem,
2584 4494 2711 4565 quia
2749 4494 2924 4549 omnis
2955 4502 3205 4549 creatura
3255 4494 3351 4550 Dei
3394 4478 3556 4563 bona,
3605 4508 3665 4553 et
3699 4499 3826 4554 nihil

550 4574 770 4647 gnavit?
794 4574 849 4631 Si
878 4575 1093 4632 trinitas
1118 4592 1223 4632 non
1250 4585 1356 4642 est,
1380 4593 1546 4648 quare
1566 4579 1620 4633 in
1645 4576 1877 4635 Ieremia
1902 4580 2130 4636 dicitur:
2165 4566 2212 4625 Ῑ)
2240 4587 2588 4658 rejiciendum
2617 4586 2759 4657 quod
2785 4601 2908 4640 cum
2938 4586 3232 4656 gratiarum
3264 4587 3479 4642 actione
3509 4589 3824 4659 percipitur,

556 4685 576 4717 ‹
614 4664 873 4721 Dominus
901 4666 1043 4723 Deus
1065 4677 1243 4723 vester
1268 4666 1411 4723 Deus
1442 4684 1605 4724 verax
1633 4670 1752 4725 est?
1784 4689 1802 4721 ι
1829 4670 2045 4742 (larem.
2076 4689 2131 4740 χ,

553 4756 666 4830 10.)
694 4756 754 4813 Si
782 4758 965 4813 unitas
991 4774 1097 4813 non
1120 4766 1225 4825 est,
1244 4773 1413 4828 quare
1442 4759 1495 4814 in
1526 4760 1843 4831 Apocalypsi
1872 4744 2133 4832 scriptum

551 4854 674 4902 est:
714 4865 733 4897 ι
768 4847 1048 4913 Dominus,
1083 4846 1248 4912 Deus,
1274 4856 1328 4902 et
1354 4847 1588 4917 Spiritus
1615 4835 1999 4921 prophetarum
2035 4851 2135 4906 mi-

551 4937 623 4991 sit
650 4936 898 5006 angelum
930 4953 1083 4992 suum
1110 4938 1397 4994 ostendere
1440 4939 1611 4995 servis
1639 4941 1753 4995 suis
1777 4956 1895 5011 qua:
1923 4950 2136 5012 oportet

554 5026 671 5081 ﬁeri
701 5026 846 5082 cito?
881 5048 900 5080 ι
939 5027 1119 5100 (Apoc.
1148 5044 1281 5095 χχιι,
1313 5028 1390 5101 6.)
1417 5028 1473 5085 Si
1506 5032 1683 5086 unitas
1718 5047 1823 5086 non
1842 5042 1945 5098 est,
1969 5048 2138 5103 quare

553 5133 674 5173 cum
700 5116 913 5172 Patrem
937 5127 991 5172 et
1016 5116 1209 5172 Filium
1236 5127 1290 5173 et
1312 5116 1572 5190 Spiritum
1594 5130 1839 5176 sanctum
1867 5124 2138 5179 nominas-

552 5217 656 5273 set,
696 5226 714 5258 ι
752 5207 896 5262 misit
931 5229 949 5261 ι
982 5208 1240 5265 Dominus
1285 5209 1440 5277 dixit,
1481 5220 1536 5266 et
1571 5227 1678 5267 non
1726 5212 2007 5280 miserunt,
2039 5215 2138 5271 sub

550 5308 813 5371 prtetextu
865 5300 1024 5355 trium
1070 5316 1422 5372 personarum
1465 5312 1518 5357 et
1570 5318 1764 5359 nomen
1811 5305 2139 5361 introduxit?

551 5389 610 5445 Si
646 5390 858 5446 trinitas
890 5407 995 5445 non
1023 5400 1124 5455 est,
1159 5406 1328 5461 quare
1368 5391 1422 5445 in
1451 5392 1869 5449 Deuteronomio
1896 5392 2130 5450 dicitur:

557 5499 575 5530 ι
613 5479 872 5536 Dominus
896 5481 1038 5536 Deus
1064 5490 1262 5549 vester,
1294 5481 1379 5538 hic
1405 5492 1488 5538 est
1515 5483 1690 5540 Deus?
1722 5504 1739 5536 ι
1769 5483 1946 5558 (Deut.
1976 5502 2015 5551 ι,
2040 5485 2131 5559 50)

552 5572 609 5628 Si
642 5572 816 5630 unitas
845 5589 949 5628 non
980 5581 1083 5640 est,
1119 5588 1284 5644 quare
1318 5592 1336 5625 ι
1373 5574 1461 5630 hic
1494 5583 1579 5631 est
1611 5596 1629 5629 ι
1662 5575 1817 5644 dixit,
1857 5585 1912 5633 et
1941 5592 2047 5633 non
2077 5578 2132 5634 hi

553 5675 678 5720 sunt
705 5666 895 5737 plurali
928 5682 1154 5723 numero
1185 5667 1515 5738 designavit?
1545 5667 1602 5725 Si
1644 5669 1858 5727 trinitas
1884 5687 1992 5728 non
2023 5680 2130 5739 est,

556 5776 720 5828 quare.
750 5761 802 5814 iu
831 5763 1018 5816 eodem
1049 5760 1245 5817 dicitur
1273 5760 1411 5817 libro
1443 5777 1454 5813 :
1485 5779 1503 5814 ε
1536 5762 1792 5820 Dominus
1813 5765 1952 5824 Deus
1984 5775 2127 5836 tuus,

2237 4677 2607 4733 sanctiﬁcatur
2652 4678 2796 4731 enim
2844 4692 2940 4748 per
2977 4677 3201 4732 verbum
3252 4676 3349 4732 Dei
3396 4687 3452 4733 et
3501 4680 3823 4735 orationem.

2236 4768 2362 4824 Ilaec
2381 4784 2684 4841 pr0ponens
2714 4768 2994 4835 fratribus,
3021 4770 3194 4825 bonus
3216 4771 3326 4826 eris
3355 4771 3608 4828 minister
3626 4773 3824 4828 Christi

2235 4859 2386 4929 Iesu,
2417 4861 2685 4917 enutritus
2711 4862 2877 4918 verbo
2916 4862 3038 4917 ﬁdei
3068 4872 3123 4917 et
3166 4863 3639 4930 bona-doctrinae,
3669 4882 3825 4935 quam

2237 4950 2518 5008 assecutus
2537 4967 2615 5008 es.
2648 4952 2863 5022 Ineptas
2888 4963 3066 5008 autem
3095 4963 3151 5008 et
3173 4954 3361 5010 inanes
3386 4953 3601 5011 fabulas
3625 4957 3825 5022 devita,

2239 5051 2295 5097 et
2313 5057 2505 5098 exerce
2536 5043 2765 5114 teipsum
2795 5043 2861 5098 ad
2893 5044 3169 5114 pietatem.
3192 5042 3326 5099 Nam
3350 5048 3660 5115 corporalis
3672 5065 3825 5104 exer-

2237 5134 2424 5190 citatio
2449 5135 2517 5189 ad
2545 5136 2814 5190 modicum
2838 5135 2985 5190 utilis
3012 5145 3111 5191 est.
3142 5134 3321 5192 Pietas
3346 5146 3528 5192 autem
3558 5139 3631 5194 ad
3648 5142 3824 5196 omnia

2238 5223 2386 5278 utilis
2416 5232 2521 5290 est,
2554 5223 2969 5292 promissionem
3008 5227 3214 5282 habens
3244 5226 3387 5292 vitae,
3417 5242 3541 5296 qme
3575 5244 3720 5285 nunc
3747 5241 3822 5284 est

2236 5321 2291 5367 et
2311 5312 2525 5368 futurae.
2568 5313 2767 5370 Fidelis
2795 5330 2975 5370 sermo
3001 5326 3057 5370 et
3088 5316 3235 5370 omni
3262 5318 3583 5387 acceptione
3612 5320 3817 5390 dignus.

2237 5399 2295 5456 In
2324 5402 2427 5457 hoc
2457 5402 2601 5457 enim
2632 5401 2941 5459 laboramus
2966 5412 3022 5460 et
3047 5405 3440 5471 maledicimur,
3473 5409 3605 5479 quia
3640 5423 3821 5480 spera-

2239 5508 2362 5548 mus
2384 5493 2437 5548 in
2465 5493 2632 5548 Deum
2658 5494 2861 5559 vivum,
2883 5495 2974 5564 qui
3004 5505 3087 5551 est
3114 5495 3364 5553 Salvator
3387 5500 3635 5555 omnium
3661 5501 3824 5556 homi-

2241 5600 2392 5651 num,
2435 5585 2779 5655 maximeque
2828 5586 3086 5643 Iidclium.
3134 5588 3374 5660 Prtecipe
3419 5591 3537 5645 hate
3579 5602 3638 5646 et
3674 5592 3816 5646 door.

2238 5673 2408 5732 Nemo
2424 5674 2841 5732 adolescentiam
2871 5684 3016 5733 tuam
3041 5689 3384 5746 contemnat;
3407 5682 3502 5736 sed
3521 5681 3816 5751 exemplum

2238 5775 2356 5824 esto
2384 5767 2645 5837 fidelium,
2673 5769 2724 5825 in
2753 5770 2941 5839 verbo,
2984 5771 3039 5827 in
3072 5774 3506 5839 conversatione,
3547 5774 3603 5829 in
3651 5774 3818 5831 chari-
