3988 6500
222 336 392 394 I089

1459 340 1947 398 DECRETALIUM
1984 342 2386 399 COLLECTIO.

3374 336 3512 404 i090

220 446 381 516 trite,
407 452 457 506 in
485 452 605 515 fide,
632 453 685 506 in
709 453 975 509 castitate.
997 454 1132 511 Dum
1154 455 1328 521 Venio,
1351 456 1572 512 attendo
1595 455 1832 520 lectioni,
1862 463 1910 521 Α
1937 466 2100 526 atque
2137 456 2260 511 aliis
2288 458 2649 516 anxietatibus
2685 459 2934 525 Vexatns,
2969 457 3183 530 longam
3227 461 3510 531 epistolam

221 543 634 608 exhortationi,
663 543 941 598 doctrinae.
979 542 1095 598 Noli
1136 544 1405 616 negligere
1445 545 1675 614 gratiam
1709 559 1828 613 qua:

225 635 373 688 data
399 643 486 688 est
532 633 626 688 tibi
660 648 761 701 per
795 633 1136 702 prophetiam
1173 649 1297 688 cum
1331 633 1674 702 impositione
1715 648 1830 688 ma-

1932 547 2153 602 minime
2187 547 2426 604 scribere
2471 547 2634 602 valui.
2669 545 2931 618 Tempore
2961 564 3200 620 congruo
3236 551 3432 616 denuo,
3464 555 3511 608 si

1933 654 2155 694 necesse
2182 640 2362 704 fuerit,
2394 640 2566 707 mitte,
2595 649 2650 695 et
2677 655 2741 695 ea
2770 655 2890 711 qua:
2916 641 3310 698 desideraveris
3337 654 3510 699 sutne.

229 738 414 777 unum
467 723 788 792 presbyteri.
846 721 968 777 Haec
1016 723 1274 778 meditare
1302 763 1318 788 .
1367 725 1420 778 in
1467 723 1552 777 his
1583 733 1725 787 esto,
1772 730 1835 777 ut
1935 731 2076 786 Deus
2123 743 2174 787 te
2220 731 2545 787 incolumem
2598 733 2898 798 custodiat,
2950 732 3121 788 frater
3170 733 3510 791 charis‘sime.

229 811 522 881 profectus
557 821 680 866 tuus
715 811 1030 867 manifestus
1063 813 1135 866 sit
1167 814 1436 869 erunibus.
1467 811 1698 868 Attende
1737 813 1831 869 tibi

226 911 303 957 et
330 902 606 966 doctrinae,
650 900 789 956 insta
828 901 880 956 in
911 902 1048 969 illis;
1089 903 1191 959 hoc
1230 903 1376 958 enim
1421 903 1626 959 faciens
1660 911 1716 959 et
1756 914 1833 959 te-

231 992 422 1063 ipsum
466 993 674 1047 salvum
724 993 907 1058 facies,
937 1003 992 1049 et
1018 1010 1113 1049 eos
1149 995 1241 1065 qui
1270 1003 1322 1050 te
1349 994 1574 1050 audiunt
1603 993 1655 1066 (Ι
1689 994 1824 1049 Tim.

232 1096 318 1146 ιν,
348 1081 520 1152 1-16).
555 1101 573 1134 ι
602 1080 782 1136 Fama:
811 1083 953 1136 enim
982 1083 1146 1139 nimis
1191 1082 1442 1154 aliligitur
1466 1097 1630 1153 quam
1678 1083 1832 1138 clade

1934 826 2128 879 Amen.

2006 919 2137 972 Data
2163 935 2218 973 tv
2246 917 2426 974 Nonas
2451 914 2671 986 Aprilis,
2696 912 2999 970 Justiniano
3024 924 3078 969 et
3104 913 3260 971 Libio
3283 912 3356 969 iV
3383 927 3513 972 oon-

1936 1009 2161 1064 sulibus.

470 1380 1107 1473 INCIPIUNT
1179 1378 1716 1471 DE'CRETA
1778 1377 2300 1469 ‘SEGUNDI
2376 1377 2852 1468 PELAGII
2931 1379 3300 1498 PAPIE‘.

307 1650 686 1728 Dilectissimis
728 1669 1005 1736 fratribus,
1055 1668 1325 1727 universis
1371 1671 1657 1741 episcopis,
1703 1671 1816 1741 qui,

227 1756 429 1820 illicita
479 1762 761 1818 vocatione
813 1759 1036 1818 Joannis
1089 1761 1666 1832 Constantinopolitani
1707 1761 1822 1832 epi-

225 1857 409 1928 scopi,
451 1855 519 1911 ad
563 1854 828 1927 synodum
856 1852 1378 1923 Constantinopolim
1424 1859 1816 1918 conticuerunt,

223 1949 523 2003 Ρεωοιυε.

1845 1993 1893 2053 Β

1921 1669 2006 1726 vel
2033 1667 2446 1726 conciliabulum
2471 1671 2739 1734 'caSSatur,
2766 1673 2824 1723 'et
2859 1669 3124 1741 quidquid
3157 1671 3209 1726 in
3239 1685 3304 1727 eo
3328 1676 3509 1728 actum

1919 1770 2006 1818 est
2031 1761 2242 1817 irritum
2271 1762 2501 1817 habetur
2531 1769 2587 1815 et
2621 1773 2868 1816 vacuum.
2891 1762 2992 1817 Vos
3013 1777 3229 1832 quoque
3255 1763 3512 1838 deinceps

1922 1854 2117 1919 videte,
2141 1862 2200 1908 ut
2218 1852 2420 1907 nullius
2440 1853 2653 1907 herta'tu
2689 1852 2814 1906 talia
2839 1855 3201 1922 praesumatis,
3222 1854 3268 1910 si
3289 1865 3508 1924 apostoe-

1921 1943 2038 1999 litore
2072 1943 2220 1999 sedis
2251 1943 2627 1999 communione
2649 1957 2836 1997 carere
2857 1959 2964 1997 non
2985 1943 3166 1998 vultis.
3193 1943 3350 2000 Modo
3381 1960 3510 2002 vero

307 2031 612 2103 name-sto,
653 2033 792 2092 sicut
823 2030 1146 2106 optavimus,
1189 2029 1292 2107 per
1326 2033 1552 2108 gratiam
1598 2031 1692 2089 Dei
1737 2032 1820 2086 lu-
1845 2029 1893 2053 ”
1920 2032 2040 2090 ideo
2059 2035 2403 2105 suspenditur
2431 2034 2579 2097 ultio,
2606 2041 2665 2088 ut
2694 2033 2869 2089 locum
2891 2033 3064 2102 pessit
3088 2033 3288 2090 habere
3313 2041 3506 2092 curre-

227 2129 382 2184 tnine
431 2128 750 2200 evangelica:
809 2123 1055 2183 veritatis
1103 2129 1172 2182 ab
1232 2126 1521 2182 universali
1577 2124 1818 2180 Ecclesia

225 2210 676 2289 perniciosissimi
718 2218 921 2273 erroris
975 2215 1130 2272 necte
1181 2216 1430 2288 depulsa,
1479 2212 1819 2269 incii'abiliter

225 2309 531 2379 gaudemus
555 2307 609 2361 in
638 2306 886 2372 Domino,
927 2308 1020 2362 sed
1060 2314 1167 2361 neu
1197 2307 1406 2360 modico
1433 2304 1820 2360 contristantur

229 2413 491 2464 mwrorc,
516 2399 643 2469 quia
676 2412 741 2453 ea
771 2414 890 2469 qua:
917 2397 1046 2454 olim
1075 2397 1280 2453 calcata
1313 2395 1526 2450 fuerant
1555 2403 1610 2448 et
1639 2393 1819 2448 fundi-

225 2487 326 2547 tus
374 2491 643 2556 damnata,
697 2490 798 2545 nec
838 2495 1072 2560 (mquam
1103 2489 1217 2544 lie'ri
1262 2488 1579 2552 debuerant,
1619 2486 1817 2540 redivi-

226 2583 320 2636 vis
370 2581 640 2636 radicibus
686 2581 994 2652 germinant
1036 2589 1199 2650 atque
1252 2579 1532 2650 pullulant.
1577 2578 1645 2632 Et
1685 2593 1816 2648 quo-

228 2675 381 2729 niam
435 2673 631 2738 multa,
675 2688 794 2742 quae
845 2671 1232 2743 paenitudinem
1283 2678 1506 2742 possunt
1557 2683 1818 2741 generare

224 2765 577 2834 proveniunt,
625 2776 845 2818 necesse
873 2770 956 2816 est
997 2775 1250 2816 accusare
1293 2771 1411 2830 qua:
1440 2769 1630 2814 contra
1670 2758 1817 2812 ordi-

228 2869 356 2928 nem
384 2862 438 2907 et
465 2865 678 2906 omnem
717 2850 1094 2905 auctoritatem
1142 2849 1284 2904 facta
1318 2856 1444 2904 ‘eSSe
1497 2856 1813 2904 noscantur.

231 2946 408 3011 Unde,
436 2945 648 3010 fratres,
698 2943 884 2999 relicta
922 2943 1137 3014 penitus
1177 2942 1422 3005 audacia,
1465 2955 1587 3011 quae
1627 2949 1815 2995 contra

226 3036 582 3107 apostolicam
611 3037 814 3100 sedem,
849 3036 1036 3090 contra
1077 3033 1244 3102 ipsam
1274 3033 1483 3088 Domini
1512 3031 1816 3087 Salvatori's

225 3138 438 3192 vocem,
475 3143 581 3196 qua
609 3124 812 3181 dictum
860 3135 981 3180 est:
1021 3144 1040 3176 ‹
1074 3123 1152 3178 'l‘u
1188 3138 1248 3178 es
1288 3123 1501 3188 Petrus,
1555 3132 1611 3178 et
1652 3117 1816 3191 super

226 3221 370 3274 hanc
399 3227 605 3289 petram
629 3215 910 3272 :edilicabo
939 3215 1235 3271 Ecclesium
1254 3223 1430 3270 meam
1461 3212 1675 3286 (Matth.
1701 3228 1812 3278 1m,

229 3299 343 3382 i8);
389 3327 409 3364 ι
453 3319 665 3380 sumpta
707 3319 788 3364 est
818 3304 1125 3379 disputandi
1175 3317 1364 3363 centra
1414 3305 1626 3362 Domini
1679 3304 1815 3376 prae-

1919 2125 2047 2181 ctio.
2069 2125 2228 2194 271
2248 2115 2677 2200 Prairiecessor‘es
2698 2129 2827 2178 vero
2853 2121 3098 2187 Joannis,
3117 2132 3177 2179 et
3205 2125 3320 2194 ipse
3347 2124 3512 2181 Joana

1920 2229 2046 2279 nes,
2097 2229 2205 2268 non
2250 2212 2437 2278 semel,
2480 2212 2576 2267 sed
2621 2211 2934 2282 saepissime,
2962 2213 3218 2283 epistolas
3247 2225 3409 2286 atque
3439 2217 3506 2271 li:-

1917 2303 2086 2360 bellos
2115 2303 2332 2374 propria
2361 2314 2520 2356 manu
2559 2302 2893 2372 Subscriptus
2918 2303 3120 2359 sanctis
3147 2306 3510 2361 antecessori-

1917 2392 2018 2448 bus
2045 2393 2246 2448 nostris
2272 2390 2557 2457 miserunt,
2597 2391 2792 2460 quibus
2827 2404 3011 2445 coram
3063 2391 3292 2448 Domino
3323 2406 3511 2463 protei-

1918 2485 2046 2539 stati
2070 2493 2196 2538 sunt
2226 2482 2360 2537 nihil
2400 2496 2635 2552 unquam
2659 2491 2909 2552 proterve
2933 2492 3118 2538 contra
3145 2488 3501 2556 apostolicam

1917 2575 2100 2629 sedem
2136 2589 2318 2644 agere,
2349 2587 2449 2628 nec
2482 2573 2550 2628 de
2595 2573 2736 2628 illius
2790 2582 2884 2628 aut
2927 2574 3156 2630 aliorum
3202 2578 3504 2652 privilegiis

1918 2663 2211 2732 quidquam
2231 2677 2510 2732 usurpare,
2535 2663 2630 2733 qui
2657 2663 2916 2718 hactenus
2935 2664 2990 2719 in
3033 2667 3258 2723 archivo
3300 2679 3505 2726 sanctas

1919 2751 2174 2807 Romanae
2214 2751 2470 2807 Ecclesia:
2521 2751 2622 2807 sub
2665 2752 2852 2824 sigillis
2902 2755 3273 2826 chirographis
3313 2774 3504 2815 eorum

1917 2844 2157 2900 roborati
2206 2844 2470 2900 habentur
2523 2844 2740 2916 integri.
2785 2845 2842 2899 in
2891 2845 3021 2916 ipsis
3067 2849 3213 2903 enim
3261 2850 3505 2920 epistolis

1917 2934 2001 2990 vel
2027 2935 2244 3000 libellis,
2291 2936 2655 2992 anathematis
2693 2936 2908 2994 vinculo
2949 2948 3010 2995 se
3051 2949 3109 2996 et
3153 2920 3504 3000 successores

1915 3033 2105 3081 eorum
2125 3026 2588 3092 constrinxerunt,
2617 3027 2663 3082 si
2685 3037 2922 3098 unquam
2949 3027 3166 3101 aliquod
3191 3044 3380 3090 contra
3403 3043 3500 3092 eds

1915 3118 2402 3187 praesumpsissent,
2419 3128 2512 3172 aut
2524 3129 2712 3174 contra
2728 3121 3178 3192 apostolicamlrel
3197 3125 3356 3182 ullius
3371 3129 3507 3184 alte-

1919 3207 2033 3261 rius
2056 3206 2293 3276 episcopi
2315 3208 2500 3264 sedem
2529 3209 2821 3279 quidquam
2850 3212 3062 3267 adversi
3089 3228 3305 3285 quoquo
3343 3221 3502 3275 modo

1914 3307 2099 3354 essent
2136 3298 2329 3354 moliti.
2356 3292 2564 3355 idcirco
2603 3308 2698 3356 eos
2740 3315 2848 3356 non
2888 3312 2974 3358 est
3012 3319 3239 3362 necesse
3284 3318 3507 3365 excoma-

227 3369 406 3469 cepta,
433 3415 568 3453 vana
596 3399 889 3453 errantium
914 3397 1077 3453 corda
1111 3398 1512 3466 conquiescant,
1543 3412 1639 3452 nec
1660 3396 1820 3452 liceat
1842 3369 1891 3434 (ἶ
1923 3388 2202 3445 municare
2222 3398 2317 3445 aut
2341 3390 2822 3457 anathematizare,
2849 3392 2974 3463 quia
3004 3393 3107 3462 ipsi
3136 3396 3501 3456 anathematis

229 3488 448 3546 defendi
478 3488 619 3557 quod
649 3504 754 3542 non
783 3487 947 3542 liceat
989 3502 1171 3557 agerc.
1216 3485 1459 3540 lielatum
1487 3495 1570 3541 est
1597 3499 1726 3556 ergo
1751 3485 1821 3541 ad

225 3577 578 3650 apestolicam
625 3579 810 3634 Sedem
855 3577 1118 3634 Joannem
1160 3577 1816 3648 Constantinopolitanum

225 3671 563 3746 episcopum,
593 3669 954 3726 universalem
999 3683 1058 3725 se
1105 3671 1467 3734 subscribere,
1508 3683 1709 3737 vosque
1748 3681 1818 3725 ex

223 3751 334 3818 bac
360 3778 455 3818 sua
486 3761 903 3832 praesumptione
940 3761 1008 3815 ad
1038 3761 1300 3832 synodum
1334 3769 1635 3816 convocare
1663 3773 1819 3830 gene-

224 3849 417 3916 ralem,
445 3864 566 3904 cum
594 3849 923 3920 generalium
941 3851 1266 3922 synodorum
1290 3849 1617 3904 convocandi
1633 3859 1818 3905 aucto-

224 3927 362 3998 ritas
394 3941 702 4012 apostolicae
730 3941 844 3996 sedi
884 3941 1027 3996 beati
1071 3939 1214 3995 Petri
1253 3939 1509 4012 singulari
1540 3941 1815 4012 privilegio

222 4033 301 4088 sit
337 4031 554 4097 tradita,
601 4040 656 4086 et
698 4029 842 4086 nulla
884 4046 1120 4101 unquam
1159 4032 1393 4101 synodus
1447 4040 1559 4084 rata
1610 4031 1816 4102 legatur

224 4139 349 4194 qua:
377 4122 667 4192 apostolica
701 4122 1018 4187 auctoritate
1045 4127 1149 4176 lien
1178 4121 1339 4176 fuerit
1381 4121 1534 4177 fulta.
1572 4121 1814 4194 Quaproo

223 4225 349 4284 pter
379 4212 639 4283 quidquid
669 4212 721 4266 in
755 4214 1010 4283 p‘nedi'cto
1042 4222 1221 4267 vestro
1264 4215 1656 4280 conventiculo,
1684 4215 1812 4286 quia

227 4303 464 4372 synodus
497 4302 674 4355 taliter
694 4310 1015 4371 prursumpta
1040 4317 1161 4356 esse
1187 4318 1290 4357 non
1323 4304 1516 4374 potuit,
1543 4305 1810 4360 statuistis

225 4412 291 4448 ex
327 4397 644 4450 auctoritate
673 4396 844 4449 sancti
874 4393 1017 4450 Petri
1048 4395 1410 4465 apostolorum
1446 4397 1722 4466 principis,
1755 4405 1810 4450 et

227 4485 434 4540 Domini
471 4485 765 4541 Salvatoris
797 4501 945 4551 voce,
983 4503 1086 4557 qua
1113 4488 1272 4542 beato
1300 4487 1461 4544 Petro
1489 4497 1807 4559 potestatem

226 4574 424 4644 ligandi
466 4584 628 4643 atque
682 4575 989 4630 absolvendi
1038 4576 1153 4646 ipse
1204 4577 1452 4632 Salvator
1493 4579 1658 4642 dedit,
1688 4595 1807 4648 qure

225 4666 384 4720 etiam
439 4673 678 4735 putestas
731 4667 784 4719 in
837 4668 1239 4722 successoribus
1281 4668 1397 4738 ejus
1443 4668 1805 4724 indubitanter

228 4757 497 4822 transivit,
528 4757 782 4826 prmcipio
825 4758 1002 4811 omnia
1034 4773 1153 4826 qua:
1192 4758 1262 4812 ibi
1292 4759 1560 4813 statuistis
1587 4769 1642 4814 ct
1668 4775 1802 4814 vana

227 4859 279 4902 et
313 4859 524 4904 cassata
553 4866 692 4912 esse,
720 4851 790 4902 ita
831 4859 888 4902 ut
922 4849 1171 4917 deinceps
1211 4863 1481 4917 nunquam
1511 4861 1806 4919 appareant

227 4955 327 4994 nec
361 4939 704 4994 ventilentur.
738 4939 827 4991 Ait
856 4937 996 4992 enim
1027 4938 1138 5007 ipsc
1165 4936 1410 4990 Salvator
1444 4939 1598 4991 beato
1623 4937 1801 5002 Petro,

226 5035 365 5088 sicut
401 5032 517 5103 ipse
568 5049 664 5102 per
701 5046 760 5086 se
787 5030 996 5086 Veritas
1041 5030 1294 5100 loquitur,
1334 5031 1553 5084 dicens:
1598 5040 1615 5080 ἀ
1650 5029 1805 5097 Qua:-

226 5141 434 5196 cnnque
477 5125 726 5193 ligaveris
771 5140 930 5194 super
988 5132 1208 5188 terram,
1247 5133 1405 5177 erunt
1449 5122 1610 5193 ligata
1655 5131 1709 5176 et
1751 5122 1802 5175 in

227 5215 381 5278 ctelo,
431 5225 483 5269 et
520 5229 853 5286 quaecunque
899 5212 1122 5267 solveris
1170 5227 1330 5283 super
1378 5224 1599 5278 terram,
1644 5222 1804 5268 erunt

227 5306 394 5362 soluta
422 5315 477 5360 et
506 5307 556 5360 in
592 5298 730 5360 ccelo
759 5304 943 5376 (lbid.,
975 5305 1110 5374 19).»
1147 5303 1325 5359 Multis
1349 5305 1522 5359 denuo
1552 5304 1804 5374 apostoli-

229 5391 302 5450 cis
323 5404 376 5450 et
397 5395 669 5450 canonicis
700 5404 860 5463 atque
885 5393 1268 5448 ecclesiasticis
1295 5393 1610 5448 iustrnimur
1649 5407 1801 5464 regu~

225 5483 289 5544 lis
317 5503 422 5541 non
453 5487 646 5541 debere
675 5484 878 5554 absque
922 5483 1184 5538 sententia
1226 5482 1587 5538 Romanorum
1631 5485 1801 5554 ponti-

227 5577 382 5631 ficum
411 5574 635 5632 concilia
662 5573 942 5639 celebrari,
977 5582 1322 5644 quapropter,
1354 5583 1412 5627 ut
1448 5575 1560 5642 jam
1599 5575 1800 5630 dirtnm

226 5677 307 5736 est
332 5677 497 5737 recte,
521 5683 624 5724 non
659 5667 966 5732 concilium,
993 5668 1086 5721 sed
1113 5676 1346 5720 vestrum
1369 5668 1798 5722 conventicmnm

701 5778 969 5840 Parum.
1019 5781 1060 5839 (Ι
1075 5781 1120 5839 Χ
1139 5770 1187 5840 Χ
1205 5779 1278 5841 Χ.

1921 3481 2156 3546 vinculo,
2191 3484 2424 3553 propriis
2451 3483 2700 3540 manibus
2723 3484 3088 3554 professiones
3118 3503 3263 3555 suas,
3292 3493 3501 3561 suaque

1919 3571 2120 3642 Scripta
2150 3571 2452 3627 roboranda
2481 3574 2922 3630 constrinxerunt
2944 3592 2958 3642 ;
2982 3577 3127 3633 sciat
3148 3593 3207 3634 se
3238 3589 3414 3635 tamen
3443 3591 3498 3638 et

1919 3663 2034 3733 ipse
2059 3661 2311 3730 Joannes,
2326 3663 2430 3719 nisi
2450 3679 2693 3721 errorem
2719 3681 2873 3722 suum
2887 3668 2996 3724 cito
3018 3672 3336 3738 correxerit,
3353 3688 3382 3727 a
3401 3690 3503 3730 no-

1916 3750 2002 3831 bis
2036 3754 2612 3810 ex‘communicandum
2637 3754 2773 3822 fore,
2803 3765 2859 3812 et
2898 3758 3207 3828 apostolicae
3238 3764 3384 3820 sedis
3416 3775 3498 3820 at-

1915 3857 2021 3914 que
2037 3844 2280 3900 omnium
2297 3854 2606 3902 sanctarum
2624 3849 2996 3920 episcopOrum
3010 3855 3388 3911 communione
3407 3872 3502 3911 cas

1917 3947 2068 4000 rere;
2102 3936 2470 3992 universitatis
2498 3949 2714 4010 quoque
2743 3943 2936 3996 nomen
2959 3971 2974 4008 δ
2997 3943 3140 4013 quod
3170 3946 3276 4001 sibi
3307 3947 3496 4005 illicito

1915 4026 2386 4096 usurpavit,nolite
2403 4029 2810 4096 attenderemec
2825 4033 3104 4089 vocatione
3119 4035 3236 4105 ejus
3251 4040 3316 4093 ad
3331 4055 3499 4111 syno-

1913 4115 2041 4172 dum
2066 4117 2270 4190 absque
2295 4120 2615 4176 auctoritate
2637 4122 2783 4179 sedis
2806 4125 3114 4194 apostolicae
3139 4143 3376 4200 unquam
3403 4149 3490 4189 ves

1913 4208 2048 4272 nire,
2082 4208 2127 4263 si
2158 4210 2465 4280 apesIOIicae
2490 4212 2636 4268 sedis
2669 4223 2726 4268 et
2761 4224 3080 4272 caeterorum
3115 4220 3492 4292 episcoporum

1911 4299 2290 4354 comr‘nunione
2315 4301 2476 4357 vultis
2505 4301 2637 4368 frui;
2671 4305 2846 4362 nullus
2879 4308 3025 4364 enim
3060 4311 3492 4380 patriarcharum

1913 4389 2014 4443 lto‘c
2031 4397 2134 4442 tam
2154 4387 2378 4459 profano
2396 4393 2654 4447 vocabulo
2675 4409 2910 4464 unquam
2931 4407 3130 4466 utatur,
3147 4402 3270 4471 quia
3284 4404 3331 4457 si
3353 4420 3510 4458 unus-

1887 4477 2214 4546 _patriarclta
2245 4479 2567 4536 universalis
2591 4481 2809 4549 dicitur,
2835 4485 3267 4554 patriarcharum
3289 4506 3485 4547 nomen

1908 4569 2119 4624 caeteris
2145 4569 2453 4640 derogatur.
2487 4571 2596 4628 Sed
2621 4573 2762 4629 absit
2787 4575 2889 4630 hoc
2911 4591 2940 4629 a
2969 4576 3140 4633 fidelis
3167 4580 3484 4652 cujusquam

1910 4667 2110 4728 mente,
2128 4664 2228 4718 hoc
2257 4664 2358 4718 sibi
2389 4664 2471 4720 vel
2498 4665 2630 4726 velle
2649 4666 2954 4735 quempiam
2980 4668 3218 4739 arripere
3237 4681 3294 4725 ut
3315 4674 3487 4730 bono-

1911 4769 2024 4808 rem
2064 4754 2286 4809 fratrum
2318 4771 2539 4811 suorum
2572 4758 2891 4812 imminuere
2920 4772 2986 4812 ex
3015 4761 3488 4836 quantulacunque

1907 4855 2059 4914 parte
2094 4847 2361 4902 videatur.
2391 4849 2729 4920 Quapropter
2749 4849 2990 4904 cbaritas
3017 4860 3190 4906 vestra
3218 4856 3486 4911 neminem

1907 4953 2139 5007 unquam
2177 4939 2289 4994 suis
2330 4939 2572 5009 epistolis
2604 4940 2962 4996 universalem
2986 4943 3247 5010 nominet,
3275 4962 3342 5000 ne
3379 4948 3486 5004 sibi

1906 5027 2140 5081 debitum
2170 5029 2470 5096 subtrahat,
2503 5044 2626 5084 cum
2655 5030 2809 5085 alteri
2836 5031 3095 5087 honorem
3133 5035 3290 5090 oil'ert
3332 5037 3481 5094 inde-

1907 5121 2095 5174 bitum.
2129 5140 2148 5174 ι
2179 5124 2537 5178 Adversarius
2573 5137 2808 5194 namque
2829 5126 3092 5191 diabolus,
3125 5145 3145 5182 ι
3179 5129 3269 5198 qui
3299 5141 3488 5186 contra

1909 5215 2137 5271 humiles
2172 5215 2398 5271 stevicns
2425 5235 2444 5269 ι
2469 5218 2609 5273 sicut
2634 5217 2716 5274 leo
2751 5221 2966 5290 rugiens
2989 5221 3204 5288 circuit,
3234 5240 3487 5295 qutercns

1908 5323 2068 5376 quem
2098 5307 2319 5361 devoret
2345 5306 2396 5377 (1
2422 5305 2563 5362 Petr.
2586 5323 2639 5376 ν,
2657 5309 2734 5380 8),
2765 5328 2782 5362 ι
2813 5326 2916 5365 non
2938 5311 3072 5382 jam,
3103 5316 3160 5367 ut
3187 5315 3480 5379 cernimus,

1907 5397 2090 5452 caulas
2115 5398 2328 5464 circuit,
2360 5400 2455 5454 sed
2485 5400 2556 5455 ita
2589 5401 2761 5456 valide
2792 5402 2842 5456 in
2874 5403 3192 5473 quibusdam
3233 5405 3484 5461 Ecclesiae

1908 5489 2226 5544 necessariis
2251 5491 2507 5546 membris
2527 5492 2743 5547 dentem
2763 5493 2896 5564 figit,
2913 5505 2973 5547 ut
2991 5495 3121 5549 nulli
3143 5495 3218 5549 sit
3242 5495 3485 5564 dubium,

1907 5580 2030 5647 quia
2084 5579 2185 5632 nisi
2238 5580 2563 5636 unanimiter
2607 5581 2820 5639 favente
2879 5585 3104 5639 Domino
3164 5593 3482 5641 cunctorum

1908 5667 2126 5739 provida
2142 5678 2415 5740 pastorum
2443 5672 2598 5726 turba
2631 5684 3102 5739 concurratmmne
3126 5674 3290 5744 (quod
3317 5673 3482 5747 absit)

2950 5784 3026 5847 33
