3988 6470
520 326 664 383 ξονι

1343 323 1634 380 APPEND.
1674 323 1766 379 AD
1801 324 1973 382 SEO.
2015 324 2107 379 IX.
2133 354 2204 366 —-
2236 324 2487 383 lSlDORl
2520 324 2963 385 MERCATORIS

530 442 697 502 citius
726 439 880 496 ovile
902 438 1140 494 dilaniat.
1173 437 1532 507 Perpenditis,
1561 435 1757 492 fratres
1786 437 2114 502 charissimi,
2148 447 2192 500 Α
2221 424 2814 507 reatautexspolietur.
2835 439 3817 507 rGonlldimusantemdevobis,ein-

524 533 661 605 quid
690 542 745 588 et
765 532 966 586 vicinia
989 531 1355 600 subsequitur,
1411 546 1532 584 cum
1576 539 1631 586 et
1662 526 2116 586 in'sacerdotibus

532 633 821 695 erumpunt
845 631 956 678 tam
980 637 1237 693 perversa
1262 621 1581 693 primordia,
1623 621 1747 692 quia
1787 623 1931 677 enim
1957 622 2114 693 juxta

531 728 620 776 est
647 720 734 774 ille
775 718 840 773 de
876 730 983 787 quo
1027 716 1285 785 scriptum
1315 722 1442 770 est:
1481 734 1498 766 ι
1535 713 1652 783 ipse
1700 722 1787 769 est
1811 729 1905 769 rex
1952 729 2114 784 super

532 811 813 875 universos
834 807 970 862 filios
987 806 1248 876 superbizc
1261 804 1315 877 (Ι
1321 806 1382 860 ob
1407 804 1647 871 111.1,25),
1662 825 1678 855 ι
1706 805 1849 874 quod
1868 820 1972 860 non
1996 805 2114 861 sine

530 896 678 970 gravi
712 896 894 951 dolore
919 896 1102 950 dicere
1139 892 1455 964 compellor,
1495 894 1623 948 dum
1656 894 1826 949 frater
1852 901 1906 949 et
1931 893 2111 964 coepi-

529 1002 727 1056 scopus
759 996 946 1041 noster
970 982 1204 1039 Joannes
1231 983 1483 1038 mandata
1510 983 1788 1038 Dominica
1818 992 1873 1038 et
1897 993 2113 1053 aposto-

528 1077 630 1134 lica
674 1085 965 1147 prmeepta,
993 1074 1315 1146 regulasque
1359 1074 1580 1129 Patrum
1622 1074 1945 1145 despiciens,
1987 1090 2110 1129 eum

529 1188 627 1243 per
648 1170 937 1227 elationem
963 1183 1282 1240 percurrere
1308 1179 1536 1224 conatur
1564 1168 1617 1222 in
1646 1169 1880 1222 nomine.
1908 1167 2112 1223 Vestra:

529 1272 711 1319 autem
759 1261 1077 1319 beatitudini
1125 1260 1327 1315 indicet
1368 1263 1707 1330 omnipotens
1763 1260 1905 1315 Deus
1949 1276 2109 1329 quam

529 1353 685 1427 gravi
705 1347 1331 1418 considerationishujus
1351 1350 1549 1420 gemitu
1572 1349 2002 1419 torqueor,quod
2026 1349 2113 1405 ille

526 1445 798 1513 quondam
823 1443 953 1497 mihi
969 1442 1302 1508 notissimus,
1332 1440 1420 1495 ille
1439 1441 1688 1496 omnibus
1708 1440 1958 1506 dilectus,
1988 1456 2112 1495 ora-

527 1535 767 1591 tionibus
795 1542 958 1603 atque
979 1531 1198 1602 jejuniis
1223 1532 1507 1588 videbatur
1526 1541 1842 1601 occupatus,
1869 1540 1925 1586 et
1951 1546 2017 1587 ex
2046 1546 2112 1587 eo

526 1639 635 1694 quo
670 1623 895 1679 foetehat
919 1624 1122 1689 cinere,
1145 1637 1213 1677 ex
1245 1638 1308 1677 ea
1330 1637 1495 1692 quam
1525 1622 1894 1693 pnetendebat
1934 1621 2121 1677 luuni-.

528 1715 684 1770 litate
721 1715 1039 1785 jactantiam
1087 1713 1345 1784 sumpsit,
1376 1714 1448 1768 ita
1502 1715 1752 1769 universa
1789 1714 1890 1769 sibi
1938 1723 2110 1774 tentet

2218 528 2440 593 rissimi,
2464 528 2686 585 meliora
2712 539 2874 598 atque
2896 529 3155 584 viciniora
3181 530 3340 585 saluti
3368 530 3561 600 (Hebr.
3576 548 3655 596 v1,
3676 532 3761 601 9),
3786 553 3811 583 ο

2214 618 2341 690 quia
2373 637 2392 669 ι
2422 633 2597 689 neque
2626 634 2794 685 mors,
2819 634 2993 689 neque
3017 620 3148 686 vita,
3188 635 3360 690 neque
3395 620 3597 692 angeli,
3626 636 3819 692 neque

2216 708 2570 779 principatus,
2618 723 2793 779 neque
2828 710 3110 774 instantia,
3152 724 3327 781 neque
3370 710 3577 774 futura,
3629 725 3816 781 neque

2212 796 2499 866 fortitudo,
2527 815 2700 869 neque
2727 800 2977 865 altitudo,
3024 816 3202 870 neque
3240 799 3597 871 profundam,
3628 817 3817 872 neque

2214 897 2464 947 creatura
2509 890 2633 955 alia,
2668 909 2688 943 ‹
2724 890 3247 963 magistrolgentinm
3274 893 3527 958 docente,
3564 894 3815 962 «poteris

2216 1001 2318 1041 nos
2345 1000 2603 1056 separare
2632 1001 2662 1040 a
2684 986 2954 1041 charitate
2978 985 3189 1041 Domini
3219 987 3393 1041 nostri
3413 985 3549 1042 Jesn
3574 985 3811 1053 Christi,

2225 1084 2281 1133 et
2327 1092 2448 1147 qua:
2478 1077 2531 1131 in
2583 1077 2700 1148 ipso
2725 1086 2812 1132 est
2858 1084 3003 1131 recta
3033 1075 3138 1131 ﬁde
3161 1074 3331 1147 (Rom.
3361 1091 3485 1141 v111,
3518 1075 3615 1141 38,
3638 1075 3759 1146 59).
3782 1095 3806 1128 ι

2220 1184 2238 1217 ι
2276 1164 2453 1220 Nolite
2496 1166 2676 1234 itaque
2703 1165 2957 1220 amittere
2994 1164 3378 1220 confidentiam
3413 1176 3663 1221 vestram
3690 1181 3813 1235 qua

2215 1270 2463 1328 magnam
2484 1256 2650 1311 habet
2673 1255 3185 1311 remunerationem.
3210 1274 3229 1308 ι
3252 1253 3526 1310 Patientia
3549 1255 3701 1311 enim
3717 1273 3812 1312 no-

2219 1348 2305 1404 bis
2342 1348 2767 1403 nccessariaest
2805 1348 2872 1403 ad
2903 1346 3311 1403 colluctationes
3334 1347 3809 1414 adversariorum,

2213 1447 2480 1509 quatenus
2517 1440 2674 1493 tidem
2705 1439 3079 1494 intemeratam
3110 1454 3280 1508 usque
3301 1438 3353 1493 in
3387 1438 3561 1493 finem
3591 1454 3814 1495 coaser-

2212 1540 2423 1597 vantes,
2443 1530 2916 1600 rcpromissionem
2931 1528 3480 1599 percipiamus'quam
3498 1530 3811 1599 repromisit

2214 1622 2299 1678 bis
2330 1621 2423 1691 qui
2452 1621 2694 1692 legitime
2724 1629 2935 1676 certare
2956 1622 3335 1689 deproperant.
3383 1638 3403 1668 ι
3434 1618 3639 1673 Adhuc
3668 1620 3807 1673 emta

2214 1713 2486 1767 modicum
2507 1711 2825 1782 quantulum
2848 1711 2939 1779 qui
2969 1719 3228 1764 venturus
3252 1718 3338 1764 est
3376 1709 3589 1774 veniet,
3621 1718 3680 1762 et
3707 1725 3808 1763 non

527 1803 822 1869 ascribere,
836 1803 1080 1859 etomuia
1103 1817 1223 1871 quae
1242 1801 1342 1857 soli
1368 1803 1456 1857 uni
1478 1803 1640 1872 capiti
1663 1802 1936 1858 cohaerent
1961 1802 2106 1857 vide-
2137 1814 2184 1874 Β
2213 1802 2449 1857 tardabit
2502 1802 2524 1873 (
2538 1801 2700 1856 Hebr.
2731 1818 2786 1868 ι,
2822 1800 2945 1872 '57).
2976 1819 2997 1852 ι
3033 1819 3051 1852 ι
3080 1800 3219 1856 Ecce
3275 1800 3425 1855 enim
3476 1801 3657 1872 judex
3692 1812 3809 1856 ante

525 1893 653 1950 licet
697 1893 935 1955 Christo.
990 1908 1089 1962 per
1134 1892 1450 1948 electionem
1503 1894 1793 1962 pompatici
1837 1893 2106 1949 sermonis

523 1982 765 2053 ejusdem
806 1980 1007 2038 Christi
1051 1982 1152 2037 sibi
1205 1982 1461 2038 studeant
1504 1983 1742 2038 membra
1794 1983 2103 2053 subjugare.

524 2072 637 2130 Nec
667 2074 861 2129 mirum
896 2073 1044 2145 quod
1085 2074 1173 2130 ille
1220 2083 1490 2140 tentator,
1515 2076 1607 2144 qui
1638 2092 1656 2125 ι
1689 2075 1901 2130 initium
1927 2076 2107 2132 omnis

523 2165 733 2235 peccati
761 2164 866 2221 scit
894 2179 1016 2221 esse
1054 2165 1357 2235 superbiam
1383 2164 1573 2235 (Eccli.
1606 2164 1798 2236 x,15),
1850 2184 1866 2215 ι
1895 2174 1947 2219 et
1982 2175 2108 2222 tunc

522 2268 587 2309 ea
626 2254 681 2308 in
711 2255 886 2324 primo
916 2254 1134 2309 homine
1172 2263 1298 2309 ante
1323 2254 1502 2311 omnia
1557 2270 1684 2310 usus
1712 2264 1818 2321 est,
1866 2263 1922 2309 et
1962 2270 2108 2310 nunc

524 2359 646 2398 eam
668 2343 721 2397 in
746 2342 1064 2413 quibusdam
1095 2342 1405 2399 hominibus
1425 2343 1578 2414 ponit
1602 2344 1653 2397 in
1675 2342 1783 2398 line
1812 2343 2103 2409 virtutum;

520 2443 601 2499 et,
627 2434 716 2502 qui
748 2433 1089 2505 aliquatenus
1118 2432 1274 2488 bonis
1307 2432 1432 2489 vita
1453 2434 1646 2490 studiis
1668 2433 1953 2488 videbatur
1978 2447 2103 2487 cru-

523 2524 827 2580 delissimas
852 2539 1044 2579 manus
1062 2522 1182 2593 ejus
1203 2523 1463 2596 ell'ugere,
1509 2526 1590 2581 eis
1626 2526 1679 2579 in
1728 2524 1858 2594 ipsis
1908 2525 2105 2580 metuis

524 2612 651 2669 boni
678 2614 879 2683 operis,
906 2624 960 2669 et
984 2615 1035 2670 iu
1063 2614 1180 2684 ipsa
1203 2616 1603 2685 quodammodo
1652 2623 1885 2686 apponat
1917 2614 2105 2685 perfe-

525 2704 719 2761 ctionis
765 2705 1111 2762 conclusione
1168 2706 1518 2762 tendiculum.
1566 2705 1720 2763 Unde
1781 2719 2107 2777 magnopere

520 2792 787 2849 orandum
816 2802 977 2850 estet
1015 2794 1359 2865 omnipotens
1396 2796 1539 2851 Deus
1577 2795 1811 2851 assiduis
1854 2797 2107 2864 precibus

2202 1890 2425 1960 jauuam
2450 1891 2653 1946 assistit
2674 1890 2815 1960 (Jac.
2840 1906 2893 1956 v,
2919 1889 3032 1961 9),)
3058 1904 3288 1946 coronas
3311 1890 3575 1944 hilariter
3592 1893 3809 1959 promit-

2210 1992 2330 2035 tens
2353 1981 2437 2036 his
2456 1981 2545 2050 qui
2573 1994 2668 2052 pro
2682 1996 2748 2036 eo
2772 1980 3113 2050 passiouibus
3141 1980 3546 2034 submittuntur
3565 1995 3583 2045 ;
3607 1979 3752 2049 quod
3768 1981 3805 2035 si

2207 2072 2328 2145 quis
2347 2086 2405 2125 se
2428 2072 2759 2124 subtraxerit
2780 2086 2884 2124 11011
2908 2067 3144 2139 placebit
3169 2070 3364 2123 anima:
3391 2085 3557 2133 mem,
3591 2071 3692 2124 sed
3720 2085 3807 2124 ca-

2208 2160 2298 2215 det
2330 2160 2397 2213 dc
2423 2159 2779 2230 promissione
2810 2169 3029 2230 propter
3058 2158 3427 2228 negationem.
3457 2157 3611 2213 «Nos
3638 2168 3807 2213 autem

2207 2267 2313 2307 non
2339 2268 2525 2308 sumus
2553 2252 2939 2307 subtractiouis
2975 2251 3071 2305 lilii
3100 2251 3152 2304 in
3178 2244 3551 2320 perditionem
3570 2291 3588 2315 ,
3621 2250 3718 2305 sed
3750 2251 3803 2304 li-

2208 2342 2291 2415 dei
2314 2342 2367 2396 in
2397 2342 2806 2419 acquisitionem
2832 2343 3027 2396 anima:
3043 2339 3231 2412 (Hebr.
3255 2357 3315 2405 Χ,
3336 2340 3454 2411 59).
3479 2360 3501 2392 ι
3546 2360 3567 2391 ι
3589 2341 3810 2411 Propter

2206 2436 2349 2508 quod
2377 2436 2636 2491 assumite
2672 2452 2823 2490 arma
2860 2435 2978 2501 Dei,
3014 2445 3073 2489 ut
3103 2433 3327 2504 possitis
3355 2434 3629 2488 resistere
3656 2433 3712 2487 in
3733 2433 3810 2487 die

2205 2514 2577 2597 inalo(Ephes.
2600 2542 2676 2591 v1,
2698 2526 2784 2598 l3)
2799 2546 2815 2577 ι
2841 2526 3101 2581 adversus
3121 2540 3311 2579 omnes
3332 2523 3598 2579 inimicos
3618 2533 3811 2579 sancta

2206 2614 2301 2673 Dei
2333 2599 2591 2671 Ecclesiae
2618 2626 2676 2673 et
2704 2628 2933 2681 vestros,
2963 2634 2980 2665 ι
3007 2622 3060 2668 et
3085 2611 3287 2667 induite
3311 2612 3546 2667 loricam
3564 2613 3811 2683 justitiar,

2204 2704 2426 2760 calceati
2445 2705 2608 2775 pedes
2627 2706 2678 2760 iu
2704 2704 3096 2776 praeparatione
3114 2702 3389 2771 Evangelii
3404 2704 3589 2771 pacis,
3615 2703 3674 2756 in
3701 2719 3809 2756 ont-

2205 2795 2366 2849 nibus
2394 2805 2734 2851 assmnentes
2759 2803 2973 2850 scutum
3003 2793 3126 2848 fidei
3155 2793 3208 2847 in
3241 2808 3348 2862 quo
3378 2793 3612 2862 possitis
3634 2793 3809 2848 omnia

523 2881 912 2952 implorandus,
938 2892 996 2939 ut
1022 2883 1168 2940 hunc
1187 2901 1216 2939 a
1242 2893 1425 2940 mente
1447 2884 1590 2941 illius
1609 2894 1818 2949 avertat
1837 2900 2102 2955 errorem,
2198 2871 2382 2954 jacula
2415 2886 2731 2955 nequissimi
2758 2887 2913 2957 ignea
2941 2884 3311 2955 exstinguere,
3333 2892 3391 2939 et
3420 2885 3643 2955 galeam
3677 2885 3812 2940 salu-

522 2975 629 3031 hoc
662 2974 732 3030 ab
758 2976 966 3031 unitate
991 2985 1154 3047 atque
1178 2977 1484 3033 humilitate
1502 2976 1761 3033 Ecclesiae
1786 2978 1983 3033 malmn
2006 2994 2103 3034 su-

522 3066 728 3136 perbia:
744 3074 800 3123 et
824 3067 1161 3125 confusionis
1180 3077 1452 3136 amoveat,
1479 3076 1533 3125 et
1552 3068 1769 3125 favente
1795 3071 1905 3125 Deo
1925 3070 2101 3126 omni-

2206 2977 2274 3033 tis
2301 2977 2554 3048 accipite,
2583 2987 2636 3033 et
2656 2977 2891 3049 gladium
2923 2975 3160 3047 Spiritus
3178 2976 3373 3040 sancti,
3399 2976 3552 3045 quod
3581 2985 3671 3030 est
3692 2990 3809 3029 vcr-

2205 3070 2332 3127 bum
2366 3069 2482 3135 Dei,
2526 3085 2622 3138 per.
2676 3085 2895 3124 onmem
2936 3069 3240 3125 orationem
3275 3078 3328 3123 et
3366 3068 3810 3124 obsecrationem

522 3156 628 3213 bus
655 3157 859 3213 vir-ibus
892 3160 1326 3217 concurrendum
1372 3168 1539 3230 atque
1575 3161 1988 3230 providendum,
2039 3177 2108 3218 ne
2136 3169 2178 3233 (ς
2213 3160 2402 3235 (Ibid.,
2421 3160 2602 3230 14.18)
2629 3180 2646 3212 ι
2683 3179 2699 3212 ι
2724 3158 2970 3225 radicati,
2993 3169 3049 3214 et
3073 3159 3307 3214 fundatis
3337 3154 3536 3229 (Ephe.
3562 3173 3653 3223 111,
3678 3157 3806 3227 17)»

521 3246 577 3301 in
613 3246 772 3303 unius
792 3261 998 3304 veneno
1028 3250 1295 3307 sermonis
1320 3249 1554 3305 viventia
1575 3250 1630 3305 in
1655 3249 1855 3306 Christi
1879 3267 2106 3322 corpore

522 3337 765 3395 membra
795 3338 1116 3393 moriantur.
1162 3338 1219 3395 Si
1257 3340 1403 3396 enim
1442 3340 1548 3397 dici
1581 3341 1685 3398 hoc
1719 3341 1945 3399 licenter
1980 3360 2106 3414 per-

521 3426 789 3494 mittitur,
820 3427 994 3485 honor
1036 3430 1474 3501 patriarcharum
1494 3468 1495 3471 η
1515 3433 1757 3488 omnium
1781 3443 2026 3506 negatur,
2051 3445 2107 3490 et

523 3515 759 3573 lortasse
784 3518 829 3573 is
856 3519 911 3574 in
939 3533 1126 3577 errore
1151 3520 1289 3590 peril
1319 3521 1412 3591 qui
1444 3522 1765 3579 universalis
1792 3524 2021 3593 dicitm‘,
2051 3535 2107 3581 et

523 3610 702 3666 nullus
737 3611 849 3682 jam
888 3613 1174 3683 episcopus
1218 3615 1544 3673 remansisse
1582 3616 1637 3671 in
1685 3625 1831 3672 statu
1862 3618 2106 3676 veritatis

523 3698 814 3756 invenitur.
862 3702 1088 3772 Oportet
1109 3718 1241 3774 ergo
1269 3711 1331 3759 ut
1354 3714 1670 3761 constanter
1699 3721 1764 3763 ac
1807 3707 1928 3763 sine
1969 3724 2108 3779 prae-

516 3788 722 3860 iudicio
749 3794 1000 3861 servetis,
1036 3795 1176 3851 sicut
1219 3796 1504 3868 accepistis
1537 3797 1825 3866 Ecclesias,
1874 3809 1929 3857 et
1973 3802 2108 3856 nihil

518 3881 625 3938 sibi
654 3884 711 3940 in
757 3885 913 3941 vobis
961 3887 1076 3943 hac
1133 3888 1357 3943 tentatio
1415 3889 1695 3946 diabolicae
1744 3892 2106 3961 usurpationis

522 3974 781 4031 ascribat.
806 3975 957 4032 State
984 3976 1173 4042 fortes,
1188 3988 1325 4033 state
1342 3980 1863 4053 securi,scriptaque
1886 3986 2105 4041 univer-

524 4062 655 4121 salis
690 4066 924 4122 nominis
961 4066 1094 4122 falsa
1137 4083 1239 4123 nec
1275 4070 1405 4124 dare
1436 4086 1693 4141 unquam,
1722 4090 1819 4130 nec
1862 4076 2110 4146 accipere

530 4158 891 4225 praesumatis.
927 4157 1132 4215 Omnes
1147 4161 1429 4232 episcopos
1452 4177 1599 4219 cura:
1623 4175 1816 4221 vestra:
1837 4166 2110 4237 subjectos

527 4246 596 4302 ab
640 4246 801 4318 hujus
829 4249 1154 4307 adulationis
1182 4252 1555 4322 inquinatiore
1578 4256 1880 4326 prohibete,
1910 4269 1970 4314 ut
1991 4261 2109 4316 uni-

456 4404 459 4409 ί
522 4353 683 4398 ,vcrsa
711 4354 806 4395 vos
828 4340 1065 4399 Ecclesia
1092 4345 1449 4412 patriarchas,
1497 4364 1602 4405 non
1632 4349 1806 4407 solum
1853 4351 1908 4406 in
1951 4349 2110 4408 bonis

524 4431 800 4499 operibus,
839 4433 933 4489 sed
957 4434 1121 4489 etiam
1160 4435 1214 4490 in
1262 4438 1508 4495 veritatis
1553 4441 1875 4498 auctoritate
1910 4457 2111 4513 cogno-

526 4529 664 4575 scat.
714 4519 771 4576 Si
818 4536 925 4590 qua
959 4532 1143 4578 autem
1189 4522 1414 4580 forsitan
1444 4526 1671 4585 adversa
1693 4529 2109 4598 subsequantur,

526 4609 855 4666 unanimiter
880 4611 1229 4681 persistentes
1251 4622 1418 4669 etiam
1440 4616 1724 4674 moriendo
1744 4619 2003 4675 debemus
2021 4636 2111 4677 os-

529 4700 771 4765 tendere,
787 4701 910 4771 quia
937 4702 988 4756 in
1002 4702 1201 4759 damno
1215 4706 1582 4775 generalitatis
1596 4719 1840 4766 nostrmn
1858 4711 2109 4781 speciali-

528 4801 612 4847 ter
633 4793 846 4863 aliquod
868 4810 973 4849 non
997 4811 1273 4864 amamus;
1296 4799 1539 4858 dicamus
1565 4819 1686 4859 omn
1704 4804 1909 4861 Paulo:
1942 4826 1958 4859 ι
1980 4807 2109 4864 Mihi

534 4880 717 4938 vivere
781 4882 1031 4940 Christus
1077 4896 1192 4952 est,
1243 4898 1299 4944 et
1347 4891 1481 4947 mori
1534 4891 1746 4948 lucrum
1789 4894 2009 4964 (Philip.
2054 4913 2106 4962 1,

528 4970 638 5041 21).
665 4990 682 5019 ι
720 4972 1013 5029 Audiamus
1038 4977 1179 5045 quod
1223 4978 1428 5048 primus
1470 4982 1708 5037 onmiuut
1743 4970 2109 5054 apostolOrum

530 5061 663 5116 dicit
689 5080 701 5117 :
736 5080 756 5113 ι
783 5062 838 5118 Si
865 5066 991 5133 quid
1016 5068 1259 5135 patimini
1281 5079 1497 5141 propter
1519 5070 1807 5143 justitiam,
1838 5077 1976 5133 beati
1999 5079 2111 5134 eri-

532 5150 602 5206 tis
619 5150 670 5225 (Ι
694 5149 838 5206 Patr.
866 5155 1062 5228 111,14).
1084 5176 1103 5209 ι
1130 5158 1258 5216 Mihi
1288 5162 1431 5217 enitn
1452 5163 1821 5235 credite,quia
1851 5167 2109 5223 honorem

533 5254 694 5311 quem
725 5257 823 5312 pro
843 5246 1181 5313 praedicanda
1212 5252 1548 5320 suscepimus
1568 5255 1818 5319 veritate,
1841 5256 1887 5311 si
1926 5273 2112 5313 neces-

532 5334 709 5403 sitatis
737 5350 899 5390 causa
926 5337 1125 5409 exigat,
1159 5343 1406 5398 securius
1425 5360 1522 5413 pro
1544 5345 1733 5400 eadem
1768 5348 1996 5403 veritate
2024 5364 2107 5404 re-

536 5425 828 5498 linquimus
855 5444 1015 5499 quam
1060 5439 1323 5488 tenemus.
1369 5433 1552 5500 Orate,
1600 5434 1818 5503 fratres,
1847 5449 1905 5492 ut
1939 5440 2114 5495 honor

534 5516 934 5574 ecclesiasticus
972 5521 1172 5576 nostris
1193 5523 1384 5579 diebus
1405 5541 1510 5580 non
1545 5539 1858 5595 evacuetur,
1888 5546 1988 5586 nec
2016 5547 2113 5586 un-

534 5624 695 5676 quam
742 5609 987 5666 Romana
1024 5612 1180 5667 sedes
1221 5615 1311 5683 qui
1343 5616 1655 5674 institueutc
1685 5620 1911 5675 Domino
1950 5632 2113 5692 caput

532 5709 617 5753 est
639 5700 878 5756 omnium
910 5701 1288 5769 Ecclesiarum,
1315 5706 1607 5777 privilegiis
1630 5711 1741 5764 suis
1770 5726 1992 5781 usquam
2022 5728 2113 5767 ca-

2206 3251 2263 3316 in
2306 3253 2500 3329 solatio
2534 3251 2760 3307 fratrum
2792 3268 2891 3323 pro
2939 3251 3155 3307 Christo
3180 3249 3306 3306 Jesu
3335 3251 3571 3305 Domino
3599 3259 3807 3304 nostro.

2279 3342 2385 3399 Sed
2406 3351 2461 3399 et
2483 3330 2646 3408 nunc,
2682 3342 2901 3410 fratres,
2921 3343 3374 3400 commendamus
3404 3356 3504 3398 vos
3528 3345 3727 3398 omnes
3753 3342 3807 3394 ia

2206 3434 2455 3507 Domino,
2484 3442 2541 3491 et
2568 3435 2732 3490 verbo
2757 3436 2942 3503 gratiae
2965 3433 3082 3504 ejus
3111 3434 3202 3504 qui
3229 3442 3411 3503 potest
3436 3432 3733 3503 perﬁcere,
3754 3440 3809 3486 et

2207 3528 2337 3582 dare
2360 3526 2729 3582 haereditatem
2753 3526 2905 3582 vobis
2933 3542 3055 3583 cum
3086 3524 3339 3581 omnibus
3367 3524 3602 3581 sanctis.
3639 3544 3660 3576 ι
3690 3522 3804 3593 Ipse

2206 3626 2389 3693 autem
2420 3617 2564 3672 Deus
2593 3617 2742 3687 pacis
2767 3626 2824 3672 et
2850 3606 3237 3684 consolationis
3266 3615 3360 3670 det
3383 3613 3542 3669 vobis
3566 3614 3805 3684 idipsum

2207 3724 2400 3781 sapere
2426 3710 2477 3764 in
2505 3709 2828 3764 alterutrum
2863 3706 3042 3778 (llam.
3079 3723 3169 3772 xv,
3203 3705 3284 3777 5),
3325 3726 3343 3758 ι
3380 3715 3439 3760 ut
3469 3704 3635 3759 vobis
3666 3702 3805 3758 invi-

2206 3816 2326 3860 cem
2354 3801 2704 3864 succurratis,
2735 3809 2790 3854 et
2833 3814 2940 3855 non
2980 3798 3102 3855 sitis
3145 3798 3326 3864 divisi,
3379 3806 3439 3851 ut
3493 3796 3803 3858 unanimes,

2209 3906 2318 3946 uno
2340 3906 2459 3957 ore,
2488 3899 2543 3946 et
2567 3907 2674 3946 uno
2700 3889 2862 3945 corde
2887 3878 3311 3946 honorificetnus
3332 3904 3454 3943 eum
3487 3888 3545 3942 in
3569 3900 3803 3942 concor-

2204 3982 2351 4057 diam
2389 3990 2444 4036 et
2465 3981 2890 4037 consolationem
2921 3980 3169 4047 fratrum,
3213 3981 3304 4052 qui
3334 3990 3528 4051 potens
3557 3992 3646 4038 est
3672 3998 3800 4037 con-

2205 4072 2430 4133 ﬁrmare
2458 4087 2553 4129 vos
2579 4074 2874 4129 secundum
2904 4073 3255 4145 Evangelium
3282 4075 3421 4145 ejus,
3446 4085 3507 4129 et
3527 4074 3691 4144 juxta
3721 4091 3805 4130 re-

2213 4161 2531 4217 velationem
2559 4162 2802 4233 mysterii
2823 4162 3044 4218 aeternis
3080 4162 3417 4232 temporibus
3444 4163 3662 4218 scilicet
3683 4178 3802 4233 per-

2206 4252 2386 4325 petuis
2412 4253 2606 4323 quibus
2640 4254 2787 4309 vobis
2816 4252 3120 4308 futurorum
3147 4255 3474 4323 gaudiorum
3513 4254 3797 4327 largienda

2211 4354 2340 4400 sunt
2365 4360 2608 4401 munera.
2643 4344 2999 4415 Summopere
3019 4348 3182 4401 etiam
3209 4347 3561 4403 considerare
3588 4349 3801 4403 debetis

2213 4434 2357 4505 quod
2393 4433 2445 4488 hi
2477 4434 2567 4505 qui
2592 4435 2848 4491 fratribus
2875 4436 3137 4505 invident,
3188 4453 3392 4519 eosque
3416 4439 3684 4495 damnare
3712 4451 3803 4495 aut

2138 4527 2189 4587 D
2216 4524 2440 4596 perdere
2465 4528 2688 4596 cupiunt
2714 4544 2810 4598 per
2830 4543 2909 4594 se,
2940 4539 2993 4584 et
3018 4545 3113 4584 sua
3146 4529 3395 4601 dogmata
3425 4531 3803 4586 destruuntur.

2216 4615 2359 4671 Dicit
2381 4618 2523 4672 enim
2548 4619 2806 4673 Dominus
2832 4636 2845 4672 :
2881 4637 2900 4670 ι
2929 4617 3099 4675 Onme
3132 4635 3356 4689 regnum
3385 4621 3437 4673 in
3477 4637 3540 4675 se
3569 4623 3799 4676 divisum

2215 4721 2322 4761 non
2352 4707 2512 4762 stabit
2544 4707 2758 4778 (Matth.
2786 4707 3020 4779 1:11.23),
3045 4728 3062 4761 ι
3097 4717 3151 4762 et
3175 4710 3355 4764 omnis
3380 4709 3614 4764 scientia
3640 4722 3693 4765 et
3719 4710 3801 4764 lex

2215 4795 2503 4851 adversum
2526 4810 2586 4851 se
2612 4797 2786 4851 divisa
2816 4813 2921 4852 11011
2969 4798 3156 4852 stabit.
3182 4798 3417 4867 ideoque
3446 4814 3676 4855 necesse
3702 4810 3799 4861 est,

2218 4896 2278 4942 ut
2304 4887 2646 4944 concorditer
2672 4888 2918 4944 salubres
2946 4890 3255 4959 suscipiatis
3284 4891 3558 4955 hortatus,
3586 4901 3645 4946 et
3675 4892 3800 4945 nihil

2218 4990 2316 5045 per
2358 4977 2759 5033 contentionem
2800 4986 3040 5049 agentes,
3099 4980 3195 5035 sed
3254 4971 3321 5032 ad
3349 4995 3514 5035 omne
3564 4983 3799 5035 stmlium

2218 5064 2521 5121 devotionis
2545 5068 2828 5122 unanimes
2859 5068 3059 5123 divinis
3083 5079 3137 5123 et
3171 5068 3486 5137 apostolicis
3534 5071 3800 5125 constitn~

2221 5155 2457 5214 tionibus
2502 5159 2757 5226 parcatis,
2805 5159 2938 5215 etin
2972 5160 3113 5213 nulla
3145 5161 3423 5229 patlaznini
3449 5162 3800 5231 providentis-

2198 5247 2352 5313 ,siuta
2377 5262 2644 5301 canontnu
2675 5249 2891 5303 decreta
2930 5248 3136 5313 violari,
3174 5261 3448 5318 quatenus
3477 5259 3537 5304 et
3559 5249 3799 5305 Niceno-

2218 5355 2338 5394 rum
2355 5354 2623 5394 canonum
2638 5333 3087 5409 constituta,'quae
3100 5355 3131 5392 a
3157 5340 3330 5401 nobis,
3359 5340 3439 5393 vel
3456 5357 3488 5395 a
3505 5340 3797 5411 praedeces

2212 5433 2425 5490 scribus
2470 5433 2674 5488 nostris
2718 5441 2844 5486 sunt
2885 5431 3105 5503 provide
3150 5442 3204 5487 et
3240 5432 3533 5488 salubriter
3561 5433 3797 5497 decreta,

2212 5524 2533 5579 intemerata
2568 5531 2923 5592 permaneant
2959 5523 3011 5577 in
3054 5520 3257 5577 futuro.
3291 5520 3355 5577 Et
3388 5522 3442 5578 in
3476 5523 3796 5597 Apocalypsi

2211 5615 2472 5672 Dominus
2493 5631 2590 5678 per
2608 5613 2867 5670 Joannem
2891 5614 3147 5673 loquitur.
3165 5614 3350 5669 dicens
3370 5632 3385 5668 :
3415 5634 3433 5664 ι
3447 5613 3570 5673 Noli
3584 5616 3794 5678 timete.

2213 5721 2313 5777 ego
2356 5723 2473 5762 sum
2513 5721 2743 5776 prunus,
2799 5714 2851 5760 ct
2900 5707 3246 5771 novissimus,
3286 5716 3341 5758 et
3391 5720 3570 5776 vtvus,
3616 5718 3674 5762 et
3723 5716 3794 5761 nu
