3988 6450
172 343 327 401 1095

1413 330 1901 391 DECRETALIUM
1941 330 2341 391 COLLECTIO.

3306 333 3445 391 109i

175 466 455 520 mrtuus,
486 462 545 510 et
572 468 698 510 ecce
720 468 853 510 sum
877 453 1066 508 vivens
1095 451 1150 505 in
1179 448 1373 506 szccula
1421 446 1766 510 smculorum,
1796 444 1843 506 Α
1870 443 2027 500 eundi
2050 453 2176 499 sunt
2208 442 2552 515 appellatum,
2576 443 2725 499 unde
2745 457 2851 498 non
2873 449 3086 512 oportet
3106 450 3166 498 ut
3187 442 3448 515 degrada-

172 555 242 602 ει
268 545 444 603 balteo
467 542 644 601 claves
669 543 881 607 mortis,
908 551 963 596 et
994 539 1189 595 inferni
1211 539 1403 610 (Apoc.
1427 553 1469 603 r,
1486 538 1574 602 l7,
1602 537 1711 605 l8).
1746 558 1764 586 ι

1872 542 1980 598 tur,
2013 576 2022 584 .
2053 533 2141 589 vel
2191 534 2553 590 dehonoretur
2598 548 2934 605 unaquaque
2974 534 3276 605 provincia,
3351 536 3449 591 sed

176 637 257 693 Et
300 619 649 707 paulopost:
692 652 715 687 ε
743 631 991 689 Vincenti
1018 631 1157 686 dabo
1199 629 1360 684 edere
1388 627 1455 684 de
1479 627 1625 698 ligno
1647 626 1774 679 vita:
1872 626 2012 696 apud
2067 628 2407 699 semetipsam
2432 630 2655 692 ,habeat
2692 628 2924 697 iudices,
3004 629 3334 698 sacerdotes,
3395 638 3454 685 et

178 730 333 798 quod
357 728 506 783 estin
528 726 780 796 paradiso
793 722 1201 793 Deinteiolpoc.
1223 736 1283 786 ιι,
1301 718 1376 791 7).
1399 738 1418 773 ι
1439 716 1571 773 Item
1588 717 1731 772 idem
1754 732 1769 769 :

186 839 212 871 ς
250 820 379 874 Esto
402 818 571 872 fidelis
595 832 764 887 usque
784 815 853 870 ad
880 823 1126 870 mortem.
1145 813 1215 869 Et
1233 812 1372 867 dabo
1392 810 1489 866 tibi
1516 822 1772 865 coronam

178 906 646 980 vita:(llrid.,10).
669 928 687 957 ο
709 905 773 959 Ει
792 904 987 959 iterum
1006 920 1021 955 :
1043 921 1066 956 ς
1088 901 1190 971 Qui
1208 900 1419 967 vicerit,
1433 908 1487 956 et
1504 897 1778 954 custodie-

182 1001 263 1054 rit
288 1015 456 1068 usque
474 998 528 1051 in
556 998 715 1051 linem
738 1011 903 1066 opera
919 1010 1061 1059 mea,
1080 994 1220 1049 dabo
1240 993 1317 1048 illi
1338 1000 1663 1064 potestatem
1689 1006 1779 1044 su-

182 1104 291 1160 per
311 1099 526 1157 gentes,
553 1095 609 1140 ct
637 1095 784 1152 reget
807 1084 928 1139 illas
952 1082 1009 1138 in
1036 1083 1186 1157 virga
1214 1082 1413 1150 ferrea,
1435 1094 1491 1138 et
1520 1080 1783 1151 tanquam

190 1193 294 1231 vas
317 1175 461 1245 figuli
486 1173 892 1244 confringentur
917 1172 1105 1243 (Ibid.,
1137 1171 1229 1239 26,
1250 1172 1397 1244 27).:
1432 1172 1561 1226 item
1586 1172 1729 1227 idem
1763 1189 1777 1220 .-

193 1289 216 1318 ι
256 1267 397 1322 Ecce
423 1276 507 1321 sto
528 1264 594 1320 ad
616 1265 813 1320 ostium
839 1273 895 1318 et
913 1263 1083 1334 pulso.
1111 1262 1172 1318 Si
1197 1262 1318 1333 quis
1338 1262 1569 1318 audierit
1596 1278 1780 1317 vocem

187 1370 393 1421 nream,
440 1364 497 1410 et
533 1354 806 1423 aperuerit
843 1352 1092 1422 ianuam,
1119 1352 1353 1408 introibo
1393 1352 1461 1407 ad
1505 1352 1784 1417 illum,‘et

182 1445 423 1500 remeabo
449 1460 572 1499 cum
598 1443 712 1509 illo,
745 1449 801 1497 et
830 1443 940 1513 ipse
982 1457 1214 1498 mecum.
1255 1441 1357 1509 Qui
1390 1441 1602 1507 vicerit,
1643 1441 1782 1497 dabo

187 1533 241 1588 ei
271 1534 461 1588 sedere
499 1548 711 1588 mecum
739 1532 793 1587 in
841 1532 1035 1587 throno
1082 1545 1219 1594 meo,
1250 1533 1389 1586 sicut
1430 1540 1486 1585 et
1511 1545 1612 1601 ego
1653 1531 1781 1597 vici,

188 1633 249 1677 et
279 1624 442 1679 sedeo
466 1640 589 1680 cum
631 1623 793 1680 Patre
827 1638 951 1680 meo
978 1624 1033 1679 in
1085 1624 1277 1678 throno
1304 1623 1419 1692 eius
1461 1622 1645 1697 (Apoc.
1700 1641 1782 1690 ιιι,

188 1714 451 1784 20,20.»
477 1712 639 1779 «Vos,
661 1714 876 1779 fratres,
905 1714 950 1769 si
976 1729 1080 1768 non
1104 1713 1267 1768 vultis
1287 1729 1408 1767 cum
1430 1729 1494 1769 eo
1509 1714 1776 1780 damnari,

1872 715 2155 786 episcopos
2182 716 2439 787 singulos,
2481 717 2730 773 videlicet
2769 718 2925 789 iuxta
2949 718 3167 774 ordines
3193 734 3352 784 suos;
3397 729 3455 774 et

1874 805 2184 876 quicunque
2208 822 2428 861 causam
2456 807 2711 863 habuerit
2736 824 2766 862 a
2805 809 2917 863 suis
2951 808 3223 880 iudicibus
3242 807 3453 876 iudice.

1877 904 1986 960 tur,
2015 905 2071 950 et
2098 912 2205 952 non
2237 895 2306 951 ab
2336 897 2546 963 alienis,
2581 897 2631 953 id
2670 908 2776 964 est,
2804 915 2833 954 ει
2870 913 2980 954 suae
3000 898 3162 969 iustis
3183 899 3456 964 iudicibus

1877 985 2188 1054 provinciae,
2219 995 2275 1041 et
2301 1002 2406 1042 non
2438 988 2507 1043 ab
2534 988 2798 1051 externis,
2841 989 2942 1043 nisi
2972 1000 3029 1043 ut
3077 989 3187 1060 iam
3213 989 3457 1060 praeliba-

1883 1084 1992 1130 lum
2027 1084 2137 1143 est,
2167 1092 2196 1131 a
2216 1076 2474 1148 iudicatis
2523 1077 2687 1133 fuerit
2730 1078 3075 1149 appellatum.
3128 1076 3187 1133 Si
3227 1091 3357 1132 vero
3401 1075 3458 1132 in

1880 1168 2117 1236 qualibet
2156 1169 2429 1238 provincia
2466 1177 2599 1224 orta:
2626 1160 3194 1240 fuerintquaestiones,
3232 1178 3286 1225 et
3318 1168 3462 1224 inter
3512 1222 3524 1244 δ

1882 1259 2052 1330 ipsius
2075 1259 2367 1330 provinciae
2385 1259 2670 1330 episcopos
2707 1260 3014 1331 discrepare
3042 1259 3271 1331 carpet-it
3299 1260 3462 1323 ratio,

1881 1362 2044 1423 atque
2074 1353 2219 1408 inter
2239 1354 2521 1423 episcopos
2553 1352 2880 1408 dissidentes
2904 1368 3009 1408 non
3037 1351 3344 1417 conveniat,
3395 1351 3464 1406 ad

1882 1442 2146 1513 maiorem
2180 1452 2313 1499 tunc
2341 1442 2528 1499 sedem
2561 1442 2891 1499 referantur.
2915 1443 2982 1499 Et
3003 1443 3048 1499 si
3079 1442 3188 1499 illic
3215 1442 3376 1499 facile
3405 1453 3464 1500 et

1877 1536 2021 1606 iuste
2054 1553 2159 1593 non
2194 1538 2597 1606 discernuntur,
2622 1537 2716 1593 ubi
2747 1539 2910 1593 fuerit
2938 1537 3178 1609 synodus
3206 1535 3467 1607 regulari-

1887 1639 1970 1684 ter
1996 1631 2623 1700 congregata,’canoniee
2644 1638 2699 1684 et
2716 1630 2861 1701 iuste
2880 1628 3211 1697 iudicentur.
3239 1625 3470 1696 Maiores

1886 1733 2015 1773 vero
2049 1727 2106 1774 et
2138 1718 2381 1775 diﬁciles
2410 1720 2733 1789 quaestiones
2760 1728 2817 1774 ut
2850 1728 3035 1775 sancta
3063 1713 3320 1791 synodus
3362 1728 3471 1772 sta-

189 1805 328 1872 quia
362 1820 466 1858 non
498 1804 669 1859 solum
697 1804 788 1874 qui
817 1802 1043 1871 faciunt,
1077 1805 1172 1859 sed
1211 1804 1301 1874 qui
1332 1804 1687 1881 consentiunt
1705 1803 1781 1858 fa-
1812 1795 1860 1856 Β
1891 1809 1991 1864 tuit
2014 1818 2070 1864 et
2115 1810 2271 1866 beata
2309 1814 2636 1866 consuetudo
2682 1811 2869 1883 exigit,
2899 1812 2966 1866 ad
3008 1811 3191 1866 sedem
3252 1819 3469 1880 aposto-

191 1896 478 1951 cientibus
494 1895 675 1969 (Rom.
700 1896 887 1969 t,32)o
924 1897 999 1951 rei
1028 1906 1170 1959 sunt,
1213 1896 1506 1951 hortamini
1554 1913 1702 1953 eum.
1727 1906 1784 1953 et.

190 1999 419 2042 monete
474 1988 727 2043 recedere
777 2003 807 2042 a
858 1986 1099 2059 praefatis
1141 1987 1362 2050 illicitis,
1399 1996 1450 2043 et
1483 2004 1687 2043 memor
1716 1990 1788 2043 sit

192 2079 345 2131 unde
364 2078 627 2132 exciderit
679 2089 733 2133 et
766 2088 889 2149 agat
909 2078 1306 2149 pcerritcntiam,
1346 2087 1400 2132 et
1430 2079 1599 2150 prima
1623 2095 1786 2150 opera

198 2170 370 2226 faciat
401 2172 583 2241 (Apoc.
609 2188 672 2236 tt,
701 2172 780 2227 5t.
812 2171 868 2227 Si
898 2172 1073 2226 rnirnrs
1107 2188 1210 2226 non
1236 2187 1350 2226 mea
1379 2171 1571 2241 loquor
1595 2174 1786 2238 verba,

192 2262 299 2315 sed
320 2260 437 2330 ipsa
472 2260 681 2314 Domini
703 2259 987 2315 salvatoris
1017 2275 1137 2331 qua:
1161 2275 1258 2329 per
1284 2260 1601 2330 praedictum
1626 2260 1789 2316 Joan-

200 2366 332 2406 nem
363 2352 414 2405 in
457 2351 571 2421 iam
611 2352 754 2406 dicto
782 2351 921 2406 libro
962 2351 1174 2406 locutus
1214 2359 1319 2416 est,
1367 2350 1634 2420 replicans
1659 2352 1785 2407 aio:

208 2462 232 2493 ε
264 2442 482 2497 Veniam
509 2452 564 2497 et
583 2443 809 2498 movebo
833 2442 1217 2498 candelabrum
1251 2452 1399 2496 tuum
1430 2443 1495 2497 de
1524 2443 1642 2497 loco
1667 2458 1787 2510 suo,

202 2533 313 2588 nisi
363 2533 729 2603 preniteutiam
777 2534 955 2606 egeris
986 2533 1197 2604 (Ibid.).
1239 2552 1258 2585 ι
1290 2533 1407 2603 ipse
1436 2535 1580 2588 enim
1618 2535 1792 2607 magis

198 2633 357 2679 tenet
393 2624 691 2679 doctrinam
720 2624 954 2690 Balaam,
998 2624 1088 2694 qui
1116 2623 1344 2679 docebat
1381 2623 1542 2680 Balac
1576 2626 1791 2682 mittere

198 2715 519 2771 scandalum
549 2731 732 2771 coram
764 2716 888 2771 filiis
913 2715 1079 2771 lsrael
1121 2715 1312 2787 (Nam.
1357 2733 1493 2783 nrt,
1534 2716 1611 2789 7),
1652 2719 1792 2774 sicut

204 2807 312 2861 iste
342 2806 499 2861 docet
526 2822 620 2862 vos
643 2808 1015 2863 scandalizare
1058 2816 1304 2862 sanctaru
1345 2819 1574 2865 matrem
1606 2809 1789 2876 Eccleo

202 2903 367 2969 siam,
401 2913 457 2956 et
486 2904 793 2957 universum
839 2912 1038 2958 emtum
1081 2905 1446 2970 sacerdotum,
1479 2906 1621 2962 unde
1647 2916 1701 2963 et
1734 2908 1787 2963 in

208 2993 524 3062 supradicto
546 2992 683 3047 libro
710 2994 1015 3049 continetur
1046 2993 1115 3048 ita
1153 3012 1166 3048 :
1193 2994 1418 3064 Semper
1438 2996 1579 3051 enim
1610 2997 1788 3069 potius

203 3098 309 3138 vos
335 3084 513 3139 verbis
546 3085 756 3139 Domini
797 3084 1083 3139 salvatoris
1110 3084 1293 3149 ferire,
1325 3093 1381 3139 et
1404 3085 1597 3140 instrui
1629 3088 1786 3157 cupio

1888 1900 2045 1955 licam
2111 1915 2324 1971 semper
2403 1902 2725 1956 referantur.
2810 1900 3074 1956 Cmtertrm
3155 1908 3473 1955 sanctorum

1887 1989 2105 2045 Patrum
2128 1999 2327 2047 statrrta
2349 2000 2636 2061 sequentes
2657 1991 2899 2062 synodali
2926 1992 3250 2048 auctoritate
3279 2005 3470 2046 omnes

1887 2082 1980 2142 qui
2020 2082 2281 2137 adversus
2328 2082 2516 2137 Patres
2558 2090 2860 2149 armantur,
2918 2091 2978 2136 ut
3002 2080 3222 2136 Patrum
3252 2082 3472 2136 invaso-

1890 2186 1977 2227 res
2002 2180 2055 2226 et
2093 2181 2419 2227 mactatores
2445 2170 2673 2227 infames
2717 2186 2837 2227 esse
2876 2186 3182 2236 censemus,
3214 2170 3470 2240 quoniam

1890 2275 1955 2318 ea
1979 2260 2199 2316 vulnera
2214 2276 2333 2331 qua:
2359 2261 2609 2315 fomentis
2623 2276 2727 2315 non
2753 2252 3035 2327 sanantur,
3061 2260 3205 2317 ferro
3226 2259 3472 2315 abscindl

1889 2347 1975 2406 vel
2001 2349 2179 2405 curari
2210 2364 2429 2406 necesse
2452 2358 2555 2405 est.
2585 2350 2752 2416 Unde,
2779 2350 2994 2416 fratres,
3019 2358 3240 2406 cessent
3259 2350 3477 2421 iniustae

1889 2441 2279 2506 aemulationes,
2307 2450 2520 2497 cessent
2540 2443 2769 2509 insidiae,
2800 2452 3015 2499 cesent
3036 2441 3191 2497 falsa:
3216 2441 3478 2497 crimina-

1892 2534 2086 2598 tiones,
2119 2549 2186 2588 ne
2217 2533 2467 2589 inﬁrmus
2492 2534 2773 2604 quisquam
2792 2543 3190 2603 propterquern
3222 2531 3474 2588 Christus

1891 2636 2136 2683 mortuus
2155 2626 2473 2693 est,talibus
2500 2625 2769 2682 laceretur
2809 2626 3035 2689 insidiis,
3055 2640 3122 2681 ne
3152 2627 3270 2681 ovis
3301 2624 3480 2695 pretio

1890 2717 2092 2775 Christi
2124 2719 2399 2787 redempta
2428 2716 2622 2787 lupinis
2646 2733 2676 2771 a
2704 2715 2871 2772 fratre
2891 2716 3165 2772 saneietur
3187 2716 3480 2771 morsibus.

1891 2807 2082 2863 Merito
2104 2822 2234 2878 ergo
2256 2820 2416 2862 causa
2445 2821 2541 2861 nos
2564 2806 2798 2875 respicit,
2821 2806 2863 2860 si
2885 2804 3083 2860 talibus
3103 2803 3285 2860 favere
3303 2818 3486 2875 coepe-

1892 2897 2080 2953 rimus.
2092 2895 2473 2966 Corripiantur
2487 2908 2701 2963 semper
2718 2894 2843 2949 talia
2864 2907 2964 2949 nec
2978 2893 3081 2949 illis
3092 2894 3182 2964 qui
3198 2894 3314 2950 haec
3325 2906 3486 2951 exert-

1890 3003 2015 3044 ccre
2046 2996 2331 3052 conantur,
2372 2995 2466 3040 aut
2497 2984 2659 3056 272
2682 2983 2929 3040 Patr-ibus
2954 2984 3040 3040 vel
3072 2983 3330 3040 fratribus
3356 2984 3493 3040 insi-t

1891 3081 2106 3137 diantur
2119 3080 2287 3135 libere
2299 3078 2899 3148 loquiconcedatur,aut
2910 3093 3009 3148 pro
3020 3078 3295 3133 voluntate
3307 3092 3491 3134 sermo

206 3190 374 3245 quam
404 3175 559 3239 meis,
601 3175 725 3232 licet
750 3184 804 3231 et
843 3176 956 3246 ipsa
995 3174 1287 3245 apostolica
1332 3176 1655 3231 auctoritate
1680 3178 1789 3232 sint
1818 3165 1868 3231 C
1897 3168 2128 3242 proferri
2151 3171 2516 3242 permittatur.
2543 3169 2735 3238 Liquet
2754 3169 2976 3224 omnino
2997 3171 3141 3239 quod
3163 3171 3491 3226 connivcant'

204 3266 546 3337 ponderibus
573 3266 759 3338 plena:
799 3285 818 3318 ‹
841 3265 973 3321 Novi
992 3281 1156 3337 opera
1186 3274 1274 3320 tua
1299 3265 1590 3321 novissima
1612 3267 1799 3338 peiora

205 3360 508 3430 prioribus,
545 3361 638 3414 sed
676 3359 849 3415 habeo
898 3361 1159 3414 adversus
1209 3365 1281 3423 te,
1332 3358 1459 3427 quia
1510 3358 1797 3428 prtemittis

209 3446 496 3502 mulierem
528 3446 741 3503 Iezabel
773 3463 894 3518 qute
920 3462 979 3502 se
1007 3447 1136 3501 dicit
1172 3447 1492 3517 prophetam
1522 3448 1716 3502 docere
1742 3454 1798 3502 et

212 3539 480 3594 seducere
504 3556 691 3594 servos
712 3554 883 3602 meos,
912 3538 1169 3593 fornicari
1196 3549 1250 3592 et
1271 3538 1600 3594 manducare
1615 3539 1799 3595 etido—

212 3628 460 3700 lothytis,
491 3638 547 3683 et
574 3629 692 3684 dedi
716 3629 789 3683 illi
820 3638 1031 3698 tempus
1051 3628 1492 3698 utprenitentiarn
1518 3639 1722 3700 ageret,
1744 3640 1803 3686 et

210 3732 326 3773 non
381 3718 496 3771 vult
528 3718 794 3787 poenitere
847 3733 878 3772 a
933 3717 1289 3773 fornicatione
1333 3732 1449 3772 sua.
1509 3717 1649 3774 Ecce
1701 3734 1803 3790 ego

210 3808 378 3863 mitto
398 3823 520 3863 eam
560 3808 613 3862 in
646 3808 862 3873 lectum,
892 3814 949 3863 et
982 3807 1073 3876 qtri
1115 3805 1458 3862 mceclrantur
1493 3823 1616 3863 cum
1645 3822 1710 3864 ea
1746 3808 1801 3864 in

216 3898 621 3954 tribulationem
645 3899 961 3965 maximam,
989 3899 1090 3953 nisi
1106 3899 1480 3969 paenitentiam
1503 3902 1713 3971 egerint
1733 3902 1804 3959 ab

212 3990 474 4060 operibus
497 3989 628 4054 suis,
659 3988 865 4043 etlilios
894 3986 1010 4058 eius
1036 3987 1357 4043 interficiarn
1391 3990 1441 4043 in
1464 3998 1713 4046 mortem.
1740 3990 1806 4046 Et

217 4081 396 4135 scient
418 4094 607 4136 ornues
635 4079 913 4142 Ecclesiae,
937 4079 1063 4149 quia
1089 4094 1190 4150 ego
1212 4094 1332 4135 sum
1360 4090 1613 4136 scrutaris
1639 4083 1805 4137 corda

226 4178 289 4225 et
350 4185 529 4235 renes,
577 4180 633 4226 et
683 4170 824 4225 dabo
878 4170 1169 4240 unicuique
1215 4178 1457 4225 vestrum
1510 4173 1805 4227 secundum

222 4274 394 4329 Opera
427 4270 602 4315 vestra
632 4256 813 4329 (Apoc.
840 4273 900 4323 ιι,
931 4258 1139 4327 19-25).
1171 4276 1192 4311 ο
1229 4255 1373 4324 Ηωε,
1404 4256 1619 4324 fratres,
1652 4258 1809 4315 valde

221 4350 466 4407 cavenda
515 4360 661 4415 sunt,
708 4357 762 4404 et
808 4358 1074 4419 praecepta
1107 4346 1341 4413 Domini,
1393 4356 1558 4420 atque
1602 4357 1808 4403 sauch

225 4443 374 4499 sedis
401 4441 708 4513 apostolica:
737 4457 857 4511 qua:
884 4441 1002 4495 vice
1029 4440 1240 4494 Domini
1272 4438 1559 4495 salvatoris
1583 4438 1806 4511 legatio-

229 4550 300 4590 ne
329 4511 589 4605 fungitur,
618 4531 847 4586 ﬁdeliter
872 4531 1247 4600 amplectanda
1275 4538 1330 4584 et
1359 4532 1681 4601 peragenda.
1734 4531 1809 4586 De
1842 4511 1891 4572 υ

225 4636 445 4690 caetero,
480 4623 707 4686 fratres,
739 4637 900 4692 super
944 4622 1234 4691 provinciae
1262 4637 1425 4676 causa
1454 4622 1598 4679 unde
1626 4624 1807 4679 sedem

227 4715 577 4786 apostolicam
595 4714 793 4769 dudum
809 4711 1091 4769 consulere
1115 4712 1382 4779 voluistis,
1408 4712 1621 4768 videtur
1648 4714 1808 4770 nobis

231 4807 557 4865 sufﬁcienter
605 4814 895 4861 tractatum
962 4820 994 4860 a
1063 4804 1269 4859 sanctis
1320 4805 1811 4875 praedecessor-ibus

230 4900 447 4955 nostris.
493 4896 600 4953 Sed
641 4898 765 4967 quia
802 4896 978 4953 denuo
1008 4905 1249 4952 nostram
1290 4897 1716 4953 mediocritatem
1744 4899 1812 4955 de

230 4988 423 5043 eadem
461 5001 518 5039 re
543 4985 879 5056 interrogare
904 4985 1122 5056 dignum
1153 4984 1404 5050 duxistis,
1448 4985 1643 5042 scitote
1684 5000 1809 5041 cer-

235 5089 345 5134 tam
376 5074 708 5147 provinciam
733 5089 871 5140 esse,
895 5090 1015 5145 qua:
1041 5073 1205 5130 habet
1231 5076 1419 5131 decem
1448 5074 1532 5131 vel
1562 5077 1810 5132 undecim

233 5169 505 5232 civitates,
550 5175 605 5221 et
630 5182 793 5221 unum
825 5158 1005 5238 regem
1026 5207 1041 5231 ,
1073 5174 1131 5220 et
1167 5167 1388 5221 totidem
1440 5167 1678 5223 minores
1723 5182 1818 5237 po-

235 5266 461 5314 testates
497 5258 598 5312 sub
626 5271 706 5322 se,
741 5266 798 5311 et
825 5272 988 5311 unum
1024 5257 1332 5327 episcopum
1358 5258 1599 5328 aliosque
1627 5258 1821 5314 suffra-

238 5363 455 5422 gatores
494 5349 680 5405 decem
714 5348 796 5403 vel
843 5348 1094 5403 undecim
1144 5349 1429 5419 episcopos
1466 5347 1702 5417 iudices,
1753 5350 1821 5404 ad

241 5456 477 5512 quorum
514 5439 775 5510 iudicium
803 5452 994 5493 omnes
1022 5452 1204 5492 causa
1222 5438 1629 5517 episcoporum,
1658 5448 1713 5493 et
1752 5453 1830 5494 re-

243 5533 519 5602 liquorum
542 5529 885 5585 sacerdotum
909 5544 974 5585 ac
997 5529 1276 5585 civitatum
1301 5545 1478 5585 causa:
1501 5530 1824 5595 referantur,

241 5635 303 5678 ut
327 5625 397 5679 ab
426 5623 511 5678 his
549 5622 798 5677 omnibus
819 5621 967 5691 iuste
1005 5634 1240 5678 consona
1271 5636 1402 5679 voce
1427 5624 1823 5688 discernantur,

243 5718 346 5773 nisi
375 5717 441 5772 ad
478 5716 734 5786 maiorem
763 5715 1139 5772 auctoritatem
1173 5712 1334 5768 fuerit
1360 5715 1429 5770 ab
1457 5715 1542 5771 his
1566 5715 1656 5786 qui
1682 5714 1825 5786 iudi-

571 5907 611 5930 κ.

1899 3263 2007 3320 illis
2031 3264 2121 3336 qui
2138 3263 2268 3321 talia
2279 3278 2374 3319 eos
2387 3262 2531 3333 loqtri
2544 3261 2887 3334 permittunt,
2904 3260 3158 3331 quoniam
3173 3268 3492 3320 occurreret

1898 3358 2124 3425 veritas,
2152 3358 2196 3412 si
2221 3356 2425 3412 falsitas
2446 3365 2502 3411 et
2524 3355 2793 3412 Calumttia
2813 3354 3140 3426 displiceret,
3168 3350 3254 3410 vel
3275 3353 3486 3410 odium.

1899 3449 2125 3506 Desinat
2146 3450 2307 3523 igitur
2340 3447 2551 3504 falsitas
2587 3450 2858 3504 incessere
2886 3442 3227 3513 veritatem;
3272 3445 3488 3502 desinat

1900 3544 2135 3614 suspicio
2155 3544 2434 3615 quzeiuste
2459 3542 2734 3614 repellitur
2757 3541 3025 3607 insidiari,
3051 3541 3269 3596 desinat
3301 3538 3495 3595 odium‘

1901 3644 1958 3690 et
2006 3634 2289 3690 inimicitia
2344 3633 2593 3704 persequi
2639 3633 2829 3689 Patres
2880 3632 2966 3689 vel
3002 3630 3231 3698 fratres;
3273 3629 3490 3688 desinat

1902 3727 2253 3798 conspiratio,
2294 3741 2415 3797 quae
2453 3728 2521 3782 ab
2553 3724 2804 3782 omnibus
2844 3735 2928 3782 est
2967 3724 3321 3796 repudianda,
3352 3723 3493 3780 infe-

1904 3826 2050 3874 stare
2075 3818 2379 3888 magistros.
2406 3814 2611 3871 ﬂorum
2650 3816 2815 3885 igitur
2835 3816 3087 3872 vitiorum
3116 3828 3369 3871 auctores
3403 3828 3490 3870 ve.

1907 3917 2211 3981 patratores
2240 3923 2347 3963 non
2376 3916 2503 3963 sunt
2546 3907 2603 3963 in
2646 3909 2993 3965 accusatione
3034 3908 3349 3981 pontificum
3396 3922 3486 3963 re-

1912 4003 1964 4058 ci
1993 4002 2200 4073 piendi,
2251 4001 2345 4057 sed
2379 4002 2597 4071 penitus
2644 3999 2962 4071 repellendi;
3008 4001 3264 4070 quoniam
3297 3998 3494 4069 iubent

1906 4094 2168 4149 canonica
2210 4093 2426 4149 decreta
2471 4092 2689 4148 Patrum
2722 4100 2784 4147 ut
2823 4092 3096 4148 accusatio
3119 4091 3205 4148 vel
3239 4091 3488 4147 testimov

1908 4185 2058 4239 nium
2079 4200 2267 4239 eorum
2292 4183 2387 4254 qui
2419 4184 2545 4239 odio
2571 4183 2839 4253 quoslibet
2872 4183 3252 4255 insequuntur,
3281 4181 3367 4238 vel
3396 4181 3498 4255 qui

1912 4273 2220 4329 iniruieiaut
2240 4275 2478 4345 suSpecti
2498 4274 2935 4340 habentur,nullo
2960 4277 3118 4333 modo
3144 4276 3494 4347 recipiantur.

1912 4364 2151 4431 Quorum
2179 4372 2378 4419 statuta
2403 4372 2459 4418 et
2483 4378 2580 4419 nos
2605 4362 2885 4420 firmantes
2911 4366 3102 4421 eadem
3136 4367 3392 4421 omnibus
3416 4367 3498 4421 irr-

1914 4454 2239 4511 violabiliter
2305 4454 2499 4510 futuris
2566 4456 2899 4526 temporibus
2956 4466 3138 4513 tenere
3187 4470 3495 4513 censemus.

1920 4544 2191 4613 Quidquid
2236 4554 2416 4598 autem
2457 4559 2621 4614 super
2665 4544 2769 4601 hac
2794 4560 2957 4601 causa
2988 4547 3177 4602 Patres
3200 4547 3373 4601 nostri
3408 4546 3501 4602 de-

1919 4636 2248 4692 cernendum
2277 4636 2477 4690 duxere
2507 4636 2731 4708 dignum
2758 4646 2816 4693 ut
2841 4639 3120 4704 condecet,
3148 4652 3370 4694 necesse
3393 4647 3497 4702 est,

1920 4743 2042 4782 cum
2094 4725 2426 4791 labefactari,
2465 4725 2575 4782 vel‘
2607 4726 2869 4782 infirmari
2923 4729 3150 4798 cmperit
3201 4729 3496 4799 apostolica

1919 4817 2096 4873 denuo
2125 4817 2449 4874 auctoritate
2496 4817 2799 4897 firmari-ac
2830 4821 3077 4875 renovari
3132 4820 3502 4892 fratribusque

1920 4911 2057 4966 dari.
2087 4910 2220 4965 Data
2245 4909 2470 4965 Kalend.
2495 4909 2703 4976 Martii,»
2723 4911 3014 4968 indictione
3045 4912 3130 4968 l5.

1922 5022 2080 5089 Item,
2109 5020 2329 5093 epistola
2371 5020 2587 5093 secundi
2631 5018 2837 5093 Pelagii
2876 5038 3026 5091 papa:
3064 5021 3297 5093 Benigno
3328 5025 3505 5080 archi-

2162 5091 2421 5162 episcopo,
2453 5091 2517 5143 de
2546 5091 2830 5144 mutatione
2855 5091 3233 5162 episcoporum.

1998 5181 2359 5237 Dilectissimo
2375 5180 2528 5233 fratri
2548 5176 2784 5235 Baxrcxo
2803 5182 3208 5254 archiepiscopo
3232 5184 3501 5243 Psumus

1925 5274 2227 5344 cpiscopus.

2002 5364 2181 5419 Lectis
2232 5363 2584 5418 fraternitatis
2642 5373 2745 5417 tua:
2795 5362 3027 5433 litteris,
3085 5368 3323 5438 vigorem
3377 5369 3505 5427 fidei

1932 5467 2057 5524 tuae,
2094 5472 2251 5527 quem
2295 5456 2492 5511 dudum
2530 5468 2870 5523 noveramus,
2904 5461 3240 5530 agnovimus,
3278 5468 3508 5534 congrua-'-

1933 5549 2165 5603 tnfantes
2196 5542 2477 5602 dilectioni
2502 5555 2607 5601 ture
2647 5547 2809 5617 quod,
2840 5549 2906 5603 ad
2948 5550 3355 5607 custodiendum
3386 5569 3507 5624 gre-

1932 5658 2049 5712 gem
2085 5639 2310 5705 Christi,
2361 5639 2687 5709 pastoralem
2739 5654 2923 5694 curam
2975 5641 3258 5712 vigilanter
3307 5643 3510 5714 impen-

1931 5733 2033 5797 dis,
2062 5739 2117 5787 ct
2146 5746 2244 5801 pro
2268 5730 2362 5786 tibi
2383 5730 2611 5787 subditis
2633 5730 2894 5786 sollicitus
2924 5732 3133 5786 existis.
3157 5732 3238 5789 Ad
3259 5740 3504 5790 nostram
