3988 6448
1628 207 1710 217 “Α“

528 280 666 336 1095

1411 272 1697 338 ΑΡΡΕΝῙ).
1727 281 1818 336 AD
1843 281 2017 339 SEC.
2046 281 2135 338 IX.
2169 313 2237 326 —-
2270 282 2520 359 lSlDUﬂl
2548 282 2986 347 MERCATORIS

3669 291 3814 349 ιωε

525 393 670 448 enim
699 393 940 450 laetitiam
974 400 1028 450 et
1054 392 1332 452 benefacta
1369 395 1713 466 perveniunt,
1748 403 1805 453 et
1847 396 1894 450 si
1931 395 2112 466 aliqua
2143 399 2188 458 Α
2216 397 2325 452 Aut
2349 399 2470 468 quis
2493 416 2728 470 unquam
2753 410 2930 470 potest
2954 403 3255 479 approbare
3283 411 3532 458 sanctum
3551 419 3663 459 non
3693 419 3813 460 esu

527 499 685 540 secus
730 500 890 554 quam
945 493 1162 554 oportet
1195 487 1564 554 provenerint,
1601 503 1710 542 non
1755 486 1969 541 modico
2011 501 2111 541 nos

527 589 763 631 tumrore
803 576 1147 630 conturbant.
1200 575 1445 646 Magnam
1493 575 1639 630 enim
1692 574 2109 647 gratulationem

526 667 707 722 divina
739 667 983 722 concedit
1016 667 1215 738 gratia,
1241 665 1461 737 quando
1489 666 1680 721 tribuit
1721 667 1864 721 inter
1889 681 1990 722 nos
2018 681 2094 720 sa-

521 759 718 815 ;utaris
777 757 1075 828 disciplinae
1139 772 1380 812 normam
1449 756 1643 812 litteris
1719 754 2003 819 conferre,
2058 761 2115 810 et

527 851 811 920 provenire
855 849 919 902 ad
975 847 1321 919 pacificorutn
1381 847 1558 902 studia
1619 845 1746 900 facit
1789 853 2108 916 praeoptata.

456 979 461 986 .
527 939 706 1010 Exigit
734 953 863 1006 ergo
902 937 1117 992 dilectio
1148 947 1235 992 tua
1261 937 1504 992 consulta
1529 936 1674 991 sedis
1703 935 2030 1006 apostolicae,
2065 934 2110 989 si

443 1017 451 1030 ί
527 1031 734 1103 licitum
766 1029 905 1084 foret
931 1029 1243 1099 episcopum
1275 1029 1510 1083 transire
1536 1035 1628 1080 aut
1661 1026 1856 1080 mutari
1885 1025 1948 1080 de
1977 1024 2110 1079 civi-

523 1132 632 1177 tate
652 1122 718 1176 ad
739 1121 1034 1186 civitatem,
1065 1120 1194 1175 dum
1215 1120 1434 1190 quidam
1464 1134 1720 1183 canones,
1747 1126 1806 1172 ut
1836 1117 1928 1172 tibi
1959 1117 2107 1171 vide—

523 1223 629 1279 tur,
663 1213 764 1268 hoc
806 1211 920 1266 fieri
961 1211 1304 1281 prohibeant.
1340 1209 1672 1281 Significain
1700 1211 1867 1265 etiam
1911 1208 2108 1264 litteris

525 1308 629 1362 tuis
655 1307 942 1376 quemdam
977 1304 1230 1370 fratrum,
1279 1304 1497 1358 nomine
1519 1312 1572 1357 et
1603 1311 1723 1358 actu
1756 1302 1847 1357 Dei
1877 1300 2106 1356 Servum

519 1414 681 1454 causa
697 1399 947 1452 utilitatis
971 1407 1025 1452 te
1042 1396 1178 1451 velle
1203 1404 1411 1451 n'tutare
1439 1395 1492 1449 in
1521 1396 1697 1450 locum
1749 1404 1802 1450 et
1833 1395 2108 1450 civitatem

520 1489 781 1555 defuncti,
802 1490 926 1545 licet
949 1489 1165 1558 quidam
1193 1487 1377 1542 dicant
1401 1489 1500 1542 hoc
1521 1487 1634 1541 ﬁeri
1697 1503 1802 1540 non
1828 1487 1989 1541 licere
2008 1487 2111 1541 nisi

519 1596 843 1636 consensum
871 1581 1179 1651 apostolicae
1231 1579 1374 1635 sedis
1406 1578 1708 1634 habuisses.
1767 1579 2107 1649 Quapropter

515 1670 685 1734 scias,
728 1668 896 1724 frater
930 1669 1298 1734 dilectissime,
1339 1668 1484 1722 aliud
1517 1683 1636 1722 esse
1659 1682 1879 1722 causam
1913 1681 2099 1721 ncces—

2214 484 2601 550 Alexandrum,
2653 488 2748 558 qui
2804 488 3232 559 Hierosolymam
3261 491 3327 546 de
3360 491 3534 546 altera
3584 491 3814 546 civitate

2217 575 2512 630 translatus
2555 585 2671 642 est;
2715 587 2808 632 aut
2837 590 3081 634 sanctum
3130 581 3451 651 Gregorium
3499 582 3814 638 Nazianze-

2214 683 2364 733 num,
2392 670 2483 738 qui
2516 671 2568 722 in
2601 669 2872 724 Nazianzo
2912 673 3239 728 constitutus
3278 686 3377 735 est,
3418 684 3513 728 aut
3555 687 3816 730 sanctum

2213 759 2462 814 Proclum
2480 761 2570 830 qui
2585 761 2650 816 de
2666 760 2864 833 Cyzico
2890 764 3187 820 translatus
3206 781 3260 821 et
3274 765 3816 836 Constantinochim

2214 849 2574 907 intronizatus
2602 854 2726 908 est?
2757 854 2873 908 Non
2895 870 3026 926 ergo
3052 857 3189 910 bene
3212 856 3522 926 intelligant
3547 858 3816 912 ecclesia-

2213 941 2378 996 sticas
2409 943 2622 1013 regulas
2644 944 2737 1013 qui
2764 945 2866 1000 hoc
2889 956 3090 1016 negant
3117 961 3280 1001 causa
3313 949 3570 1002 utilitatis
3589 958 3693 1001 aut
3725 965 3816 1001 ne-

2211 1034 2487 1088 cessitatis
2534 1035 2652 1090 fieri
2682 1051 2862 1106 posse,
2889 1038 3104 1107 quoties
3144 1039 3446 1093 communis
3478 1038 3696 1093 utilitas
3721 1050 3814 1092 aut

2212 1123 2514 1179 necessitas
2544 1125 2902 1193 persuaserit.
2934 1125 3149 1180 Nullum
3173 1127 3317 1181 enim
3342 1142 3408 1182 ex
3442 1127 3551 1190 his,
3587 1136 3694 1181 aut
3741 1143 3810 1180 ex

2211 1210 2354 1276 aliis,
2376 1213 2464 1280 qui
2493 1211 2704 1267 meliori
2724 1213 2949 1269 consilio
2975 1217 3589 1271 mutaveruntcivltates
3621 1230 3814 1272 neces-

2208 1300 2368 1355 sitate
2417 1302 2652 1370 quadam
2682 1302 2768 1358 vel
2797 1304 3031 1360 utilitate
3071 1305 3467 1370 ecclesiastica,
3521 1315 3618 1360 aut
3665 1305 3809 1362 laic:

2207 1391 2610 1454 communione,
2660 1407 2850 1447 carere
2896 1393 3230 1462 reperimus;
3275 1411 3375 1448 nec
3407 1389 3685 1449 ullatenus
3713 1413 3816 1450 un-

2209 1496 2372 1550 quam
2405 1481 2520 1535 fieri
2550 1483 2728 1537 debet.
2770 1481 3055 1538 Sententia
3091 1498 3239 1549 vero,
3269 1500 3388 1553 qua:
3417 1485 3468 1539 in
3499 1485 3813 1540 Antioche-

2208 1588 2278 1629 no
2303 1574 2537 1628 concilio
2570 1574 2828 1639 habetur,
2883 1584 2940 1628 ut
2981 1575 3266 1645 episcopus
3295 1576 3364 1630 ab
3400 1576 3509 1630 alia
3538 1579 3812 1645 parochi:

2207 1680 2547 1734 nequaquam
2577 1666 2775 1736 migret
2801 1666 2868 1721 ad
2899 1666 3086 1732 aliam,
3111 1676 3219 1721 tota
3245 1676 3407 1737 atque
3435 1683 3633 1721 omnes
3685 1683 3815 1722 sen-

517 1759 694 1813 sitatis
732 1769 787 1813 et
827 1758 1096 1823 utilitatis,
1144 1765 1200 1813 et
1245 1757 1390 1812 aliud
1420 1773 1640 1814 causam
1667 1757 2101 1826 prmsumptionis
2135 1772 2178 1829 Β
2208 1758 2388 1810 tentia:
2416 1756 2482 1810 de
2513 1771 2575 1810 ea
2620 1770 2678 1810 re
2720 1757 2826 1810 vim
2875 1756 3124 1825 superius
3170 1758 3626 1827 comprehensam
3680 1759 3811 1810 reti-

513 1859 568 1903 et
613 1851 842 1920 propriae
877 1850 1191 1905 voluntatis.
1241 1849 1356 1904 Non
1386 1866 1513 1920 ergo
1558 1860 1734 1905 mutat
1775 1852 1956 1906 sedem
2009 1851 2102 1920 qui

515 1955 622 1996 non
654 1947 826 1994 mutat
868 1951 1125 2006 mentem,
1158 1939 1208 1994 id
1238 1949 1342 2004 est,
1374 1941 1468 2009 qui
1510 1955 1613 1994 non
1643 1956 1804 1995 causa
1837 1941 2101 2006 avaritia‘,

513 2037 610 2083 aut
651 2029 1070 2095 dominationis,
1121 2038 1216 2084 aut
1260 2030 1489 2100 propriae
1529 2031 1850 2097 voluntatis,
1877 2031 1961 2086 vel
1991 2046 2100 2088 sua:

512 2120 792 2176 electionis
822 2121 1016 2192 migrat
1049 2121 1114 2176 de
1144 2121 1364 2176 civitate
1391 2121 1458 2176 ad
1488 2122 1786 2187 civitatem,
1814 2123 1906 2177 sed
1937 2137 2099 2178 causa

514 2212 860 2268 necessitatis
886 2223 980 2266 aut
1006 2211 1255 2267 utilitatis
1278 2220 1538 2266 mutatur.
1581 2212 1715 2266 Nam
1745 2213 2099 2282 plurimorum

513 2302 726 2358 utilitas
769 2301 930 2356 unius
968 2301 1184 2356 utilitati
1222 2311 1314 2356 aut
1334 2302 1595 2357 voluntati
1634 2303 1968 2372 prazl'erenda
1991 2311 2096 2359 est.

515 2395 675 2450 Aliud
710 2403 796 2451 est
833 2394 976 2449 enim
1005 2402 1238 2459 mutare,
1263 2383 1408 2449 aliud
1438 2396 1660 2460 mutari,
1686 2395 1826 2450 sicut
1847 2395 1990 2449 aliud
2016 2403 2100 2450 est

513 2484 850 2551 ministrare,
892 2492 948 2540 et
987 2483 1134 2539 aliud
1180 2485 1503 2539 ministrari.
1544 2483 1696 2539 Unde
1739 2484 1996 2538 Dominus
2045 2484 2096 2538 in

513 2576 1054 2646 Evangelioloquitur
1073 2577 1288 2642 ,dieeus
1312 2594 1326 2633 :
1361 2596 1377 2628 ι
1400 2575 1514 2632 Non
1533 2577 1652 2631 veni
1677 2575 1976 2632 ministrari
2002 2576 2099 2630 sed

513 2668 1054 2739 ministrare(Matth.
1073 2685 1165 2735 xx,
1187 2669 1299 2739 28).
1339 2689 1356 2720 ι
1386 2668 1537 2735 Quod
1561 2669 1706 2723 enim
1732 2668 2099 2723 incanonibus

514 2763 836 2832 iegiturnon
862 2762 1056 2816 debere
1081 2762 1391 2831 episcopum
1423 2761 1489 2816 de
1509 2761 1728 2815 civitate
1741 2759 1806 2813 ad
1824 2760 2097 2814 civitatem

519 2852 756 2909 transire
786 2850 867 2905 vel
886 2850 1319 2915 transferri,nou
1347 2851 1414 2904 de
1444 2849 1528 2904 bis
1563 2849 1760 2905 dicitur
1779 2889 1793 2913 ,
1817 2849 1907 2920 qui
1931 2858 2022 2903 aut
2047 2849 2096 2903 vi

509 2939 746 3010 expulsi,
775 2947 865 2994 aut
895 2940 1216 2994 necessitate
1246 2941 1442 3004 coacti,
1469 2939 1906 2995 autauctoritate
1928 2938 2098 3008 majo-

507 3048 630 3090 rum
641 3034 745 3087 hoc
769 3039 958 3103 agunt,
977 3032 1071 3086 sed
1087 3031 1152 3085 de
1180 3032 1289 3096 his,
1303 3031 1392 3100 qui
1408 3032 1646 3086 avaritiae
1663 3032 1859 3087 ardore
1883 3029 2093 3085 inflam-

2207 1853 2357 1909 nent,
2387 1853 2442 1899 et
2473 1844 2606 1900 nihil
2636 1855 2934 1916 prtetaxato
2993 1847 3151 1900 modo
3201 1846 3656 1902 translationibus
3695 1853 3812 1915 cpi-

2204 1950 2490 2005 scoporum
2522 1937 2685 2002 actis,
2711 1945 2804 1990 aut
2825 1952 2960 2007 agen
2984 1939 3048 1992 iis
3076 1947 3292 2003 nocent,
3317 1939 3412 1992 sed
3434 1939 3613 2008 magis
3634 1940 3812 1992 robur

2204 2027 2283 2082 eis
2301 2044 2365 2082 ac
2388 2028 2586 2082 donum
2615 2027 2913 2084 Salvatoris
2937 2044 3054 2098 qua-
3076 2044 3265 2084 omnes
3290 2029 3583 2084 canonicos
3609 2045 3809 2099 supcr-

2201 2117 2406 2175 exaltat
2452 2119 2636 2184 libros,
2684 2120 3064 2174 auctoritatem
3099 2129 3378 2190 pra-stant.
3420 2119 3583 2176 Tales
3619 2131 3809 2175 autem

2203 2209 2532 2279 qumstioncs
2572 2212 2743 2282 magis
2772 2226 2841 2266 ex
2880 2211 3078 2266 invidia
3115 2227 3278 2281 quam
3307 2227 3372 2266 ex
3399 2213 3684 2268 eharitate
3717 2224 3810 2268 aut

2203 2303 2437 2360 utilitate
2460 2305 2610 2359 nasci
2634 2304 3044 2371 videntur,cum
3063 2306 3174 2373 ipsa
3194 2320 3292 2374 per
3307 2319 3365 2359 se
3382 2305 3605 2360 Veritas
3620 2307 3805 2360 dicat:

2206 2413 2225 2447 ι
2261 2394 2318 2451 Si
2350 2412 2445 2451 vos
2479 2397 2749 2466 persecuti
2781 2395 2985 2451 fuerint
3028 2397 3080 2450 in
3105 2411 3268 2450 unam
3296 2397 3605 2459 civitatem,
3641 2398 3808 2469 fugite

2201 2486 2256 2540 in
2304 2487 2468 2541 aliam
2517 2487 2735 2558 (Matth.
2788 2503 2845 2553 κ,
2876 2488 2990 2558 95),
3027 2507 3044 2540 ι
3085 2498 3142 2542 et
3198 2487 3427 2556 reliqua.
3478 2487 3627 2542 lluic
3680 2503 3811 2559 ergo

2201 2577 2484 2632 sententiae
2513 2576 2692 2631 nullus
2722 2577 3117 2632 catholicornru
3149 2591 3378 2646 usquam
3413 2577 3808 2631 contradicere

2199 2675 2398 2736 potest,
2434 2683 2554 2737 quae
2591 2683 2697 2723 non
2738 2667 2962 2723 alterius
2989 2669 3086 2723 sed
3117 2667 3288 2738 ipsius
3320 2669 3550 2737 proprio
3588 2667 3807 2722 Domini

2199 2772 2297 2812 ore
2363 2757 2599 2826 prolata,
2651 2767 2708 2812 et
2770 2758 2985 2813 firmata
3027 2773 3147 2814 esse
3205 2759 3566 2830 dignoscitur.
3615 2759 3722 2815 Cui
3762 2759 3808 2814 si

2200 2848 2394 2918 aliquis
2420 2848 2833 2914 contradixerit,
2866 2864 2970 2902 non
2994 2849 3167 2903 solum
3198 2850 3461 2912 extorris,
3505 2851 3608 2904 sed
3637 2851 3801 2904 etiam

2201 2941 2691 2996 anathematizatus
2723 2942 2790 2995 ab
2819 2941 3060 2995 Ecclesia
3103 2942 3353 3008 pellatur.
3408 2942 3478 2996 Et
3535 2942 3808 2998 Dominus

2202 3030 2254 3084 in
2288 3026 2579 3102 Evangelia
2608 3031 2742 3086 alias
2771 3030 2906 3086 dicit
2941 3050 2952 3085 :
2990 3050 3010 3082 ι
3053 3031 3200 3085 Beati
3235 3033 3328 3102 qui
3353 3034 3806 3103 persecutionem

507 3124 640 3180 mati
661 3133 855 3194 sponte
883 3137 978 3178 sua
1007 3121 1312 3191 prosiliunt,
1341 3131 1395 3178 ct
1421 3122 1600 3192 potius
1621 3123 1902 3178 ambitioni
1931 3137 2092 3193 quam
2123 3124 2170 3189 ο
2200 3125 2479 3194 paliunlttr
2514 3133 2737 3196 propter
2775 3121 3045 3195 justitiam
3073 3123 3287 3193 (Matth.
3316 3143 3365 3190 ν,
3393 3127 3511 3194 tu).
3552 3147 3571 3177 ι
3622 3126 3684 3181 Si
3714 3143 3806 3182 eos

506 3214 728 3270 utilitati
744 3212 1005 3269 Ecclesiae
1033 3211 1268 3278 servire,
1295 3221 1352 3266 et
1379 3219 1437 3265 ut
1461 3212 1879 3266 dominationem
1912 3222 2094 3282 agant,

507 3306 762 3362 insistere
807 3304 1050 3374 cupiunt.
1095 3301 1248 3358 Unde
1297 3312 1354 3358 et
1401 3303 1455 3358 in
1488 3289 1746 3372 subjectis
1799 3301 2096 3358 cauonibus

505 3401 818 3464 continetur
849 3416 862 3452 :
897 3397 956 3453 Si
979 3397 1178 3467 aliquis
1205 3396 1476 3451 exstiterit
1503 3395 1844 3460 temerarius,
1871 3395 1962 3464 qui
1987 3393 2097 3449 fore

504 3494 646 3550 sitan
677 3491 1083 3548 excusationem
1111 3487 1302 3542 afferat
1333 3487 1475 3558 quod
1497 3486 1675 3556 populi
1702 3485 1908 3539 litteras
1937 3499 2093 3539 accc-

506 3583 670 3655 perit,
696 3591 752 3637 et
776 3582 897 3638 ideo
928 3577 1262 3648 migraverit,
1294 3577 1423 3632 dum
1461 3574 1808 3630 manifestum
1839 3575 1910 3630 sit
1954 3589 2094 3644 prm-

506 3676 617 3731 mio
644 3684 702 3729 et
738 3672 988 3729 mercede
1014 3686 1219 3742 paucos
1249 3669 1342 3741 qui
1375 3669 1642 3724 sinceram
1676 3668 1835 3724 fidem
1869 3683 1975 3722 non
1998 3669 2094 3722 ba-

503 3766 652 3830 bent,
683 3764 922 3836 potuisse
969 3762 1279 3831 corrumpi,
1312 3767 1372 3816 ut
1409 3759 1709 3816 clamarent
1745 3760 1796 3814 in
1824 3758 2087 3825 Ecclesia,

503 3867 561 3916 et
587 3859 760 3929 ipsum
785 3865 970 3928 petere
1001 3855 1341 3919 viderentur,
1373 3852 1595 3906 omnino
1627 3852 1726 3906 has
1753 3849 1973 3906 fraudes
2009 3866 2095 3905 re-

504 3949 801 4006 movendos
829 3961 948 4002 esse
972 3960 1277 4001 censemus.
1311 3941 1407 3998 llis
1441 3942 1622 3997 verbis
1655 3950 1712 3997 et
1758 3941 1882 3996 aliis
1909 3941 2092 3996 multis

506 4041 769 4110 exemplis
796 4040 964 4109 liquet
995 4053 1103 4092 non
1134 4038 1199 4092 de
1222 4036 1309 4090 bis
1339 4036 1540 4099 dicere,
1574 4045 1628 4088 ut
1653 4033 1814 4103 paulo
1843 4034 2090 4104 superius

510 4130 851 4200 praelibatum
879 4136 982 4192 est,
1003 4125 1094 4195 qui
1130 4124 1268 4196 pulsi
1297 4133 1389 4178 aut
1430 4138 1536 4178 nou
1571 4123 1772 4193 recepti
1803 4138 1832 4175 a
1857 4122 2086 4187 civibus,

508 4219 594 4276 vel
633 4235 663 4273 a
715 4218 1150 4287 quihuscuuque,
1198 4223 1292 4268 aut
1338 4213 1663 4269 necessitate
1720 4221 1966 4283 cogente,
2005 4210 2088 4267 vel
2130 4262 2133 4265 .

505 4311 832 4368 auctoritate
861 4309 1127 4379 majorum
1161 4315 1442 4362 transeunt
1465 4305 1532 4361 de
1554 4306 1773 4361 civitate
1801 4307 1866 4360 ad
1891 4305 2086 4360 civita-

505 4412 634 4470 t'em,
667 4403 760 4458 sed
784 4403 849 4457 de
879 4402 963 4456 bis
982 4401 1074 4471 qui
1097 4407 1290 4470 sponte
1311 4397 1622 4468 prosiliunt,
1651 4405 1741 4451 aut
1763 4396 2084 4452 temeritatis

2200 3217 2460 3272 Dominus
2479 3217 2670 3272 beatos
2709 3216 2863 3282 dicit,
2912 3217 3005 3286 qui
3045 3217 3483 3286 persecutionem
3519 3218 3805 3286 patiuntur

2198 3316 2419 3376 propter
2455 3306 2743 3377 justitiam,
2778 3305 2902 3375 quis
2951 3320 3047 3361 eos
3083 3307 3340 3360 damnare
3381 3307 3614 3374 potest?
3648 3305 3716 3359 Et
3757 3306 3800 3359 si

2198 3395 2314 3465 ipse
2340 3395 2404 3450 de
2425 3393 2644 3450 civitate
2673 3395 2737 3450 ad
2768 3396 3071 3462 civitatem,
3102 3405 3325 3465 propter
3347 3397 3799 3465 persecutionem

2199 3489 2385 3560 fugere
2436 3489 2712 3558 przecepit,
2749 3488 2872 3557 quis
2906 3503 3002 3543 eos
3047 3488 3343 3543 detrahere
3385 3497 3477 3540 aut
3532 3489 3800 3542 damnare

2195 3590 2481 3651 propterea
2535 3581 2699 3635 audet
2733 3581 2819 3635 vel
2865 3590 3066 3650 potest,
3099 3581 3242 3650 quod
3279 3580 3460 3634 verbis
3492 3580 3799 3636 Dominicis

2193 3671 2609 3740 obtemperant?
2641 3670 2890 3726 Profecto
2923 3671 3008 3727 bis
3059 3671 3152 3740 qui
3212 3670 3543 3726 contradicit
3582 3680 3685 3725 aut
3715 3687 3797 3727 re-

2194 3765 2356 3830 sistit,
2389 3765 2627 3835 seipsum
2657 3762 2916 3828 damnat,
2948 3764 3075 3832 quia
3104 3762 3186 3817 ori
3219 3762 3434 3816 Domini
3459 3772 3791 3826 contumax,

2193 3865 2246 3913 et
2293 3856 2614 3911 inobediens
2656 3855 2893 3910 exsistit.
2926 3854 3077 3910 Unde
3107 3862 3164 3909 e1.
3210 3853 3325 3923 ipsa
3355 3868 3453 3924 per
3481 3867 3544 3908 se
3573 3852 3798 3910 Veritas

2192 3945 2323 4001 dicit
2350 3963 2363 3999 :
2406 3963 2423 3996 ι
2453 3943 2588 4011 Quis
2613 3960 2678 3999 ex
2715 3946 2866 4000 vobis
2900 3954 3091 4016 arguet
3120 3959 3206 3999 me
3231 3945 3297 4000 de
3325 3945 3591 4013 peccato?
3621 3945 3683 4001 Si
3709 3962 3793 4002 vc-

2199 4038 2414 4092 ritatem
2437 4036 2581 4101 dico,
2618 4051 2786 4104 quare
2820 4051 2916 4090 vos
2961 4051 3066 4090 non
3119 4035 3346 4090 creditis
3389 4035 3562 4089 mihi?
3591 4035 3698 4103 Qui
3727 4051 3791 4091 ex

2204 4128 2313 4182 Deo
2336 4135 2436 4188 est,
2479 4125 2640 4182 verba
2674 4125 2766 4180 Dei
2795 4127 2964 4180 audit.
2993 4125 3284 4194 Propterea
3311 4141 3407 4180 vos
3428 4141 3536 4180 non
3561 4128 3790 4192 auditis,

2195 4219 2320 4286 quia
2349 4232 2414 4272 ex
2443 4217 2552 4270 Deo
2581 4231 2686 4270 non
2713 4217 2846 4270 estis
2868 4215 3049 4288 (Joau.
3084 4231 3200 4284 vin,
3226 4215 3320 4280 46,
3347 4215 3460 4283 47).
3500 4236 3521 4267 ι
3549 4217 3789 4272 Omnino

2193 4329 2210 4362 ι
2247 4317 2457 4380 oportet
2486 4309 2598 4366 Deo
2629 4307 2852 4362 obedire
2877 4307 2995 4377 plus
3022 4322 3185 4376 quam
3219 4307 3535 4362 hominibus
3558 4309 3705 4378 (Act.
3736 4325 3783 4372 ι’,

2184 4401 2314 4471 29);
2353 4419 2370 4450 ι
2404 4407 2459 4453 et
2481 4398 2684 4456 idcirco
2713 4398 2856 4468 quod
2890 4399 2996 4452 Deo
3019 4397 3324 4464 obedimus,
3351 4398 3419 4452 de
3447 4399 3682 4454 civitate
3714 4403 3780 4453 ad

503 4504 597 4550 aut
628 4492 938 4549 ambitionis
969 4507 1134 4547 causa
1176 4489 1280 4544 hoc
1321 4488 1548 4544 faciunt.
1579 4487 1713 4542 Nam
1739 4496 1794 4542 et
1822 4487 1966 4542 aliud
1996 4497 2081 4542 est
2114 4471 2160 4529 D
2187 4491 2490 4556 civitatem,
2521 4490 2638 4560 ipso
2668 4489 3040 4560 prtecipiente,
3083 4489 3481 4559 persecutionis
3514 4506 3710 4556 causa,
3737 4491 3784 4545 id

503 4593 690 4640 coacto
729 4592 821 4638 aut
852 4580 1174 4637 necessitate
1214 4577 1432 4643 venire;
1460 4577 1602 4631 unde
1626 4591 1734 4630 non
1759 4576 1846 4630 isti
1872 4585 2083 4630 mutant

502 4676 780 4740 civitates,
810 4674 903 4728 sed
935 4680 1236 4736 mutantur,
1265 4668 1390 4738 quia
1419 4683 1526 4722 non
1554 4676 1744 4737 sponte
1773 4667 1866 4722 sed
1897 4676 2083 4722 eoacte

503 4767 605 4823 boc
636 4775 821 4837 agunt.
853 4764 984 4830 Quis
1011 4762 1156 4817 enim
1184 4773 1418 4830 unquam
1447 4758 1607 4813 audet
1630 4757 1812 4812 dicere
1833 4764 2082 4812 sanctum

502 4858 721 4930 Petrum
777 4853 1140 4926 apostolorum
1194 4850 1494 4920 principem
1543 4863 1647 4903 non
1701 4849 1837 4904 bene
1883 4842 2078 4918 egisse,

501 4950 716 5018 quando
743 4947 969 5001 mutavit
996 4945 1177 5000 sedem
1203 4944 1267 4998 de
1281 4941 1568 4998 Antiochia
1601 4938 1654 4994 in
1685 4939 1949 4994 Romam?
1975 4937 2082 4993 Aut

501 5042 622 5110 quis
648 5056 771 5095 cum
805 5050 963 5108 negat
991 5037 1059 5092 ob
1092 5037 1144 5091 id
1173 5043 1419 5090 sanetum
1447 5048 1548 5087 non
1573 5045 1712 5095 esse,
1739 5039 1833 5085 aut
1854 5030 2084 5100 dignita-

505 5141 632 5197 tem,
661 5139 754 5185 aut
799 5130 1051 5184 meritum
1074 5141 1308 5195 unquam
1338 5121 1667 5194 apostolatus
1695 5132 1804 5177 tam
1847 5122 1901 5175 in
1932 5120 2084 5174 etnlis

505 5246 666 5300 quam
723 5229 775 5282 in
819 5227 978 5282 terris
1025 5224 1361 5295 perdidisse?
1385 5223 1492 5277 Aut
1521 5223 1643 5292 quis
1674 5229 1836 5298 negat
1865 5229 2085 5275 sanctos

504 5338 611 5378 non
635 5337 754 5378 esse
775 5319 974 5379 multos
995 5318 1130 5374 alios
1153 5318 1458 5388 episcopos,
1475 5315 1566 5386 qui
1593 5315 1658 5370 de
1683 5309 1996 5370 civitatibus
2019 5313 2086 5366 ad

501 5416 750 5471 civitates
775 5412 1024 5490 translati
1042 5419 1188 5474 sunt,
1213 5419 1307 5464 aut
1332 5408 1584 5463 meritum
1604 5404 1952 5477 pontificatus
1965 5419 2084 5474 pcr-

499 5505 737 5561 didissc?
771 5503 1015 5571 Quorum
1067 5498 1288 5553 nomina
1339 5498 1385 5552 si
1433 5497 1692 5568 cmperim
1737 5507 2081 5558 enumerare,

499 5603 626 5650 ante
653 5595 767 5650 dies
795 5589 1126 5666 pertransiet
1154 5604 1318 5660 quam
1363 5589 1478 5644 haec
1526 5587 1706 5642 omnia
1737 5584 2083 5642 conscribere

499 5702 735 5757 possem,
761 5697 815 5743 et
854 5685 1116 5758 prolixior
1143 5683 1248 5739 erit
1294 5681 1518 5752 epistola
1539 5697 1701 5753 quam
1732 5694 1952 5736 necesse
1987 5680 2076 5736 sit.

2186 4589 2293 4648 est,
2327 4580 2690 4645 necessitatis,
2720 4587 2814 4633 aut
2854 4579 3107 4634 utilitatis
3129 4581 3452 4643 transimus,
3483 4580 3782 4636 damnandi

2187 4674 2410 4730 sumus?
2467 4671 2578 4726 Non
2629 4671 2872 4736 omnino,
2922 4673 3018 4726 sed
3058 4671 3242 4740 potius
3286 4672 3583 4727 venerandi
3625 4683 3783 4744 atque

2187 4767 2457 4836 portandi,
2488 4764 2747 4834 quoniam
2781 4778 2881 4817 nec
2922 4763 3053 4830 ipsis
3078 4763 3349 4833 episcopis
3385 4764 3492 4817 huc
3525 4764 3780 4834 imputari

2191 4866 2393 4929 potest.
2442 4876 2461 4909 ι
2493 4856 2594 4924 Qui
2643 4856 2727 4910 bis
2775 4854 3000 4920 resistit,
3032 4854 3278 4923 profecto
3302 4855 3398 4908 Dei
3440 4855 3781 4910 ordinationi

2186 4946 2392 5002 resistit
2432 4944 2607 5015 (Rom.
2659 4959 2783 5009 xm,
2826 4943 2906 5014 ‘2),
2941 4961 2959 4994 ι
2995 4950 3049 4997 et
3084 4960 3102 4992 ι
3143 4950 3228 4996 est
3283 4941 3488 5019 infideli
3536 4943 3780 4998 detericr

2189 5037 2240 5108 (ι
2297 5036 2433 5090 Tim.
2473 5051 2527 5101 v,
2558 5035 2637 5103 8),
2675 5054 2694 5087 ι
2725 5035 2854 5104 quia
2910 5033 3103 5088 melius
3151 5042 3237 5088 est
3289 5049 3396 5087 non
3449 5048 3783 5105 cognoscere

2191 5134 2334 5187 viam
2386 5128 2650 5194 veritatis,
2709 5145 2876 5200 quam
2918 5138 3042 5198 post
3085 5129 3424 5199 agnitionem
3478 5137 3778 5184 retrorsum

2189 5223 2360 5280 abire.
2395 5223 2528 5276 Nam
2564 5232 2621 5277 et
2665 5221 2781 5291 ipse
2826 5221 3088 5275 Dominus
3129 5219 3196 5274 de
3235 5219 3352 5274 loco
3391 5219 3457 5274 ad
3486 5220 3670 5275 locum
3703 5236 3773 5275 re-

2190 5316 2376 5387 cessit,
2413 5313 2465 5368 id
2509 5321 2614 5379 est,
2669 5311 2938 5376 transivit,
2967 5309 3169 5365 ludatis
3212 5310 3360 5364 illum
3385 5312 3771 5380 quaerentibus.

2195 5427 2215 5462 ι
2253 5408 2490 5478 Fugiens
2521 5406 2612 5462 ille
2634 5413 2941 5476 quaerentes
2975 5411 3029 5458 et
3055 5411 3444 5473 persequentes
3487 5416 3549 5456 se
3593 5402 3776 5472 (Joan.

2188 5514 2304 5564 vnt,
2335 5499 2452 5567 59),
2489 5517 2506 5550 ι
2543 5505 2598 5551 et
2627 5495 2692 5551 de
2720 5494 2944 5549 civitate
2972 5492 3040 5546 ad
3075 5491 3350 5547 civitatem
3383 5491 3619 5546 transire
3647 5506 3775 5560 pra:-

2186 5591 2351 5660 cepit,
2391 5589 2578 5644 dicens
2606 5604 2620 5641 :
2653 5604 2672 5638 ι
2703 5583 2761 5640 Si
2786 5599 2882 5640 vos
2901 5583 3169 5656 persecuti
3194 5581 3394 5638 fuerint
3420 5583 3474 5638 in
3501 5582 3773 5638 civitatem

2185 5683 2371 5746 istam,
2396 5679 2560 5752 fugite
2579 5678 2632 5733 in
2660 5675 2820 5732 aliam
2845 5672 3060 5746 (Matth.
3088 5689 3142 5739 κ,
3161 5671 3280 5744 25),
3303 5692 3321 5726 ι
3348 5682 3402 5730 et
3426 5682 3624 5729 caetera
3649 5670 3768 5726 talia
