3988 6476
141 411 279 472 1097

1310 420 1800 481 DECRETALIUM
1830 423 2227 485 COLLECTIO.

3222 414 3227 419 ’
3269 435 3400 491 1098

142 523 232 582 his
252 523 472 617 similia.
502 526 634 617 _Nam
672 529 718 587 si
743 529 929 604 fugere
957 532 1154 589 malum
1181 544 1287 602 est,
1315 536 1563 607 persequi
1585 537 1722 592 mulo
1750 542 1796 601 Α
1824 554 1930 613 qua
1954 539 2211 601 collectas
2238 541 2493 609 celebrat,
2537 543 2631 601 sed
2674 542 2946 602 sustinere
2985 522 3142 616 quod
3184 548 3402 617 provin-

143 623 203 673 to
233 614 511 675 deterius.
531 618 631 676 llic
666 622 884 691 quidem
916 636 982 678 ne
1015 623 1300 692 moriatur,
1334 624 1718 692 absconditur;

139 706 233 762 hic
271 714 447 763 tamen
495 710 835 780 persequitur
880 722 938 767 ut
990 713 1221 778 occidat,
1275 725 1329 769 et
1379 723 1438 770 ut
1487 714 1725 785 fugiatur

138 797 473 869 prmcipitur,
498 808 552 856 ct
575 803 700 872 quia
722 802 811 873 qui
844 806 1037 874 quzerit
1064 806 1313 862 occidere
1337 808 1725 877 przevaricatur

139 888 337 958 legem,
356 898 409 945 et
432 891 603 962 magis
618 894 848 964 fugiendi
863 896 1065 966 pnebct
1090 898 1453 953 occasionem.
1469 897 1524 953 Si
1542 899 1720 970 fugam

136 978 510 1051 itnpropcraut
531 997 936 1055 persequentes,
959 989 1279 1044 erubescant
1308 988 1488 1059 potius
1527 998 1723 1046 semet-

133 1070 310 1142 ipsos.
337 1083 390 1129 et
437 1074 722 1144 quiescant
766 1077 1034 1145 insidiari,
1075 1087 1129 1134 et
1157 1079 1439 1149 quiescent
1465 1081 1723 1141 continuo

129 1162 428 1232 fugientes.
472 1163 641 1221 Nemo
671 1167 818 1222 enim
863 1169 1049 1224 mitem
1096 1169 1229 1242 fugit
1287 1171 1597 1240 aliquando,
1626 1172 1723 1228 sed

129 1255 313 1326 magis
355 1255 591 1313 ferocem
622 1258 784 1314 simul
827 1259 1179 1316 cteallidum.
1218 1260 1409 1318 Omnis
1441 1263 1585 1318 enim
1630 1264 1720 1333 qui

133 1346 389 1413 gemebat
414 1356 468 1402 et
497 1348 797 1404 venabatur
816 1365 845 1404 a
870 1348 1001 1406 Saul
1032 1351 1270 1424 fugiebat
1301 1362 1357 1408 ct
1381 1354 1632 1410 veniebat
1653 1357 1721 1412 ad

130 1433 307 1492 David
336 1436 492 1510 (Reg.
518 1454 669 1506 χχιι,
700 1442 777 1512 7).
806 1440 1020 1514 Si‘ergo
1044 1444 1321 1515 piissimus
1348 1455 1511 1516 atque
1529 1444 1723 1515 justis-

130 1527 308 1584 simus
329 1528 496 1584 David
523 1531 687 1586 sciret
716 1542 994 1601 peccatum
1021 1547 1142 1590 esse
1171 1535 1605 1605 persecutionem
1638 1535 1719 1591 fu-

131 1617 369 1686 gientes,
399 1630 455 1676 et
480 1629 827 1678 transeuntes
848 1623 917 1678 de
948 1622 1068 1679 loco
1096 1626 1163 1682 ad
1189 1624 1383 1690 locum,
1417 1634 1473 1681 et
1498 1626 1565 1682 tle
1587 1626 1721 1682 civi-

130 1719 250 1767 tate
277 1709 345 1765 ad
384 1709 688 1779 civitatem,
740 1712 880 1770 tales
925 1729 1266 1786 nequaquam
1297 1715 1588 1787 reciperet,
1618 1730 1720 1772 nec

127 1813 319 1856 secum
342 1810 576 1870 teneret,
604 1816 703 1858 uec
724 1801 777 1856 in
794 1802 921 1860 aliis
947 1804 1260 1862 civitatibus
1283 1819 1378 1863 eos
1403 1805 1715 1862 collocaret.

1825 635 1924 692 ciae
1970 629 2560 709 synodus'suojudieio
2610 636 3000 692 terminaverit.
3038 636 3171 693 lluie
3204 636 3399 708 regulae

1824 726 2194 783 contradicere
2224 726 2401 782 nullus
2441 735 2636 797 potest,
2681 740 2803 797 qua:
2842 727 3006 782 etiam
3046 742 3206 782 causa
3248 727 3399 782 utili-

1824 819 1950 874 tatis
1984 826 2076 871 aut
2121 817 2461 873 nece-sitatis
2501 817 2832 872 iutronizare
2871 817 3181 888 episcopum
3224 816 3401 888 jubet,

1821 917 1870 962 et
1895 914 2108 961 mutare
2136 922 2200 960 ac
2225 906 2454 961 transire
2481 921 2604 961 eum
2631 905 2696 961 de
2719 905 2939 962 civitate
2968 907 3035 962 ad
3068 905 3231 960 aliam
3263 906 3400 961 civi-

1823 1005 1988 1052 tatem
2044 1012 2149 1052 non
2199 999 2474 1068 proprium
2523 996 2812 1053 habentem
2861 998 3199 1068 episcopum,
3245 997 3397 1052 sinit.
3487 1027 3497 1039 -

1819 1089 2051 1159 Pingues
2075 1089 2278 1144 hostias
2296 1089 2417 1144 litat
2442 1076 2673 1154 diabolo,
2689 1089 2779 1160 qui
2800 1090 2886 1145 his
2910 1089 3163 1145 resistere
3188 1088 3401 1154 nititur,

1820 1191 1910 1235 aut
1940 1178 2358 1235 misericordiam
2393 1187 2448 1234 et
2484 1176 2770 1234 utilitatem
2811 1178 3066 1235 Ecclesia:
3101 1177 3214 1249 jam
3244 1173 3406 1235 dictis

1819 1277 1998 1338 negat,
2024 1268 2076 1322 id
2104 1276 2205 1332 est,
2233 1276 2287 1322 et
2313 1267 2599 1339 episcopis,
2623 1276 2678 1324 et
2698 1267 2926 1339 populis.
2956 1267 3013 1323 lu
3038 1283 3238 1324 vanum
3268 1283 3403 1339 ergo

1818 1368 2006 1417 contra
2033 1357 2438 1429 simplices,qui
2468 1359 2582 1414 hzec
2609 1359 2736 1414 olim
2762 1357 3005 1415 dicentes
3031 1374 3192 1429 agere
3220 1360 3402 1430 prohi~

1817 1452 2071 1514 buerunt,
2113 1448 2386 1505 tendicula
2437 1449 2691 1519 deinceps
2743 1449 3034 1520 parabunt,
3077 1465 3200 1505 cum
3228 1449 3314 1505 his
3344 1458 3403 1505 et

1818 1542 1940 1597 aliis
1970 1541 2164 1596 armati
2194 1539 2559 1607 adminiculis,
2590 1541 2841 1595 noverint
2873 1540 3002 1610 quid
3022 1554 3186 1610 super
3205 1539 3291 1595 his
3322 1539 3397 1594 sit

1818 1631 2104 1705 agendum,
2129 1640 2185 1687 et
2209 1629 2337 1701 quid
2354 1627 2997 1684 vitandum.Nitnisenitn
3022 1637 3265 1684 armatus
3289 1637 3397 1692 est,

1816 1725 1908 1800 qui
1931 1725 2020 1779 illa
2039 1739 2159 1805 quae
2174 1721 2515 1779 adversarius
2533 1720 2940 1785 misericordlae,
2962 1720 3213 1809 utilitatis
3234 1728 3401 1799 atque

1816 1813 2120 1875 concordia:
2169 1811 2464 1879 ministrat,
2501 1810 2603 1866 tela
2657 1810 2974 1867 contemnit.
3017 1808 3227 1867 Sufﬁcit
3270 1824 3403 1880 ergo

127 1891 235 1960 Qui
261 1892 406 1947 enim
432 1905 832 1964 persequuntur
863 1896 1070 1953 Domini
1093 1897 1396 1970 episcopos,
1427 1913 1627 1971 eosque
1654 1900 1721 1955 de
1749 1903 1796 1964 B
1823 1914 2015 1964 contra
2047 1905 2227 1960 omnia
2263 1902 2444 1974 jaeula
2472 1902 2775 1974 iurgiorum
2800 1892 2920 1958 fidei
2946 1904 3089 1959 nuda
3108 1902 3398 1975 oppositio.

128 1985 450 2041 civitatibus
477 1985 545 2040 ad
565 1986 815 2044 civitates
844 1989 1077 2046 transire
1103 1989 1453 2060 compellunt,
1486 2007 1594 2051 non
1619 2006 1716 2047 eos

130 2085 346 2131 tantum
370 2087 792 2147 persequuntur,
832 2089 1095 2148 quantum
1141 2079 1428 2136 Dominum
1471 2090 1715 2137 nostrum

126 2163 318 2222 Iesum
361 2166 664 2233 Christum,
699 2185 719 2221 ι
757 2167 915 2240 cujus-
956 2167 1223 2240 legatioue
1282 2169 1583 2243 funguntur
1627 2171 1715 2244 (ΙΙ

125 2256 258 2311 Cor.
282 2271 336 2323 v,
356 2256 479 2326 ΞΘ),
505 2276 527 2311 ο
558 2272 663 2315 ιιεε
691 2257 791 2329 ipsi
821 2258 873 2314 iu
903 2258 1004 2315 hoc
1034 2269 1260 2330 peccant
1286 2261 1545 2332 episcopi,
1577 2276 1715 2331 quo-

126 2347 279 2402 niam
337 2364 442 2404 uou
491 2360 684 2420 sponte
729 2349 822 2406 sed
853 2361 1039 2407 coacta:
1069 2351 1172 2407 hoc
1211 2360 1409 2424 agunt,
1437 2353 1530 2408 sed
1567 2352 1646 2408 illi
1683 2370 1716 2409 a

123 2440 327 2509 quibus
358 2450 769 2510 persequuntur,
803 2455 902 2496 nec
948 2441 1083 2511 ipsis
1115 2442 1383 2514 episcopis
1410 2444 1515 2499 hoc
1538 2445 1713 2515 impu-

125 2528 234 2583 tari
281 2539 478 2598 potest,
502 2532 594 2585 sed
622 2528 725 2585 illis
751 2530 840 2600 qui
871 2544 964 2585 eos
998 2532 1100 2586 hoc
1130 2546 1291 2603 agerc
1325 2543 1542 2603 cogunt.
1576 2534 1709 2591 San-

121 2628 246 2673 ctus
288 2617 431 2673 cuitu
461 2627 825 2691 protomartyr
852 2619 1160 2689 Stephanus
1206 2620 1579 2692 lapidabatur,
1615 2623 1711 2679 sed

121 2708 282 2765 Iesus
309 2709 636 2779 suscipiebat
674 2711 875 2781 plagas
893 2710 1035 2780 (lict.
1069 2728 1168 2778 vtt,
1196 2711 1309 2783 58),
1338 2714 1566 2784 ideoque
1596 2712 1713 2769 uni-

121 2799 321 2870 cuique
349 2799 749 2870 pnuvitlendutn
793 2810 898 2867 est,
924 2817 994 2857 ne
1034 2801 1267 2873 aliquem
1302 2804 1496 2872 injuste
1522 2819 1708 2875 perse-

104 2898 344 2962 quatur,
374 2890 670 2959 itttlicetvel
695 2893 900 2963 puniat,
922 2907 989 2948 ue
1017 2893 1202 2949 .lesum
1229 2894 1708 2965 perscquatur,iu-

119 2984 328 3041 dieetet
342 2983 650 3054 puniat.Qui
666 2994 844 3041 autem
861 2996 1058 3058 negant
1073 2987 1492 3043 misericonliam
1510 2989 1711 3044 facien-

120 3079 243 3133 dam
269 3079 599 3149 lugientihus
633 3095 697 3137 ac
734 3090 1112 3137 nceessrtatem
1145 3082 1496 3153 patientibus,
1532 3084 1703 3154 ipsum

117 3170 399 3226 Christum
435 3180 654 3241 negant,
709 3174 800 3243 qui
850 3182 936 3228 est
983 3174 1351 3230 misericordia
1392 3182 1447 3230 et
1477 3174 1700 3242 veritas,

1820 1997 1948 2055 Scio
1988 2006 2041 2053 te
2080 2012 2187 2052 non
2242 1995 2513 2067 ignorare,
2547 1994 2737 2061 frater,
2770 2002 3099 2050 memoratas
3132 2008 3404 2071 canonum

1816 2090 2115 2149 sententias
2160 2086 2302 2159 apud
2339 2086 2678 2158 evangelieas
2725 2086 3053 2155 sanctiones,
3092 2101 3259 2141 novas
3293 2099 3403 2140 non

1818 2195 1960 2246 esse,
1985 2178 2080 2234 sed
2112 2184 2302 2233 nostro
2325 2175 2567 2233 asseusui
2600 2175 2923 2253 mancipari.
2952 2174 3062 2231 Cur
3082 2176 3168 2230 his
3184 2182 3402 2230 contra-

1820 2268 2067 2326 dicentes
2095 2265 2483 2338 emigrationes
2508 2264 2888 2343 episcoporum
2913 2263 3165 2321 utilitatis
3202 2270 3258 2319 ει
3303 2275 3400 2317 ne-

1816 2362 2089 2420 cessitatis
2106 2375 2269 2418 causa
2294 2358 2411 2415 fieri
2432 2358 2809 2437 prohibentes,
2826 2366 2889 2413 ut
2910 2372 3050 2433 srepe
3072 2356 3273 2412 dictum
3294 2362 3399 2421 est,

1815 2463 1873 2509 et
1899 2468 2004 2509 non
2034 2446 2281 2517 avaritia:
2316 2461 2411 2508 aut
2454 2450 2774 2513 temeritatis
2796 2451 2853 2506 in
2882 2449 3181 2521 perniciem
3209 2462 3397 2512 sacer...

1821 2546 2008 2602 dotum
2037 2560 2101 2600 ac
2126 2544 2444 2615 populorum
2475 2543 2675 2598 laedunt
2703 2540 3040 2598 sacerdotale
3072 2539 3402 2599 concilium?

1813 2637 1923 2695 Cur
1937 2638 2172 2694 lacerant
2192 2636 2512 2696 sententiam
2530 2635 2583 2690 in
2602 2650 2707 2706 qua
2733 2633 3029 2705 inspirante
3045 2632 3261 2688 Christo
3276 2645 3400 2686 ora-

1812 2728 1933 2785 cula
1963 2742 2194 2799 superna
2222 2732 2532 2797 patuerunt,
2562 2734 2617 2780 et
2658 2724 2801 2779 inter
2837 2723 3004 2777 Deum
3051 2730 3108 2777 et
3150 2720 3400 2777 homines

1812 2821 2081 2891 interpres
2111 2818 2321 2874 exstitit
2351 2817 2531 2888 lingua
2574 2813 2931 2886 pontificum?
2972 2812 3065 2869 Illa
3089 2811 3234 2868 enim
3266 2810 3393 2867 caeli

1813 2910 1967 2968 curia
2003 2910 2281 2965 variarum
2339 2907 2554 2962 dotibus
2603 2912 2762 2963 aucta
2811 2902 3103 2971 cttrulium,
3136 2910 3192 2958 et
3219 2900 3392 2957 multo

1810 2998 2190 3070 Redemptoris
2216 2996 2386 3059 nostri
2410 3010 2552 3057 auro,
2568 3002 2827 3066 ostroque
2856 2993 3136 3061 decorata,
3176 2990 3310 3048 nihil
3332 2991 3392 3053 ,in

1811 3089 1900 3145 illa
1942 3089 2217 3145 decisione
2258 3099 2481 3146 auctore
2524 3104 2582 3145 se
2620 3086 2866 3158 protulit,
2899 3087 2993 3142 sed
3021 3099 3120 3157 per
3143 3084 3400 3145 humanm

1810 3176 2010 3246 linguae
2041 3177 2400 3233 ministerium
2450 3177 2632 3233 divino
2669 3174 2919 3232 militavit
2948 3174 3193 3245 imperio.
3227 3172 3395 3227 intel-

115 3260 447 3317 ctomuihus
468 3262 847 3317 necessitatem
878 3263 1209 3332 patientibus
1232 3263 1703 3336 subvenit-ejuhet.
1735 3251 1949 3324 C’lexit
1993 3283 2101 3323 non
2148 3282 2270 3324 esse
2317 3282 2474 3323 suum
2517 3266 2780 3339 quidquid
2830 3264 3061 3336 impulsa
3090 3262 3391 3326 constituit,

107 3347 294 3405 Pauca
311 3357 455 3416 sunt,
471 3349 660 3416 frater,
674 3366 794 3422 qua:
817 3352 1048 3421 asserui,
1062 3355 1155 3408 sed
1173 3362 1372 3425 quanta
1386 3369 1449 3410 ex
1469 3355 1553 3411 his
1569 3370 1702 3426 pen-

116 3444 283 3498 deant
314 3453 403 3499 tua
433 3445 770 3514 providentia
802 3447 1007 3518 poteris
1035 3446 1328 3507 testiinarc.
1361 3446 1540 3515 Quare
1564 3452 1705 3506 hanc

115 3534 440 3589 annituutur
453 3535 695 3609 malevoli
713 3537 1106 3608 interrumpere
1122 3538 1576 3599 misericordiam?
1590 3538 1703 3607 Cur

108 3623 315 3681 laedere
342 3626 501 3682 vanis
543 3626 931 3684 intentionibus
971 3626 1330 3690 felicitatem?
1374 3628 1701 3693 Excusatio-

108 3726 236 3771 'nem
256 3716 374 3788 jam
397 3732 503 3773 non
532 3718 697 3774 habet
717 3717 869 3772 furor
898 3719 998 3775 iste
1020 3720 1382 3786 credentibus,
1410 3736 1510 3776 nec
1538 3721 1704 3776 inter-

109 3814 194 3861 est
215 3805 418 3876 quibus
435 3806 720 3863 itineribus
746 3826 765 3860 ι
784 3808 853 3867 ad
873 3808 1069 3863 mundi
1082 3809 1379 3879 principem
1400 3810 1583 3878 (Jama.
1602 3827 1701 3879 xu,

113 3899 204 3967 51)
242 3918 264 3952 ι
304 3907 510 3965 currat,
543 3900 634 3972 qui
665 3916 696 3955 a
738 3901 1376 3971 benevolential'ratrum
1406 3903 1697 3972 delitescit,

111 3995 206 4045 aut
242 3990 626 4045 necessitatem
669 3992 999 4060 patientibus
1044 3993 1468 4061 misericordiam
1515 4005 1698 4068 negat.

110 4078 289 4151 Negat
316 4080 738 4137 misericordiam
765 4084 1095 4161 patientibus
1122 4086 1210 4154 qui
1226 4085 1436 4161 populis
1465 4087 1704 4159 indigen-

109 4172 260 4229 tibus
289 4172 484 4229 divinis
512 4156 804 4247 mysteriis,
851 4183 907 4231 et
947 4192 1052 4231 non
1081 4156 1403 4233 habentibus
1423 4156 1701 4249 proprium

108 4264 449 4343 episcopum,
474 4266 568 4344 qui
594 4280 688 4328 eos
716 4267 947 4327 instruat
971 4281 1132 4326 causa
1147 4266 1395 4337 utilitatis
1417 4275 1589 4344 atque.
1611 4282 1701 4326 ne-

100 4342 420 4419 cessitatis,
438 4340 531 4411 aut
551 4370 625 4415 ex.
642 4356 747 4411 alia
778 4358 1016 4424 civitate,
1034 4357 1161 4413 licet
1189 4359 1366 4413 minor
1394 4340 1563 4432 sit,:in
1580 4373 1701 4415 eam

110 4459 234 4519 qua:
274 4459 394 4515 non,
418 4446 582 4502 habet
609 4447 941 4534 episcopum,
975 4448 1270 4505 doctiorem
1292 4448 1375 4504 vel
1400 4449 1696 4519 utiliorem,

106 4539 329 4598 meliori
353 4542 578 4599 consilio
615 4558 719 4598 non
753 4551 946 4614 sponte
973 4552 1367 4614 transeuntem,
1400 4547 1697 4619 sed‘majo-

1807 3358 1941 3414 nihil
1991 3373 2207 3429 quoque
2249 3357 2417 3413 habet
2451 3356 2505 3411 in
2560 3355 2650 3411 illa
2686 3354 2979 3422 sententia,
3019 3352 3125 3409 nisi
3154 3351 3297 3408 unde
3327 3351 3394 3408 de

1808 3449 1921 3506 sola
1946 3449 2232 3505 devotione
2258 3447 2574 3525 gratuletur.
2604 3446 2739 3503 Nam
2764 3446 2891 3511 dum
2915 3444 3157 3525 profanis
3191 3458 3395 3499 memo~

1805 3547 2050 3601 ratorum
2094 3524 2556 3605 verbis‘ceditur,
2588 3546 2643 3594 et
2691 3553 2803 3619 sua:
2848 3524 3081 3594 vesanhe
3124 3534 3392 3592 inscitiam

1801 3629 2040 3702 produnt
2081 3639 2137 3686 et
2165 3629 2416 3698 livorem,
2442 3628 2682 3701 quishic
2703 3629 2855 3684 locus
2880 3627 3109 3693 erroris,
3136 3627 3227 3681 ubi
3257 3640 3391 3681 con-

1803 3722 2046 3793 gruentia
2075 3722 2194 3794 pari
2226 3722 2389 3787 ductu
2419 3706 2676 3790 exempli,
2716 3728 2770 3776 et
2798 3719 3038 3774 historia:
3064 3717 3226 3773 verba
3259 3730 3387 3772 con-

1805 3812 2068 3869 currunt?
2095 3810 2500 3878 Necdiversum
2536 3819 2622 3867 est
2646 3811 2713 3866 ab
2734 3808 3009 3866 intellectu
3035 3806 3303 3864 catholico
3329 3816 3385 3863 et

1802 3902 2130 3958 lectionibus
2160 3903 2303 3974 quod
2348 3901 2644 3974 profertur.
2670 3900 2802 3956 Nam
2829 3916 2935 3955 non
2957 3900 3096 3956 bene
3125 3899 3297 3955 nodus
3326 3898 3381 3956 in

1803 3992 1979 4062 scirpo
2008 3992 2291 4063 quaeritur,
2330 3992 2461 4048 dum
2498 3992 2722 4048 involvit
2745 3989 2939 4046 nebula
2971 3989 3275 4061 praedicata:
3302 3987 3385 4042 lu-

1801 4083 1881 4138 cis
1897 4080 2059 4153 273
2078 4089 2354 4148 auctores;
2390 4080 2531 4136 foeda
2550 4095 2784 4153 namque
2807 4095 2837 4134 a
2864 4080 3036 4134 nitore
3061 4076 3273 4133 Domini
3299 4077 3384 4131 sui

1802 4174 2128 4246 obligatione
2154 4173 2484 4239 dissolvitur,
2508 4174 2600 4243 qui
2620 4172 2839 4247 statutis
2859 4169 3172 4227 ccelestibus
3202 4169 3382 4223 minus

1798 4280 1951 4321 mera
2005 4264 2111 4320 ﬁde
2161 4264 2413 4334 dependit
2449 4262 2647 4319 oilleia.
2689 4261 2897 4316 Talium
2944 4259 3383 4332 ergod’rctiones

1799 4360 1887 4416 vel
1932 4339 2324 4428 prohibitiones
2376 4357 2608 4428 indignas
2647 4355 2811 4411 etiam
2867 4353 3381 4414 fiuntmemoratu.

1801 4450 2075 4509 Profunda
2125 4458 2210 4507 est
2237 4466 2365 4522 ergo
2394 4449 2555 4505 nimis
2595 4448 2867 4520 imperitia
2895 4460 3116 4511 eorum,
3152 4463 3171 4495 ι
3199 4454 3254 4499 ει
3297 4458 3382 4497 εε-

1798 4528 2051 4612 pulcrum
2096 4548 2290 4612 patens
2322 4548 2509 4611 guttur
2525 4553 2741 4605 eorum,
2770 4538 2894 4607 quia
2921 4535 3117 4606 linguis
3141 4534 3253 4588 suis
3283 4533 3379 4588 do-

108 4650 230 4689 rum
278 4633 653 4690 exhortatione
683 4611 1046 4709 mutare,‘aut
1091 4611 1693 4711 episcopum'ejectuin,
1724 4611 1775 4673 Β
1803 4611 1920 4689 lose
1969 4611 2201 4704 agebant
2246 4628 2422 4703 (Psal.
2466 4645 2522 4697 v,
2552 4628 2664 4702 il).
2695 4647 2714 4680 ι
2747 4626 2865 4682 Non
2901 4632 2985 4680 est
3011 4624 3155 4680 enim
3194 4623 3246 4678 in
3286 4637 3382 4677 ore

104 4733 160 4779 et
190 4724 628 4794 persecutionem
670 4726 967 4796 pauentem
995 4742 1156 4790 causa
1188 4728 1437 4784 utilitatis
1474 4738 1569 4785 aut
1610 4744 1703 4786 ne.
1800 4722 1991 4784 eorum
2037 4733 2268 4793 rectum,
2295 4723 2767 4790 interim-aeorum
2812 4719 3043 4781 insidim.
3074 4717 3258 4773 densis
3286 4730 3382 4771 cor

106 4813 387 4870 cessitatis
428 4813 760 4870 intronizare
806 4831 914 4881 non
964 4816 1248 4899 permittit.
1285 4816 1443 4895 Apud
1483 4825 1699 4875 veteres
1794 4822 1992 4875 eorum
2017 4815 2272 4888 vepribus
2298 4812 2619 4880 suffocatur,
2649 4812 2937 4867 et‘interaa
2960 4810 3088 4864 vitia
3115 4807 3234 4862 aliis
3261 4822 3380 4862 cer-

104 4905 259 4960 enim
288 4905 405 4960 sine
427 4904 535 4959 ulla
564 4905 866 4973 differentia
900 4906 968 4962 de
992 4892 1100 4960 una
1129 4906 1348 4970 civitate
1374 4892 1442 4962 ad
1469 4907 1694 4968 alteram

1809 4917 1920 4966 tant
1970 4906 2264 4964 ascribere.
2317 4905 2662 4962 Nobilitatem
2706 4917 2839 4974 ergo
2883 4902 2976 4957 dat
3025 4898 3378 4963 facinoribus,

100 4995 707 5069 migrabatepiscopus,
726 4998 852 5053 dum
879 4998 1085 5062 utilitas
1124 5000 1543 5068 autneeessltas
1563 5014 1693 5056 evo-
1799 5000 1892 5070 qui
1935 5000 1991 5055 in
2041 4998 2237 5065 talibus
2260 4996 2665 5053 ventilationem
2712 4995 2953 5066 ipsorum
2994 4991 3046 5047 in
3073 4990 3380 5074 exemplum

103 5093 282 5143 caret.
314 5074 657 5159 Quapropter
685 5088 855 5160 ipsam
877 5089 1042 5145 etiam
1070 5090 1311 5160 regulam
1338 5090 1465 5146 huic
1489 5090 1692 5162 eplsto-
1798 5090 1987 5156 sumit,
2011 5097 2102 5159 aut
2148 5088 2217 5145 ad
2244 5101 2404 5143 aures
2434 5094 2684 5156 posteras
2712 5084 2870 5155 digna
2908 5081 3172 5137 relatione
3196 5089 3373 5135 trans-

101 5179 172 5234 ιω
220 5179 428 5251 placuit
476 5168 663 5247 inseri,
698 5188 758 5234 ιιι
787 5187 1120 5242 monstretur
1145 5195 1241 5235 eos
1278 5168 1551 5243 mentitos
1576 5194 1695 5237 esse
1798 5178 1985 5235 mittit.
2020 5178 2140 5234 Tibi
2166 5187 2346 5234 autem
2378 5191 2484 5233 non
2519 5175 2591 5231 sit
2615 5190 2745 5230 cura
2770 5173 2954 5229 talium
2992 5171 3375 5242 quaestionum,

104 5272 205 5348 qui
226 5273 542 5351 episcopum
569 5288 672 5327 non
694 5288 851 5343 posse
881 5274 1213 5330 introuizare
1238 5274 1523 5339 dixerunt;
1548 5274 1691 5331 unde

103 5354 161 5419 et
188 5362 249 5419 in
283 5364 582 5419 canonlbus
607 5364 806 5436 legitur
836 5366 908 5421 ita
939 5385 953 5421 :
988 5367 1044 5422 Si
1076 5367 1199 5438 quis
1226 5366 1514 5437 episcopus
1540 5366 1688 5422 ordi-

103 5463 274 5512 natus
318 5455 383 5509 ad
430 5457 767 5527 parochiam,
797 5457 849 5512 in
894 5473 999 5529 qua
1026 5459 1308 5514 ordinatus
1330 5466 1437 5524 est,
1469 5456 1692 5511 minime

102 5545 491 5617 proficiscitur,
544 5563 650 5603 non
691 5561 788 5604 sua
858 5539 1035 5620 culpa,
1077 5550 1174 5606 sed
1224 5558 1317 5604 aut
1382 5548 1581 5621 pepulo
1608 5562 1692 5603 re-

102 5644 355 5706 spuent',
385 5645 477 5691 aut
518 5647 740 5708 propter
768 5638 931 5694 aliam
974 5639 1271 5709 quamlibet
1301 5654 1543 5706 causam,
1584 5652 1692 5693 non

104 5729 434 5786 necessitate
458 5729 678 5798 factam,
711 5733 852 5789 lnmc
884 5734 1093 5790 honore
1127 5734 1535 5805 ministerioque
1569 5746 1696 5803 par-

106 5820 337 5886 ticipare
365 5831 574 5892 tamen;
604 5840 702 5881 nec
732 5840 853 5883 eum
884 5826 1097 5883 misceri
1146 5827 1306 5884 rebus
1338 5824 1608 5905 Ecclesiae
1628 5822 1688 5905 in

1794 5272 1891 5327 sed
1914 5285 2143 5343 sequere
2168 5268 2493 5326 sententiam
2522 5267 2666 5322 beati
2694 5259 2844 5320 Pauli
2865 5264 3117 5336 apostoli,
3144 5262 3234 5333 qui
3259 5274 3379 5316 mo-

1795 5372 1888 5420 net
1911 5379 2008 5435 per
2032 5363 2347 5433 discipulum
2377 5370 2618 5425 cunctos,
2642 5370 2698 5417 et
2716 5360 2929 5424 clamat,
2956 5359 3168 5415 dicens:
3186 5352 3378 5412 inanes

1795 5455 2120 5526 qutestiones
2142 5453 2318 5508 devita
2341 5469 2355 5517 ;
2387 5451 2574 5507 inanes
2595 5446 3013 5521 namque,juxta
3035 5446 3378 5519 Apostolum,

1795 5548 2123 5619 quaestiones
2151 5561 2364 5618 semper
2393 5546 2569 5601 devita
2593 5586 2607 5612 ,
2638 5552 2693 5600 et
2720 5559 2817 5616 age
2837 5547 2979 5616 quod
3011 5542 3216 5599 meliori
3249 5556 3377 5599 con-

1797 5636 1918 5694 silio
1947 5653 2050 5693 non
2083 5635 2348 5701 avaritiae,
2377 5635 2463 5691 vel
2507 5635 2848 5700 temeritatis,
2900 5635 2983 5692 vel
3021 5633 3296 5698 utilitatis,
3321 5641 3379 5689 et

1796 5726 2161 5794 necessitatis,
2213 5734 2268 5781 ut
2317 5741 2458 5797 saepe
2505 5726 2708 5782 dictum
2739 5735 2843 5794 est,
2876 5741 3039 5782 causa
3072 5723 3376 5785 faciendum

1798 5821 2002 5879 utiliter
2023 5820 2381 5893 perspexeris.
