3988 6430
2157 272 2278 300 ww
2295 282 2462 308 -ἠθιιδκμι
2480 298 2503 305 σ-
2512 298 2529 306 α

684 371 824 431 1099

1531 366 1824 424 APPEND.
1865 365 1956 420 AD
1996 363 2167 420 SZEC.
2211 359 2300 416 lx.
2338 388 2407 402 --
2446 351 3167 412 iSiDORIMERCATORIS

3704 359 3815 415 1|le

755 485 1131 555 Quapropter,
1183 480 1501 536 ebarissune
1527 520 1542 543 ,
1602 480 1689 535 liis
1738 476 2050 549 apostolicis
2103 474 2266 529 fultus
2296 477 2341 532 Λ
2373 468 2555 523 vitatis
2602 474 2686 521 est
2716 466 2772 520 in
2796 474 3087 537 conspectu
3116 464 3396 520 Altissimi.
3439 463 3815 540 Sacrificiuij

686 577 1131 639 auctoritatibus,
1176 583 1321 627 muta
1365 570 1680 642 episcopum
1728 584 1892 625 causa
1924 565 2267 623 necessitatis

685 680 779 725 aut
811 668 1089 732 utilitatis,
1116 680 1279 735 super
1319 679 1426 736 quo
1450 662 1735 719 consulere
1784 675 1883 716 nos
1925 658 2140 714 voluisti
2164 698 2178 724 ,
2211 665 2267 713 et

686 763 823 818 alios
853 761 1050 816 fratres
1096 767 1315 813 nostros
1359 756 1556 829 quibus
1584 756 1689 811 hoc
1739 753 2040 810 faciendum
2074 764 2266 808 neces-

682 855 818 908 sitas
847 860 941 907 aut
973 850 1183 906 utilitas
1230 847 1572 919 compulerit,
1605 861 1766 918 agere
1794 845 1948 909 doce,
1984 843 2111 915 quia
2162 843 2268 897 hoc

679 943 827 1014 quod
863 943 959 999 tibi
985 941 1087 997 soli
1114 941 1409 997 scribimus
1435 939 1765 1012 generaliter
1790 937 2041 993 omnibus
2080 943 2267 990 tenere

683 1035 1031 1100 mandamus;
1070 1033 1198 1104 quia
1223 1031 1364 1088 sicut
1394 1038 1713 1102 potestatem
1743 1027 2007 1083 habemus
2052 1026 2265 1095 episco-

679 1139 782 1197 pos
827 1132 886 1181 et
928 1123 1238 1181 sacerdotes
1268 1120 1594 1193 regulariter
1640 1118 1875 1183 titulare,
1907 1124 1963 1173 et
1990 1115 2265 1181 ordinare,

680 1225 782 1283 ita,
808 1227 870 1274 ut
890 1216 1206 1289 przedictum
1234 1224 1340 1280 est,
1365 1228 1529 1271 causa
1562 1212 1919 1271 necessitatis,
1945 1218 2038 1264 aut
2062 1208 2267 1264 utilitac

682 1308 754 1363 tis
781 1306 949 1363 babes
978 1315 1035 1362 et
1060 1313 1295 1371 mutare,
1324 1319 1387 1359 ac
1412 1303 1479 1359 de
1504 1302 1663 1358 titulo
1690 1301 1755 1355 ad
1790 1300 2002 1355 titulum
2032 1298 2265 1355 transla-

680 1406 824 1466 tare,
843 1397 969 1453 licet
981 1395 1048 1453 de
1069 1395 1265 1451 minori
1280 1393 1618 1464 admajurem
1635 1391 1827 1446 urbem
1843 1389 2134 1445 mutandus
2154 1388 2262 1454 sit;

683 1489 799 1546 hoc
817 1497 999 1543 tamen
1023 1499 1365 1556 summopere
1401 1481 1800 1555 pmvidendum
1828 1489 1947 1547 est,
1993 1495 2066 1535 ne
2100 1494 2265 1536 causa

686 1579 1013 1651 arrogantia:
1035 1586 1127 1633 aut
1166 1575 1410 1631 avaritia:
1435 1589 1670 1643 unquam
1696 1572 1813 1637 ﬁat,
1831 1572 1956 1642 quia
1979 1571 2040 1626 bi
2060 1586 2095 1625 a
2123 1584 2265 1639 prae-

682 1671 847 1727 dictis
869 1669 1166 1725 canonibus
1188 1668 1537 1729 damnantur,
1562 1679 1666 1718 non
1694 1663 1769 1717 illi
1795 1663 1885 1733 qui
1915 1660 2263 1724 necessitate,

679 1769 782 1816 aut
803 1758 1035 1814 utilitate
1058 1755 1322 1826 majorum
1347 1755 1573 1811 consilio
1587 1762 1642 1808 et
1665 1767 1794 1807 sana
1813 1767 1875 1808 ae
1900 1759 2127 1822 pura,et
2155 1750 2268 1805 Deo

2373 565 2652 627 acceptum
2691 564 2805 620 est,
2853 566 2909 611 et
2959 557 3276 610 memoriam
3300 556 3413 626 ejus
3448 572 3545 610 non
3576 559 3817 615 oblirimm

2372 647 2650 703 Dominus.
2679 645 2829 701 Bono
2846 647 3028 701 animo
3057 645 3281 717 gloriam
3303 647 3459 701 redde
3474 646 3591 712 Deo,
3604 660 3650 703 et
3670 666 3745 704 non
3763 656 3817 705 ni-

2371 753 2508 794 nuas
2537 737 2807 808 primitias
2844 735 3060 807 frugum
3090 746 3324 791 tuarum.
3349 736 3403 790 in
3425 738 3560 792 omni
3587 740 3686 794 dato
3705 740 3814 798 faciti

2370 827 2540 882 larem
2565 827 2772 881 vultum
2800 836 2970 890 tuum,
2993 834 3049 880 et
3079 827 3131 880 in
3155 826 3509 883 exsultatione
3535 831 3747 885 sanetiﬁc:
3765 833 3818 887 de

2369 919 2543 975 cimas
2565 928 2708 973 tuas.
2725 916 2801 971 Da
2821 916 3101 972 Altissimo
3125 917 3422 988 secundum
3445 917 3609 970 datum
3632 918 3817 985 ejus.ctin

2371 1011 2528 1066 oculo
2572 1012 2726 1082 bono,
2754 1010 3197 1065 adinventiouem
3252 1008 3338 1063 fac
3380 1024 3616 1064 manuum
3658 1021 3819 1073 tuarum,

2371 1104 2631 1175 quoniam
2655 1103 2914 1157 Dominus
2944 1097 3259 1157 retribuens
3280 1108 3362 1155 est
3377 1141 3391 1163 ,
3420 1108 3474 1157 et
3502 1102 3673 1172 septies
3694 1111 3821 1159 [nulla

2370 1192 2561 1249 reddet
2593 1192 2710 1246 tibi.
2752 1189 2870 1246 Noli
2922 1189 3122 1245 offerre
3154 1204 3375 1243 munera
3406 1203 3593 1259 prava,
3630 1206 3708 1243 non
3738 1194 3820 1247 alia

2370 1283 2631 1354 suscipiet
2653 1282 2761 1343 illa.
2784 1291 2839 1337 et
2863 1280 2970 1336 noli
3008 1279 3282 1351 inspicere
3310 1278 3617 1334 sacriﬁcium
3642 1280 3819 1349 injustam.

2370 1373 2624 1446 quoniam
2666 1372 2930 1428 Dominus
2945 1371 3117 1442 judcx
3146 1379 3255 1436 est,
3285 1378 3342 1427 et
3376 1385 3481 1424 non
3507 1380 3583 1425 est
3601 1370 3711 1439 apud
3738 1371 3823 1425 illa

2371 1464 2540 1536 gloria
2576 1478 2842 1535 personae.
2870 1462 2987 1519 Non
3017 1462 3253 1533 accipiet
3280 1460 3534 1516 Dominus
3560 1475 3771 1530 personam
3794 1462 3821 1515 in

2370 1567 2637 1627 paupere,
2688 1566 2740 1612 et
2773 1555 3137 1627 precationem
3185 1553 3299 1609 lzesi
3325 1554 3584 1608 exaudiet.
3611 1551 3823 1624 Nnudeqi‘

2369 1649 2477 1703 ciet
2520 1663 2711 1718 preces
2747 1646 2932 1718 pupilli
2985 1661 3086 1702 nec
3118 1646 3364 1711 viduam,
3394 1645 3440 1699 si
3489 1643 3689 1699 ell‘undat
3713 1644 3824 1716 loqu-

2371 1737 2477 1792 lam
2503 1737 2756 1808 gemitus.
2804 1735 2996 1791 Nonne
3044 1734 3305 1808 lacryma:
3356 1733 3526 1787 vidum
3553 1735 3610 1786 ad
3648 1735 3821 1788 auxilia:

678 1849 885 1922 placita
909 1823 1211 1905 intentione
1232 1848 1335 1903 hoc
1357 1846 1586 1902 faciunt.
1616 1844 1717 1910 Tu,
1735 1844 1905 1898 frater
1940 1856 2157 1912 semper
2178 1856 2265 1895 sc-
2294 1836 2340 1895 Β
2367 1829 2719 1894 descendunt,
2749 1835 2804 1882 et
2856 1824 3186 1882 exclamatio
3215 1825 3337 1894 ejus
3386 1838 3544 1893 super
3581 1823 3823 1877 deducentem

679 1950 833 1999 ctare
855 1939 1125 2010 justitiam
1144 1980 1162 2005 ,
1188 1939 1447 2009 pietatem
1465 1979 1482 2003 ,
1534 1935 1692 1991 iidem
1717 1977 1734 2001 ,
1763 1934 2087 1991 cbaritatem
2113 1973 2131 1998 ,
2174 1946 2269 2000 pa-

681 2029 931 2086 tientiam
984 2037 1041 2084 et
1089 2026 1578 2082 mansuetudinem.
1627 2024 1790 2080 Certa
1839 2024 2005 2079 etiam
2066 2022 2268 2076 bonum

685 2129 963 2176 certamen
1007 2118 1153 2183 fidei,
1190 2128 1245 2172 et
1287 2115 1634 2187 apprehende
1676 2114 1842 2168 vitam
1892 2122 2185 2178 astcrnam,
2216 2112 2268 2166 in

683 2226 794 2283 qua
815 2218 1039 2265 vocatus
1073 2225 1153 2274 es,
1184 2207 1441 2279 quoniam
1483 2207 1705 2275 spiritus
1750 2205 2056 2259 timentium
2093 2202 2272 2259 Domi-

685 2315 817 2357 num
844 2299 1107 2372 quaeritur
1153 2297 1222 2352 ab
1267 2297 1377 2363 illo,
1403 2297 1537 2351 etin
1572 2306 1816 2366 respectu
1868 2296 2013 2349 illius
2056 2294 2275 2349 benedi-

688 2389 859 2445 citur.
893 2389 1031 2461 Spes
1051 2387 1197 2444 enim
1226 2386 1437 2442 illorum
1475 2386 1526 2440 in
1557 2386 1856 2441 salvantem
1882 2386 2023 2452 illos,
2055 2394 2107 2440 et
2129 2385 2271 2440 oculi

666 2468 900 2537 Domini
932 2482 983 2536 in
1015 2480 1302 2552 diligentes
1338 2493 1418 2534 se.
1454 2477 1556 2547 Qui
1604 2480 1760 2535 timet
1792 2477 2103 2545 Dominum,
2139 2478 2274 2533 nihil

687 2574 1005 2645 trepidabit,
1032 2584 1222 2630 etnon
1269 2574 1507 2643 pavebit,
1553 2573 1809 2643 quoniam
1861 2573 1978 2643 ipse
2026 2582 2111 2628 est
2150 2587 2274 2644 spes

684 2666 823 2738 ejus.
864 2666 1130 2721 Timentis
1161 2665 1447 2720 Dominum
1479 2665 1639 2719 beata
1669 2675 1754 2719 est
1781 2664 1982 2718 anima.
2009 2664 2086 2717 Ad
2111 2679 2273 2735 quem

690 2754 937 2827 respicit,
966 2764 1023 2809 et
1051 2756 1174 2825 quis
1218 2761 1303 2808 est.
1354 2752 1615 2808 fortitudo
1658 2753 1813 2825 ejus?
1858 2748 2011 2809 Oculi
2063 2748 2291 2808 Domini

689 2861 854 2917 super
877 2846 1128 2901 timentes
1155 2860 1302 2911 eum,
1326 2851 1605 2915 protector
1654 2843 1929 2914 potentia},
1962 2845 2274 2898 ﬁrmamen-

679 2926 807 3012 :tnm
840 2935 1076 3002 virtutis,
1108 2943 1321 3007 tegmen
1355 2934 1589 3001 ardoris,
1621 2943 1677 2989 et
1726 2934 2111 2990 umbraculum
2157 2949 2271 2988 me-

694 3026 987 3094 ridianum,
1015 3037 1070 3083 et
1110 3028 1422 3098 prtcdicatio
1471 3026 1808 3094 offensionis,
1847 3037 1904 3082 et
1948 3027 2273 3097 adjuterium

695 3134 884 3184 rasus,
901 3118 1149 3175 exultans
1171 3118 1429 3183 animam,
1454 3127 1511 3173 et
1538 3117 1850 3173 illuminans
1884 3119 2071 3172 oeulos
2095 3158 2111 3182 ,
2140 3116 2277 3170 dans

2372 1923 2505 1977 eas?
2533 1922 2579 1975 Λ
2615 1918 2834 1976 maxilla
2883 1919 3028 1974 enim
3070 1918 3377 1973 ascendunt
3404 1929 3565 1985 usque
3603 1915 3657 1970 ad
3690 1914 3824 1974 colam.

2372 2024 2429 2070 et
2456 2014 2715 2086 Dominus
2744 2013 3028 2069 exauditur
3063 2026 3170 2066 non
3206 2008 3558 2065 delectabitur
3587 2006 3633 2061 in
3652 2007 3742 2061 illis.
3767 2007 3824 2074 Qui

2374 2105 2567 2160 adorat
2596 2104 2908 2168 Dominum,
2935 2102 2988 2157 in
3017 2101 3289 2157 oblatione
3338 2098 3658 2169 suscipietur,
3689 2107 3727 2152 et
3757 2113 3823 2167 pro

2375 2197 2518 2253 catio
2580 2195 2723 2251 illius
2775 2208 2948 2264 usque
2995 2193 3059 2248 ad
3100 2192 3271 2246 nubes
3303 2189 3673 2260 propiuquabit.
3710 2186 3823 2242 Gratis

2376 2287 2715 2343 liumiliantis
2744 2301 2802 2341 se
2831 2287 3003 2340 nubes
3046 2283 3383 2354 penetrabit,
3411 2282 3572 2337 donec
3596 2280 3825 2351 propinata

2377 2395 2484 2434 non
2531 2368 2926 2443 conSolabitur,
2957 2384 3011 2432 et
3059 2392 3167 2430 non
3207 2374 3478 2438 discedet,
3523 2373 3668 2426 donec
3691 2371 3829 2439 upith

2375 2469 2708 2537 Altissimus,
2731 2477 2786 2523 et
2822 2467 3080 2522 Dominus
3102 2481 3209 2520 non
3236 2462 3540 2535 elongabit;
3567 2463 3645 2517 sed
3661 2458 3826 2529 judicalit

2380 2558 2634 2629 injustos,
2661 2567 2718 2612 et
2745 2557 2907 2612 faciet
2929 2555 3196 2627 judicium
3218 2594 3233 2621 ,
3266 2562 3323 2610 et
3369 2553 3663 2608 fortissimus
3686 2566 3758 2605 non
3775 2550 3828 2601 la-

2377 2650 2528 2707 bebit
2579 2649 2633 2703 in
2689 2649 2796 2703 illis
2840 2647 3196 2718 patientiam,
3252 2654 3312 2699 ut
3367 2642 3663 2701 eontribulct
3699 2641 3833 2695 doma

2379 2740 2641 2812 ipsorum,
2682 2747 2739 2794 et
2768 2736 3018 2809 gentibus
3041 2735 3231 2791 reddet
3252 2733 3561 2796 vindictam,
3587 2733 3718 2787 donec
3744 2727 3829 2782 loiiai

2378 2834 2767 2903 plenitudinem
2792 2830 3244 2901 superborum,ct
3270 2834 3487 2896 sceptra
3512 2824 3830 2894 iuiquorumouo-

2381 2921 2600 2977 tribulet
2619 2938 2633 2985 ;
2650 2921 2821 2975 donec
2837 2918 3026 2974 reddat
3051 2916 3304 2972 omnibus
3339 2915 3614 2970 secundum
3628 2920 3831 2966 actusstos

2377 3021 2428 3067 et
2447 3011 2738 3066 secundum
2762 3024 2923 3079 opera
2942 3007 3091 3072 Adm,
3104 3014 3159 3062 et
3173 3005 3473 3060 secundum
3491 2998 3830 3074 pnesumptiones

2380 3101 2556 3167 illius;
2577 3101 2749 3157 donec
2770 3098 2978 3171 judicct
2996 3096 3257 3168 judicium
3289 3094 3464 3166 plebis
3480 3109 3605 3156 sum,
3622 3098 3665 3143 et
3683 3086 3828 3139 oblecla-
3892 3086 3893 3093 ‘

695 3210 1006 3277 sanitatem,
1037 3218 1092 3266 et
1118 3209 1306 3276 vitam,
1348 3218 1402 3264 et
1428 3208 1882 3264 benedictionem.
1938 3205 2274 3260 lmmolantis

2380 3192 2455 3249 bit
2478 3192 2653 3263 justos
2680 3191 2735 3245 iu
2775 3187 3141 3244 misericordia
3171 3201 3268 3242 sua
3307 3183 3499 3257 (Eccli.
3529 3195 3671 3242 xxxv,
3692 3173 3829 3235 8-Ξδὶιι

680 3316 763 3371 «ει
791 3302 976 3372 iniquo
1009 3301 1211 3357 oblatio
1241 3310 1323 3357 est
1355 3300 1647 3365 maculata,
1688 3309 1745 3355 et
1792 3315 1899 3355 non
1951 3308 2075 3354 sunt
2114 3297 2280 3354 bene-

696 3395 910 3466 placitae
952 3394 1405 3451 subsaunationes
1458 3391 1802 3464 injustorum,
1843 3390 2104 3446 Dominus
2133 3389 2281 3444 solus

684 3485 1093 3551 sustinentibus
1129 3499 1187 3540 se
1216 3484 1270 3538 in
1299 3483 1385 3539 via
1430 3482 1701 3549 veritatis,
1740 3489 1797 3536 et
1838 3479 2085 3549 iustitia}.
2129 3480 2278 3535 Dona

700 3576 869 3646 iniqui
910 3591 1017 3630 non
1048 3574 1242 3646 probat
1289 3573 1629 3638 Altissimus,
1650 3587 1751 3627 nec
1784 3570 2002 3641 respicit
2039 3569 2093 3625 in
2133 3569 2283 3625 obia-

702 3668 939 3724 tiouibus
964 3665 1310 3736 injustorum,
1344 3680 1443 3721 nec
1483 3665 1536 3720 in
1585 3663 1934 3719 multitudine
1976 3661 2283 3735 sacrificio-

622 3748 625 3751 ’
705 3775 823 3816 rum
851 3774 1040 3816 eorum
1076 3757 1461 3829 propitiabitur
1498 3756 1756 3828 peccatis.
1797 3756 1899 3825 Qui
1927 3753 2084 3810 oliert
2116 3755 2286 3811 sacri-

705 3850 887 3905 ticium
916 3864 985 3903 ex
1024 3849 1326 3905 substantia
1364 3862 1686 3919 pauperum,
1718 3846 1873 3915 quasi
1914 3845 2007 3916 qui
2040 3845 2287 3901 victimat

701 3938 872 3994 tilium
899 3940 953 3995 in
980 3946 1272 4010 conspectu
1310 3937 1480 4007 patris
1522 3937 1626 3993 sui.
1667 3936 1832 3992 Panis
1873 3936 2147 4007 egentium
2174 3935 2287 3991 vita

703 4033 962 4104 pauperis
1002 4041 1090 4088 est
1111 4073 1128 4097 ,
1175 4032 1267 4104 qui
1295 4031 1585 4087 defraudat
1615 4031 1766 4086 illum
1810 4031 1976 4087 homo
2006 4031 2289 4102 sanguinis

703 4134 808 4181 est.
832 4124 935 4193 Qui
962 4123 1139 4201 aufert
1174 4123 1228 4179 in
1269 4123 1469 4179 sudore
1495 4136 1716 4195 panem,
1756 4129 1814 4178 et
1846 4120 2094 4178 sudantis
2136 4120 2288 4178 cibos

702 4216 858 4285 quasi
906 4215 999 4293 qui
1044 4215 1243 4272 cecidit
1302 4215 1609 4286 proximum
1669 4229 1848 4271 suum.
1908 4212 2010 4281 Qui
2063 4212 2292 4271 ellundit

701 4308 1022 4380 sanguinem
1050 4316 1103 4364 et
1131 4307 1223 4379 qui
1256 4308 1384 4364 facit
1420 4305 1663 4363 fraudem
1706 4306 2066 4373 mercenaria,
2094 4305 2290 4363 fratres

702 4407 861 4455 sunt:
883 4414 1021 4454 unus
1036 4398 1334 4464 :ndiiieans,
1355 4405 1411 4453 et
1430 4412 1570 4452 unus
1589 4398 1873 4454 destruens
1888 4394 2047 4467 :quid
2066 4394 2290 4467 prodest

2385 3287 2528 3343 Deus
2571 3294 2768 3350 autem,
2795 3282 2963 3337 frater
3004 3279 3351 3342 cbarissime,
3370 3274 3578 3347 impleat
3603 3266 3832 3328 desiderium.

2380 3386 2431 3433 et
2460 3362 2823 3431 ministerium
2852 3372 2948 3426 tibi
2972 3370 3231 3425 divinitus
3259 3368 3514 3424 collatum
3551 3359 3769 3419 secundum
3790 3354 3833 3407 d~

2380 3467 2697 3522 vitiassuas
2722 3466 2774 3518 in
2803 3461 2974 3532 gloria
3007 3458 3060 3515 in
3091 3458 3309 3515 Christo
3339 3457 3467 3514 .lcsu
3494 3454 3687 3511 Domino
3706 3457 3833 3507 nostro,

2382 3558 2494 3613 Deo
2518 3565 2699 3613 autem
2729 3553 2875 3609 Patri
2901 3561 3087 3607 nostro
3116 3550 3289 3620 gloria
3314 3550 3373 3605 in
3402 3547 3582 3606 stecula
3607 3543 3831 3600 satculomu

2386 3649 2575 3703 Amen.
2601 3645 2732 3700 Data
2755 3659 2849 3698 xu
2871 3643 2957 3698 die
2968 3641 3219 3713 Augusti,
3234 3631 3833 3709 indictionequartadeciua.

2386 3761 2521 3817 Item
2557 3759 2779 3833 epistola
2820 3755 3028 3828 Pelagii
3270 3757 3346 3811 ad
3399 3755 3637 3811 uniuersos
3666 3746 3834 3819 trimi“

3099 3841 3263 3882 tame.

2458 3920 2834 3978 Dilectissimis
2854 3928 3017 3990 atque
3040 3918 3384 3974 cbarissimis
3412 3915 3648 3972 fratribus
3664 3904 3839 3965 uttirersis

2388 4012 2656 4084 episcopis
2680 4051 2697 4078 ,
2736 4020 2794 4066 et
2838 4009 3053 4066 cunctis
3098 4008 3414 4080 specialiter
3462 4021 3551 4079 per
3582 3997 3838 4071 Catnpanitn.

2389 4112 2443 4158 et
2481 4101 2649 4157 Italia:
2701 4099 3009 4172 provincias
3039 4097 3401 4153 militantibus
3439 4094 3642 4152 Domino
3671 4090 3841 4144 Ρωειϋ

2390 4193 2640 4250 salutem.

2463 4284 2890 4341 Sollicitudinem
2947 4281 3186 4338 omnium
3225 4279 3578 4337 Ecelesiarum
3614 4275 3731 4344 juxta
3755 4271 3841 4335 Apo-

2390 4373 2588 4430 stolum
2661 4366 3106 4428 circumferentes
3166 4369 3365 4426 divina:
3417 4371 3553 4426 circa
3603 4377 3682 4420 nos
3730 4353 3842 4430 grati:

701 4493 781 4551 illi
835 4491 941 4548 nisi
998 4489 1184 4546 labor?
1225 4487 1328 4557 Qui
1371 4489 1679 4559 baptizatur
1730 4502 1760 4543 a
1813 4450 2029 4543 moriuo
2066 4450 2135 4542 et
2185 4485 2287 4543 ite-

2392 4481 2661 4525 memores
2704 4482 2826 4524 esse
2856 4468 3135 4530 debemus,
3161 4466 3309 4539 quod
3356 4481 3455 4522 nos
3498 4479 3586 4537 per
3622 4450 3843 4558 dignationis

701 4547 826 4645 rum
871 4585 1045 4657 tangit
1088 4547 1415 4653 eumiquid
1441 4547 1671 4652 .proiieit
1698 4580 1897 4636 lavatio
1948 4579 2153 4651 ipsius?
2194 4556 2366 4636 δίου
2391 4575 2502 4618 sum
2532 4558 2791 4615 Dominus
2838 4556 3268 4613 misericordiam
3309 4557 3379 4612 ad
3432 4556 3530 4613 lioc
3574 4547 3843 4641 fastigium?-

702 4679 874 4737 homo
929 4646 1022 4746 αὖε
1076 4646 1321 4746 μείω(
1363 4672 1416 4728 in
1460 4646 1719 4743 peccatis
1771 4671 1883 4727 suis
1912 4710 1929 4737 ,
1968 4646 2034 4726 ξι
2089 4670 2294 4727 item.“
2394 4649 2669 4708 eerdotale
2707 4650 3054 4723 prove-xit,ut
3079 4647 3352 4705 mandatis
3379 4648 3542 4719 ipsius
3561 4646 3842 4746 iubarciitfstl

704 4771 894 4832 eadem
933 4768 1159 4831 faciens,
1188 4766 1317 4838 quid
1337 4764 1553 4837 proﬁcit
1577 4763 1911 4819 lutmiliando
1945 4762 2043 4818 se?
2077 4761 2297 4819 Oratio.

707 4879 836 4937 nem
888 4861 1039 4917 illius
1078 4859 1202 4929 quis
1239 4856 1529 4913 exaudiet?
1572 4856 1674 4925 Qui
1724 4865 2013 4914 conservat
2070 4856 2244 4929 legem
2273 4897 2291 4924 ,

710 4952 1033 5025 multiplicat
1057 4949 1383 5007 orationem.
1432 4947 1775 5004 Sacriﬁcium
1821 4947 2061 5003 salutare
2089 4954 2175 5003 est
2210 4955 2292 5002 at-

710 5049 936 5107 tendere
980 5044 1274 5110 mandatis,
1295 5052 1349 5098 et
1391 5040 1670 5097 discedere
1697 5040 1772 5095 ab
1804 5039 1952 5094 omni
1986 5039 2295 5109 iniquitate,

709 5150 772 5214 et
797 5139 1110 5213 propitiatio
1134 5137 1295 5193 litare
1320 5132 1648 5191 sacrificium
1677 5145 1843 5204 super
1875 5131 2218 5199 iniustitiam,
2240 5140 2297 5186 et

713 5231 1025 5304 deprecatio
1049 5243 1151 5300 pro
1192 5227 1432 5299 peccatis
1474 5224 1733 5281 recedere
1768 5225 1836 5280 ab
1872 5223 2155 5294 iujustitia.
2189 5223 2296 5280 lle-

717 5324 908 5383 tribuit
926 5322 1155 5395 gratiam
1172 5320 1265 5390 qui
1285 5315 1444 5375 oil'ert
1467 5315 1850 5388 similaginem,
1867 5315 2024 5386 etqui
2043 5313 2176 5371 facit
2199 5313 2296 5387 mi-

715 5416 1070 5476 sericordiam
1087 5410 1248 5467 otl'ert
1275 5407 1625 5465 sacrificium.
1645 5405 2043 5478 Deueplacitum
2068 5414 2152 5459 est
2181 5404 2293 5459 Deo

716 5509 976 5567 recedere
1015 5503 1084 5558 ab
1133 5501 1447 5571 iniquitate,
1495 5507 1550 5553 et
1579 5496 1888 5569 deprecatio
1929 5495 2181 5551 recedere
2227 5494 2297 5549 ab

718 5596 1002 5670 injustitia.
1030 5592 1147 5650 Non
1183 5591 1470 5662 apparebis
1497 5596 1625 5644 ante
1671 5595 2018 5659 conspectum
2058 5586 2151 5641 Dei
2198 5600 2294 5639 va-

717 5707 853 5748 cuus
883 5708 897 5745 :
933 5689 1049 5745 hzec
1077 5685 1222 5741 enim
1260 5681 1443 5736 omnia
1472 5689 1695 5750 propter
1740 5678 2051 5734 mandatum
2086 5676 2296 5733 Domini

722 5782 874 5837 ﬁunt.
911 5802 927 5833 ι
965 5778 1178 5835 Oblatio
1201 5775 1333 5849 justi
1369 5772 1633 5844 impiguat
1677 5772 1868 5840 altare,
1906 5780 1958 5826 et
1989 5772 2122 5827 odor
2164 5786 2291 5825 sua-

2395 4747 2630 4821 quodam
2642 4747 2986 4803 sacerdotum
3010 4745 3130 4818 ejus
3152 4745 3375 4816 speculo
3391 4737 3647 4801 constituti
3660 4727 3843 4821 prohibt?

2398 4815 2519 4896 mus
2540 4839 2750 4906 illicita,
2774 4848 2831 4895 et
2868 4815 3148 4909 sequenda
3177 4815 3492 4893 doceamus.
3517 4831 3699 4889 Omnes.
3717 4815 3844 4876 charis'

2396 4932 2542 4998 simi,
2582 4930 2673 5001 qui
2703 4928 2891 4986 volunt
2925 4930 2978 4984 iu
3018 4928 3237 4986 Christo
3264 4928 3354 4999 pie
3395 4927 3590 4986 vivere,
3622 4910 3845 4973 necesstéi

2397 5032 2459 5077 ut
2483 5022 2558 5078 ab
2582 5021 2762 5093 impiis
2805 5029 2861 5076 et
2886 5019 3245 5076 dissimilibus
3274 5018 3542 5090 patiantur
3567 5002 3845 5093 oppuiltl'iaii1

2399 5090 2768 5185 despiciantur
2818 5120 3079 5183 tanquam
3123 5110 3315 5176 stulti,
3363 5118 3420 5167 et
3472 5102 3631 5163 insani
3674 5095 3750 5185 qui
3775 5090 3843 5145 idet

2398 5183 2687 5275 praesentia
2726 5202 2867 5257 bona
2900 5201 3156 5272 perdunt,
3200 5208 3262 5255 ut
3286 5197 3582 5261 invisibilia,
3603 5206 3656 5246 ac
3678 5183 3841 5275 sibim-

2398 5267 2579 5348 iutura
2615 5267 2919 5364 acquirunt:
2951 5290 3058 5348 Sed
3110 5291 3227 5348 luce
3270 5289 3559 5361 despectio,
3586 5292 3633 5340 et
3659 5267 3841 5364 irrisioit

2398 5386 2546 5458 ipsos
2595 5359 2998 5455 retorquebitur
3045 5385 3174 5441 dum
3224 5394 3277 5439 et
3304 5359 3611 5440 abundantia
3653 5359 3840 5428 contulitl

2399 5492 2728 5556 egestatem,
2765 5490 2820 5536 et
2841 5476 3096 5547 superbia
3127 5491 3318 5531 eorum
3371 5472 3667 5529 transierunt
3700 5461 3741 5515 in
3767 5464 3841 5508 ωα·

2399 5575 2693 5633 fusionem.
2725 5573 2883 5629 Justo
2909 5570 3053 5626 enim
3077 5569 3283 5638 judicio
3310 5569 3465 5625 datur
3511 5564 3762 5636 plerutltttlle
3783 5558 3839 5616 [θ’

2401 5681 2568 5734 testas
2597 5667 2993 5740 peccatoribus,
3025 5668 3130 5737 qua
3157 5672 3374 5719 sanctos
3399 5659 3509 5729 ejus
3543 5649 3839 5740 persequamult

2399 5770 2458 5817 ut
2494 5735 2838 5831 qui—Spiritu
2888 5756 2982 5812 Dei
3006 5735 3266 5825 iuvantur
3315 5764 3367 5809 et
3404 5757 3633 5823 aguntur,
3663 5739 3755 5793 titul
3784 5735 3839 5800 Pa
