3988 6424
157 315 302 374 “0!.

1353 323 1840 382 manemus.“
1872 309 2275 385 COLLECTIO.

3269 314 3434 393 nos
3501 306 3516 317 ”

156 429 404 518 labet-um
444 429 702 484 exercitia
738 431 1018 487 clariores.
1054 435 1118 490 Et
1147 453 1480 506 quanquam,
1515 439 1734 500 fratres,
1769 445 1812 502 Λ
1835 442 2044 512 jnvare,
2079 445 2510 516 peregrinantem
2560 457 2816 504 reducere
2847 459 2966 518 post
2998 437 3298 511 intervalla,
3327 460 3408 502 est

157 516 236 568 ita
277 516 390 571 haec
421 532 479 570 se
510 519 766 583 habeant,
811 538 915 575 non
961 534 1137 577 tamen
1178 536 1301 580 sunt
1345 529 1736 594 consentiendi,

157 607 259 658 sed
285 607 630 676 reprobandi,
664 612 754 679 qui
781 613 1032 680 praelatos
1060 631 1188 670 suos
1208 617 1292 671 vel
1317 619 1736 687 reptehcmlunt,

157 696 248 749 vel
301 707 594 766 accusant;
647 703 789 756 unde
844 705 1099 760 canonica
1152 716 1460 762 sanctorum
1519 709 1735 763 Patrum

153 794 390 850 statuta,
416 803 482 842 ne
520 789 781 846 columnre
811 803 1009 848 sanctae
1054 795 1310 852 Ecclesia:
1357 799 1628 866 vacillent,
1655 816 1740 855 se-

152 882 429 940 quentes,
476 891 542 931 ac
567 879 882 935 roborantes
910 897 1100 938 omnes
1143 884 1371 942 infames
1410 898 1738 958 cunctosque

151 972 446 1031 suspectos
471 965 554 1020 vel
602 968 870 1037 inimicos,
897 981 952 1026 et
980 988 1075 1028 eos
1095 975 1185 1044 qui
1231 991 1336 1030 non
1388 985 1514 1032 sunt
1547 993 1736 1032 eorum

151 1054 363 1120 gentis,
399 1056 482 1110 vel
507 1073 735 1128 quorum
781 1061 933 1130 fides,
961 1065 1095 1131 vita,
1135 1077 1190 1120 et
1230 1066 1452 1123 libertas
1481 1069 1733 1132 nescitur,

149 1150 211 1194 ct
249 1143 341 1210 qui
375 1159 478 1198 non
509 1156 636 1201 sunt
686 1149 838 1204 bona:
867 1155 1290 1210 conversationis
1314 1195 1330 1221 ,
1381 1157 1464 1210 vel
1509 1173 1734 1228 quorum

160 1230 276 1286 vita
305 1243 388 1288 est
426 1239 748 1294 accusabilis
777 1242 846 1295 ab
875 1243 1020 1296 omni
1061 1247 1408 1302 accusatione
1454 1249 1734 1318 episcopo-

158 1333 288 1373 rum
332 1321 573 1379 funditus
602 1328 1003 1385 submovcmus.
1033 1330 1296 1387 Similiter
1313 1343 1366 1388 et
1385 1350 1572 1390 omnes
1602 1352 1738 1406 quos

159 1408 362 1465 divina:
401 1411 546 1484 leges
573 1423 816 1471 mortuos
853 1419 1140 1488 appellant,
1183 1423 1576 1479 snbmovendos
1620 1440 1740 1480 esse

159 1501 236 1556 ab
271 1503 456 1558 eadem
487 1509 850 1574 accusatione,
891 1520 946 1565 et
980 1513 1206 1582 publica:
1239 1516 1572 1584 pmnitentiae
1614 1519 1740 1572 sub-

163 1593 464 1652 mittendos
483 1597 817 1667 judicamus;
857 1618 1030 1672 neque
1063 1605 1187 1660 dum
1227 1607 1484 1663 Ecclesia:
1513 1608 1740 1677 alicujus

159 1684 425 1756 episcopi,
457 1697 549 1742 aut
574 1693 964 1758 possessiones,
997 1694 1080 1749 vel
1112 1710 1198 1751 res
1241 1697 1310 1752 ab
1350 1699 1560 1754 aemulis
1598 1699 1736 1770 ejus,

1834 535 2062 605 jnstitia.
2091 536 2246 591 Libat
2272 539 2414 591 enim
2449 537 2672 592 Domino
2711 555 2963 609 prospera
2990 541 3079 609 qui
3101 541 3168 594 ab
3195 539 3408 594 afllictis

1840 624 1981 693 pellit
2012 626 2255 680 adversa.
2289 627 2556 691 Statntus,
2593 629 2879 683 venerandi
2902 627 3174 699 przesules,
3194 627 3407 683 sudoris

1842 713 2046 770 fructus
2067 729 2148 772 est
2167 715 2370 785 judicio
2388 717 2685 773 reddendus
2703 720 3010 789 purissime,
3024 729 3082 773 ut
3099 719 3152 773 in
3179 727 3408 787 utroque

1838 819 2108 876 congruus
2137 808 2276 860 nitor
2301 823 2397 863 nec
2435 809 2812 878 suscipientem
2843 810 3174 873 devenustet,
3199 810 3243 864 si
3270 809 3409 863 indi-

1837 911 1939 966 gna
1989 897 2310 952 auctoritate
2357 900 2684 968 pervenerit,
2723 913 2820 953 nec
2850 899 2896 953 si
2943 901 3270 960 conferatur,
3304 895 3406 950 im-

1840 985 2033 1040 merito
2082 987 2312 1040 maculet
2367 987 2701 1057 largicnlcm.
2754 987 2835 1042 Sit
2887 1003 3100 1058 semper
3153 988 3412 1042 adversus

1839 1092 2033 1145 pravos
2074 1086 2129 1130 et
2167 1077 2358 1146 impios
2386 1088 2549 1144 atque
2585 1093 2863 1151 servorum
2915 1078 3006 1132 Dei
3039 1084 3416 1148 persecutores

1844 1167 2011 1221 libera
2036 1182 2161 1228 vox,
2186 1177 2239 1219 et
2281 1167 2393 1220 oris
2418 1167 2594 1236 gladio
2626 1167 2888 1220 feriantur
2916 1176 2969 1219 et
2993 1169 3409 1236 rcdarguantur,

1839 1264 2231 1325 persequantur
2276 1266 2330 1308 ct
2355 1265 2706 1324 repellantur,
2743 1256 3139 1309 confundantur
3185 1264 3240 1308 et
3263 1267 3412 1306 aver-

1841 1359 2058 1412 tantur,
2119 1363 2217 1403 ucc
2263 1348 2486 1402 lzcdcndi
2536 1349 2619 1418 pie
2673 1348 2912 1402 viventes
2960 1347 3123 1400 ullam
3179 1346 3412 1400 habeant

1755 1471 1768 1487 .
1840 1437 2174 1492 facultatem.
2223 1437 2544 1507 Plerumque
2598 1437 2854 1507 periculis
2903 1436 3057 1507 plena
3111 1443 3238 1488 sunt
3292 1448 3413 1502 qua:

1839 1530 2090 1583 videntur
2115 1543 2235 1583 esse
2256 1529 2520 1583 tutissima
2542 1546 2555 1592 ;
2576 1529 2754 1582 videte
2773 1527 2989 1597 quantis
3014 1527 3259 1580 laborent
3282 1523 3413 1576 tales

1842 1619 2080 1683 insidiis;
2115 1619 2236 1673 ideo
2279 1619 2651 1672 absconditum
2681 1632 2802 1672 esse
2829 1631 2932 1670 non
2963 1615 3109 1679 licet,
3136 1614 3276 1683 quod
3305 1613 3402 1666 a.l-

1843 1712 2037 1768 dimus.
2067 1708 2185 1765 Jam
2235 1710 2434 1764 latebat
2488 1718 2671 1764 nostra
2721 1709 3023 1779 persecutio
3078 1704 3409 1762 manifesta;

158 1775 253 1830 vel
282 1791 311 1830 a
343 1778 751 1851 quibuscumque
778 1782 899 1840 aliis
935 1800 1038 1838 non
1066 1800 1162 1841 sua
1191 1797 1380 1857 sponte
1411 1789 1738 1857 detinentur,

1846 1803 2217 1860 misericordia
2251 1812 2335 1858 est
2382 1801 2524 1856 circa
2573 1810 2946 1873 persecutores
2980 1809 3036 1853 et
3080 1796 3414 1852 facinorosos

157 1865 369 1936 aliquid
411 1869 487 1923 illi
519 1871 708 1937 debet,
739 1883 832 1926 aut
857 1884 1033 1944 potest
1059 1891 1086 1930 a
1116 1892 1386 1947 quoquam
1429 1887 1553 1933 ante
1594 1881 1739 1934 rein-

161 1958 523 2026 tegrationem
557 1964 797 2016 omnium
842 1951 1025 2019 rerum
1081 1981 1300 2021 suarum
1348 1967 1616 2037 olijicere,
1647 1973 1741 2025 sed

157 2049 316 2118 prius
337 2049 411 2104 illi
439 2049 646 2121 legibus
683 2055 1059 2126 reintegranda
1089 2067 1213 2112 sunt
1241 2059 1443 2123 omnia,
1471 2043 1740 2129 et‘postea

161 2146 411 2208 tempore
463 2156 492 2194 a
524 2141 775 2198 Patribns
831 2147 1095 2215 praefinito
1144 2156 1271 2202 sunt
1309 2150 1520 2220 negotia
1565 2150 1742 2205 venti-

159 2228 323 2284 landa
353 2249 365 2284 :
397 2231 662 2288 refutandi
695 2245 818 2290 sunt
860 2237 1020 2290 etiam
1077 2248 1337 2308 raptores,
1371 2241 1536 2306 fures,
1574 2242 1744 2297 sacri-

161 2324 294 2395 legi,
340 2326 590 2392 adulteri,
631 2336 686 2382 et
729 2329 922 2383 horum
974 2332 1215 2398 similes;
1265 2332 1610 2387 manifestum
1660 2343 1745 2390 est

157 2414 314 2467 enim
355 2415 496 2484 quod
537 2430 750 2486 semper
807 2419 940 2472 tales
992 2421 1164 2490 magis
1209 2423 1535 2477 discordiam
1581 2439 1741 2495 quam

159 2518 359 2572 pacem
403 2513 697 2561 sectantur.
757 2505 946 2562 Nullus
996 2525 1210 2579 quoque
1262 2513 1558 2568 monachus
1618 2514 1742 2568 talia

160 2599 407 2662 unquam
457 2595 708 2664 arripiat,
743 2613 843 2652 nec
880 2600 1187 2666 saecularia,
1226 2613 1320 2656 aut
1373 2603 1741 2660 ecclesiastica

160 2684 381 2753 negotia
429 2688 747 2756 perturbare
794 2701 1105 2758 prresumat,
1137 2693 1262 2760 quia
1297 2703 1508 2748 mortua
1558 2695 1610 2749 in
1666 2705 1745 2749 ta-

163 2773 310 2829 libus
332 2790 429 2827 vov
463 2784 547 2830 est
574 2791 793 2843 eorum;
831 2779 1133 2835 inunobiles
1158 2783 1304 2836 enim
1330 2784 1586 2837 Dominus
1618 2799 1744 2839 suos

161 2879 406 2918 summos
443 2881 657 2936 semper
688 2867 800 2922 vult
849 2885 1069 2924 manere
1099 2873 1513 2940 praedicatores,
1553 2885 1609 2928 et
1637 2891 1742 2930 non

160 2973 196 3010 a
223 2958 542 3026 quibusdam
578 2963 851 3028 temerari,
889 2965 981 3018 sed
1013 2965 1115 3018 sibi
1161 2966 1329 3022 libere
1359 2978 1413 3022 et
1437 2971 1620 3024 uuicte
1657 2969 1743 3024 fa-

159 3049 382 3116 mulari,
431 3053 572 3106 unde
606 3063 660 3107 et
705 3055 816 3124 ipse
859 3058 934 3110 ait
964 3075 976 3111 :
1015 3077 1032 3107 ι
1066 3058 1166 3125 Qui
1195 3077 1288 3115 vos
1320 3070 1523 3130 tangit,
1573 3063 1745 3133 tangit

1841 1903 2053 1950 servata
2109 1893 2392 1949 districtio.
2456 1892 2597 1962 Ergo
2641 1891 2824 1962 sopori
2877 1889 3112 1958 quietem
3164 1885 3408 1948 tribuite,

1841 1985 2142 2040 caelestium
2171 1983 2544 2054 mandatorum
2572 1983 2781 2036 hostem
2804 1994 3014 2050 quoque
3044 1977 3316 2046 depellite,
3344 1990 3412 2028 ne

1841 2076 2070 2131 candida
2125 2074 2466 2132 conversatio
2515 2073 2789 2126 vobiscum
2847 2068 3205 2126 habitantium
3263 2066 3413 2122 fusca

1842 2167 2273 2238 supervenientis
2301 2166 2619 2236 contagione
2649 2163 2894 2218 violetur.
2916 2163 3053 2217 Ante
3094 2161 3238 2215 enim
3256 2211 3265 2222 ,
3285 2172 3412 2228 pro-

1841 2258 2071 2313 videnda
2132 2265 2258 2311 sunt
2313 2255 2544 2310 remedia
2601 2269 2762 2325 quam
2823 2253 3039 2307 morbus
3096 2250 3415 2309 increscat,

1843 2357 2153 2401 sanctorum
2219 2359 2432 2415 quoque
2495 2342 2904 2414 apostolorum,
2970 2349 3032 2395 et.
3084 2338 3428 2406 reliquorum

1844 2441 2180 2495 sacerdotum
2233 2449 2478 2509 petamus
2524 2435 2864 2497 exercitum,
2920 2444 2976 2487 et
3032 2431 3423 2500 prmdictorum-

1844 2536 2247 2598 persecuturum
2292 2543 2386 2580 ora
2430 2526 2762 2579 clandamus.
2826 2522 3017 2578 Satculi
3071 2517 3414 2576 conversatio

1844 2619 2019 2691 legum
2082 2628 2226 2673 metu
2281 2620 2588 2682 retinetur,
2641 2616 3004 2671 ecclesiastica
3055 2627 3272 2684 quoque
3317 2626 3414 2666 cu-

1845 2713 2014 2766 stodia
2059 2711 2362 2782 regularum
2391 2709 2556 2763 frenis
2597 2717 2846 2763 servatur
2881 2717 2936 2761 et
2985 2708 3204 2776 regitur.
3246 2705 3424 2767 Deus,.

1844 2802 2168 2864 charissimi,
2226 2815 2441 2870 semper
2501 2799 2688 2868 procul
2729 2806 2941 2853 avertat
2978 2797 3255 2850 invidiam.
3309 2794 3418 2861 Vos

1845 2907 1974 2960 ergo
2024 2890 2331 2954 armamini,
2369 2887 2525 2956 juxta
2567 2887 2901 2960 Apostolnm,
2952 2885 3130 2958 gladio
3171 2886 3411 2954 spiritus.

1844 2981 1988 3052 quod
2011 2988 2093 3035 est
2125 2980 2346 3034 verbum
2373 2980 2487 3044 Dei,
2516 2988 2571 3034 et
2604 2975 3274 3048 apostoliczc-auctoritatis
3301 2974 3415 3045 cly-

1847 3086 1968 3142 pco,
1999 3079 2058 3125 ut
2085 3069 2466 3125 ecclesiastica:
2497 3070 2843 3124 fecunditatis
2863 3069 2983 3138 jura
3012 3067 3151 3121 nulla
3183 3067 3414 3120 s:cvien~

159 3140 420 3210 pupillam
457 3143 597 3198 oculi
639 3147 743 3200 mei
772 3145 957 3215 (Zuch.
989 3165 1050 3212 tt,
1080 3150 1158 3219 8).
1197 3170 1215 3202 ι
1253 3151 1318 3205 Et
1344 3153 1435 3220 qui
1481 3167 1577 3207 vos
1604 3169 1740 3208 cou-
1770 3147 1815 3209 C
1849 3140 1915 3216 tis
1937 3160 2185 3230 procella:
2224 3160 2432 3229 possint
2459 3157 2777 3227 impulsione
2805 3157 3074 3222 subverti;
3121 3157 3285 3210 nolite
3308 3155 3415 3208 ullo

161 3231 369 3295 trislat,
403 3245 490 3284 me
529 3235 836 3289 contristat.
868 3237 933 3290 Et
957 3238 1049 3307 qtti
1090 3237 1280 3294 fecerit
1307 3240 1580 3309 injuriam,
1607 3243 1744 3298 reci-

158 3322 278 3392 piet
310 3324 451 3393 quod
479 3325 660 3395 inique
692 3329 879 3396 geSsit.
915 3329 978 3382 Et
1009 3328 1136 3384 alibi
1173 3348 1184 3383 :
1218 3348 1235 3382 ι
1273 3330 1372 3398 Qui
1405 3348 1499 3387 vos
1528 3333 1740 3402 recipit,

161 3429 253 3468 me
297 3415 524 3484 recipit;
583 3425 635 3471 et
662 3418 756 3486 qui
785 3433 880 3470 vos
909 3420 1139 3489 spernit,
1173 3436 1258 3476 me
1288 3423 1497 3491 spernit
1523 3422 1738 3494 (Matth.

160 3524 219 3572 ι,
251 3506 378 3576 40);
417 3529 434 3560 ι
477 3509 548 3562 ita
580 3525 793 3580 quoque
823 3521 878 3565 et
919 3527 948 3564 a
995 3512 1261 3581 plebibus,
1293 3514 1377 3568 vel
1407 3517 1620 3570 caeteris
1645 3531 1742 3585 ge-

162 3602 430 3658 neraliter
458 3605 709 3659 omnibus
757 3614 884 3658 sunt
929 3606 1174 3671 timendi,
1223 3615 1278 3662 et
1301 3605 1552 3673 feriendi,
1580 3617 1743 3678 atque

159 3694 460 3747 venerandi
490 3703 734 3762 pastores
760 3736 774 3757 ,
829 3704 884 3749 et
931 3697 1316 3766 prtcdicatorcs
1364 3697 1652 3762 Ecclesiae,
1685 3707 1746 3752 ut

161 3784 268 3837 sub
326 3784 720 3840 exercitatione
804 3787 957 3841 home
1033 3787 1326 3843 voluntatis
1376 3789 1744 3844 sustineantur

162 3877 506 3945 temporalia,
540 3888 827 3946 sperentur
878 3890 1101 3934 a-terna.
1133 3881 1305 3953 Auget
1356 3881 1502 3936 enim
1550 3882 1743 3936 merita

162 3965 384 4020 virtutis
411 3969 499 4035 qui
533 3969 867 4038 propositum
904 3985 1008 4023 non
1056 3970 1241 4035 violat,
1283 3971 1376 4025 sed
1415 3979 1576 4042 auget
1613 3970 1740 4025 reli-

162 4056 360 4125 gionis.
408 4057 659 4112 Charitas
701 4076 830 4114 vero
865 4076 1079 4129 semper
1109 4061 1380 4116 hominem
1418 4062 1650 4117 invocat.
1679 4062 1746 4117 Et

165 4144 308 4198 sicut
354 4146 661 4215 malignitas
699 4158 916 4203 veteres
958 4150 1030 4203 ita
1084 4149 1299 4204 dilectio
1353 4165 1520 4204 novos
1571 4149 1740 4215 facit,

168 4232 518 4311 fides'cornm
553 4238 646 4306 qui
673 4237 837 4291 Deum
873 4239 1043 4293 visuri
1093 4247 1237 4304 sunt,
1267 4239 1408 4308 quod
1441 4255 1544 4294 non
1573 4239 1741 4303 videt,

165 4323 366 4378 credit.
401 4323 534 4380 Nam
585 4329 630 4381 si
667 4328 830 4392 videt,
860 4345 966 4383 non
999 4337 1084 4384 est
1117 4329 1267 4383 ﬁdes.
1297 4329 1549 4385 Crcdeuti
1591 4329 1746 4384 colli-

162 4413 314 4483 gitur
361 4415 641 4478 meritum,
694 4419 893 4472 videnti
957 4419 1200 4474 redditur
1247 4421 1546 4492 prauuium.
1587 4419 1742 4476 Tunc

159 4504 462 4574 pretiosum
502 4509 734 4577 pastoris
783 4509 1027 4564 diadema
1075 4519 1179 4576 cst,
1228 4512 1444 4580 quando
1500 4513 1739 4569 suasioni
1769 4497 1820 4557 Ῑ)

156 4590 286 4660 ejus
313 4583 443 4664 grex
474 4597 874 4652 ecclesiasticus
897 4600 1022 4653 dum
1043 4600 1107 4652 ad
1135 4600 1455 4669 probitatem
1471 4605 1740 4674 graditur,

162 4700 278 4740 non
312 4694 591 4758 repugnat,
616 4686 704 4743 ille
741 4689 859 4743 sine
891 4689 1016 4743 fuco
1054 4691 1401 4755 monitorem,
1448 4702 1504 4746 et
1551 4693 1744 4749 feriato

159 4792 268 4834 ore
317 4781 530 4850 diligit,
584 4781 676 4850 qui
731 4779 848 4849 ejus
893 4781 1148 4836 instituta
1198 4792 1460 4838 sectatur.
1493 4785 1745 4842 Przebent

165 4868 482 4925 hominibus
509 4881 714 4924 natura:
771 4872 1194 4933 institutionem,
1241 4883 1296 4927 et
1333 4884 1477 4929 muta
1524 4891 1739 4945 respou-

163 4977 327 5027 sum;
354 4963 493 5016 redit
519 4963 584 5016 ad
615 4964 869 5017 mortales
901 4964 1212 5019 vicissitudo
1239 4966 1489 5021 clamosa:
1534 4967 1739 5021 solliciz

166 5053 396 5119 tudinis,
444 5055 567 5125 quia
607 5057 972 5126 unusquisque
1009 5066 1165 5128 prout
1217 5059 1462 5130 gesserit,
1500 5060 1741 5130 recipiet.

166 5142 310 5200 Nam
362 5147 500 5216 perit
547 5149 685 5216 quod
729 5147 918 5218 lingua:
955 5159 1302 5217 acceperunt,
1345 5149 1542 5205 frustra
1577 5151 1744 5206 benc-

171 5234 357 5291 flcinm
397 5238 497 5291 nisi
557 5237 791 5307 legitime
835 5249 1069 5308 emptum
1124 5238 1287 5293 fuerit
1341 5242 1614 5311 negotium
1643 5282 1658 5305 ,
1695 5250 1750 5296 et

172 5317 438 5382 canonice
477 5325 774 5396 peractum.
833 5328 908 5382 De
947 5327 1143 5382 fiducia
1185 5329 1327 5382 enim
1371 5331 1605 5399 partium
1654 5346 1749 5385 no-

171 5427 409 5474 strarum
453 5419 703 5483 mittitur,
733 5421 874 5488 quod
918 5420 1213 5488 apostolica
1264 5421 1481 5475 mandat
1517 5422 1751 5476 auctori-

173 5517 282 5574 tas,
323 5525 412 5562 vos
463 5510 829 5565 tantummodo
867 5511 1122 5580 pnesulcs
1166 5509 1364 5564 Christi
1403 5510 1614 5580 benigni
1661 5527 1751 5566 ve.-

175 5608 290 5652 stra
327 5598 472 5651 salva
522 5597 730 5652 aurium
763 5601 1171 5670 animorumque
1223 5601 1496 5668 :cquitate,
1530 5609 1583 5654 ct
1613 5601 1750 5654 bona

176 5689 451 5744 γυΙιιιιιιιειξ
495 5706 702 5760 semper
730 5701 1004 5761 przcstare.
1050 5691 1176 5745 Nam
1231 5693 1486 5746 adversus
1526 5692 1752 5761 impetus

1847 3266 2082 3320 unquam
2129 3250 2441 3320 pra’jndicio
2479 3264 2704 3319 gravare
2730 3262 3073 3316 quemquam,
3118 3246 3212 3299 sed
3253 3245 3414 3312 inspi-

1845 3341 1952 3396 cite
1993 3355 2208 3410 semper
2254 3355 2373 3410 qua:
2420 3338 2727 3409 regularum
2778 3336 3086 3391 testimonio
3138 3333 3418 3388 declaran-

1847 3438 1953 3484 tur.
1986 3428 2245 3498 Superest
2279 3429 2452 3482 salute
2482 3427 2719 3497 praelati,
2752 3434 2810 3478 ut
2853 3425 2920 3478 ad
2957 3423 3147 3496 gaudia
3178 3436 3411 3492 semper,

1841 3518 2034 3583 frater,
2062 3519 2250 3574 devote
2277 3516 2594 3588 properetis,
2624 3517 2750 3584 quia
2779 3513 2962 3568 divina
2999 3512 3258 3568 beneficia
3291 3527 3417 3583 gra-

1844 3609 1998 3665 dibus
2023 3623 2164 3678 sche
2195 3608 2476 3674 accedunt,
2508 3618 2561 3662 et
2591 3608 2788 3677 quibus
2824 3605 2960 3660 bona
2993 3604 3278 3660 conferunt
3301 3617 3414 3658 me.-

1845 3698 1978 3753 liora
2004 3697 2360 3770 pollicentur;
2394 3712 2608 3767 semper
2651 3711 2795 3750 enim
2825 3696 3172 3751 incrementis
3206 3694 3273 3748 ad
3303 3693 3420 3749 eul-

1847 3805 1969 3845 men
2001 3791 2328 3853 ascenditur,
2361 3787 2448 3843 ubi
2499 3803 2762 3858 supernus
2803 3786 2955 3841 favor
3005 3794 3228 3856 prmstat
3255 3798 3418 3839 exor-

1844 3881 2013 3936 dium.
2029 3882 2167 3937 Deus
2189 3881 2531 3950 omnipotens
2558 3878 2759 3933 indulta
2782 3893 2995 3948 semper
3014 3877 3298 3940 custodiat,
3320 3891 3416 3928 au-

1845 3980 2071 4044 geatque
2087 3971 2427 4027 successibus
2441 3970 2741 4039 profutura.
2760 3968 2950 4023 Omnia
2966 3966 3119 4023 vobis
3133 3980 3344 4035 semper
3364 3965 3424 4018 in.

1846 4063 2107 4119 charitatc
2132 4063 2352 4128 fiant,et
2389 4061 2732 4117 detrahentes
2765 4058 2930 4114 nolite
2954 4057 3259 4121 detrahere,
3287 4069 3423 4125 quo-

1845 4155 1991 4208 niam
2007 4151 2413 4209 dctrahcntibus
2427 4152 2710 4207 detrahere
2727 4166 2830 4204 non
2845 4159 2928 4204 est
2947 4149 3164 4212 bonum,
3185 4162 3252 4201 ne
3275 4147 3340 4200 ad
3355 4159 3417 4199 ea

1845 4261 1966 4316 qua:
1989 4245 2187 4315 scripta
2211 4252 2336 4299 sunt
2366 4243 2619 4299 commoti
2647 4242 2866 4296 minime
2887 4250 3162 4295 certamen
3201 4239 3420 4294 faciant.

1845 4335 2028 4408 274.
2071 4335 2185 4389 Νοη
2215 4335 2469 4390 debemus
2501 4334 2692 4388 timere
2731 4331 3078 4401 opprobrium
3121 4328 3417 4390 hominum,

1846 4443 2022 4498 neque
2061 4441 2248 4481 eorum
2279 4421 2782 4494 cxprobrationibus
2811 4422 2972 4486 vinci,
3023 4421 3278 4492 quoniam
3318 4416 3420 4472 hoc

1846 4518 2000 4574 nobis
2015 4516 2428 4586 Dominusjubet
2455 4513 2756 4587 perlsaiam
2783 4514 3099 4582 prophetam
3128 4528 3140 4563 :
3175 4529 3194 4562 ι
3226 4509 3425 4563 Audite

1847 4625 1955 4676 me,
1979 4608 2068 4679 qui
2085 4605 2504 4675 scitisjudicium
2525 4621 2538 4670 ;
2558 4603 2784 4675 populus
2802 4617 2952 4657 meus
2975 4602 3027 4655 in
3051 4615 3277 4670 quorum
3299 4614 3420 4651 coro

1844 4701 2000 4757 dibus
2017 4701 2097 4754 lex
2112 4714 2230 4755 mea
2252 4705 2354 4760 est,
2372 4696 2534 4750 nolite
2551 4697 2740 4750 timere
2761 4692 3103 4763 approbrium
3123 4690 3419 4760 hominum,

1845 4800 1900 4846 et
1922 4789 2281 4858 blasphemias
2294 4802 2480 4841 eorum
2511 4800 2577 4838 nc
2609 4780 2987 4850 titneatisUsa.
3013 4797 3083 4840 ιι.
3102 4780 3176 4849 7),
3206 4798 3222 4830 ι
3243 4777 3422 4834 consi-

1848 4883 2101 4937 derantes
2129 4880 2271 4950 quod
2299 4879 2350 4933 in
2379 4875 2582 4948 psalmo
2607 4873 2868 4942 scriptum
2899 4879 2980 4924 est
3001 4889 3012 4922 :
3037 4888 3055 4921 ‹
3082 4868 3267 4923 Nonne
3285 4862 3438 4922 Deus?

1846 4973 2082 5042 requiret
2105 4971 2227 5024 ista.
2265 4969 2382 5038 Ipse
2413 4969 2555 5023 enim
2585 4968 2733 5022 novit
2758 4963 2964 5021 occulta
2989 4963 3254 5027 cordis,et
3273 4965 3426 5034 cogi-

1848 5061 2078 5115 taliones
2112 5059 2296 5112 talium
2335 5058 2628 5120 hominum,
2656 5055 2908 5126 quoniam
2936 5069 3085 5108 vana:
3099 5061 3254 5120 sunt,
3287 5070 3423 5109 vana

1849 5161 2028 5207 aulent
2052 5151 2262 5206 locutus
2282 5159 2364 5203 est
2385 5149 2748 5219 unusquisque
2784 5147 2849 5200 ad
2899 5146 3200 5216 proximum
3245 5161 3420 5207 suum,

1850 5241 1989 5296 labia
2019 5239 2200 5294 dolosa
2234 5239 2285 5292 iu
2319 5239 2499 5303 corde,
2525 5247 2579 5292 et
2607 5238 2768 5293 corde
2795 5237 2953 5294 locmi
2987 5247 3113 5291 sunt
3138 5237 3297 5291 mala.
3319 5237 3433 5301 Sed

1853 5331 2126 5405 disperdat
2149 5328 2404 5383 Dominus
2421 5329 2670 5382 universa
2705 5329 2844 5382 labia
2869 5328 3073 5393 dolosa,
3113 5337 3166 5381 et
3190 5328 3421 5396 linguam

1855 5421 2268 5492 magniloquam.
2287 5420 2384 5488 Qui
2402 5420 2654 5474 dixerunt
2673 5439 2682 5472 :
2704 5419 2959 5492 Linguam
2978 5429 3213 5474 nostram
3229 5419 3426 5487 magni.

1857 5511 2155 5571 fieabimus,
2187 5509 2323 5561 labia
2353 5516 2535 5562 nostra
2558 5525 2585 5561 a
2609 5509 2763 5563 nobis
2793 5518 2935 5572 sunt,
2969 5509 3089 5577 quis
3115 5517 3296 5560 noster
3328 5505 3432 5557 flo-

1856 5599 2030 5653 minus
2083 5597 2400 5666 est?(f’sa!.
2439 5615 2590 5663 .vutt,
2633 5598 2731 5661 ‘29.;
2778 5615 2927 5661 XCIII,
2966 5599 3059 5660 ll;
3102 5613 3179 5655 χι,
3213 5595 3349 5664 5-5.)
3404 5615 3420 5644 ι

1857 5688 1988 5742 Nam
2012 5688 2054 5742 si
2086 5689 2198 5741 lta‘c
2224 5690 2273 5740 in
2301 5705 2556 5741 memoria
2586 5690 2875 5742 retinerent
2907 5687 3202 5740 minimead
3226 5696 3448 5742 tantum.
