3988 6506
225 341 390 411 £105

1417 355 1905 416 DECRETALIUM
1937 353 2333 412 COLLECTIO.

3374 361 3515 418 1100

218 439 567 518 intrantibus
588 465 733 522 curis
767 470 1148 540 temporalibus
1163 472 1276 545 jam
1297 487 1434 544 pene
1454 473 1520 529 ad
1550 483 1823 546 stuporem
1853 477 1898 533 Α
1927 471 2081 530 valeo
2128 481 2387 546 quantum
2431 479 2522 525 tuo
2547 485 2730 541 opere,
2773 479 2859 526 tua
2896 472 3002 526 vita
3032 469 3287 527 delector.
3316 473 3510 530 Audita

217 545 474 603 deducta
491 553 718 622 cogitur,
735 559 892 613 modo
915 567 1126 615 terrena
1144 577 1325 631 agere,
1343 563 1501 618 modo
1520 545 1683 618 etiam
1701 579 1823 619 car-

219 637 387 691 nalia
420 639 778 712 dispensare;
803 647 1091 717 aliquando
1130 665 1258 708 vero
1305 651 1527 714 fastidio,
1575 653 1827 724 exigente

218 729 590 798 compellitur
624 737 870 802 quzedam
918 739 1083 802 etiam
1134 757 1256 796 cum
1309 743 1465 814 culpa
1518 744 1823 815 disponere.

220 816 383 912 Quid
417 821 583 882 multa
635 822 865 894 loquar?
910 826 1064 885 Victa
1094 847 1193 886 suo
1222 833 1459 911 pondere
1511 834 1825 912 sanguinem

220 910 434 976 sudat;
459 912 561 974 nisi
589 917 733 973 enim
747 921 1026 991 sanguinis
1055 923 1274 980 nomine
1303 910 1458 996 culpa
1487 910 1824 990 censeretur,

219 1000 527 1090 Psahnista
567 1024 672 1064 non
716 1011 959 1070 diceret:
1005 1035 1023 1068 ι
1067 1017 1259 1076 Libera
1297 1034 1384 1080 me
1426 1021 1492 1078 de
1545 1020 1824 1090 sanguini-

219 1089 342 1147 bus
372 1093 544 1165 (Paul.
577 1115 637 1174 1.,
669 1101 781 1176 16)..
819 1122 837 1154 ι
871 1104 1006 1170 Cum
1034 1122 1164 1165 vero
1198 1109 1385 1179 culpas
1428 1111 1599 1181 culpis
1641 1089 1825 1183 jungi-

222 1199 386 1250 mus,
415 1185 517 1241 hoc
540 1204 755 1261 quoque
789 1195 931 1264 quod
961 1211 1058 1266 per
1080 1197 1243 1254 alium
1271 1202 1592 1270 prophetam
1623 1202 1822 1257 dietmn

221 1283 342 1340 cst,
381 1277 699 1348 implemus:
755 1303 774 1338 ι
839 1284 1071 1358 Sanguis
1103 1292 1420 1360 sanguinem
1462 1292 1636 1364 tetigit
1675 1292 1822 1364 (Ose.

218 1382 313 1432 ιν,
347 1369 424 1441 2).
463 1390 483 1426 ν
517 1371 749 1445 Sanguis
783 1378 926 1432 enim
974 1383 1292 1452 sanguinem
1332 1394 1552 1455 tangere
1603 1385 1820 1452 dicitur,

217 1473 360 1518 cum
389 1461 543 1531 culpa
580 1465 750 1536 culpa:
781 1467 1109 1547 adjungitur,
1140 1481 1201 1527 ut
1230 1474 1529 1544 iniquitatis
1581 1476 1825 1533 cumulus

215 1550 646 1644 multiplicetur.
701 1557 808 1614 Sed
858 1561 1002 1617 inter
1070 1564 1186 1621 ham
1246 1582 1344 1638 per
1400 1567 1820 1644 omnipotentem

221 1641 409 1698 Deum
437 1647 698 1716 deprecor
734 1651 787 1706 in
827 1653 1252 1724 perturbationis
1300 1641 1817 1733 ﬂuetibusuelapsus,

214 1741 342 1791 tua:
387 1740 651 1797 orationis
703 1759 923 1800 manum
963 1749 1216 1803 sentiam.
1257 1749 1468 1806 Etenim
1496 1751 1651 1822 quasi
1697 1766 1823 1822 pro-

1928 565 2125 636 quippe
2144 565 2267 619 novi
2290 564 2478 620 diebus
2507 563 2706 639 nostris
2734 564 2932 618 virtute
2959 564 3224 627 miraculi,
3247 567 3390 636 quod
3416 581 3512 633 per

1927 655 2300 712 excellentiam
2348 663 2495 708 tuam
2539 663 2731 708 cuncta
2783 651 3081 708 Gothorum
3131 669 3262 722 gens
3313 653 3381 708 ab
3420 669 3511 708 er—

1926 761 2054 801 rore
2108 745 2324 799 Ariante
2379 745 2649 798 limreseos
2695 744 2753 797 in
2798 743 2918 799 fidei
2970 751 3134 797 recta:
3186 743 3510 798 soliditatem

1929 835 2187 891 translata
2218 843 2320 899 est,
2353 835 2658 890 exclamare
2677 851 2800 889 cum
2826 836 3087 904 pmpheta
3125 836 3293 890 libet.
3329 855 3347 886 ‹
3389 834 3514 890 [Lee

1927 935 2009 980 est
2039 925 2265 979 mutatio
2288 924 2524 978 dexterae
2552 923 2757 977 Excelsi
2791 921 2968 993 (Paul.
2998 939 3178 986 LXXVI,
3211 924 3319 993 ll).
3360 943 3378 974 ›
3409 924 3515 978 Cu-

1921 1017 2011 1087 jus
2033 1015 2175 1070 enim
2205 1013 2291 1068 vel
2317 1029 2536 1069 saxeum
2561 1023 2752 1083 peetus
2775 1011 2879 1067 inc
2899 1029 3035 1084 opus
3062 1023 3208 1068 tanto
3233 1031 3394 1085 opere
3418 1030 3512 1069 co-

1926 1105 2076 1173 gnito
2107 1117 2212 1158 non
2246 1103 2429 1157 statim
2455 1104 2506 1157 in
2538 1103 2921 1173 omnipotentis
2959 1104 3052 1158 Dei
3074 1104 3320 1159 laudibus
3353 1103 3516 1174 atque

1926 1195 1981 1248 in
2011 1204 2115 1248 tua:
2136 1193 2469 1248 excellentiae
2485 1210 2670 1248 amore
2696 1193 3009 1250 mollescat?
3037 1195 3163 1248 llaec
3188 1210 3294 1259 me,
3320 1195 3511 1257 fateor,

1926 1297 2046 1352 qua:
2095 1297 2193 1351 per
2237 1297 2334 1336 vos
2380 1293 2499 1338 acta
2548 1291 2695 1347 sunt,
2729 1298 2871 1353 saepe
2907 1284 3352 1339 convenientibus
3393 1285 3516 1341 tiliis

1925 1373 2064 1428 meis
2091 1373 2292 1436 dicere,
2316 1386 2468 1441 saepe
2482 1388 2604 1427 cum
2627 1373 2706 1426 eis
2733 1374 2938 1442 pariter
2962 1373 3217 1427 admirari
3245 1373 3508 1440 delectat;

1925 1463 2043 1518 hare
2067 1477 2152 1517 me
2174 1462 2490 1532 plermnque
2517 1462 2681 1516 etiam
2731 1473 2917 1517 contra
2963 1479 3048 1517 me
3074 1463 3336 1529 excitant,
3370 1464 3513 1533 quod

1925 1553 2079 1622 piger
2097 1566 2198 1622 ego
2222 1560 2276 1606 et
2296 1552 2500 1606 inutilis
2521 1561 2646 1605 tunc
2667 1550 2825 1606 inerti
2851 1552 2962 1606 otio
2985 1560 3193 1621 torpeo,
3219 1553 3435 1620 quando
3459 1553 3521 1611 iu

1924 1642 2228 1696 animarum
2256 1643 2764 1713 congregationibus
2793 1658 2892 1711 pro
2940 1641 3092 1699 lucro
3133 1643 3369 1699 cmlestis
3412 1659 3518 1714 pa-l

1925 1731 2043 1785 tria:
2072 1746 2230 1800 reges
2275 1731 2576 1788 elaborant.
2629 1731 2770 1797 Quid
2808 1733 2990 1802 itaque
3042 1747 3142 1803 ego
3184 1733 3236 1786 in
3264 1731 3356 1787 illo
3400 1741 3513 1788 tre-

217 1841 396 1896 spero
456 1829 584 1886 ﬂatu
635 1835 954 1905 navigatum,
993 1853 1117 1893 cum
1157 1840 1501 1912 tranquillam
1542 1842 1706 1896 νίιειη,
1760 1842 1814 1896 ε.
1850 1823 1892 1882 Β
1921 1823 2116 1880 tuendo
2141 1823 2390 1879 examine
2415 1822 2588 1879 Judici
2615 1824 2847 1879 venienti
2879 1825 3124 1879 dicturus
3145 1840 3287 1890 sum,
3316 1825 3360 1880 si
3388 1832 3514 1880 tunc

217 1920 567 1985 monasterio
605 1937 846 2002 agerem,
877 1928 970 1987 sed
1000 1928 1310 1998 procellosis
1357 1931 1538 1993 subito
1583 1931 1820 1987 motibus

221 2013 531 2077 tempestas
558 2010 612 2068 in
647 2027 743 2068 sua
768 2015 1176 2083 perturbatione
1217 2032 1304 2073 me
1353 2020 1554 2098 rapuit,
1598 2029 1654 2076 et
1696 2035 1820 2091 pro-

219 2097 548 2167 speritatem
576 2101 788 2160 itineris
809 2105 992 2170 amisi,
1016 2108 1142 2176 quia
1165 2109 1347 2178 quiete
1366 2109 1820 2180 perdita,mentis

223 2189 578 2260 naufragium
616 2193 834 2262 pertuli.
859 2196 930 2264 At
959 2184 1176 2264 nuncin
1208 2199 1367 2255 undis
1386 2215 1592 2268 versor,
1633 2209 1688 2256 et
1716 2210 1819 2256 tute

223 2273 650 2346 intercessionis
670 2285 904 2341 tabulam
935 2303 1141 2358 quam,
1191 2299 1251 2352 ut
1288 2292 1380 2368 qui
1443 2293 1564 2358 navi
1607 2293 1814 2366 integra

223 2371 384 2429 dives
431 2378 713 2445 pervenire
755 2394 860 2438 non
899 2381 1094 2447 merui,
1136 2370 1335 2438 saltem.
1381 2393 1503 2454 post
1526 2385 1721 2441 damna
1750 2388 1816 2441 ad

223 2462 386 2526 littus
429 2479 524 2535 per
552 2469 787 2523 tabulam
819 2471 1066 2527 reducar.
1097 2473 1174 2528 De
1209 2476 1459 2544 podagra:
1485 2491 1615 2533 vero
1650 2478 1818 2533 mole-

225 2553 336 2608 stia
376 2556 636 2612 sanctitas
660 2571 858 2620 vestra,
899 2570 956 2615 ut
1005 2562 1213 2629 scribit,
1241 2563 1518 2636 allligitur,
1550 2565 1703 2636 cujus
1724 2567 1816 2622 do-

225 2645 346 2702 lore
381 2649 599 2706 assiduo
635 2660 690 2705 et
741 2653 855 2722 ipse
890 2654 1242 2711 vehementer
1281 2657 1500 2714 attritus
1540 2675 1694 2726 sum;
1722 2661 1816 2715 sed

228 2737 409 2795 facilis
441 2741 544 2795 erit
577 2743 896 2810 consolatio,
930 2746 975 2802 si
1013 2747 1153 2802 inter
1195 2747 1400 2819 ﬂagella
1437 2765 1556 2820 qua:
1582 2751 1818 2822 patimur

228 2843 461 2898 qumque
506 2829 753 2899 fecimus
782 2834 848 2897 ad
893 2836 1208 2900 memoriam
1249 2838 1444 2906 delicta
1477 2855 1814 2905 revocamus,

228 2925 396 2988 atque
420 2927 600 2974 etnon
618 2913 730 2991 jam
759 2921 1098 2995 ﬂagella,sed
1126 2927 1265 2987 dona
1286 2943 1404 2986 esse
1433 2930 1815 2999 conspicimus,

227 3011 277 3065 si
302 3027 419 3081 qua:
443 3015 622 3069 carnis
644 3016 998 3073 delectatione
1027 3021 1409 3093 peccavimus,
1425 3024 1607 3088 carnis
1632 3023 1818 3080 dolore

225 3112 548 3183 purgantur.
595 3105 865 3163 Praeterea
916 3124 985 3164 ex
1034 3109 1415 3176 benedictione
1465 3113 1607 3170 beati
1666 3114 1811 3170 Petri

228 3196 594 3263 apostolorum
642 3200 900 3276 principis
939 3202 1159 3280 pallium
1219 3203 1372 3261 vobis
1414 3205 1814 3262 transmisimus

230 3285 301 3338 ad
330 3285 439 3340 sola
468 3287 752 3352 missarum
781 3291 1041 3347 solemnia
1066 3294 1478 3362 utendum.Quo
1497 3297 1814 3361 transmisso

225 3374 385 3430 valde
407 3376 565 3432 debui
589 3379 822 3449 qualiter
843 3381 997 3440 vobis
1017 3384 1304 3447 vivendum
1329 3369 1472 3441 esset
1500 3387 1814 3452 admonere,

228 3465 325 3520 sed
347 3465 670 3526 locutionem
697 3474 994 3549 supprimo,
1028 3475 1155 3548 quia
1181 3478 1342 3532 verba
1381 3478 1644 3537 moribus”
1668 3486 1817 3541 ante-

225 3559 341 3630 itis.
373 3561 726 3635 Omnipotens
756 3568 900 3624 Deus
925 3585 1021 3625 sua
1041 3562 1498 3644 vosprotectione
1519 3577 1812 3641 custodiat,

226 3658 394 3721 atque
444 3651 512 3707 ad
573 3656 814 3720 caelestis
872 3663 1372 3729 remunerationem
1429 3666 1620 3739 patriae
1690 3682 1814 3722 cum

216 3741 505 3813 multiplici
563 3747 866 3805 animarum
911 3751 1092 3808 fructu
1138 3754 1420 3824 perducat.
1470 3755 1584 3827 Ego
1632 3766 1812 3812 autem

227 3840 430 3902 quanta
487 3840 840 3907 occupatione
887 3842 1161 3913 deprimor
1203 3855 1261 3900 et
1296 3845 1593 3910 debilitate,
1635 3845 1816 3902 brevis

230 3932 459 3994 testatur
477 3928 725 3998 epistola,
778 3931 830 3986 in
862 3948 965 4003 qua
1001 3945 1057 3990 et
1097 3937 1146 3990 ei
1181 3951 1342 4007 quem
1396 3938 1621 3993 multum
1650 3939 1814 4010 diligo

229 4029 419 4097 parum
464 4019 680 4092 loquor.
713 4024 858 4080 Deus
881 4034 934 4086 te
972 4012 1298 4097 incolumem
1338 4029 1627 4095 custodiat,
1661 4046 1818 4092 reve-

227 4111 547 4171 rendissime
573 4113 765 4172 frater.

461 4247 544 4313 4d
568 4245 924 4305 Recarredum
957 4267 1124 4324 regem
1169 4251 1581 4324 Visi‘gothorum.

297 4359 345 4412 1.
387 4358 462 4414 De
490 4359 647 4417 laude
682 4362 923 4434 ejusdem
963 4365 1224 4436 principis
1257 4368 1400 4438 quod
1444 4383 1541 4438 per
1577 4383 1700 4424 eum
1743 4369 1812 4426 ad

227 4449 541 4506 catholicam
578 4452 736 4508 fidem
765 4469 895 4525 gens
931 4455 1231 4513 Gothorum
1262 4475 1524 4515 conversa
1546 4468 1651 4516 est.

292 4541 346 4596 2.
387 4542 462 4598 De
488 4546 801 4602 muneribus
822 4547 980 4603 beato
1000 4545 1170 4605 Petmv
1190 4549 1439 4621 apostolo
1454 4566 1484 4605 a
1510 4561 1812 4609 memorato

225 4637 468 4709 principe
487 4639 690 4699 missis.

291 4731 343 4784 5.
383 4730 460 4786 De
503 4731 890 4789 constitutione
941 4733 1059 4805 ejus
1099 4735 1360 4791 adversus
1404 4734 1618 4794 Iuda-os
1664 4737 1806 4807 quod

224 4823 334 4880 auri
368 4824 508 4881 dono
537 4841 640 4882 non
664 4827 736 4882 sit
754 4837 1026 4898 corrupta.

289 4914 340 4983 4.
379 4913 450 4970 Ut
471 4916 746 4987 principes
768 4918 1125 4975 humilitatem
1156 4919 1402 4976 habeant
1421 4920 1624 4976 cordis.

289 5004 339 5059 5.
381 5005 451 5062 Ut
475 5008 746 5080 principes
768 5011 1001 5073 castitati
1033 5014 1279 5084 corporis
1305 5013 1577 5069 studeant.

291 5094 338 5150 6.
383 5095 452 5152 Ut
494 5097 767 5168 principes
807 5101 1070 5162 moderati
1101 5111 1155 5157 et
1184 5104 1346 5158 mites
1373 5118 1500 5174 erga
1539 5101 1809 5172 subjectos

228 5187 478 5242 existant.

291 5279 338 5332 7.
378 5278 455 5334 De
476 5277 626 5336 clave
647 5281 824 5337 ostioli
853 5282 996 5338 beati
1025 5282 1194 5349 Petri,
1219 5294 1274 5340 et
1302 5283 1368 5340 de
1398 5302 1562 5342 cruce
1593 5287 1802 5342 Domini

226 5369 403 5438 missa,
429 5371 543 5428 sive
578 5372 645 5428 de
657 5372 818 5443 pallio
841 5373 1003 5430 beato
1024 5373 1272 5433 Leandro
1288 5377 1546 5447 episcepo
1567 5377 1793 5433 direeto.

288 5479 682 5540 Gloriosissimo
726 5493 898 5555 atque
942 5482 1397 5546 excellentissimo
1438 5486 1545 5542 lilio
1584 5487 1794 5543 Becca-

225 5583 354 5625 asuo
379 5570 488 5642 regi
518 5571 813 5628 Gothorum
833 5581 999 5644 atque
1026 5572 1327 5629 Sucvorum
1350 5573 1657 5632 Gascomus
1680 5593 1795 5632 ser-

229 5675 318 5714 vus
344 5677 621 5720 servorum
653 5664 765 5720 Dei.

293 5758 410 5821 (gap.
445 5757 480 5822 1,
519 5757 747 5837 Explere
785 5761 994 5826 verbis,
1037 5758 1485 5820 excellentissime
1538 5761 1645 5829 illi,
1689 5777 1812 5827 non.

1922 1914 2050 1970 illuc
2070 1930 2274 1972 vacuus
2296 1930 2494 1971 venero
2534 1915 2623 1970 ubi
2677 1924 2768 1969 tua
2819 1915 3139 1970 excellentia
3170 1931 3363 1987 greges
3391 1923 3518 1986 post-

1919 2019 1980 2059 se
2009 2004 2248 2059 ﬁdelium
2278 2004 2458 2068 ducet,
2490 2020 2626 2074 quos
2655 2004 2821 2059 modo
2851 2005 2918 2058 ad
2962 2019 3088 2059 vere
3131 2005 3254 2060 iidei
3285 2004 3512 2074 gratiam

1919 2110 2017 2165 per
2054 2095 2350 2150 studiosam
2379 2103 2432 2149 et
2461 2095 2770 2150 continuam
2822 2094 3265 2165 praedicationem
3313 2094 3520 2149 traxit?»

1920 2183 2027 2240 Sed
2065 2193 2148 2240 est
2177 2185 2330 2251 mihi,
2383 2185 2526 2240 bone
2554 2186 2660 2251 vir,
2695 2185 2797 2240 hoc
2827 2186 2892 2239 in
2913 2185 3006 2239 Dei
3055 2199 3278 2239 munere
3314 2198 3507 2255 magna

1917 2273 2237 2338 consolatio,
2260 2274 2385 2344 quia
2409 2288 2546 2344 opus
2573 2283 2818 2328 sanctum
2846 2275 2988 2343 quod
3012 2275 3065 2326 in
3087 2289 3170 2328 me
3189 2288 3294 2328 non
3317 2274 3512 2336 habeo.

1917 2365 2080 2437 diligo
2121 2367 2172 2420 in
2217 2374 2288 2430 te,
2338 2380 2568 2435 cumque
2611 2364 2678 2420 de
2718 2365 2877 2420 bonis
2915 2365 3125 2420 actibus
3166 2365 3272 2420 tuis
3318 2379 3515 2435 magna

1917 2455 2279 2511 exsultatione
2305 2456 2528 2525 gaudeo,
2567 2469 2629 2510 ea
2659 2469 2780 2524 quae
2822 2470 2922 2524 per
2962 2454 3203 2509 laborem
3234 2462 3326 2508 tua
3366 2463 3514 2518 sunt,

1917 2563 2036 2602 mea
2084 2562 2182 2617 per
2235 2546 2557 2602 charitatcm
2617 2545 2773 2600 ﬁunt.
2821 2545 2899 2600 De
2933 2545 3286 2601 conversione
3351 2544 3516 2616 igitur

1917 2639 2216 2695 Gothorum
2261 2639 2316 2694 in
2362 2647 2547 2694 vestro
2601 2653 2786 2708 opere,
2836 2648 2892 2693 et
2931 2649 3115 2694 nostra
3155 2637 3520 2698 exsultatione

1918 2729 2047 2784 libet
2087 2745 2209 2785 cum
2249 2730 2455 2802 angelis
2507 2731 2852 2786 exclamare:
2905 2748 2924 2782 ι
2967 2730 3154 2788 Gloria
3191 2732 3245 2787 in
3283 2730 3525 2788 excelsis.

1921 2819 2049 2883 Deo,
2105 2826 2161 2874 et
2222 2819 2276 2874 in
2324 2827 2467 2873 terra
2513 2834 2619 2889 pax
2671 2819 2978 2874 hominibus
3021 2819 3176 2874 bonae
3218 2819 3526 2876 voluntatis.

1919 2909 2070 2979 (Luc.
2104 2910 2301 2983 ".14).
2353 2931 2371 2965 ι
2421 2909 2525 2968 Per
2561 2925 2658 2966 vos
2688 2912 2830 2966 enim
2872 2919 2932 2966 ut
2953 2912 3161 2967 aestimo
3191 2927 3288 2967 nos
3316 2913 3514 2983 gratia-

1924 3015 2041 3052 rum
2070 2999 2304 3070 amplius
2351 2999 2707 3067 omnipotenti
2753 2999 2980 3057 Domino
3023 3000 3296 3056 debitores
3327 3001 3527 3056 existiqt

1922 3107 2062 3155 mus,
2095 3093 2223 3162 quia
2256 3094 2356 3148 etsi
2408 3093 2687 3148 vobiscum
2715 3092 3102 3164 niliilegimus,
3131 3100 3312 3148 vestro
3334 3101 3513 3148 tamen

1839 3169 1882 3228 (ἶ
1915 3182 2063 3250 operi
2095 3183 2494 3253 congaudentes
2512 3182 2805 3252 participes
2833 3197 3040 3237 sumus.

1985 3283 2046 3337 η.
2075 3284 2270 3338 Beatus
2308 3297 2434 3338 vero
2456 3283 2650 3338 Petrus
2679 3281 3044 3351 apostolorum
3073 3296 3326 3352 princeps
3350 3297 3522 3350 quam.

1916 3375 2148 3429 libenter
2189 3389 2412 3430 munera
2464 3373 2797 3429 excellentiae
2851 3382 3047 3428 vestra:
3086 3372 3406 3442 susceperit,
3436 3371 3508 3425 ita

1917 3452 2347 3534 cunctis'liquet,
2379 3471 2438 3517 ut
2465 3464 2644 3519 debila
2670 3471 2854 3519 vestra
2903 3471 3193 3517 testantur.
3236 3461 3508 3532 Scriptum

1918 3553 2115 3623 quippe
2131 3562 2247 3610 est:
2275 3571 2298 3604 ι
2326 3553 2460 3608 Vota
2474 3552 2744 3621 justorum
2767 3552 3048 3622 placabilia
3065 3551 3245 3623 (Prov.
3270 3566 3361 3615 xv,
3381 3550 3457 3616 8),
3485 3571 3511 3604 ι

1917 3659 2093 3715 neque
2121 3645 2265 3699 enim
2296 3645 2351 3700 in
2393 3645 2779 3715 omnipotentis
2811 3643 2912 3700 Dei
2942 3642 3148 3712 judicio
3172 3642 3298 3713 quid
3327 3643 3520 3708 datur,

1915 3735 2009 3790 sed
2051 3749 2080 3788 a
2129 3748 2236 3804 quo
2281 3734 2459 3800 datur,
2518 3734 2800 3806 aspicitur.
2859 3733 2996 3788 llinc
3046 3741 3130 3788 est
3180 3732 3323 3787 enim
3365 3733 3521 3802 quod:

1917 3824 2178 3894 scriptum
2214 3832 2334 3878 est:
2379 3841 2414 3876 ‹,
2441 3823 2702 3893 Respexit
2724 3823 2866 3878 Deus
2904 3824 2969 3877 ad
2996 3821 3148 3887 Abel,
3182 3831 3238 3877 et
3287 3821 3355 3875 ad
3393 3835 3510 3874 mu-

1915 3927 2046 3968 nera
2076 3912 2233 3984 ejus;
2268 3914 2335 3967 ad
2364 3912 2496 3968 Gain
2534 3921 2736 3979 autem,
2786 3921 2849 3966 et.
2894 3912 2960 3966 ad
3005 3926 3228 3966 munera
3256 3909 3373 3978 ejus
3401 3924 3508 3964 non

1915 4005 2154 4077 respexit
2189 4004 2342 4076 (Gen.
2383 4020 2458 4071 tv,
2487 4004 2576 4076 4).;
2610 4024 2630 4058 ι
2663 4005 2908 4061 dicturus
2937 4005 3135 4074 quippe
3164 4005 3287 4074 quia
3321 4002 3514 4058 θοαὶ-η

1915 4112 2018 4153 nus
2076 4097 2314 4168 respexit
2365 4097 2433 4152 ad
2481 4111 2729 4163 munera,
2801 4097 3063 4169 praemisit
3114 4095 3342 4151 sollicite
3378 4095 3508 4165 quia

1913 4189 2153 4259 respexit
2176 4189 2244 4243 ad
2269 4188 2422 4244 Abel.
2451 4188 2528 4244 Bx
2556 4205 2660 4260 qua
2689 4203 2752 4244 re
2774 4197 3023 4260 patenter
3047 4187 3351 4243 ostenditur
3377 4185 3506 4255 quia

1914 4293 2023 4334 non
2083 4277 2316 4335 oﬂ‘ercns
2373 4295 2403 4332 a
2457 4279 2789 4341 muneribus,
2843 4279 2936 4335 sed
2988 4293 3212 4341 munera
3260 4277 3328 4331 ab
3376 4274 3509 4330 oll'e-

1915 4378 2070 4425 rente
2097 4369 2432 4440 placuerunt.
2489 4371 2677 4426 Vestra
2737 4371 2920 4440 itaque
2961 4371 3162 4425 oblatio
3222 4383 3384 4439 quam
3433 4367 3507 4422 sit

1912 4457 2075 4529 275
2103 4465 2255 4526 grata
2303 4459 2771 4530 ostenditis,_quia
2805 4459 2981 4523 daturi
3030 4468 3209 4515 vestra
3257 4458 3407 4528 prius
3435 4470 3505 4511 ex

1915 4549 2268 4604 conversione
2321 4549 2499 4621 gentis
2555 4551 2785 4606 subditae
2834 4551 3074 4605 animum
3123 4563 3248 4604 cum
3282 4561 3514 4602 munere

1913 4641 2132 4697 dedisti.
2159 4641 2313 4708 Quod
2344 4658 2473 4698 vero
2501 4643 2850 4699 transmissos
2878 4643 3123 4707 abbates,
3151 4641 3242 4711 qui
3271 4639 3503 4695 oblatio-

1913 4746 2049 4786 nem
2088 4741 2327 4788 vestram
2380 4733 2546 4788 beato
2587 4733 2750 4789 Petro
2790 4732 3032 4802 apostolo
3079 4731 3416 4796 deferebant,
3448 4729 3502 4784 in

1914 4823 2074 4889 mari,
2101 4823 2281 4879 dicitis
2312 4824 2564 4896 fatigatos
2599 4841 2665 4882 ex
2714 4826 2830 4896 ipso
2876 4825 3090 4891 itinere,
3118 4825 3185 4879 ad
3216 4823 3509 4894 Hispanias

1863 4992 1866 4994 γ
1912 4929 2206 4980 remeasse,
2253 4931 2360 4970 non
2412 4932 2635 4972 munera
2689 4927 2870 4972 vestra
2925 4917 3150 4987 repulsa.
3201 4923 3328 4971 sunt
3381 4930 3502 4984 qua:

1911 5007 2251 5076 postmodum
2277 5019 2564 5074 venerunt,
2605 5008 2701 5063 sed
2723 5022 2910 5063 eorum
2940 5008 3032 5078 qui
3060 5005 3363 5060 transmissi
3387 5004 3504 5062 fue-

1911 5107 2033 5150 rant
2062 5099 2370 5153 constantia
2396 5105 2478 5154 est
2506 5100 2755 5170 probata,
2799 5106 2858 5154 ut
2887 5098 3092 5154 scirent
3141 5105 3330 5152 sancto
3356 5095 3502 5152 desi-

1910 5191 2064 5246 derio
2089 5191 2300 5260 objecta
2327 5192 2566 5262 pericula
2595 5193 2834 5259 vincere,
2865 5201 2920 5246 et
2950 5191 3002 5246 in
3033 5190 3350 5262 fatigatione
3378 5203 3504 5244 cor».

1908 5283 2055 5354 poris
2090 5293 2270 5340 mente
2323 5285 2545 5341 minime
2585 5283 2797 5340 lassari.
2840 5283 3154 5340 Adversitas
3205 5284 3348 5338 enim
3377 5285 3510 5351 quas

1906 5375 2064 5430 bonis
2093 5376 2234 5431 votis
2254 5375 2530 5446 objicitur,
2566 5376 2818 5446 probatio
2843 5373 3062 5431 virtutis
3086 5382 3188 5439 est,
3223 5388 3330 5428 non
3355 5373 3508 5441 judi-—~

1904 5464 2044 5518 cium
2070 5465 2483 5534 reprobationis.
2510 5465 2641 5532 Quis
2661 5465 2805 5519 enim
2833 5465 3039 5520 nesciat
3073 5478 3236 5533 quam
3270 5474 3506 5532 ωηερε--

1903 5571 2022 5610 rum
2040 5554 2160 5621 fuit,
2189 5558 2333 5628 quod
2361 5557 2552 5612 beatus
2575 5554 2776 5612 Paulus
2803 5555 3083 5628 apostolus
3104 5553 3508 5625 przcdieaturus;

1904 5650 1970 5704 ad
1997 5648 2205 5704 Italiam
2236 5650 2529 5707 veniebat?
2557 5651 2624 5706 Et
2650 5659 2831 5707 tamen
2860 5649 3200 5720 naufragium
3246 5645 3503 5720 pertulit,

1902 5741 1994 5798 sed
2024 5743 2177 5802 navis
2203 5743 2381 5801 cordis
2408 5743 2458 5805 in
2493 5742 2742 5805 ﬂuctibus
2767 5744 2972 5820 integra
3001 5741 3176 5801 stetit...
3347 5749 3349 5752 ‘
