3894 5320
466 212 599 270 1107

1388 215 1681 272 APPEND.
1718 216 1806 269 AD
1833 210 2004 267 SEC.
2033 206 2124 260 IX.
2152 234 2218 242 -—
2253 203 2504 261 lSlDORl
2544 208 2987 299 MERCATORIS

2383 131 2587 143 ’-σι-σοον,-
2644 124 2673 139 Ὗ

3590 210 3735 268 H08

533 329 621 384 Ill.
648 327 931 389 Praeterea
953 330 1132 389 iudico
1174 333 1302 403 quia
1343 334 1408 390 de
1450 343 1633 389 vestro
1675 349 1839 405 opere
1878 332 2052 386 crevit
2081 339 2123 395 Λ
2152 328 2437 383 elationem
2467 329 2631 383 cadit.
2660 328 2797 396 Quid
2832 345 2964 402 ergo
3007 330 3061 385 iu
3105 330 3194 385 liis
3216 328 3517 403 agendum,
3544 329 3651 383 nisi
3682 338 3741 384 nt

466 418 523 477 in
554 420 802 477 laudibus
838 422 929 476 Dci
975 421 1077 478 hoc
1121 424 1263 492 quod
1299 424 1364 479 de
1405 422 1756 479 dilectissimo
1790 422 1898 476 lilio
1931 438 2052 477 meo

469 506 703 563 Prohinc
723 513 971 580 cognovi,
1003 512 1128 580 quia
1169 526 1293 566 cum
1320 521 1514 568 vestra:
1554 512 1887 567 excellentia:
1923 527 2043 565 con-

467 601 802 657 stitutionem
831 606 1120 672 quamdam
1172 612 1361 659 contra
1410 604 1718 661 Judazornm
1773 602 2050 672 perfidiam

469 692 724 756 desiisset,
763 693 838 756 bi,
868 695 935 749 de
965 695 1161 765 quibus
1197 698 1421 768 probata
1446 697 1641 760 fuerat,
1674 697 2050 753 rcctitudinem

470 783 669 837 tuentis
698 794 894 840 vestrm
927 785 1221 847 inﬂectere.
1254 787 1605 856 pecuniarum
1635 803 1901 841 smnmam
1924 785 2053 841 olfe-

472 873 682 939 rendo,
735 876 908 931 moliti
946 888 1091 944 sunt,
1140 894 1301 947 qnam
1341 878 1662 933 excellentia
1700 890 1880 933 vestra
1927 894 2056 934 con-

463 964 707 1033 tempsit,
750 976 801 1019 et
829 967 1183 1036 omnipotenti
1227 967 1339 1022 Deo
1380 969 1591 1037 placere
1630 984 1880 1038 qmerens
1921 983 2054 1023 auro

466 1052 831 1111 innocentiam
872 1059 1127 1129 praetulit.
1158 1059 1275 1128 Qua
1312 1060 1364 1115 iu
1418 1076 1476 1114 re
1522 1060 1655 1115 mihi
1700 1061 1869 1116 David
1912 1061 2056 1132 regis

468 1145 670 1202 factum
700 1150 768 1204 ad
797 1152 1112 1207 memoriam
1150 1154 1318 1219 venit,
1338 1156 1429 1211 cui
1452 1155 1577 1210 dum
1608 1156 1892 1227 concupita
1916 1172 2052 1226 aqua

467 1235 539 1290 de
579 1238 816 1295 cisterna
859 1241 1236 1300 Bethlemitica
1272 1261 1391 1315 qua:
1419 1248 1562 1302 inter
1598 1249 1819 1305 hostiles
1847 1265 2050 1308 cuneos

468 1326 790 1396 habebatur,
817 1332 887 1385 ab
913 1333 1333 1403 obsequentibus
1360 1337 1617 1395 militibus
1640 1337 1831 1396 fuisset
1849 1341 2053 1407 oblata,

468 1421 718 1490 protinus
747 1424 883 1481 dixit
916 1443 929 1479 :
964 1426 1116 1482 Absit
1162 1443 1191 1482 a
1240 1443 1325 1483 me
1368 1438 1428 1485 nt
1468 1432 1781 1498 sanguinem
1826 1432 2054 1490 istortun

469 1509 748 1565 hominum
778 1513 958 1568 bibam
991 1514 1073 1586 (II
1105 1516 1230 1588 Reg.
1266 1534 1397 1573 χχιιι
1424 1560 1440 1583 ,
1473 1520 1559 1585 16,
1587 1520 1695 1593 l7).
1731 1521 1901 1589 Quam
1928 1524 2054 1593 qttia

469 1598 648 1667 fudit,
689 1612 746 1658 et
792 1604 978 1661 bibere
1005 1607 1175 1663 noluit
1200 1648 1215 1673 ,
1249 1609 1510 1681 scriptum
1541 1620 1666 1667 est:
1702 1630 1722 1664 ι
1766 1613 1834 1668 Et
1870 1613 2058 1669 libavit

2156 420 2416 491 malignus
2438 421 2685 490 spiritus,
2709 437 2832 476 cum
2876 422 3033 477 nobis
3055 422 3124 476 ad
3145 421 3462 476 clevandam
3493 432 3735 476 mentem

2154 511 2363 567 reducit
2389 512 2526 566 bona
2551 527 2673 582 qum
2696 512 2928 583 egimus,
2957 527 3176 583 semper
3200 526 3299 567 nos
3321 512 3391 566 ad
3414 511 3739 566 memoriam

2154 612 2335 657 nostra
2369 602 2506 656 mala
2540 617 2854 658 revocemus
2876 644 2890 666 ,
2921 603 3174 673 quamvis
3210 612 3267 656 et
3312 611 3506 656 nostra
3536 615 3736 671 uigue-

2154 709 2369 750 scamus
2400 708 2522 748 esse
2544 708 2664 764 quae
2693 695 2965 764 peccando
2992 692 3223 748 fecimus
3242 733 3259 756 ,
3297 691 3468 747 solius
3500 696 3743 761 omnipo-

2156 781 2318 836 tentis
2352 780 2443 836 Dei
2477 788 2727 848 munera,
2755 797 2878 836 cum
2902 790 3124 851 peccata
3154 780 3495 834 declinamus
3516 780 3544 832 2

2228 869 2292 925 γ.
2327 870 2692 927 Custodienda
2722 887 2936 942 quoque
2972 882 3057 927 est
3101 871 3364 925 munditia
3411 870 3662 940 corporis
3691 871 3740 923 in

2156 962 2348 1018 studiis
2382 964 2537 1018 bona:
2564 963 2817 1029 actionis,
2845 963 2967 1033 quia
2985 961 3159 1041 juxta
3182 977 3367 1017 vocem
3399 963 3741 1032 praedicatis

2156 1052 2421 1123 Apostoli,
2469 1072 2488 1104 ι
2525 1052 2803 1123 Templum
2849 1054 2939 1109 Dei
2989 1062 3239 1108 sanctum
3282 1061 3405 1115 est,
3447 1053 3592 1122 quod
3620 1053 3744 1107 estis

2155 1161 2252 1201 vos
2281 1145 2333 1218 (I
2354 1144 2470 1200 Cor.
2503 1162 2588 1210 Ill,
2614 1146 2751 1217 17).»
2782 1144 2882 1212 Qui
2909 1160 3099 1199 rursus
3129 1144 3207 1199 ait
3236 1162 3249 1198 :
3288 1164 3307 1195 ι
3330 1143 3461 1199 Haec
3489 1152 3572 1199 est
3606 1145 3743 1198 enim

2156 1235 2407 1291 voluntas
2436 1237 2564 1301 Dei,
2591 1235 2946 1291 sanctificatio
2990 1244 3174 1290 vestra
3199 1234 3252 1304 (1
3292 1234 3483 1291 Thess.
3507 1234 3655 1303 κβ)
3677 1274 3695 1299 ,
3720 1253 3740 1285 ι

2155 1342 2319 1397 quam
2364 1327 2847 1382 sanctilicationem
2888 1326 3092 1380 dixerit
3142 1325 3445 1380 ostendens
3506 1324 3747 1395 protinus

2156 1416 2491 1488 adimplevit,
2511 1437 2528 1469 ι
2554 1428 2612 1471 ιιι
2632 1416 2948 1473 abstineatis
2962 1432 3059 1473 vos
3080 1433 3112 1471 a
3134 1416 3532 1481 fornicatione,
3550 1426 3603 1471 et
3621 1418 3745 1471 sciat

2158 1506 2527 1577 unusquisque
2553 1515 2793 1561 vestrum
2826 1521 2982 1561 suum
3025 1522 3123 1561 vas
3148 1507 3441 1577 possidere
3462 1506 3529 1560 in
3556 1509 3741 1562 sancti-

2158 1596 2411 1653 flcatione
2450 1609 2505 1653 et
2545 1599 2773 1664 honore,
2805 1606 2861 1653 et
2893 1613 2999 1653 non
3029 1597 3083 1653 in
3116 1598 3475 1668 passionibus
3512 1598 3743 1654 desiderii

468 1704 591 1745 eam
622 1693 849 1748 Domino
879 1694 1069 1762 (lbid.,
1094 1696 1203 1769 16).
1243 1718 1262 1753 ι
1294 1699 1351 1755 Si
1383 1701 1547 1772 igitur
1574 1703 1642 1759 ab
1695 1712 1907 1759 armato
1928 1719 2054 1776 rege

2166 1689 2320 1762 (Ibid.
2354 1705 2429 1755 ιν,
2456 1689 2533 1761 5).
2572 1708 2592 1743 ι

471 1780 527 1837 In
550 1785 876 1841 sacriﬁcium
910 1787 1003 1843 Dei
1030 1804 1185 1846 versa
1207 1800 1292 1846 est
1315 1806 1453 1863 aqua
1488 1804 1829 1866 contempta,
1860 1811 2057 1867 pense-

473 1886 596 1928 mus
617 1874 777 1942 quale
801 1878 1125 1934 socriflcium
1148 1882 1508 1953 omnipotenti
1544 1884 1652 1940 Deo
1698 1902 1792 1942 rex
1842 1887 2054 1951 obtulit,

469 1960 562 2028 qui
585 1977 682 2030 pro
704 1978 890 2020 amore
919 1966 1062 2022 illius
1094 1983 1198 2024 non
1222 1985 1439 2041 aquam,
1467 1973 1562 2028 sed
1590 1989 1782 2029 aurum
1810 1976 2059 2046 accipere

470 2052 818 2120 mntempsit.
874 2053 1095 2125 Itaque,
1160 2058 1232 2112 tili
1285 2060 1781 2129 excellentissime,
1833 2065 2061 2120 fidenter

473 2138 672 2205 dicam,
701 2143 827 2211 quia
854 2143 1032 2200 libasti
1057 2161 1249 2203 aurum
1282 2149 1509 2206 Domino
1535 2154 1677 2222 quod
1700 2162 1892 2210 contra
1933 2171 2056 2211 eum

475 2226 677 2284 habere
703 2231 944 2288 noluisti.

544 2315 632 2371 IV.
670 2318 858 2392 Magna
886 2334 1012 2382 sunt
1041 2326 1159 2384 lucc
1184 2338 1238 2385 et
1277 2332 1664 2402 omnipotentis
1687 2334 1779 2390 Dei
1810 2335 2059 2393 laudibus

472 2407 778 2467 referenda.
810 2412 916 2470 Sed
948 2415 1092 2472 inter
1117 2419 1235 2474 lt:ec
1260 2422 1499 2493 vigilanti
1545 2435 1672 2481 sunt
1710 2429 1889 2484 studio
1919 2429 2061 2484 antio

459 2498 566 2567 qui
596 2498 766 2555 hostis
800 2502 1009 2561 insidia:
1038 2510 1323 2575 cavendae,
1377 2514 1467 2581 qui
1513 2525 1720 2584 quanto
1759 2516 1962 2587 majora
2004 2517 2057 2573 in

474 2591 784 2651 hominibus
808 2598 948 2652 dona
981 2603 1267 2670 conspicit,
1299 2614 1450 2660 tanto
1493 2608 1607 2663 haec
1637 2610 1852 2666 auferre
1878 2612 2056 2667 subti-

473 2680 701 2740 lioribus
730 2685 941 2742 insidiis
967 2693 1232 2760 exquirit,
1263 2711 1438 2765 neque
1479 2700 1623 2753 enim
1673 2701 1963 2757 latrunculi
2003 2702 2056 2757 in

474 2772 563 2828 via
591 2790 787 2846 capere
813 2780 1049 2836 viatores
1066 2798 1273 2841 vacuos
1296 2799 1576 2857 expetunt,
1594 2793 1683 2845 sed
1710 2804 1803 2847 eos
1819 2794 1909 2865 qui
1939 2800 2061 2855 auri

475 2866 693 2923 vaseula
729 2868 807 2923 vel
846 2873 1058 2940 argenti
1099 2872 1312 2940 ferunt;
1339 2879 1423 2932 via
1450 2890 1535 2934 est
1564 2881 1760 2952 quippe
1787 2885 1893 2938 vita
1925 2901 2061 2956 pm

477 2972 647 3023 sens,
692 2968 750 3016 et
797 2970 948 3018 tanto
997 2965 1192 3035 cuique
1237 2983 1461 3025 necesse
1514 2982 1598 3027 est
1644 2982 1705 3027 ut
1737 2975 2055 3035 insidiantes

478 3049 705 3119 spiritus
750 3062 981 3112 caveat.
1031 3068 1237 3125 quanto
1297 3060 1497 3129 majora
1562 3073 1691 3119 sunt
1747 3066 1887 3122 dona
1939 3085 2060 3140 qua:

479 3150 680 3209 portat.
716 3143 939 3213 Oportet
982 3161 1111 3217 ergo
1146 3150 1523 3207 excellentiam
1553 3162 1789 3211 vestram
1827 3157 1880 3212 in
1913 3169 2063 3213 tanto

480 3232 584 3289 ltoc
626 3235 693 3292 de
736 3239 1094 3297 conversione
1144 3242 1320 3312 gentis
1372 3246 1600 3301 subditae
1643 3263 1871 3307 munere
1917 3250 2062 3320 quod

478 3323 708 3392 accepit,
753 3340 1094 3395 summopere
1144 3335 1417 3389 custodire
1445 3336 1677 3405 primum
1701 3337 2061 3399 humilitatem

456 3414 696 3481 ~cordis,
743 3432 809 3473 ac
857 3419 1052 3475 deinde
1091 3424 1407 3479 munditiam
1452 3430 1728 3498 corporis.-
1751 3428 1886 3485 Cum
1916 3432 2062 3487 enim

480 3505 741 3577 scriptum
769 3509 840 3564 sit
873 3528 886 3564 :
922 3529 942 3561 ι
978 3511 1166 3567 Omnis
1199 3515 1289 3583 qui
1330 3530 1388 3570 se
1417 3517 1635 3572 exaltat-
1665 3519 2061 3588 luuniliabitur,

479 3607 537 3653 et
567 3601 736 3669 quise
762 3602 1009 3658 lmmiliat
1036 3600 1364 3662 esaltabitur
1384 3608 1538 3681 (Luc.
1567 3626 1723 3677 xvm,
1750 3610 1900 3682 14),»
1934 3628 2064 3684 pro-

480 3688 623 3746 fecto
649 3691 836 3762 liquet,
859 3694 984 3763 quia
1008 3694 1095 3749 ille
1114 3699 1383 3753 veraciter
1400 3699 1517 3775 alta
1544 3709 1690 3757 amat
1708 3703 1800 3773 qui
1825 3712 2060 3760 mentem

479 3791 634 3834 suam
669 3783 739 3836 ab
764 3783 1084 3840 humilitatis
1107 3787 1285 3846 radice
1313 3805 1424 3845 non
1449 3791 1669 3848 desecat
1689 3831 1705 3856 ,
1736 3808 1886 3863 saepe
1912 3809 2065 3849 nam-

462 3882 589 3936 que
613 3870 880 3942 malignus
905 3874 1128 3942 spiritus
1155 3886 1212 3931 ut
1237 3877 1377 3934 bona
1398 3878 1673 3945 destruat,
1696 3882 1893 3951 quibus
1915 3883 2065 3953 prius

482 3961 759 4019 adversari
791 3981 895 4019 non
932 3967 1099 4023 valuit
1127 3969 1193 4022 ad
1220 3973 1498 4040 operantis
1533 3981 1766 4029 mentem
1795 3983 1915 4044 post
1942 3990 2064 4045 per-

483 4062 663 4109 actam
709 4057 1081 4124 operationem
1117 4061 1283 4124 venit,
1320 4077 1549 4134 eamque
1573 4066 1752 4122 tacitis
1777 4067 2062 4137 cogitatio-

486 4145 645 4200 nibus
691 4146 744 4201 in
795 4149 1115 4218 quibusdam
1155 4155 1270 4211 suis
1313 4155 1563 4213 laudibus
1611 4160 1856 4226 excutit,
1895 4161 1966 4216 ita
2005 4171 2065 4218 ut

489 4235 714 4307 decepta
762 4255 917 4296 mens
975 4243 1274 4300 admiretur
1330 4248 1442 4317 ipsa
1495 4264 1656 4319 quam
1714 4251 1825 4306 sint
1872 4266 2065 4323 magna

480 4342 605 4397 quae
669 4327 844 4397 fecit;
920 4346 1043 4401 qua-
1109 4334 1236 4389 dunt
1298 4352 1395 4406 per
1452 4338 1722 4394 occultum
1795 4349 2060 4396 tumorem

484 4422 626 4490 apud
652 4424 998 4495 semetipsam
1038 4426 1334 4495 extollitur,
1364 4429 1481 4499 ejus
1509 4430 1599 4499 qui
1634 4431 1835 4487 donum
1877 4433 2065 4489 tribuit

460 4516 659 4586 gratia
690 4517 956 4586 privatur.
989 4517 1126 4575 llinc
1163 4520 1310 4575 enim
1346 4528 1431 4575 est
1469 4522 1611 4591 quod
1654 4536 1751 4592 per
1789 4525 2067 4594 propheta:

487 4622 674 4663 vocem
701 4618 890 4664 contra
928 4610 1327 4680 superbientem
1356 4613 1596 4667 animum
1629 4612 1868 4669 dicitur:
1905 4634 1924 4666 ι
1963 4615 2068 4671 Ha-

485 4701 620 4758 bens
647 4700 896 4758 llduciam
928 4702 980 4757 in
1010 4703 1407 4774 pulchritudine
1458 4713 1580 4769 tua,
1623 4703 1887 4761 fornicata
1922 4723 1983 4763 es
2014 4709 2065 4763 in

482 4790 705 4846 nomine
754 4800 844 4846 tuo
885 4789 1101 4863 (Ezech.
1150 4808 1279 4856 va,
1328 4791 1453 4861 15);
1508 4811 1527 4844 ι
1582 4792 1829 4848 llduciam
1869 4796 2068 4865 quippe

485 4881 682 4935 anime
711 4881 763 4936 in
784 4883 1184 4951 pulchritudine
1210 4899 1305 4938 sua
1340 4883 1541 4941 habere
1571 4893 1657 4940 est
1692 4884 1746 4939 in
1775 4879 2095 4955 semetipsa'

487 4973 558 5024 de
590 4971 730 5024 iusta
760 4975 1073 5024 operatione
1101 4989 1449 5024 nrmsumere.
1477 4975 1606 5024 Otia».
1636 4974 1690 5024 in
1721 4990 1818 5024 suo
1850 4978 2067 5024 nomine

2231 1779 2317 1837 Vl.
2344 1780 2458 1854 Ipsa
2481 1796 2697 1854 quoque
2719 1782 3081 1853 gubernacula
3102 1797 3233 1856 erga
3258 1781 3549 1854 subjectos
3570 1798 3745 1854 magno

2161 1880 2286 1926 sunt
2329 1872 2694 1939 moderamine
2744 1875 3134 1945 temperanda,
3181 1890 3251 1930 ne
3290 1884 3554 1945 potestas
3598 1876 3741 1929 menti

2160 1962 2433 2034 subrepat.
2483 1964 2635 2018 Tune
2686 1966 2830 2020 enim
2890 1980 3113 2036 regnum
3161 1968 3305 2021 bene
3368 1966 3615 2036 regitur,
3642 1982 3743 2020 cum

2162 2055 2422 2125 regnandi
2453 2054 2622 2127 gloria
2660 2056 2841 2110 animo
2886 2070 2993 2111 non
3044 2055 3385 2110 dominatur.
3440 2056 3743 2111 Curandum

2161 2158 2375 2223 quoque
2417 2153 2498 2199 est
2533 2159 2602 2199 ne
2631 2144 2709 2199 ira
2741 2145 3029 2223 subrepat,
3058 2143 3339 2215 faciatque
3378 2145 3555 2200 citius
3601 2160 3741 2199 ante

2168 2235 2302 2305 quod
2354 2220 2505 2291 licet.
2565 2235 2646 2301 Ira
2700 2220 2898 2307 quippe
2951 2237 3116 2291 etiam
3179 2252 3306 2291 cum
3365 2236 3746 2307 deliquentine.

2160 2326 2345 2396 culpas
2372 2326 2611 2397 exquirit
2631 2366 2645 2392 ,
2673 2342 2780 2381 non
2810 2326 2970 2382 debet
2995 2326 3161 2381 menti
3197 2327 3360 2396 quasi
3383 2327 3616 2381 domina
3639 2340 3750 2396 pra

2161 2415 2257 2477 ire,
2288 2417 2379 2471 sed
2407 2425 2526 2489 post
2552 2416 2780 2471 rationis
2810 2416 3016 2487 tergum
3059 2415 3207 2471 velut
3243 2415 3449 2471 ancilla
3488 2415 3747 2479 famulari.

2161 2514 2220 2559 ut
2252 2505 2317 2559 ad
2344 2505 2536 2560 faciem
2560 2503 2712 2575 jussa
2741 2494 2942 2561 veniat.
2989 2504 3123 2561 Nam
3169 2507 3217 2562 si
3268 2507 3445 2562 scnch
3481 2508 3747 2577 possidens

2164 2596 2701 2677 mentem‘cmperit,
2727 2596 2931 2667 justum
2957 2612 3078 2652 esse
3106 2606 3361 2668 reputat,
3406 2599 3584 2653 etiam
3622 2598 3747 2668 quod

2161 2686 2451 2742 crudeliter
2478 2687 2625 2742 facit.
2659 2686 2794 2742 llinc
2817 2688 2963 2755 enim
2991 2689 3253 2759 scriptum
3282 2697 3372 2743 est
3401 2707 3416 2741 :
3452 2708 3471 2738 ι
3502 2687 3590 2742 Ira
3618 2690 3746 2743 enim

2160 2778 2554 2848 virijustitiam
2592 2779 2687 2836 Dei
2729 2780 2833 2836 non
2868 2775 3126 2852 operatur
3157 2779 3300 2852 (Jac.
3336 2797 3389 2845 ι,
3421 2779 3558 2852 20);
3589 2800 3609 2833 ι
3636 2781 3747 2834 hinc

2165 2887 2376 2926 rursum
2407 2871 2602 2925 dicitur
2633 2890 2644 2925 :
2681 2890 2700 2921 ι
2735 2869 2819 2940 Sit
2846 2866 3025 2925 omnis
3048 2871 3210 2927 homo
3247 2871 3416 2926 velox
3443 2872 3513 2926 ad
3541 2871 3747 2925 audien-

2164 2962 2314 3027 dum,
2344 2958 2530 3017 tardus
2555 2972 2733 3018 autem
2759 2961 2824 3016 ad
2850 2960 3198 3032 loquendum,
3229 2968 3288 3015 et
3320 2961 3604 3015 tardusad
3628 2961 3745 3015 iram

2087 3034 2132 3096 (ἶ
2165 3052 2352 3121 (Ibid.,
2386 3053 2497 3124 l9).
2537 3073 2556 3104 ι
2600 3053 2727 3108 llaec
2765 3061 2945 3127 autem
2981 3068 3100 3120 vos,
3143 3062 3373 3108 auctore
3408 3053 3547 3119 Deo,
3581 3070 3745 3109 omnia

2164 3161 2382 3202 servare
2434 3164 2541 3202 non
2598 3147 2836 3218 ambigo,
2879 3145 2974 3213 sed
3027 3144 3321 3201 occasione
3369 3144 3747 3200 admonitionis

2164 3248 2374 3305 exorta,
2424 3240 2579 3297 bonis
2615 3240 2814 3296 vestris
2846 3239 3058 3295 actibus
3100 3254 3188 3294 me
3227 3237 3437 3293 furtive
3472 3237 3743 3308 subjunge,

2165 3332 2386 3401 utquod
2412 3348 2519 3399 non
2543 3331 2804 3393 admoniti
2836 3330 3014 3385 facitis
3040 3330 3259 3401 quando
3282 3329 3444 3384 vobis
3471 3329 3747 3383 admonens

2166 3409 2402 3487 additur,
2427 3422 2541 3494 jam
2586 3438 2694 3478 non
2741 3420 2840 3478 soli
2889 3420 3124 3478 faciatis.
3174 3419 3547 3491 Omnipotens
3583 3430 3742 3473 autem

2167 3513 2308 3581 Deus
2355 3512 2408 3567 in
2457 3514 2669 3568 cunctis
2722 3514 2932 3569 actibus
2991 3512 3192 3568 vestris
3243 3510 3496 3567 caelestis
3558 3512 3743 3566 brachii

2165 3608 2481 3664 extensione
2517 3622 2612 3665 vos
2638 3601 2904 3678 protegat,
2929 3604 3191 3676 vobisque
3221 3612 3278 3659 et
3319 3604 3616 3673 praesentis
3637 3604 3742 3657 vita:

2164 3712 2445 3768 prospera.
2478 3706 2533 3752 et
2557 3705 2677 3768 post
2708 3695 2876 3752 multa
2907 3710 3174 3750 annorum
3215 3694 3535 3760 curricula,
3563 3703 3743 3750 aeterna

2165 3790 2444 3846 concedat.

2244 3880 2353 3936 Vll.
2386 3880 2605 3938 Clavem
2634 3897 2765 3938 vero
2789 3880 3067 3955 parvulam
3114 3898 3145 3936 a
3189 3882 3577 3938 sacratissimo
3617 3881 3742 3937 beati

2163 3970 2308 4027 Petri
2339 3972 2569 4043 apostoli
2606 3987 2832 4044 corpore
2853 3988 2950 4043 pro
2994 3971 3114 4043 ejus
3156 3973 3549 4029 benedictione
3580 3982 3740 4028 trans-

2165 4065 2436 4130 misimus,
2468 4066 2523 4120 in
2575 4081 2679 4136 qua
2710 4066 2850 4122 inest
2877 4064 3079 4122 ferrum
3106 4065 3174 4123 de
3205 4066 3420 4121 catenis
3445 4064 3735 4126 inclusum,

2165 4163 2225 4211 ut
2253 4157 2395 4227 quod
2420 4156 2617 4213 collum
2646 4156 2789 4211 illius
2819 4156 2885 4212 ad
2904 4155 3223 4229 martyrium
3247 4155 3539 4227 ligaverat,
3560 4171 3653 4210 vos
3677 4156 3737 4209 ab

2165 4248 2417 4304 omnibus
2451 4248 2712 4305 absolvat.
2762 4248 2990 4306 Crucem
3030 4264 3250 4320 quoque
3292 4248 3456 4305 latori
3504 4248 3738 4319 praesenti

2168 4342 2412 4399 dedimus
2456 4342 2610 4400 vobis
2655 4341 2952 4408 ferendam,
2985 4341 3038 4397 in
3068 4357 3174 4412 qua
3213 4341 3423 4412 lignum
3463 4339 3741 4397 Dominiea

2096 4405 2346 4490 Dcrucis
2376 4432 2533 4498 inest,
2576 4440 2633 4489 et
2675 4432 2856 4503 capilli
2896 4405 3039 4489 beati
3082 4405 3311 4489 ioannis
3352 4431 3650 4502 Baptistae,
3676 4445 3735 4485 ex

2169 4541 2272 4596 qua
2303 4539 2517 4595 semper
2545 4521 2793 4580 solatium
2843 4523 3011 4580 nostri
3060 4524 3403 4588 Salvatoris,
3445 4540 3550 4596 per
3592 4525 3740 4581 inter»

2167 4616 2468 4672 cessionem
2515 4614 2864 4685 pmcursoris
2904 4614 3024 4687 ejus
3070 4614 3347 4675 habeatis.
3398 4614 3741 4672 never-enis-

2170 4708 2309 4762 simo
2339 4716 2521 4763 autem
2550 4706 2666 4762 viro
2694 4706 2878 4775 Patri,
2922 4715 2978 4773 et
3012 4706 3339 4778 coepiscopo
3366 4714 3561 4763 nostro
3585 4706 3737 4763 Leu-

2172 4798 2270 4852 dro
2290 4796 2508 4868 pallium
2534 4812 2573 4850 a-
2588 4796 2732 4853 beati
2759 4796 2899 4852 Petri
2923 4796 3148 4867 apostoli
3175 4796 3306 4853 sede
3331 4796 3739 4858 transmisimus,

2171 4883 2312 4955 quod
2343 4901 2411 4942 ex
2452 4886 2674 4956 antiqua
2705 4887 3117 4953 consuetudine,
3157 4895 3215 4942 ct
3258 4888 3464 4943 vestris
3489 4888 3735 4949 moribus,

2169 4990 2224 5024 at
2251 4977 2367 5024 eius
2395 4978 2618 5024 hmtiL'tli
2643 4987 2807 5024 almm
2827 4979 3074 5024 dignitati
3112 4980 3471 5024 debebamus-
