3894 5320
90 261 254 319 ιιοο

1438 239 1932 304 DECRETALIUM
1957 231 2361 296 COLLECTIO.

3259 218 3396 295 1W?

89 373 418 443 parebant,
440 372 533 429 sed
565 372 677 430 sola
708 371 954 428 veritatis
976 378 1138 439 atque
1162 365 1446 424 charitatis
1475 363 1709 417 radicem
1744 363 1787 420 Α
1890 353 2053 408 Valde
2084 361 2264 405 autem
2293 347 2523 402 libenter
2553 340 2733 411 accepi
2757 338 2901 409 quod
2928 346 3014 390 tua
3044 350 3128 387 me
3153 333 3397 387 t'ltarilas

93 465 378 520 tenentia
413 478 510 533 per
553 479 714 518 omne
753 463 896 531 quod
950 460 1127 516 locuta
1173 465 1299 513 sunt
1344 453 1581 512 caelestis
1622 465 1715 520 pa-

94 556 233 611 tria:
266 571 470 613 amore
496 555 867 611 ﬂammabant.
891 555 948 609 In
973 553 1053 609 eis
1077 565 1206 606 vero
1236 559 1326 604 tua
1369 560 1457 601 me
1496 543 1715 600 dilectio

95 655 311 716 petere
341 644 588 709 studuit,
620 653 681 700 ut
718 645 786 701 ad
816 644 956 699 hanc
996 640 1236 698 libellum
1283 637 1712 694 exhortatoriam

97 735 377 791 scribere
419 735 713 790 studerem.
761 733 869 790 Sed
917 732 1059 788 scire
1105 740 1161 788 te
1206 742 1428 784 necesse
1473 734 1559 782 est
1579 764 1595 788 ,
1639 723 1713 776 tili

104 825 492 891 charissima,
525 826 652 896 quia
700 824 863 880 tantis
882 825 1133 895 podagra:
1177 820 1455 876 doloribus
1479 857 1496 882 ,
1524 815 1716 871 tantis-

102 931 221 988 que
291 930 560 970 curarum
605 914 922 970 tumultibus
964 928 1202 985 premor,
1234 919 1295 965 ιιι
1333 907 1582 981 quamvis
1612 922 1713 959 uu-

99 1021 283 1078 quam
308 1020 407 1062 me
446 1005 649 1078 aliquid
678 1006 843 1061 fuisse
871 1003 1214 1066 reminiscar,
1239 1000 1395 1055 valde
1420 1007 1599 1054 tamen
1630 1010 1716 1050 me

103 1097 342 1154 videam
384 1112 493 1152 non
529 1109 651 1151 esse
689 1097 831 1166 quod
886 1094 1100 1149 fuerim.
1142 1093 1295 1161 Quod
1327 1099 1506 1145 autem
1534 1102 1593 1142 se
1624 1099 1713 1141 tua

104 1186 370 1242 Charitas
392 1185 532 1241 ultra
555 1194 769 1241 :etatem
793 1182 1315 1255 quinquagenariam
1359 1179 1534 1235 adhuc
1562 1175 1715 1246 juve-

107 1275 327 1331 nilibus
355 1276 649 1331 desideriis
689 1275 888 1330 asserit
920 1273 1202 1342 subjacere
1222 1311 1238 1336 ,
1290 1272 1343 1326 in
1376 1271 1477 1324 hoc
1500 1282 1716 1339 quoque

107 1368 289 1424 divini
324 1368 541 1424 oraculi
578 1367 767 1438 imples
789 1376 1136 1437 przcccptum,
1166 1380 1273 1434 quo
1301 1362 1561 1433 scriptum
1584 1369 1668 1414 est
1697 1375 1713 1414 :

117 1477 136 1510 ι
178 1457 384 1514 Justus
417 1460 467 1512 in
499 1456 769 1529 principio
798 1465 1085 1511 accusator
1112 1464 1195 1510 est
1228 1455 1309 1510 sui
1344 1452 1525 1526 (Prov.
1559 1469 1715 1517 xvnt,

110 1548 229 1622 Π).
272 1567 293 1601 ι
351 1547 469 1604 Nec
514 1558 691 1601 tamen
726 1546 914 1601 dubito
958 1543 1187 1615 majores
1229 1554 1279 1601 te
1323 1545 1494 1599 hostis
1537 1543 1715 1597 callidi

112 1638 349 1693 insidias
370 1636 620 1709 perpeti,
651 1637 743 1707 qui
784 1636 990 1707 majora
1032 1644 1222 1691 contra
1267 1649 1390 1688 eum
1416 1632 1551 1688 bella
1582 1647 1718 1702 prac-

114 1707 593 1801 parastia'l‘auto
640 1729 836 1799 quippe
889 1727 980 1782 ille
1039 1725 1374 1797 deceptionis
1436 1724 1714 1778 molimina
1748 1707 1793 1777 Β

117 1821 415 1876 ardentius
436 1819 894 1891 exquiritquanto
937 1825 989 1872 te
1032 1816 1239 1872 cmlesti
1275 1815 1466 1885 patria:
1496 1814 1717 1869 ferven-

124 1914 234 1970 tius
288 1913 509 1969 inhiare
550 1905 845 1983 cognoscit.
897 1904 1106 1966 Etenim
1152 1925 1252 1965 nos
1303 1909 1521 1969 quidem
1550 1949 1566 1971 ,
1626 1906 1720 1980 qui

118 2007 287 2060 vitam
334 2020 467 2061 cum
517 2004 761 2074 pluribus
817 2003 1080 2065 ducimus,
1123 2003 1225 2072 etsi
1268 2000 1597 2055 formidolosi
1657 2016 1723 2055 ac

122 2095 304 2150 timidi
332 2136 349 2158 ,
397 2103 618 2158 tamen,
655 2093 778 2164 quia
817 2100 1002 2147 contra
1034 2092 1312 2161 antiquunm
1345 2092 1552 2145 hostem
1584 2089 1720 2144 bella

121 2185 537 2255 proposuimus,
569 2182 723 2253 quasi
758 2183 809 2235 in
834 2182 951 2236 acie
973 2189 1199 2239 stamus.
1230 2178 1339 2234 Vos
1380 2185 1560 2232 autem
1580 2218 1595 2244 ,
1626 2179 1718 2248 qui

127 2276 435 2330 solitariam
466 2274 633 2328 vitam
668 2273 903 2337 ducitis,”
936 2281 992 2327 et
1034 2271 1163 2342 quid
1205 2271 1347 2324 aliud
1389 2285 1549 2337 quam
1596 2268 1722 2338 quia

133 2367 429 2423 monachos
464 2365 722 2426 dixerint,
753 2365 845 2434 qui
894 2364 1058 2418 etiam
1092 2362 1305 2417 fervore
1346 2361 1565 2416 virtutis
1598 2368 1723 2415 ante

132 2462 298 2515 aciem
347 2458 509 2514 exire
551 2457 861 2513 festinatis?
890 2456 999 2513 Cur
1041 2469 1172 2527 ergo
1210 2470 1333 2510 eum
1375 2453 1726 2526 singulariter

130 2551 301 2607 hostis
354 2567 470 2605 non
510 2550 734 2620 impetat
779 2565 809 2603 a
858 2563 967 2620 quo
1027 2564 1089 2604 se
1139 2549 1322 2619 impoti
1377 2545 1725 2617 singulariter

132 2641 463 2713 exspectat?
488 2641 552 2695 Et
578 2657 675 2695 nos
701 2640 915 2710 quidem
936 2680 950 2707 ,
985 2640 1075 2711 qui
1118 2640 1260 2694 inter
1290 2639 1539 2694 homines
1585 2637 1726 2692 vivi-

135 2748 270 2799 mus,
303 2748 457 2803 εαξρο
486 2748 582 2804 per
619 2731 891 2787 hominem
934 2746 963 2785 a
1005 2731 1200 2787 callido
1229 2729 1385 2786 hoste
1418 2738 1721 2796 tentamur;

133 2838 226 2877 vos
248 2834 432 2877 autem
474 2813 566 2893 qui
588 2820 701 2891 jam
723 2820 888 2875 vitam
911 2828 1227 2892 praesentem
1257 2828 1410 2876 extra
1443 2820 1723 2875 hominum

136 2914 503 2986 frequentiam
531 2915 752 2979 ducitis,
778 2923 833 2970 et
876 2923 1025 2969 tanto
1052 2913 1256 2982 majora
1284 2913 1583 2968 certamina
1612 2912 1724 2982 pati

135 3022 354 3063 necesse
375 3018 466 3083 est
487 3047 502 3070 ,
544 3014 749 3076 quanto
784 3004 898 3075 ipse
945 3006 1012 3059 ad
1057 3019 1153 3060 vos
1185 3004 1441 3076 magister
1472 3002 1726 3059 tentatio-

138 3115 263 3153 num
314 3100 557 3154 accedit.
602 3098 786 3168 Neque
831 3099 975 3154 enim
1021 3111 1215 3153 vacare
1258 3097 1600 3152 orationibus
1663 3112 1727 3152 ac

143 3190 391 3246 laudibus
452 3190 548 3246 Dei
607 3190 725 3246 sine
777 3190 956 3260 aliqua
1022 3188 1415 3258 interruptione
1470 3185 1732 3257 temporis

143 3286 385 3355 potestis,
429 3285 557 3356 quia
607 3284 709 3339 etsi
760 3283 985 3337 intentio
1024 3282 1280 3338 continue
1323 3288 1572 3352 prompta
1612 3287 1728 3344 est,

146 3380 257 3448 ipsa
304 3388 489 3436 tamen
539 3377 893 3449 humanitatis
949 3375 1235 3430 infirmitas
1275 3374 1331 3428 in
1381 3373 1730 3444 semetipsam

146 3470 407 3526 relabitur
427 3512 444 3537 ,
477 3477 538 3523 ut
572 3468 862 3527 aliouando
887 3467 1030 3522 fessa
1051 3465 1265 3535 jaceat,
1292 3473 1456 3536 atque
1480 3465 1546 3520 sb
1568 3463 1729 3519 studii

147 3558 225 3616 sui
276 3559 677 3615 exercitatione
731 3564 1022 3628 torpescat.
1067 3555 1339 3625 Antiqnns
1389 3568 1517 3608 vero
1559 3552 1732 3607 hostis

149 3659 348 3705 moxut
377 3650 614 3707 otiosam
655 3658 887 3704 mentem
923 3646 1223 3710 invenerit,
1263 3654 1319 3700 et
1366 3658 1433 3698 au
1474 3658 1594 3698 eam
1631 3642 1732 3698 sub

149 3739 468 3805 quibusdam
495 3737 870 3794 occasionibus
904 3735 1183 3791 locuturus
1206 3733 1355 3788 venit
1377 3740 1433 3788 et
1460 3730 1726 3802 quaedam,

149 3826 197 3882 ei
234 3827 301 3883 de
330 3829 501 3898 gestis
521 3826 811 3899 pneteritis
835 3825 903 3881 ad
927 3825 1251 3881 memoriam
1283 3823 1515 3888 reducit,
1541 3821 1729 3876 audita

150 3918 422 3987 quondam
450 3918 615 3973 verba
649 3914 962 3972 indecenter
988 3913 1316 3986 cogitatione
1339 3920 1580 3979 resonat,
1605 3919 1662 3966 et
1688 3908 1736 3966 si

152 4023 252 4077 qua
277 4009 482 4065 dudum
511 4008 742 4081 turpiter
785 4015 906 4064 acta
935 4016 1079 4071 sunt,
1107 4020 1295 4062 eorum
1323 4004 1532 4077 species
1561 4002 1738 4059 oculis

152 4101 329 4157 cordis
355 4102 614 4174 opponit,
640 4109 730 4167 ut,
758 4116 918 4172 quam
961 4100 1028 4155 de
1069 4098 1428 4169 prtesentibus
1452 4110 1559 4150 non
1593 4094 1738 4150 valet

156 4188 463 4261 inquinare,
475 4193 543 4248 de
562 4191 720 4247 malis
740 4189 1027 4246 transactis
1047 4188 1243 4254 violet;
1265 4197 1320 4242 et
1341 4186 1561 4255 decepta
1585 4198 1738 4239 mens

155 4294 293 4350 saepe
322 4282 375 4338 in
413 4282 762 4339 dilectionem
792 4287 1031 4353 reparat,
1059 4279 1205 4334 unde
1252 4276 1343 4333 ditt
1388 4290 1450 4332 se
1485 4272 1598 4343 jam
1642 4287 1739 4344 per

156 4372 526 4438 penitentiam
574 4373 804 4437 atllixit,
860 4372 935 4426 ita
988 4378 1049 4425 ut
1096 4383 1224 4426 vere
1272 4382 1393 4423 cum
1447 4365 1735 4422 Psalmista
1761 4398 1814 4458 Ι)

156 4461 294 4515 dicat
323 4480 338 4517 :
368 4482 387 4515 ‹
424 4463 881 4536 Computruerunt
903 4470 959 4518 et
981 4468 1249 4531 corrupta:
1284 4467 1411 4515 sunt
1453 4456 1738 4514 cicatrices

156 4565 184 4604 a
208 4549 343 4610 facie
388 4554 713 4625 iusipieutiae
733 4567 868 4610 mea:
899 4550 1072 4625 (Psal.
1098 4566 1311 4617 xxxv",
1339 4549 1415 4619 6).
1448 4568 1468 4602 ι
1500 4546 1734 4605 Cicatrix

156 4640 347 4712 quippe
376 4643 546 4714 figura
571 4652 652 4701 est
676 4644 914 4700 vulneris
936 4684 950 4708 ,
987 4643 1084 4698 s’ed
1119 4642 1316 4698 sanati.
1347 4639 1586 4697 Cicatrix
1609 4652 1738 4710 ergo

158 4730 221 4828 ad
252 4734 589 4801 putredinem
621 4735 783 4800 redit,
808 4734 1025 4805 quando
1048 4732 1260 4805 peccati
1290 4730 1516 4787 vulnere
1538 4771 1553 4797 ,
1595 4732 1738 4801 qttod

156 4821 262 4886 jam
291 4837 387 4891 per
414 4826 789 4894 pmnitentiam
815 4834 1062 4881 sanatum
1088 4831 1172 4879 est
1194 4863 1209 4890 ,
1244 4824 1298 4880 in
1325 4821 1736 4880 delectationem

162 4909 237 4963 sui
265 4914 478 4971 auiums
504 4917 835 4972 concutitur.
863 4914 1017 4987 Saepe
1041 4929 1277 4985 namque
1305 4912 1448 4984 quod
1484 4911 1736 4979 fecimus,

166 5012 256 5066 Per
298 5004 473 5063 hostis
514 5009 692 5065 callidi
737 5008 959 5064 insidias
985 5064 989 5068 ,
1018 5007 1190 5064 oculis
1249 5006 1434 5064 cordis
1467 5007 1735 5062 videmus.

164 5087 400 5198 Eumque
443 5097 832 5198 insensibiliter
878 5100 931 5155 in
972 5097 1074 5154 hoc
1117 5096 1405 5154 delectatio
1452 5094 1737 5162 subrepit,

167 5186 401 5214 Μυκη-υἷι-
451 5186 557 5214 ξΑι-νι
609 5187 822 5214 κιαι-...ιιι
869 5188 1009 5214 -..ρο-Ι
1056 5185 1244 5214 θῆραι-ξ.
1338 5185 1494 5214 σκιλΑο
1554 5194 1739 5214 Inma-

1814 448 1882 502 de
1907 442 2361 503 suadubitatioue
2404 436 2721 508 requisivit,
2764 450 2832 488 an
2873 428 3109 486 Orientis
3139 427 3395 481 Ecclesiae

1816 541 1975 596 fidem
2013 547 2175 607 atque
2204 533 2505 590 doctrinam
2546 536 2747 585 sanctae
2774 522 3049 580 memoria:
3086 519 3281 575 Leonis
3311 531 3397 571 se—

1814 638 2088 703 quantur,
2140 642 2206 681 an
2258 624 2395 679 forte
2437 636 2625 677 carum
2656 629 2848 673 sensus
2895 614 3037 669 inter
3077 610 3397 684 semetipsos

1814 738 1912 797 pro
1942 722 2104 776 trium
2130 715 2490 789 capitulorum
2533 710 2848 767 defensione
2883 706 3088 763 divisus
3116 704 3222 767 sit,
3256 701 3401 756 unde

1813 795 2019 874 certam
2053 811 2393 871 dilectionem
2423 816 2569 861 tuam
2615 819 2737 860 esse
2764 798 3045 862 desidero,
3077 795 3202 867 quia
3247 808 3393 863 ιιι-ιιι.
3422 822 3424 826 τ

1815 910 1974 965 dicta:
2001 903 2358 962 sanctissima:
2397 897 2703 957 Orientales
2735 892 2996 950 Ecclesiae.
3042 904 3151 943 uno
3194 901 3399 954 sensu,

1816 1016 1923 1056 una
1947 998 2211 1062 doctrina,
2243 994 2401 1049 fidem
2425 991 2662 1064 ejusdem
2689 994 2888 1042 sanctae
2909 980 3185 1049 memoriae
3202 976 3402 1034 Leonis

1816 1101 2034 1156 tenent,
2081 1098 2138 1146 et
2183 1096 2428 1144 sanctam
2471 1081 2967 1139 Chalcedonenscm
3014 1076 3281 1147 synodum
3325 1069 3402 1124 ita

1818 1185 2094 1241 nobiscum
2125 1178 2436 1238 custodiunt
2483 1184 2645 1245 atque
2687 1176 3018 1227 venerantur
3044 1207 3060 1232 ,
3117 1172 3178 1219 ut
3224 1161 3403 1223 nullus

1816 1275 2101 1346 episcopus
2133 1286 2257 1327 esse
2284 1275 2593 1338 repntetnr,
2641 1262 2733 1334 qui
2784 1259 3026 1330 ejusdem
3071 1252 3263 1328 synodi
3311 1250 3403 1305 des

1819 1368 2002 1425 fensor
2051 1372 2391 1431 sectatorque
2437 1374 2542 1415 non
2594 1355 2778 1423 fuerit.
2808 1352 2947 1409 lline
2996 1356 3082 1405 est
3126 1345 3269 1402 enim
3318 1350 3403 1413 ut,

1818 1458 2032 1530 quoties
2083 1457 2137 1512 in
2212 1462 2447 1524 quatuor
2500 1445 2790 1520 prmcipnis
2849 1440 3068 1498 sedibus
3136 1431 3405 1489 antistites

1819 1552 2155 1607 ordinantur,
2189 1542 2474 1617 synodales
2503 1535 2761 1608 epistolas
2789 1529 3026 1587 vicissim
3055 1526 3270 1579 mittant
3299 1562 3314 1586 ,
3348 1519 3401 1574 in

1820 1640 2017 1713 quibus
2055 1653 2121 1694 se
2156 1615 2398 1690 sanctam
2431 1627 2925 1687 Chalcedonensem
2976 1615 3240 1690 synodum
3282 1626 3404 1665 cum

1822 1731 1942 1786 aliis
1988 1725 2327 1800 generalibus
2371 1719 2590 1793 synodis
2630 1713 2905 1772 custodire
2936 1708 3231 1767 fateantur,
3260 1701 3404 1784 sicut

1820 1829 1876 1876 et
1902 1835 2001 1875 nos
2027 1830 2341 1873 avcrsamur
2387 1819 2549 1881 atque
2586 1806 2930 1862 anathemate
2957 1793 3272 1870 plectendos
3302 1790 3405 1878 dn-.

1821 1914 1994 1969 cimus
2016 1953 2031 1976 ,
2061 1909 2104 1965 si
2132 1909 2256 1979 quis
2278 1907 2343 1961 de
2375 1904 2478 1959 fide
2502 1899 2742 1970 ejusdem
2771 1893 2962 1965 synodi
2993 1888 3196 1959 aliquid
3226 1870 3406 1963 immié

1824 2018 2009 2068 nuere,
2036 1999 2123 2055 vel
2152 1976 2298 2052 aliud
2331 1995 2383 2049 in
2415 2009 2477 2048 ea
2518 1991 2715 2046 addere
2740 1981 3040 2058 prmsumit.
3090 1976 3225 2032 Nam
3279 1987 3409 2042 syn-

1821 2096 1957 2152 odus
1979 2108 2098 2164 qute
2124 2097 2309 2161 postea
2332 2082 2656 2156 generaliter
2677 2078 2817 2132 facta
2838 2081 2939 2139 est,
2970 2069 3172 2124 idcirco
3189 2081 3229 2133 ,ιι
3254 2063 3411 2145 nobis

1824 2183 2145 2247 custoditur,
2172 2178 2294 2249 quia
2318 2154 2557 2246 ejusdem
2589 2168 2778 2242 synodi
2810 2176 3019 2235 sequax
3062 2160 3114 2214 in
3153 2154 3409 2211 omnibus

1825 2276 1969 2332 illius
2000 2238 2261 2329 honorem
2299 2238 2791 2329 auctoritatemque
2830 2251 3083 2309 custodit.
3125 2246 3278 2304 Unde
3309 2238 3413 2298 ne?

1825 2384 1977 2425 cesse
1996 2376 2079 2422 est
2101 2373 2159 2418 ut
2192 2360 2501 2417 dulcissima
2536 2354 2669 2410 mihi
2696 2348 2914 2408 dilectio
2944 2354 3033 2400 tua
3077 2343 3129 2397 in
3177 2340 3230 2393 id
3265 2337 3409 2425 quod

1823 2460 2094 2533 praecipue
2119 2456 2170 2510 in
2201 2452 2401 2509 sanctis
2425 2448 2665 2505 moribus
2688 2443 2846 2508 vivit,
2871 2439 3012 2510 quod
3040 2450 3098 2491 se
3122 2448 3215 2505 per
3245 2418 3414 2488 absti's

1825 2520 2061 2606 incutiam
2108 2545 2329 2616 afﬂigit,
2374 2540 2517 2612 quod
2572 2534 2833 2592 doctrinae
2895 2529 2986 2584 Dei
3040 2520 3414 2580 vehementius

1826 2638 2051 2701 hsistit,
2081 2636 2187 2691 hoc
2213 2610 2505 2688 studiosius
2534 2625 2754 2696 cogitet,
2777 2636 2844 2676 ne
2869 2630 3113 2673 errorem
3143 2610 3412 2682 schisma-

1829 2730 2056 2786 ticorum
2108 2737 2378 2794 sequens,
2432 2735 2462 2772 a
2514 2723 2704 2770 sancta
2766 2705 3091 2764 universalis
3158 2697 3421 2771 Ecclesiae,

1827 2819 2208 2879 communione
2237 2815 2406 2871 divisa
2437 2808 2606 2883 possit
2632 2804 2884 2863 inveniri.
2924 2801 2993 2856 Et
3034 2798 3180 2870 quid.
3207 2802 3289 2848 .tot
3328 2792 3411 2867 las

1826 2914 1989 2969 bores
2036 2908 2370 2983 proderunt,
2415 2904 2460 2959 si
2513 2903 2567 2957 in
2617 2898 2826 2954 unitate
2886 2892 3009 2948 fidei
3058 2886 3259 2945 inventi
3307 2899 3414 2963 non

1830 2972 2052 3066 fuerint,
2080 2999 2171 3070 qui
2202 3005 2326 3053 ante
2353 2990 2739 3063 omnipotentis
2786 2986 2880 3041 Dei
2928 2980 3117 3039 oculos
3161 2978 3212 3031 in
3261 2972 3417 3037 bouis

1836 3094 2048 3149 actibus
2092 3089 2328 3145 animam
2360 3084 2634 3156 prmcipue
2673 3076 2989 3151 custodiunt
3027 3072 3051 3126 ?
3098 3069 3235 3125 llinc
3269 3064 3417 3120 enim

1833 3184 2077 3240 dicitur:
2114 3198 2132 3232 ι
2167 3177 2285 3235 Una
2334 3155 2418 3231 est
2461 3170 2709 3229 columba
2761 3180 2881 3222 mea
2929 3163 3104 3234 (Cum.
3150 3175 3235 3220 vt,
3275 3155 3351 3224 8).
3389 3173 3408 3204 ι

1833 3272 1971 3330 Hinc
2016 3273 2211 3327 iterum
2254 3266 2514 3322 Dominus
2564 3261 2632 3317 ad
2673 3258 2887 3331 Moysen
2916 3255 2992 3309 ait
3025 3268 3038 3306 :
3081 3268 3098 3301 ι
3135 3249 3226 3303 Est
3262 3246 3414 3298 locus

1831 3380 1998 3438 penes
2016 3378 2124 3426 me,
2150 3370 2203 3417 et
2226 3358 2396 3415 stabis
2421 3370 2583 3427 supra
2608 3360 2818 3425 petram
2842 3342 3039 3417 (Exod.
3056 3334 3414 3407 xxxrtt,2!).s

1833 3456 1966 3525 Quis
2000 3453 2256 3510 cstlocus
2303 3447 2396 3520 qui
2433 3424 2539 3501 non
2576 3424 2647 3499 sit
2690 3437 2927 3500 Domini,
2968 3435 3095 3489 dum
3121 3437 3314 3485 cuncta
3362 3424 3416 3483 iu

1834 3549 1951 3619 ipso
1974 3587 1989 3611 ,
2018 3561 2116 3617 per
2150 3558 2309 3615 quem
2340 3546 2523 3594 creata
2571 3537 2736 3595 sunt,
2780 3521 3168 3583 continentur?
3194 3516 3301 3572 Sed
3338 3522 3419 3569 ta-

1833 3652 1957 3696 men
1990 3643 2070 3690 est
2104 3631 2254 3687 locus
2280 3629 2420 3700 apud
2460 3641 2608 3689 cum,
2639 3618 2887 3675 videlicet
2923 3622 3127 3670 sanctae
3157 3605 3414 3663 Ecclesize

1834 3727 2034 3789 unitas,
2066 3725 2118 3780 in
2150 3737 2255 3793 qua
2276 3720 2430 3773 “velut
2453 3732 2614 3786 supra
2646 3720 2853 3783 petram
2885 3712 3084 3765 statur,
3123 3700 3250 3754 dum
3291 3710 3415 3751 con-

1836 3815 2086 3872 fessionis
2132 3810 2380 3867 soliditas
2422 3804 2701 3861 humiliter
2732 3808 2965 3854 tenetur.
3018 3793 3095 3848 De.
3144 3804 3252 3861 quo
3300 3787 3421 3840 loco

1835 3906 2219 3978 subjungitur:
2263 3920 2280 3954 t
2311 3901 2464 3956 Tunc
2502 3895 2711 3952 videbis
2749 3887 3049 3963 posteriora
3078 3896 3194 3936 mea
3220 3876 3421 3949 (Ibid.,

1822 3966 1952 4068 ‘25):
1987 4016 2004 4048 ι
2034 3966 2086 4051 ᾗ.
2114 4001 2268 4066 petra
2297 3986 2544 4053 enim,id
2590 3991 2697 4048 est,
2730 3987 2916 4036 sancta
2970 3972 3135 4045 273
3177 3966 3422 4023 Ecclesia

1836 4064 2064 4151 stantes,
2096 4064 2189 4139 Dei
2223 4079 2524 4154 posteriora
2552 4071 2854 4130 videbimus
2878 4109 2893 4134 ,
2918 4064 3136 4138 quando
3163 4074 3227 4116 ea
3255 4100 3270 4124 ,
3295 4072 3420 4127 quze

1836 4179 1892 4235 in
1921 4178 2025 4233 fine
2046 4151 2314 4247 promissa
2345 4178 2505 4225 sunt.
2544 4163 2781 4222 cmlestis
2826 4157 3019 4230 patria:
3059 4151 3248 4225 gaudia
3282 4162 3417 4203 con-

1839 4265 2254 4337 templabimur;
2282 4256 2524 4331 perversi
2565 4261 2745 4309 autem
2786 4247 3056 4310 homines,
3103 4241 3195 4312 qui
3253 4238 3425 4292 trium

1840 4357 2194 4432 capitulorum
2222 4350 2510 4409 occasione
2544 4356 2783 4418 reperta,
2806 4335 3228 4397 ecclesiasticam
3258 4328 3422 4383 disci-

1839 4426 2039 4526 plinam
2090 4448 2322 4519 lugiunt,
2365 4443 2433 4499 de
2476 4440 2590 4497 suis
2618 4433 2926 4493 carnalibus
2966 4426 3185 4483 actibus
3231 4433 3423 4496 reprc-

1841 4542 1999 4602 hendi
2028 4540 2445 4613 pertimescunt,
2475 4540 2530 4588 et
2570 4529 2797 4585 subesse
2831 4520 2945 4579 sedi
2983 4514 3292 4588 apostolica:
3328 4526 3423 4566 no-

1841 4639 1977 4700 lunt,
2002 4603 2059 4691 et
2083 4649 2181 4688 nos
2208 4628 2364 4700 quasi
2403 4627 2469 4680 de
2523 4621 2629 4678 fide
2671 4613 3072 4688 reprehendunt
3112 4620 3275 4678 quam
3318 4603 3422 4674 ipsi

1843 4727 2109 4785 nesciunt.
2140 4723 2207 4778 Et
2229 4723 2354 4778 dum
2383 4728 2556 4784 neque
2583 4713 2637 4768 iu
2669 4710 2774 4765 fide
2804 4704 2939 4763 recti
2965 4709 3121 4762 sunt,
3147 4709 3320 4766 neque
3366 4695 3423 4748 in

1834 4820 2001 4879 bonis
2037 4814 2296 4887 operibus
2326 4806 2542 4869 intenti,
2580 4803 2800 4858 student
2840 4807 2901 4853 ιιι
2937 4802 3150 4851 certare
3188 4801 3287 4858 pro
3325 4785 3428 4841 tida

1848 4877 2150 4970 videantur.
2183 4903 2384 4977 Sicque
2411 4895 2651 4968 quotidie
2680 4891 2980 4948 deteriores
3007 4883 3145 4939 fiunt
3170 4921 3187 4944 ,
3216 4879 3350 4950 dum
3370 4877 3426 4931 in

1849 5004 1929 5061 eis
1952 4998 2107 5070 culpa
2130 4964 2445 5063 grossescit:
2472 4984 2576 5054 Qui
2604 4984 2761 5057 quasi
2796 4983 2862 5038 de
2894 4976 3011 5034 zelo
3050 4968 3282 5027 férvoris
3307 4964 3429 5020 fieri

1850 5094 2011 5153 etiam
2038 5054 2341 5142 laudabiles
2369 5054 2651 5148 appetunt,
2687 5076 2783 5132 sed
2810 5073 2962 5143 juxta
2989 5061 3134 5135 quod
3165 5054 3433 5125 scriptum

1855 5194 1930 5214 ,ρο
1963 5200 1976 5214 .
2002 5202 2015 5214 .
2046 5178 2118 5214 περ
2147 5176 2406 5214 num-thus
2426 5183 2614 5214 eorum
2640 5161 2982 5214 anonnst‘elis
3006 5148 3444 5214 e05(Ma"’t-V".
