3988 6426
542 342 671 406 lli!

1387 341 1674 398 APPEND.
1717 342 1808 397 AD
1845 341 2016 397 S.EC.
2056 339 2150 396 IX.
2181 366 2252 378 --
2284 333 2531 389 ιδιυυιιι
2574 332 3015 396 iiiEiiCATORiS

3653 343 3750 398 iiii

539 454 912 524 probationem
935 459 1224 520 canonum,
1254 455 1507 524 specialia
1543 456 1920 526 episcoporum
1948 461 2120 510 certa-
2151 455 2198 513 A
2229 450 2386 507 cilius
2425 452 2690 520 creditur,
2735 451 2800 508 de
2837 451 2941 508 hoc
2971 451 3114 508 enim
3142 453 3403 523 propheta
3430 452 3587 507 dicit:
3612 474 3626 506 ι
3657 454 3750 512 Nolo

543 543 691 598 mina
743 544 924 614 sopire
947 544 1178 600 curavit.

618 633 909 703 Epistulam
940 652 1084 698 vero,
1109 652 1268 706 quam
1305 638 1356 692 in
1380 653 1442 692 ca
1484 638 1970 694 reverendissimns
2010 637 2129 692 lhas

545 724 776 793 denegat
805 739 978 789 suam,
1004 740 1164 794 quam
1193 725 1244 779 in
1274 735 1514 780 extrema
1542 735 1694 796 parte
1717 726 1904 796 synodi
1925 724 2125 794 jaceat,

546 812 847 882 cognoscis,
870 829 992 882 qua:
1019 814 1270 870 videlicet
1311 816 1537 886 epistola
1565 815 1872 872 Nestorium
1919 817 2131 872 inaudi-

546 911 683 968 tum,
720 913 776 958 et
806 904 1151 974 inquisitione
1197 923 1304 960 non
1359 906 1501 964 facta
1546 909 1858 967 damnatum
1903 909 2126 973 asserit;

545 993 806 1066 Cyrillum
837 1013 964 1052 vero
994 999 1047 1053 in
1077 1000 1403 1071 Apollinaris
1431 1002 1626 1073 dogma
1660 1003 1923 1059 cecidisse
1957 1003 2130 1073 suspi-

544 1095 721 1140 catur.
767 1088 854 1152 Et,
887 1089 931 1143 si
977 1098 1119 1146 totus
1153 1093 1400 1162 superior
1434 1102 1612 1149 textus
1639 1095 1910 1164 praedicta:
1940 1096 2131 1167 synodi

543 1174 757 1248 legitur,
779 1189 1040 1248 quantum
1063 1181 1176 1236 inec
1197 1183 1420 1254 epistola
1445 1185 1618 1239 eidem
1643 1187 1848 1256 synodo
1875 1187 2128 1241 adversa-

544 1276 637 1321 tur
686 1268 981 1334 invenitur,
1029 1271 1194 1340 quia,
1261 1273 1469 1328 scilicet
1533 1285 1720 1329 saneta
1779 1275 2016 1346 synodus
2078 1283 2134 1331 et

543 1347 876 1418 Nestorium.
911 1363 1048 1418 sicut
1086 1373 1191 1429 est,
1222 1364 1535 1420 barreticum
1566 1367 1866 1432 denuntiat,
1909 1378 1963 1422 et
2004 1367 2134 1424 bea-

545 1460 660 1505 tum
697 1449 956 1524 Cyrillum
1019 1453 1235 1509 Patrem
1273 1455 1598 1511 catholicum
1633 1467 1943 1511 veneratur.
2003 1457 2131 1527 Epia

543 1544 682 1597 stola
708 1560 856 1616 ergo,
884 1562 1004 1616 qua:
1036 1547 1182 1600 illum
1211 1548 1449 1604 defendit
1485 1549 1574 1618 qui
1606 1566 1635 1604 a
1681 1551 1887 1620 synodo
1912 1550 2134 1604 damna-

544 1643 636 1688 tus
665 1644 770 1698 est,
799 1645 851 1690 et
888 1652 1009 1690 eum
1041 1647 1258 1692 accusat
1291 1639 1379 1707 qui
1412 1655 1441 1693 a
1472 1641 1678 1714 synodo
1710 1650 2000 1695 veneratus
2027 1651 2130 1707 est,

542 1729 734 1800 procul
761 1729 924 1784 dubio
951 1731 1246 1787 definitioni
1285 1743 1489 1788 sanctae
1522 1735 1710 1804 synodi
1742 1734 2006 1804 probatur
2034 1735 2132 1789 ad-

2235 549 2465 596 mortem
2519 544 2849 611 peccatoris,
2912 543 3006 598 sed
3065 552 3120 597 ut
3175 551 3517 598 convertatur
3559 554 3607 598 et
3647 547 3752 601 vivat

2233 628 2448 701 (Ezech.
2481 648 2676 696 χχχιιι,
2711 633 2834 698 li);
2867 651 2885 684 ι
2940 642 2994 686 et
3043 632 3147 686 hoc
3192 631 3538 701 peccantibus
3569 633 3747 688 dicitur:

2237 743 2255 776 ι
2286 725 2551 780 Peccator
2591 725 2643 779 in
2670 740 2992 794 quacunque
3037 725 3124 779 die
3147 739 3442 778 conversus
3469 724 3750 794 ingemuerit,

2231 831 2420 871 omnes
2446 817 2760 886 iniquitates
2777 815 2894 884 ejus
2924 817 2974 870 in
2998 815 3265 871 oblivione
3288 816 3567 870 traduntur
3587 814 3752 885 (Emit.

2233 924 2390 970 χχιιι,
2417 909 2507 974 2|,
2534 909 2650 977 29.).
2693 928 2710 960 ι
2745 908 2802 963 Si
2830 909 2973 962 enim
3006 907 3358 977 Redemptor,
3389 906 3478 974 qui
3505 916 3753 975 peccatores

2233 999 2454 1053 minime
2479 1001 2725 1068 perdere,
2753 999 2845 1055 sed
2870 997 3171 1066 justificare
3193 997 3342 1052 venit
3365 995 3513 1067 (Luc.
3535 1013 3602 1060 ιχ,
3625 997 3696 1066 56)
3719 1000 3753 1051 in

2233 1090 2502 1145 oblivione
2529 1099 2816 1160 peccantes
2855 1105 2962 1145 non
3001 1087 3354 1158 derelinqtiit,
3387 1086 3508 1156 quis
3536 1087 3753 1143 hominum

2235 1183 2678 1238 condemnandos
2715 1191 2981 1246 reservat,
3029 1198 3152 1238 cum
3182 1180 3471 1252 Apostolus
3502 1181 3658 1234 dicat:
3681 1200 3695 1231 ι
3717 1179 3755 1235 Si

2235 1278 2375 1333 Deus
2387 1276 2808 1347 justificat,quis
2823 1285 2906 1330 est
2928 1277 3018 1345 qui
3046 1273 3414 1331 condemnet?
3444 1293 3462 1324 ι
3487 1271 3645 1341 (Rom.
3668 1289 3754 1337 vui,

2232 1372 2341 1434 55,
2383 1371 2509 1442 3i.)
2554 1373 2634 1427 Ad
2703 1370 2904 1425 fontem
2978 1369 3372 1425 misericordiae
3436 1376 3756 1432 recurrentes,

2234 1461 2616 1532 Evangelicam
2660 1461 2962 1517 referamus
3007 1461 3330 1515 sententiam
3362 1477 3376 1512 :
3408 1477 3426 1510 ι
3454 1457 3669 1524 Gaudeo,
3698 1459 3756 1513 in-

2234 1553 2374 1622 quit,
2401 1551 2572 1621 magis
2601 1567 2762 1621 super
2789 1567 2898 1606 uno
2923 1559 3208 1621 peccatore
3233 1549 3596 1618 paenitentiam
3618 1558 3759 1615 agente

2235 1657 2396 1714 quam
2418 1658 2583 1712 super
2609 1642 2899 1710 nonaginta
2927 1657 3118 1695 novem
3147 1639 3308 1709 jnstis
3331 1639 3424 1709 qui
3449 1654 3547 1694 non
3576 1638 3758 1708 indigent

2235 1732 2554 1802 pmnitenlia
2578 1730 2731 1803 (Luc.
2764 1748 2854 1794 xv,
2887 1731 2962 1802 7).
2997 1751 3013 1784 ι
3049 1730 3116 1786 Ει
3147 1746 3302 1798 ovem
3332 1728 3609 1799 perditam,
3634 1743 3757 1781 nona-

543 1821 774 1876 versari.
817 1821 916 1890 Qui
962 1823 1107 1878 enim
1151 1833 1421 1880 tantorum
1445 1825 1664 1880 Patruzn
1703 1825 1978 1881 definitam
2018 1843 2127 1882 non
2157 1821 2206 1882 Β
2235 1824 2382 1894 ginta
2410 1837 2602 1877 novem
2627 1838 2731 1877 non
2753 1823 3063 1877 errantibus
3083 1821 3311 1886 relictis,
3337 1823 3558 1876 humero
3578 1827 3760 1888 reporta-

543 1914 1117 1968 servant'sentcntiam
1151 1915 1338 1985 procul
1369 1915 1531 1971 dubio
1561 1917 1917 1973 adversantur
1948 1919 2129 1974 Eccleo

547 2001 662 2056 sire.
690 2001 822 2055 Nam
851 2013 938 2057 tua
965 2006 1228 2060 sanctitas
1256 2007 1380 2062 inde
1404 2023 1434 2061 a
1463 2008 1622 2064 nobis
1652 2010 1934 2079 requisivit
1956 2018 2014 2065 ut
2037 2012 2134 2067 tibi

545 2093 869 2149 sacerdotali
906 2095 1082 2152 officio
1111 2105 1231 2167 post
1271 2097 1479 2168 lapsum
1515 2101 1829 2172 resurgendi
1867 2103 2139 2158 scribere-

545 2199 691 2250 mus,
728 2187 856 2240 dum
887 2187 1019 2242 dicit
1048 2189 1114 2243 de
1139 2190 1240 2244 hoc
1262 2206 1530 2246 canonum
1558 2192 1896 2248 diversorum
1939 2193 2136 2266 legisse

547 2274 792 2331 diversas
839 2280 1158 2343 sententias,
1201 2280 1338 2336 alias
1383 2283 1720 2354 resnrgcndi,
1749 2284 1886 2340 alias
1925 2302 2135 2356 nequa-

547 2378 711 2432 quam
731 2380 908 2434 posse.
927 2367 1058 2438 ideo
1080 2385 1180 2426 nos
1200 2371 1480 2442 generales
1507 2375 1742 2444 synodos
1765 2390 1794 2428 a
1815 2374 2030 2432 Niczena
2056 2378 2139 2432 in-

549 2453 833 2522 cipientes,
881 2471 1002 2510 cum
1049 2458 1271 2529 reliquis
1303 2470 1538 2528 quatuor
1566 2477 1930 2531 veneramur;
1983 2467 2134 2536 quia,

549 2541 721 2612 ipsam
743 2557 1052 2614 sequentes,
1080 2548 1129 2602 in
1154 2550 1363 2606 cunctis
1391 2552 1678 2607 sententiis
1701 2554 1982 2610 unanimes
2003 2570 2136 2611 con-

549 2633 810 2701 cordant;
847 2638 970 2705 quia
1001 2647 1054 2692 et
1085 2655 1182 2694 nos
1208 2643 1575 2709 priecedentes
1603 2658 1698 2697 nos
1725 2643 1911 2700 Patres
1958 2647 2138 2716 sequi-

550 2736 706 2787 mur;
754 2725 902 2792 quia,
943 2735 1164 2782 auctore
1193 2729 1321 2793 Deo,
1366 2745 1394 2782 a
1445 2747 1601 2786 sacra
1635 2733 1884 2788 doctrina
1924 2734 2136 2790 illorum

550 2827 656 2866 non
689 2813 1082 2873 discordamus.
1121 2820 1164 2873 A
1194 2821 1370 2890 capite
1403 2822 1582 2892 itaque
1614 2824 1938 2895 incipientes
1968 2843 2139 2897 usque

550 2905 605 2964 in
629 2916 880 2976 quartum
912 2910 1096 2967 altaris
1122 2912 1453 2978 ministrum,
1478 2914 1618 2970 hanc
1645 2915 1872 2972 formam
1905 2933 2137 2994 sequen-

551 2997 676 3051 dam
699 3002 1103 3070 cognoscimus,
1129 3005 1296 3074 utqui
1341 3007 1521 3062 minor
1541 3017 1624 3063 est
1658 3008 1833 3078 major
1864 3009 1912 3066 ei
1940 3027 2141 3082 prince-

550 3087 676 3154 dat;
706 3092 799 3145 sed
825 3093 967 3147 sicut
1009 3095 1230 3162 honore,
1281 3098 1354 3152 ita
1386 3107 1443 3154 et
1489 3099 1542 3154 in
1589 3101 1851 3169 crimine,
1895 3116 1948 3160 et
1978 3123 2138 3177 quem

2241 1922 2347 1968 tam
2376 1913 2506 1970 dicit
2531 1913 2718 1983 (lbid.,
2745 1913 2802 1981 4,
2827 1913 2903 1985 5).
2955 1912 3013 1969 Si
3042 1914 3159 1968 ovis
3184 1928 3384 1968 errans
3408 1921 3526 1981 post
3557 1910 3760 1964 inventio-

2238 2019 2362 2058 nem
2395 2003 2460 2058 ad
2491 2003 2631 2059 ovile
2661 2004 2888 2059 humero
2918 2011 3250 2074 reportatur,
3292 2017 3399 2057 cur
3421 2009 3539 2071 post
3560 1999 3761 2068 ptenitcn-

2239 2093 2327 2148 tia:
2353 2108 2570 2162 poenam
2617 2092 2685 2148 ad
2711 2092 2966 2148 Ecclesiae
3015 2092 3379 2147 ministerium
3432 2100 3658 2160 peccator
3688 2104 3761 2142 non

2240 2187 2566 2243 revocetur?
2598 2186 2739 2254 Quid
2779 2187 2923 2242 enim
2952 2195 3037 2242 est
3073 2187 3291 2257 gravius
3324 2183 3542 2240 carnale
3567 2183 3760 2237 delictum

2239 2277 2550 2345 admittere,
2577 2278 2696 2334 sine
2721 2283 2828 2348 qdo
2867 2277 2919 2333 in
2951 2278 3134 2334 multis
3162 2279 3320 2348 pauci
3364 2275 3691 2338 inveniuntur,
3716 2289 3762 2326 an

2238 2371 2335 2428 Dei
2358 2372 2556 2428 Filium
2595 2371 2835 2427 timendo
2864 2372 3104 2444 negare?
3139 2371 3192 2425 in
3222 2386 3336 2440 quo
3361 2385 3471 2424 uno
3500 2369 3654 2439 ipsum
3674 2367 3763 2420 bea-

2243 2471 2355 2518 tum
2389 2461 2631 2527 Petrum,
2656 2463 3020 2534 apostolorum
3042 2462 3373 2533 principem,
3417 2459 3482 2514 ad
3507 2457 3642 2527 cujus
3664 2472 3762 2511 nunc

2238 2571 2436 2626 corpus
2464 2554 2670 2626 indigni
2702 2556 2987 2619 sedemus,
3021 2553 3229 2624 lapsum
3279 2568 3408 2608 esse
3435 2551 3762 2622 cognoscimus,

2239 2647 2333 2702 sed
2363 2655 2488 2718 post
2515 2645 2858 2717 negationem
2883 2645 3199 2716 poenitentia
3235 2653 3450 2706 secuta,
3481 2652 3533 2698 et
3559 2649 3659 2712 post
3680 2655 3762 2707 po:-

2239 2739 2524 2794 nitcntiam
2568 2735 2942 2793 misericordia
2998 2736 3122 2791 data
3176 2735 3346 2806 (Luc.
3399 2751 3547 2799 xm,
3591 2730 3764 2798 57-6l),

2241 2831 2365 2900 quia
2407 2831 2558 2885 illum
2605 2831 2673 2885 ab
2701 2829 3004 2899 apostolatu
3035 2844 3141 2882 non
3171 2827 3404 2899 depulit,
3435 2841 3584 2896 quem
3609 2834 3765 2878 antese

2241 2921 2416 2991 ipsum
2446 2935 2642 2991 negare
2672 2919 2920 2990 praedixit
2951 2919 3167 2990 (Matth.
3194 2934 3348 2982 xxvi,
3377 2918 3490 2981 75).
3526 2915 3632 2970 Tibi
3667 2915 3764 2973 hac.

2242 3011 2318 3066 fili
2365 3010 2715 3075 cbarissime,
2766 3009 2910 3064 dicta
2957 3009 3255 3073 sufiiciant,
3308 3017 3375 3062 ut
3448 3007 3586 3061 illum
3647 3017 3764 3074 quem

2244 3101 2516 3171 conSpicis
2555 3099 2682 3154 fietu
2712 3099 2906 3154 delicta
2937 3098 3138 3164 delere,
3180 3099 3232 3152 in
3261 3105 3552 3167 conspectu
3580 3094 3767 3150 diviniu-

551 3177 725 3245 major
747 3182 989 3249 sequitur
1014 3184 1191 3254 culpa,
1220 3186 1424 3256 majore
1466 3189 1773 3260 implicetur
1799 3193 2058 3259 vindicta.
2081 3207 2137 3254 et
2163 3180 2207 3242 C
2241 3190 2311 3246 tis
2340 3205 2443 3245 non
2470 3190 2680 3245 dubites
2708 3187 3134 3244 misericordiam
3164 3187 3448 3257 consequi,
3471 3185 3587 3257 quia
3614 3181 3765 3238 nullum

547 3277 671 3337 post
691 3272 834 3338 parui
844 3273 1064 3331 tentiam
1086 3277 1338 3332 credatur
1358 3293 1481 3334 esse
1501 3279 1797 3340 fructuosa.
1822 3284 1961 3355 Quid
1985 3288 2132 3343 enim

546 3359 766 3429 prodest
817 3363 1051 3418 triticum
1101 3367 1396 3434 seminare,
1449 3377 1501 3424 et
1540 3370 1776 3427 fructum
1830 3375 1976 3430 illius
2027 3392 2134 3432 non

551 3450 774 3507 tollere?
801 3455 1125 3512 autdomnm
1153 3468 1489 3526 construere,
1508 3471 1562 3517 et
1589 3480 1694 3518 non
1723 3465 1832 3522 illic
1855 3466 2136 3526 habitare?

548 3538 672 3596 Post
704 3541 923 3613 dignam
962 3548 1391 3607 satisfactionem
1437 3555 1712 3612 credimus
1758 3558 1940 3614 redire
1974 3576 2138 3631 posse

549 3633 618 3689 ad
648 3634 927 3704 honorem,
957 3639 1226 3710 Propheta
1257 3643 1469 3700 dicente
1495 3665 1507 3703 :
1543 3665 1562 3699 ι
1593 3646 1843 3721 Nunquid
1873 3653 1964 3723 qui
1993 3655 2141 3710 cadit

550 3737 659 3786 non
685 3727 903 3798 acijiciet
931 3741 989 3786 ut
1016 3737 1300 3806 resurgat?
1331 3757 1348 3790 ι
1385 3735 1555 3807 (Psal.
1591 3757 1678 3808 χι,
1708 3743 1787 3813 9.)
1823 3743 1890 3798 Et
1917 3745 2008 3815 qui
2039 3747 2138 3800 ad-

555 3831 746 3873 versus
777 3828 860 3873 est
887 3836 991 3876 non
1026 3827 1366 3880 revertetur?
1399 3827 1542 3883 ldcrn
1572 3845 1786 3900 quoque
1818 3833 1920 3887 ait:
1957 3853 1974 3885 ι
2011 3834 2141 3890 Pec-

550 3913 706 3960 cator
748 3908 800 3962 in
832 3926 1154 3985 quacunque
1182 3915 1270 3972 die
1305 3931 1603 3974 conversus
1650 3921 1993 3992 ingemuerit,
2029 3926 2139 3980 sai-

550 4012 654 4053 vus
695 4000 802 4054 erit
852 4002 1070 4071 (Eucti.
1124 4022 1320 4073 χχχιιι,
1365 4009 1476 4076 12).
1534 4029 1552 4062 ι
1614 4011 1767 4067 Unde
1820 4013 2138 4070 Psaiinista:

555 4105 575 4139 ι
605 4088 710 4142 Cor
735 4091 993 4146 mundum
1022 4109 1147 4150 crea
1173 4096 1226 4150 in
1252 4113 1358 4163 me,
1387 4098 1547 4167 Deus,
1571 4110 1626 4156 et
1653 4103 1902 4171 spiritum
1933 4113 2140 4160 rectum

553 4177 751 4232 innova
789 4180 841 4234 in
871 4183 1174 4241 visceribus
1217 4188 1372 4243 meis.
1407 4187 1485 4244 Ne
1519 4192 1776 4264 projicias
1824 4210 1910 4248 me
1942 4210 1971 4249 a
2003 4195 2141 4250 facie

552 4277 666 4334 tua,
707 4279 762 4324 et
809 4270 1069 4341 Spiritum
1120 4286 1368 4334 sanctum
1419 4290 1568 4337 tuum
1624 4299 1692 4339 ne
1729 4285 1946 4342 auferas
1992 4303 2021 4342 a
2055 4302 2142 4342 me

550 4357 730 4429 (Paul.
759 4378 812 4427 1.,
844 4363 930 4429 12,
959 4364 1064 4436 13).
1102 4385 1120 4419 ι
1151 4368 1285 4423 Cum
1314 4373 1458 4426 enim
1486 4375 1660 4444 petiit,
1693 4393 1760 4434 ne
1789 4379 1854 4433 ab
1885 4394 1950 4433 eo
1975 4379 2142 4450 proji-

541 4461 788 4518 ceretur,
831 4457 1064 4526 prolapsi
1103 4459 1282 4531 culpa,
1326 4465 1469 4532 quod
1498 4466 1727 4526 alienam
1776 4485 1865 4524 rex
1917 4480 1970 4524 et
2009 4485 2138 4539 pro-

539 4543 710 4614 pheta
737 4544 901 4600 simul
933 4550 1200 4618 rapuisset
1233 4568 1478 4620 uxorem,
1513 4557 1861 4614 tremefactus
1891 4534 2132 4630 expavit.
2168 4534 2218 4592 ι)

544 4639 840 4708 propheta,
874 4641 1150 4700 indicante
1184 4643 1445 4715 flagitium
1484 4661 1662 4716 suum,
1699 4650 1840 4704 unde
1870 4651 2140 4719 pceniten-

545 4729 682 4783 tiam
719 4744 886 4802 agens
927 4733 1172 4790 addidit:
1205 4755 1222 4786 ι
1261 4737 1442 4792 Redde
1472 4738 1603 4793 mihi
1639 4739 1880 4794 imtitiant
1923 4740 2140 4796 Saluta-

545 4822 622 4875 ris
655 4821 754 4887 tui,
821 4831 877 4876 et
925 4826 1116 4894 spiritu
1162 4828 1449 4899 principali
1499 4829 1761 4886 confirma
1811 4845 1896 4884 me
1943 4830 2135 4901 (Ibid.,

547 4910 663 4981 H).
697 4932 715 4964 ι
750 4911 808 4968 Si
835 4915 980 4974 enim
1013 4918 1228 4987 dignam
1267 4919 1378 4976 Deo
1407 4922 1783 4990 pmnitentiatn
1827 4938 1932 4979 non
1975 4921 2136 4979 fecis-

547 5010 653 5067 set,
693 5019 1032 5076 nequaquam
1071 5009 1188 5063 aiiis
1241 5012 1580 5080 praedicaret.
1629 5011 1721 5066 Ait
1749 5012 1894 5067 enim
1929 5031 1941 5068 :
1978 5032 1995 5064 ι
2034 5014 2139 5070 D0-

550 5106 705 5144 ceam
736 5092 952 5165 iniquos
976 5099 1090 5153 vias
1129 5108 1270 5164 tuas,
1300 5110 1357 5156 et
1389 5101 1537 5170 impii
1566 5103 1634 5156 ad
1664 5109 1716 5156 te
1749 5092 2140 5159 convertentur

553 5181 751 5249 (Ibid.,
799 5184 908 5255 15).
949 5206 966 5238 ι
1020 5189 1156 5245 Cum
1209 5191 1354 5246 enim
1409 5199 1631 5263 peccata
1697 5207 1795 5248 sua
1859 5195 2140 5267 prospexit

549 5273 820 5347 Propheta
876 5281 1128 5334 mundata
1162 5298 1258 5351 per
1285 5284 1685 5352 paenitentiam,
1733 5299 1840 5339 non
1872 5283 2136 5346 dubitavit

549 5367 897 5438 praedicando
955 5385 1150 5427 curare
1183 5371 1376 5426 aliena.
1438 5372 1505 5430 Et
1546 5373 1877 5430 sacrificium
1927 5374 1993 5429 de
2049 5389 2137 5428 se-

551 5456 783 5527 metipso
828 5457 1024 5516 offerre
1073 5460 1181 5515 Deo
1221 5460 1456 5527 studuit,
1502 5478 1624 5518 cum
1680 5462 1926 5518 dicebat:
1989 5480 2008 5513 ι
2040 5461 2139 5517 Sa-

552 5545 819 5604 crificium
864 5549 974 5606 Deo
1029 5551 1252 5622 spiritus
1308 5552 1707 5610 contribulatus
1736 5552 1927 5625 (Ibid.,
1973 5553 2082 5624 19).
2113 5572 2131 5605 ι

553 5633 633 5693 Λᾶ
663 5635 777 5694 inec
817 5639 1315 5708 istasufi'ecerant,
1358 5642 1451 5698 sed
1494 5644 1671 5703 omnis
1719 5643 1991 5710 sententia
2032 5661 2140 5716 quo

553 5727 674 5802 plus
714 5747 882 5790 sacrae
926 5737 1222 5813 Scriptura:
1269 5737 1602 5794 testimoniis
1638 5737 2010 5815 confirmatur,
2062 5738 2139 5797 fa-

2237 3288 2553 3350 peccantem
2585 3294 2907 3335 conversum
2949 3277 3180 3350 despicit
3211 3278 3302 3348 qui
3338 3286 3639 3348 peccatores
3660 3272 3766 3328 redi-

2239 3386 2388 3427 mere
2419 3371 2585 3426 venit.

2310 3461 2461 3530 Quod
2487 3461 2773 3534 imaginem
2798 3461 2962 3528 illius,
2979 3475 3140 3532 quem
3163 3459 3322 3525 colis,
3352 3459 3449 3515 tibi
3471 3455 3767 3527 dirigendam.

2237 3570 2338 3626 per
2363 3554 2694 3618 Duicerium,
2721 3555 3001 3611 diaeonem
3033 3564 3204 3622 tuum,
3234 3552 3469 3622 rogasti,
3496 3550 3634 3605 valde
3656 3545 3769 3602 nobis

2240 3651 2331 3697 tua
2359 3642 2650 3713 postulatio
2679 3642 2900 3714 placuit,
2931 3643 3054 3712 quia
3102 3641 3251 3697 illum
3301 3641 3359 3696 in
3392 3641 3549 3696 corde
3577 3646 3671 3692 tota
3707 3635 3766 3689 in-

2239 3737 2480 3793 tentione
2502 3737 2721 3806 quzeris,
2759 3738 2911 3808 cujus
2949 3737 3239 3809 imaginem
3279 3752 3396 3807 pra:
3423 3735 3585 3791 oculis
3616 3731 3770 3788 habere

2241 3825 2538 3882 desideras.
2594 3825 2666 3882 Ut
2715 3827 2852 3882 visio
2905 3826 3204 3898 corporalis
3263 3826 3576 3895 quotidiana
3626 3819 3771 3876 reddat

2241 3924 2550 3985 exaptatum
2572 3957 2586 3981 ,
2632 3924 2683 3971 et
2701 3956 2715 3979 ,
2740 3915 2864 3970 dum
2893 3917 3157 3986 picturam
3181 3915 3356 3979 vides,
3385 3916 3454 3968 ad
3476 3913 3611 3967 illum
3633 3909 3771 3964 animo

2241 4004 2576 4068 inardescas,
2610 4005 2768 4077 cujus
2810 4007 3097 4076 imaginem
3130 4005 3317 4061 videre
3347 4005 3629 4069 desideras,
3653 3999 3707 4054 ab
3728 4012 3771 4051 re

2245 4111 2356 4150 non
2398 4093 2653 4162 facimus,
2683 4095 2729 4150 si
2761 4110 2858 4166 per
2883 4094 3118 4151 visibilia
3166 4094 3461 4151 invisibilia
3495 4094 3771 4149 demonstra-

2243 4201 2382 4241 mus.
2401 4185 2494 4242 Sic
2515 4187 2693 4250 homo,
2723 4187 2813 4256 qui
2841 4186 3005 4242 alium
3033 4187 3288 4242 ardenter
3308 4186 3496 4242 videre
3517 4182 3767 4240 desident.

2244 4284 2404 4346 atque
2441 4293 2504 4332 ex
2539 4291 2690 4331 more
2728 4293 2984 4348 sponsam
3034 4278 3267 4332 amando
3308 4277 3609 4340 desiderat,
3649 4278 3771 4338 atque

2245 4368 2430 4424 videre
2474 4375 2724 4434 conatur,
2767 4369 2811 4423 si
2842 4368 3107 4439 contingit
3152 4368 3298 4423 illam
3345 4370 3415 4425 ad
3440 4366 3665 4424 balneum
3694 4361 3769 4422 ire.

2245 4467 2338 4511 aut
2371 4458 2436 4512 ad
2464 4458 2748 4515 ecclesiam
2786 4459 3104 4530 procedere,
3148 4459 3380 4515 festinus
3412 4460 3465 4514 in
3492 4459 3571 4513 via
3596 4471 3645 4511 se
3668 4466 3774 4523 prie.

2243 4563 2417 4624 parat,
2455 4561 2516 4607 ut
2575 4552 2642 4607 de
2681 4553 2798 4624 ejus
2840 4553 3047 4608 visione
3094 4552 3283 4608 hilaris
3325 4551 3559 4608 recedat.
3602 4545 3772 4642 Scimus

2244 4643 2368 4712 quia
2406 4651 2460 4697 tu
2505 4643 2793 4714 imaginem
2833 4641 3132 4698 Salvatoris
3163 4642 3333 4698 nostri
3373 4643 3490 4697 ideo
3526 4653 3622 4694 non
3646 4640 3768 4704 peliS.

2244 4743 2306 4788 ut
2337 4734 2492 4803 quasi
2521 4733 2690 4787 Deum
2719 4732 2886 4798 colas,
2915 4733 3008 4788 sed
3035 4731 3105 4787 ob
3139 4733 3566 4788 recordationem
3594 4725 3677 4783 ﬁlii
3699 4721 3767 4776 Dei

2247 4835 2306 4882 ut
2335 4827 2388 4882 in
2415 4842 2533 4896 ejus
2561 4841 2746 4881 amore
2779 4825 3104 4891 recalescas,
3147 4822 3300 4893 cujus
3328 4823 3603 4894 imaginem
3628 4816 3772 4871 videre

2247 4917 2544 4974 desideras.
2590 4917 2656 4971 Et
2697 4930 2794 4970 nos
2815 4915 3056 4985 quidem,
3096 4931 3202 4971 non
3233 4915 3386 4985 quasi
3425 4921 3545 4968 ante
3569 4905 3768 4964 divinita-

2246 5014 2354 5064 tem
2391 5017 2517 5063 ante
2560 5007 2730 5076 ipsam
2769 5005 3186 5076 prosternimur,
3222 5004 3316 5061 sed
3353 5005 3500 5060 ilium
3531 5001 3769 5056 adoramus

2246 5115 2406 5176 quem
2437 5115 2533 5171 per
2564 5099 2854 5172 imaginem
2895 5107 2989 5160 aut
3020 5107 3228 5163 natum,
3261 5105 3355 5153 aut
3383 5109 3610 5186 passum,
3635 5087 3704 5181 vel
3727 5085 3767 5186 in

2249 5191 2444 5246 throno
2488 5190 2781 5245 sedentem.
2819 5190 3191 5249 recordamur.
3219 5189 3288 5244 Et
3316 5189 3440 5244 dum
3474 5201 3567 5241 nos
3593 5184 3686 5252 ipsa
3709 5184 3768 5247 pi-

2243 5289 2397 5337 ctura
2422 5280 2574 5350 quasi
2606 5281 2875 5351 scriptura
2903 5281 2971 5336 ad
3001 5281 3318 5336 memoriam
3349 5280 3537 5336 Filium
3555 5273 3635 5330 Dei
3649 5268 3768 5325 redu-

2245 5371 2438 5434 cimus,
2485 5369 2727 5432 animum
2777 5379 3019 5424 nostrum
3057 5371 3124 5424 de
3154 5369 3541 5426 resurrectione
3578 5359 3763 5418 laetificat

2247 5474 2342 5518 aut
2369 5463 2434 5520 de
2457 5462 2709 5534 passione
2735 5463 2956 5518 mulcet.
2999 5463 3231 5533 ideoque
3259 5463 3546 5519 direximus
3573 5455 3652 5510 tibi
3676 5463 3758 5504 sur-

2249 5555 2402 5610 tirias
2441 5553 2602 5620 duas,
2639 5552 2931 5625 imaginem
2959 5554 3278 5620 Saivatoris,
3307 5563 3362 5608 et
3385 5560 3572 5609 sancta:
3594 5545 3670 5600 Dei
3700 5553 3749 5609 8°

2248 5645 2461 5701 nitricis
2490 5645 2694 5711 iilarim,
2753 5653 2809 5702 et
2854 5646 3134 5702 beatorum
3185 5645 3538 5715 apostolorum
3567 5635 3690 5695 Petri
3726 5636 3767 5683 ei

2250 5737 2399 5796 Pauli
2453 5738 2819 5805 continentes,
2850 5753 2946 5814 per
2982 5737 3349 5811 supradictum
3383 5738 3541 5794 filium
3572 5735 3765 5787 nostrum
