3988 6462
141 367 279 424 1115

1373 367 1864 426 DECRETALIUM
1903 371 2307 429 C(lLLEtLTlO.

3271 373 3414 430 HM

137 480 444 544 diacouem,
484 489 538 535 et
560 495 726 537 unam
761 495 979 538 crucem
1006 489 1062 536 et
1090 481 1330 549 clavem,
1363 496 1464 552 pro
1495 480 1718 538 benedi-
1746 483 1792 543 Α
1825 485 2111 538 vestitum?
2158 486 2298 540 Ecce
2337 491 2427 555 qut
2459 485 2707 541 mollibus
2745 486 3047 542 vcstiuntur
3075 484 3130 540 in
3163 483 3416 541 domibus

135 574 356 636 ctione,
408 588 438 626 a
483 574 828 629 sanctissimo
867 589 1094 644 corpore
1142 574 1290 630 Petri
1345 574 1714 644 apostolorum

133 665 417 734 princiuis,
445 674 500 717 ut
523 680 621 734 per
646 680 768 720 eum
799 666 876 721 sis
899 667 967 722 ab
994 667 1148 723 hoste
1173 666 1409 738 maligno
1437 666 1714 730 defensus,

132 755 290 825 cujus
319 771 415 825 per
449 765 694 811 sanctum
737 756 940 827 lignum
979 766 1032 814 te
1059 773 1181 814 esse
1215 758 1481 812 munitum
1513 757 1712 822 credis,

130 855 188 899 et
217 861 284 899 ex
314 861 378 901 eo
421 855 472 900 te
515 854 760 917 protegat
808 848 899 916 qui
947 848 1212 918 juveniles
1255 847 1568 904 affectiones
1618 848 1713 903 tibi

131 937 396 1008 suggerit.
431 937 740 994 Recordare
767 947 847 1006 ιιι,
880 940 932 993 in
956 939 1114 994 bonis
1137 939 1244 995 tuis
1285 940 1497 996 actibus
1530 953 1714 1010 perse-

130 1041 352 1091 verans,
381 1028 515 1083 alios
563 1029 617 1083 in
646 1027 763 1097 ejus
805 1031 1069 1086 accendas
1094 1046 1279 1086 amore
1301 1041 1524 1102 propter
1551 1046 1710 1100 quem

129 1119 436 1174 solitarium
487 1129 540 1176 te
579 1121 750 1177 fecisti
799 1123 1065 1187 habitare,
1115 1133 1174 1179 ιιι
1199 1125 1322 1178 vita:
1364 1123 1523 1192 hujus
1569 1124 1710 1179 mala

125 1221 359 1278 qumque
393 1210 445 1263 in
473 1210 636 1264 corde
673 1211 922 1266 inimicus
956 1213 1197 1284 suggerit
1225 1223 1516 1278 retroacta,
1560 1229 1713 1269 men-

129 1298 202 1352 tis
235 1299 577 1368 provectibus
604 1303 756 1372 quasi
799 1301 1007 1358 facibus
1053 1304 1384 1370 inardescas,
1413 1320 1511 1375 pro
1554 1305 1712 1376 cujus

124 1401 318 1442 amore
348 1389 511 1444 vitam
542 1391 706 1445 etiam
733 1392 867 1447 velis
897 1393 1052 1448 finire
1071 1435 1086 1459 ,
1116 1394 1228 1465 ipse
1257 1410 1474 1466 quoque
1504 1404 1555 1451 te
1585 1411 1710 1466 pro-

127 1487 276 1550 tegat
310 1495 477 1550 usque
512 1481 564 1535 in
595 1481 789 1550 finem,
820 1484 912 1553 qui
944 1492 1196 1539 cunctum
1229 1486 1488 1540 mundum
1519 1487 1708 1558 digna-

124 1576 219 1622 tus
243 1578 327 1625 est
355 1571 642 1639 redimere,
670 1571 827 1629 Jesus
845 1573 1093 1630 Christus
1117 1575 1379 1632 Dominus
1403 1587 1590 1633 noster
1613 1579 1703 1649 qui

123 1659 294 1714 est'in
322 1661 540 1718 secula.

195 1749 352 1818 Item,
378 1749 659 1824 Gregorius
685 1753 1244 1881 Theotgtwdpatricite.
1270 1758 1347 1814 De
1368 1760 1633 1816 discordia

786 1845 841 1881 se
881 1845 950 1881 an
990 1846 1042 1881 a.

786 1845 1042 1882 seaanaa.

196 1911 416 1980 Magnas
457 1915 814 1985 omnipotenti
844 1917 955 1973 Deo
994 1920 1197 1990 gratias
1229 1937 1392 1993 agere
1429 1923 1707 1994 debemus,

119 2004 265 2072 quod
288 2004 516 2073 piissimi
546 2015 601 2061 et
623 2007 994 2079 benignissimi
1033 2011 1388 2082 imperatores
1419 2015 1589 2070 nostri
1625 2026 1709 2070 ta-

118 2093 201 2148 les
226 2095 294 2148 de
333 2111 431 2150 suo
457 2112 678 2167 genere
713 2097 870 2168 juxta
919 2115 980 2156 se
1008 2103 1339 2172 propinquos
1368 2104 1591 2174 habent,
1645 2108 1711 2162 de

117 2201 352 2255 quorum
418 2191 826 2252 conversatione
877 2193 1035 2249 nobis
1083 2196 1335 2252 omnibus
1385 2199 1589 2268 grande
1637 2200 1712 2256 sit

118 2279 395 2346 gaudium.
429 2279 582 2336 Unde
611 2290 668 2337 et
693 2298 792 2353 pro
818 2284 1020 2340 eisdem
1055 2287 1288 2344 dominis
1314 2291 1568 2345 continue
1612 2306 1710 2346 no-

118 2366 209 2421 bis
248 2368 509 2422 orandum
556 2379 662 2436 est,
691 2380 750 2426 ut
775 2386 962 2428 eorum
990 2375 1099 2430 vita
1125 2392 1246 2431 cum
1279 2378 1394 2434 suis
1432 2379 1704 2445 omnibus,

116 2467 438 2528 protegente
471 2461 679 2516 omlcsti
723 2462 918 2533 gratia,
949 2480 1046 2534 per
1081 2464 1237 2536 longa
1281 2479 1522 2537 tempora
1555 2477 1706 2522 tran-

117 2548 290 2618 quilla
334 2560 598 2607 servetur.
650 2553 832 2610 Indico
883 2564 1060 2611 autem
1107 2558 1249 2627 quod
1276 2558 1494 2614 levitate
1523 2558 1706 2630 populi

118 2638 411 2695 tumultum
463 2653 653 2698 contra
710 2660 802 2702 vos
851 2646 1203 2704 detractionis
1263 2660 1513 2706 exortum
1579 2650 1706 2721 qui-

116 2729 348 2784 busdam
392 2733 766 2790 nuntiantibus
805 2738 1051 2806 cognovi.
1097 2739 1310 2806 Qua'ex
1345 2755 1403 2796 re
1433 2740 1707 2796 excellen-

119 2820 255 2875 tiam
280 2831 515 2878 vestram
543 2827 703 2881 audio
732 2827 896 2883 fuisse
925 2843 1029 2884 non
1058 2832 1270 2887 modice
1299 2834 1700 2890 coutristatam.

117 2911 276 2978 Quod
297 2914 340 2968 si
373 2915 445 2968 ita
474 2925 577 2982 est,
603 2917 758 2972 valde
783 2918 972 2988 miror,
999 2921 1090 2991 qui
1123 2923 1429 2980 corﬁxistis
1458 2924 1513 2980 in
1543 2923 1703 2990 caalo,

113 3005 285 3060 verba
337 3007 614 3064 hominum
667 3010 870 3081 agitent
927 3013 980 3067 in
1034 3021 1200 3068 terra.
1261 3015 1458 3071 Beatus
1504 3018 1704 3072 etenim

121 3093 240 3162 Job,
265 3111 386 3152 cum
418 3097 576 3152 amici
607 3100 723 3170 ejus
751 3101 842 3171 qui
871 3102 940 3157 ad
970 3102 1355 3159 consolandum
1386 3121 1509 3160 cum
1538 3120 1704 3161 vene-

1822 586 2005 642 regum
2050 583 2176 629 sunt
2215 574 2403 646 (IbitL,
2445 575 2532 646 8);
2565 595 2584 628 ι
2613 575 2860 646 quamvis
2898 575 3040 630 enim
3069 573 3223 644 juxta
3272 574 3419 629 veri-

1827 671 1990 718 tatem
2043 665 2316 736 Evangelii
2367 665 2604 721 Joannes
2649 667 2976 722 vestimeuto
3018 681 3214 736 aspero
3252 664 3416 720 fuerit

1819 755 2039 817 indutus
2074 753 2292 823 (Matth.
2323 771 2405 822 ιιι,
2437 756 2514 826 4),
2562 772 2658 826 per
2690 756 3140 826 significationem
3179 771 3232 810 ιιι
3273 755 3413 810 ωοιο

1820 843 1959 901 libus
2012 847 2191 900 vestiti
2250 855 2377 901 sunt
2434 848 2526 916 qui
2585 847 2986 902 adulationibus
3047 861 3112 900 ac
3166 845 3416 901 laudibus

1819 936 2159 990 delectantur
2195 935 2450 1006 .Negatur
2500 946 2680 992 autem
2727 937 2851 1006 quia
2908 935 3146 992 Joannes
3203 938 3413 991 arundo

1818 1033 1982 1080 vento
2011 1025 2214 1096 agitata
2241 1026 2426 1091 fuerit,
2463 1026 2718 1095 quoniam
2748 1027 2947 1080 mentis
2979 1024 3096 1094 ejus
3128 1024 3407 1080 fortitudi-

1818 1131 1940 1170 nem
1973 1117 2116 1170 nulla
2165 1118 2528 1174 humanioris
2568 1135 2698 1174 aura
2734 1116 3003 1176 ﬂectebat.
3035 1117 3146 1176 Nos
3180 1117 3326 1178 enim
3362 1118 3410 1178 Si

1819 1205 2070 1262 laudibus
2133 1207 2418 1276 erigimur,
2484 1209 2972 1278 vituperationibus
3026 1209 3403 1275 lunnillamur,

1820 1298 2030 1353 arundo
2085 1307 2244 1352 vento
2305 1299 2501 1370 agitata
2541 1314 2751 1354 sumus.
2793 1299 2900 1355 Sed
2938 1301 3410 1375 absit,hoc.gabsit

1817 1405 1846 1444 a
1892 1391 2057 1446 corde
2117 1401 2312 1446 vestra:
2360 1391 2714 1447 excellentiae.
2775 1391 2899 1447 Scio
2950 1395 3041 1462 qui
3094 1395 3412 1465 magistrum

1817 1479 2058 1549 gentium
2095 1479 2335 1536 studiose
2365 1479 2566 1551 legitis,
2617 1481 2710 1550 qui
2748 1481 2864 1535 ait:
2897 1501 2914 1533 ι
2945 1480 3002 1536 Si
3030 1481 3210 1536 adhuc
3241 1481 3410 1537 homi-

1818 1569 1979 1624 nibus
2025 1570 2322 1639 placerem,
2350 1571 2555 1627 Christi
2605 1586 2797 1627 servus
2835 1587 2940 1628 non
2983 1588 3162 1628 essem
3194 1571 3337 1642 (Gul.
3367 1589 3410 1638 ι,

1816 1661 1927 1733 10).
1959 1681 1978 1714 ι
2036 1661 2092 1717 Si
2134 1678 2239 1733 qua
2291 1673 2469 1719 tamen
2513 1664 2597 1720 vel
2643 1680 2809 1734 parva
2857 1666 3074 1721 tristitia
3115 1682 3181 1721 ex
3217 1668 3320 1721 hac
3349 1682 3411 1722 re

1815 1751 1983 1806 menti
2009 1760 2201 1808 vestra:
2219 1762 2408 1808 exorta
2438 1763 2542 1820 est,
2575 1755 2739 1809 credo
2765 1755 2909 1824 quod
2935 1755 3037 1810 hoc
3065 1755 3410 1824 omnipotens

1732 1843 1784 1906 B
1813 1843 1956 1899 Deus
2007 1844 2124 1899 fieri
2174 1845 2406 1914 benigne
2470 1846 2735 1915 permisit.
2789 1845 2974 1916 Neque
3021 1847 3168 1910 enim
3216 1846 3405 1902 electis

1812 1936 1928 1991 suis
1959 1935 2013 1990 in
2059 1936 2162 1991 hac
2188 1937 2298 1991 vita
2342 1937 2594 2007 promisit
2640 1937 2833 2008 gaudia
2871 1937 3272 2005 delectationis,
3314 1937 3411 1993 sed

1811 2025 2203 2082 amaritudines
2249 2036 2304 2083 et
2359 2028 2732 2083 tribulationes
2761 2027 2977 2097 (Matth.
3006 2032 3172 2092 xxiv,
3207 2027 3317 2100 l9),
3348 2038 3412 2086 ut

1812 2114 2096 2171 medicinae
2127 2130 2276 2172 more
2298 2131 2393 2186 per
2419 2133 2661 2171 amarum
2687 2117 2937 2187 poculum
2965 2118 3031 2172 ad
3059 2117 3402 2175 dulcedinem

1810 2217 2025 2261 sternte
2057 2207 2276 2262 redeant
2305 2207 2516 2262 salutis.
2552 2208 2688 2274 Quid
2725 2224 2959 2278 namque
2986 2208 3122 2264 dicit
3150 2228 3163 2262 :
3203 2228 3221 2262 ι
3252 2209 3404 2264 llun-

1810 2297 1911 2352 dus
1935 2297 2220 2368 gaudebit,
2250 2313 2348 2354 vos
2385 2296 2677 2366 lugebitis?
2704 2318 2723 2348 ι
2758 2298 2940 2367 (Joan.
2973 2314 3082 2365 va,
3134 2299 3252 2370 20.)
3283 2299 3402 2366 Qua

1811 2401 1922 2457 spe,
1955 2403 2060 2477 qua
2091 2389 2454 2458 promissione
2491 2387 2650 2458 paulo
2681 2398 2804 2458 post
2835 2388 3121 2444 subditur:
3155 2409 3172 2442 ι
3202 2387 3403 2445 lterum

1811 2477 2004 2530 videbo
2028 2493 2143 2541 vos,
2175 2487 2230 2531 et
2252 2477 2508 2548 gaudebit
2547 2492 2642 2532 cor
2663 2485 2924 2542 vestrum,
2950 2487 3003 2532 et
3025 2479 3283 2558 gaudium
3309 2493 3410 2534 ve-

1810 2575 1980 2619 strum
1997 2579 2154 2619 nemo
2176 2563 2387 2618 auferat
2413 2581 2444 2618 a
2468 2565 2621 2619 vobis
2653 2563 2840 2635 (Ibid.,
2859 2564 2975 2636 22).
2999 2585 3016 2616 ι
3046 2565 3185 2621 Hinc
3208 2567 3406 2623 iterum

1809 2653 2090 2722 discipulis
2145 2653 2277 2708 dicit
2325 2671 2340 2706 :
2390 2671 2409 2705 ι
2444 2653 2500 2708 In
2533 2655 2792 2724 patientia
2822 2664 3001 2710 vestra
3055 2655 3406 2726 possidebitis

1810 2741 2021 2796 animas
2073 2749 2279 2796 vestras
2319 2740 2469 2812 (Luc.
2524 2759 2641 2808 xxi,
2669 2742 2780 2811 19).
2814 2762 2834 2795 ι
2887 2743 3146 2809 Pensate,
3199 2761 3404 2813 quaeso,

1810 2831 1901 2887 ubi
1933 2833 2041 2888 erit
2067 2817 2352 2904 patientia,
2383 2833 2428 2889 si
2457 2834 2609 2890 deest
2635 2834 2779 2904 quod
2804 2834 3095 2894 toleratur.
3149 2832 3268 2889 Non
3306 2850 3400 2891 suo

1809 2924 1990 2994 spicor
2034 2925 2181 2980 enim
2206 2924 2343 2980 Abel
2364 2939 2486 2981 esse
2510 2940 2671 2996 quem
2702 2922 2836 2979 Cain
2862 2923 3064 2978 malitia
3104 2939 3212 2985 non
3248 2939 3406 2979 exero

1809 3014 2003 3069 cucrit.
2027 3013 2162 3068 Boni
2193 3015 2339 3070 enim
2368 3015 2486 3070 sine
2513 3014 2671 3069 malis
2693 3014 2738 3068 si
2765 3013 2990 3080 fuerint,
3017 3011 3257 3083 perfecte
3281 3028 3404 3069 esse

1809 3105 1936 3160 boni
1969 3121 2075 3160 non
2109 3115 2356 3175 possunt,
2387 3107 2515 3176 quia
2546 3106 2768 3160 minime
2801 3114 3120 3176 purgantur.
3152 3105 3272 3175 lpsa
3304 3120 3405 3160 au-

114 3195 267 3252 rant,
299 3189 352 3242 in
381 3189 752 3258 increpatione
779 3192 1170 3262 prosiluissent,
1206 3196 1282 3250 ait
1308 3215 1320 3249 :
1352 3215 1369 3247 ι
1397 3196 1536 3252 Ecce
1558 3198 1700 3252 enim
1730 3193 1776 3256 C
1810 3205 1916 3251 tem
1945 3197 2209 3250 malorum
2232 3195 2463 3250 societas
2485 3195 2736 3266 purgatio
2758 3196 3020 3250 bonorum
3047 3203 3152 3250 est.
3181 3195 3316 3251 Tres
3338 3195 3396 3250 in
3455 3192 3461 3200 ’

115 3281 181 3335 de
208 3280 348 3336 coelo
371 3283 523 3338 testis
548 3299 702 3339 meus
726 3292 783 3339 et
808 3285 1060 3342 conscius
1087 3287 1142 3342 in
1186 3289 1417 3344 excelsis
1440 3287 1562 3361 (Job
1585 3305 1698 3355 xvr,

111 3373 230 3443 20).
266 3393 284 3426 ι
325 3373 424 3441 Qui
454 3377 596 3430 enim
625 3377 745 3432 vita:
773 3394 885 3433 su:e
925 3380 977 3434 in
1015 3379 1152 3435 etelo
1183 3389 1372 3436 testem
1403 3381 1588 3446 habet,
1611 3379 1701 3451 ju-

113 3463 258 3516 dicia
309 3463 588 3520 hominum
643 3467 1029 3536 pertimescere
1080 3470 1132 3524 in
1181 3478 1326 3524 terra
1376 3486 1482 3527 non
1519 3471 1698 3527 debet.

117 3552 240 3606 Dux
287 3569 499 3624 quoque
539 3556 803 3612 bonorum
833 3558 1034 3614 Paulus
1070 3560 1241 3615 dicit:
1277 3579 1295 3612 ‹
1333 3560 1481 3632 Opus
1516 3571 1698 3618 autem

112 3658 278 3698 suum
315 3646 510 3713 probet
537 3650 932 3718 unusquisque,
966 3657 1023 3704 et
1059 3650 1138 3706 sic
1179 3651 1231 3704 in
1257 3653 1550 3723 semetipso
1583 3661 1702 3708 tan-

116 3743 233 3788 tum
265 3735 486 3802 gloriam
520 3737 758 3805 habebit,
787 3749 841 3795 et
870 3755 976 3795 non
1005 3740 1057 3794 in
1085 3740 1259 3797 altero
1287 3741 1430 3815 (Gal.
1457 3759 1531 3810 vr,
1565 3743 1642 3815 4).
1675 3763 1696 3798 ι

115 3823 174 3878 Si
235 3827 380 3880 enim
452 3836 545 3882 aut
603 3829 853 3887 laudibus
921 3831 1210 3900 laetamur,
1277 3842 1371 3888 aut
1423 3834 1697 3905 vitupera-

115 3916 270 3971 tione
315 3917 638 3988 frangimur,
690 3929 930 3976 nostram
978 3923 1207 3994 gloriam
1255 3939 1361 3980 non
1415 3925 1470 3980 in
1519 3926 1696 3993 nobis,

113 4006 214 4062 sed
265 4006 318 4060 iu
361 4007 588 4062 aliorum
613 4024 708 4066 ore
737 4011 1036 4081 posuimus.
1070 4012 1172 4067 Et:
1201 4029 1220 4064 ι
1255 4013 1441 4069 Fatua:
1467 4015 1701 4087 virgines

113 4099 295 4155 oleum
327 4101 379 4155 in
403 4101 549 4156 vasis
574 4103 687 4157 suis
733 4118 839 4158 non
866 4113 1242 4174 sumpserunt;
1287 4106 1561 4176 sapientes
1599 4123 1700 4162 au-

113 4202 229 4247 tem
262 4203 609 4264 sumpserunt
647 4194 825 4251 oleum
860 4197 913 4251 in
947 4197 1092 4252 vasis
1131 4198 1248 4253 suis
1275 4215 1398 4253 cum
1439 4199 1701 4272 lampadi-

111 4287 218 4340 bus
257 4285 470 4356 (Matth.
504 4303 631 4352 xxv,
660 4288 713 4354 5,
737 4289 830 4360 4);
864 4309 882 4343 ι
946 4289 1222 4361 lampades
1266 4291 1462 4361 quippe
1501 4300 1701 4347 nostra:

110 4381 258 4434 bona
289 4387 413 4432 sunt
442 4394 637 4449 opera,
669 4381 736 4436 de
760 4381 956 4451 quibus
995 4381 1258 4451 scriptum
1287 4393 1371 4437 est
1398 4400 1412 4436 :
1444 4401 1462 4434 ι
1495 4382 1699 4438 Luceat

111 4469 208 4523 lux
232 4476 412 4523 vestra
439 4485 622 4524 coram
650 4471 977 4537 hominibus,
1005 4481 1063 4526 ut
1086 4472 1304 4527 videant
1328 4487 1492 4542 opera
1517 4480 1697 4528 vestra

115 4559 286 4622 bona,
333 4567 390 4613 et
434 4559 739 4628 gloriﬁcent
777 4560 997 4616 Patrem
1046 4571 1287 4617 vestrum
1318 4562 1410 4632 qui
1453 4563 1508 4616 in
1543 4561 1698 4618 ctelis

110 4647 444 4717 estwalth.
474 4665 525 4713 ν,
555 4649 666 4720 l6).
700 4670 720 4703 ι
787 4650 940 4705 Tunc
987 4659 1169 4706 autem
1213 4651 1393 4707 oleum
1451 4653 1506 4707 in
1553 4654 1698 4709 vasis

111 4755 242 4794 cum
265 4738 604 4809 lampadibus
624 4739 909 4805 sumimus,
934 4741 1150 4810 quando
1185 4741 1252 4796 de
1285 4742 1443 4797 bonis
1489 4742 1700 4798 actibus

111 4830 351 4884 nitorem
382 4828 567 4899 gloriae
604 4845 710 4882 non
752 4845 782 4883 a
821 4829 1169 4886 laudantibus
1212 4832 1478 4900 proximis
1503 4832 1700 4900 quani.

110 4936 262 4986 ntus,
293 4920 387 4975 sed
415 4921 531 4975 htec
561 4920 704 4974 intra
733 4920 1099 4977 testimonium
1129 4923 1476 4978 conscientia:
1516 4938 1702 4978 serva-

110 5028 262 5086 mus,
310 5012 364 5066 in
405 5027 566 5068 omne
607 5015 958 5082 autemquod
989 5014 1056 5068 de
1096 5014 1253 5070 nobis
1293 5023 1448 5068 extra
1479 5014 1698 5079 dicitur,

112 5117 406 5160 recurrere
440 5104 508 5158 ad
566 5119 768 5158 arcana
816 5105 1012 5160 mentis
1057 5105 1336 5160 debemus.
1367 5104 1482 5159 Etsi
1510 5119 1699 5159 omnes

116 5199 450 5268 vituperent,
477 5197 613 5252 liber
649 5207 734 5253 est
760 5213 920 5267 quam
952 5198 1283 5254 conscientia
1324 5212 1432 5253 non
1461 5204 1699 5262 accusat,

112 5289 271 5360 quia,
303 5299 358 5344 et
381 5291 426 5344 si
453 5305 644 5345 omnes
673 5291 913 5354 laudant,
965 5291 1104 5346 liber
1135 5305 1256 5345 esse
1296 5305 1400 5343 non
1441 5299 1619 5358 potest
1656 5287 1700 5342 si

114 5382 267 5438 hunc
306 5382 633 5436 conscientia
661 5390 901 5436 accusat.
935 5382 1009 5435 De
1033 5381 1242 5436 Joanne
1271 5378 1484 5435 Veritas
1532 5379 1696 5435 dicit:

121 5493 141 5524 ι
175 5440 316 5539 ραιῆ
344 5472 535 5528 existis
565 5473 617 5526 iu
647 5473 920 5528 desertum
947 5473 1163 5527 videre?
1190 5472 1510 5527 arundinem
1540 5483 1701 5528 vento

118 5566 421 5635 agitatam?
452 5586 468 5618 ι
505 5563 718 5640 (Matth.
748 5582 823 5632 xl,
856 5565 932 5637 7.)
964 5565 1116 5634 Quod
1139 5559 1389 5622 videlicet
1419 5582 1516 5638 per
1544 5583 1704 5638 nega-

119 5658 330 5714 tionem
369 5658 569 5714 dicitur
595 5674 702 5714 non
725 5671 823 5729 per
855 5659 1343 5724 confirmationem,
1368 5674 1491 5720 cum
1519 5659 1704 5714 subdi-

117 5757 253 5803 tur:
285 5766 305 5800 ι
335 5747 440 5804 Sed
478 5749 609 5820 quid
636 5749 829 5804 existis
861 5749 1083 5805 videre?
1130 5749 1407 5805 hominem
1455 5748 1704 5806 mollibus

1808 3303 1935 3343 arca
1965 3287 2063 3342 ﬁlii
2091 3285 2203 3342 Noe
2245 3288 2494 3352 fuerunt;
2547 3302 2688 3342 unus
2735 3287 2926 3342 irrisor
2972 3287 3141 3357 patris
3183 3288 3394 3344 exstitit

1805 3376 1959 3452 (Gen.
2013 3395 2103 3444 ix,
2134 3378 2227 3451 22)
2256 3419 2270 3446 ,
2312 3379 2405 3449 qui
2445 3378 2547 3433 etsi
2611 3379 2665 3432 in
2721 3393 2781 3434 se
2839 3377 3156 3434 benedictus
3203 3377 3391 3445 fuerit,

1804 3468 2202 3525 maledictionis
2252 3478 2432 3524 tamen
2483 3467 2810 3524 sententiam
2861 3470 2914 3523 iu
2982 3469 3093 3524 filio
3144 3468 3388 3539 suscepit

1805 3559 1995 3630 (lbid.,
2026 3559 2140 3629 25).
2205 3559 2350 3614 Duos
2391 3559 2688 3624 Abraham,
2742 3559 3060 3629 priusquam
3105 3559 3400 3615 Cethuram
3489 3567 3498 3580 ’

1805 3666 2031 3706 uxorem
2084 3651 2376 3722 acciperet,
2417 3651 2555 3706 filios
2581 3651 2791 3716 habuit,
2823 3653 2920 3706 sed
2952 3661 3130 3707 tamen
3161 3651 3401 3707 carnalis

1802 3747 1922 3817 ejus
1971 3746 2408 3816 repromissionis
2453 3754 2537 3800 est
2591 3744 2760 3800 illium
2814 3754 3156 3816 persecutus.
3239 3744 3398 3813 Quod

1805 3851 2032 3908 magnus
2071 3839 2262 3891 doctor
2329 3835 2583 3906 exponit,
2642 3835 2886 3891 dicens:
2936 3854 2956 3888 ι
3003 3834 3155 3891 Sicut
3205 3836 3252 3892 is
3302 3835 3397 3906 qul

1804 3925 2101 3980 secundum
2124 3940 2345 3980 carnem
2371 3933 2478 3990 est,
2502 3926 2931 3995 persequebatur
2949 3940 3070 3980 eum
3095 3925 3185 3996 qui
3208 3939 3397 3981 secun-

1804 4015 1931 4070 (lum
1964 4013 2252 4084 Spiritum,
2279 4014 2350 4070 ita
2393 4024 2450 4070 et
2474 4029 2616 4070 nunc
2643 4011 2786 4088 (Gal.
2815 4030 2891 4080 tv,
2917 4013 3033 4085 29).
3060 4013 3204 4069 Duos
3241 4013 3390 4069 Isaac

1804 4109 1944 4164 ﬁlios
1971 4108 2184 4173 habuit,
2231 4108 2327 4164 sed
2371 4123 2532 4172 unus,
2585 4108 2677 4178 qui
2709 4106 2969 4178 spiritalis
3009 4106 3242 4173 exstitit,
3269 4113 3395 4160 ante

1803 4203 1980 4257 minas
2016 4201 2202 4256 fratris
2230 4201 2468 4257 carnalis
2509 4201 2646 4271 fugit
2673 4199 2824 4272 (Gen.
2864 4215 3038 4265 xxm,
3083 4199 3199 4269 45).
3249 4199 3392 4254 Duo-

1804 4293 1980 4348 decim
2002 4289 2172 4346 Jacob
2221 4289 2361 4344 filios
2401 4289 2614 4354 habuit,
2637 4291 2731 4343 sed
2769 4305 2935 4344 unum
2961 4290 3052 4358 qui
3085 4289 3287 4345 rectius
3309 4290 3394 4344 vi-

1803 4384 1986 4448 vebat,
2011 4384 2198 4438 decem
2245 4383 2298 4436 in
2327 4381 2566 4452 Egypto
2596 4380 2952 4435 vendiderunt
3001 4378 3154 4451 (Gen.
3178 4395 3391 4445 xxxvn,

1805 4474 1919 4546 36).
1985 4474 2043 4529 In
2100 4472 2270 4528 David
2333 4473 2616 4542 propheta,
2664 4470 2792 4541 quia
2827 4469 2942 4538 fuit
2980 4469 3122 4537 quod
3171 4468 3391 4539 purgari

1729 4546 1776 4607 υ
1806 4565 2100 4628 debuisset,
2139 4576 2319 4618 actum
2360 4571 2445 4616 est
2487 4569 2546 4615 ut
2588 4569 2990 4631 persecutorem
3032 4558 3198 4612 [ilium
3239 4569 3390 4628 pate-

1806 4666 1958 4712 retur
1982 4655 2066 4726 (II
2096 4655 2226 4724 Reg,
2259 4669 2350 4720 xv,
2400 4654 2511 4724 16).
2560 4652 2758 4706 Beatus
2793 4649 2894 4704 Job
2925 4651 2988 4704 de
3023 4648 3284 4704 societate
3310 4663 3394 4703 re-

1807 4749 2100 4819 proborum
2133 4747 2263 4801 dicit
2296 4764 2310 4800 :
2342 4764 2360 4797 ι
2397 4744 2589 4798 Frater
2640 4741 2715 4795 fui
2763 4741 3084 4804 draconum,
3125 4747 3180 4794 et
3209 4738 3394 4793 socius

1805 4841 2170 4896 struthionum
2193 4837 2316 4909 (Job
2347 4853 2477 4902 xxx,
2504 4835 2648 4906 29).»
2678 4833 2758 4888 Ad
2776 4831 3110 4887 Ezechielem
3136 4830 3397 4886 Dominus

1809 4934 1925 4987 ait:
1957 4951 1976 4983 ι
2009 4931 2110 4984 Fili
2159 4928 2417 4989 hominis,
2470 4924 2734 4980 increduli
2781 4931 2838 4978 ct
2873 4922 3225 4978 subversores
3271 4928 3398 4974 sunt

1809 5029 2083 5087 tecum,et
2109 5036 2232 5075 cum
2265 5018 2652 5088 scorpionibus
2680 5016 2893 5070 habitas
2928 5013 3146 5072 (Ezech.
3176 5028 3235 5078 ιι,
3262 5009 3338 5073 6).
3369 5029 3392 5067 ι

1807 5113 2078 5168 Interdum
2129 5109 2584 5165 interduodecim
2633 5105 2908 5177 apostolos
2949 5117 3090 5171 unus
3131 5103 3394 5173 reprobus

1807 5205 2001 5259 mistus
2026 5211 2110 5257 est
2139 5200 2320 5271 (Joan.
2378 5215 2454 5260 vi,
2503 5199 2617 5266 Ἠ),
2657 5183 2718 5251 ut
2768 5203 2914 5250 esset
2955 5191 3110 5261 cujus
3136 5208 3394 5262 persecu-

1805 5295 1953 5349 tione
2007 5291 2258 5347 undecim
2310 5296 2668 5343 tentarcutur.
2717 5283 3101 5354 Apostolorum
3137 5284 3391 5353 princeps

1805 5383 2086 5454 discipulis
2107 5381 2365 5451 loquitur,
2383 5379 2567 5433 dicens
2591 5395 2604 5430 :
2631 5375 2886 5432 t'Justum
2911 5374 3047 5430 Loth
3069 5388 3391 5444 oppressum

1805 5492 1834 5531 a
1865 5475 2219 5532 nefandorum
2253 5471 2450 5541 injuria
2497 5470 2724 5540 eripuit;
2775 5478 2995 5538 aspectu
3043 5468 3188 5521 enim
3217 5476 3393 5520 etau-

1805 5567 1920 5622 ditu
1961 5564 2144 5634 justus
2203 5570 2362 5625 erat,
2425 5560 2584 5630 277
2625 5559 2874 5613 habitans
2907 5572 3028 5613 eum
3067 5557 3168 5622 eis,
3199 5558 3289 5626 qui
3325 5556 3392 5610 de

1806 5659 1893 5714 die
1937 5657 1990 5710 in
2021 5655 2164 5710 diem
2199 5653 2435 5707 animam
2477 5649 2608 5717 justi
2642 5649 2842 5718 iniquis
2886 5649 3139 5718 operibus
3179 5662 3393 5701 crucia-

1809 5750 1934 5804 baut
1967 5745 2050 5818 (fl
2082 5741 2226 5798 Patr.
2267 5757 2332 5809 ιι,
2360 5742 2414 5809 7,
2440 5740 2518 5810 8).
2550 5758 2571 5793 ι
2617 5738 2818 5794 Paulus
2855 5751 3074 5807 quoque
3120 5735 3396 5805 apostolus
