3894 5320
1336 319 1624 373 AI‘PEND.
1664 318 1754 370 Αυ
1794 315 1965 371 ΒΑΞΟ.
2005 315 2094 370 IX.
2133 343 2203 356 --
2241 310 2486 368 ISH)0RI
2524 307 2957 365 MERCATONS

3659 305 3775 360 1116

541 436 816 508 discipulis
845 435 1082 506 loquitur
1107 433 1320 489 dicens:
1345 451 1363 483 ι
1395 432 1450 485 In
1482 431 1658 486 medio
1687 429 1921 483 nationis
1943 442 2120 497 pravue
2151 437 2194 493 Α
2224 427 2290 480 de
2333 441 2431 479 ore
2473 421 2768 491 conqniuat
2809 420 3080 475 hominem
3139 418 3360 490 (Matth.
3399 433 3494 482 xv,
3526 418 3658 489 ll);
3693 439 3711 470 ι
3739 432 3777 477 ει

486 596 488 598 τ
541 541 598 585 et
633 543 923 600 perversae,
959 527 1098 579 inter
1127 539 1266 594 quos
1309 522 1501 577 lucetis
1547 520 1693 574 sicut
1744 519 2031 573 luminaria
2064 519 2116 572 in

535 619 764 681 ιιιιιιιιιθ,
792 617 1013 670 verbum
1039 616 1159 669 vita:
1182 614 1520 668 continentes
1541 609 1760 682 (Philip.
1789 625 1847 673 ιι,
1869 606 2075 675 15,1ΰ).
2093 625 2112 658 ι

544 708 684 775 Quia
721 721 873 777 ergo,
910 705 1188 773 Scriptura
1226 711 1384 765 teste,
1411 701 1759 771 cognovimus
1789 697 1840 750 in
1869 696 1967 750 hac
2009 696 2120 748 vita

529 801 717 854 -bonos
743 797 858 851 sine
891 794 1046 848 malis
1071 806 1190 846 esse
1216 805 1320 844 non
1351 804 1530 859 posse,
1555 789 1621 841 de
1658 785 1943 840 stultorqu
1973 782 2120 836 voci-

545 892 646 943 bus
683 884 1001 942 excellentia
1032 890 1207 936 vestra
1257 877 1462 932 turbari
1514 875 1818 930 nullatenus
1851 872 2028 934 debet,
2065 877 2123 924 et

544 977 783 1033 inaxime
829 975 880 1028 in
924 968 1283 1039 omnipotenti
1314 968 1425 1022 Deo
1463 975 1590 1019 tunc
1636 971 1785 1018 certa
1816 961 2008 1015 fiducia
2037 967 2120 1014 est

536 1068 756 1140 quando
802 1081 901 1136 pro
944 1065 1086 1118 bono
1114 1073 1276 1130 opere
1319 1056 1665 1113 adversitatis
1710 1053 1909 1122 aliquid
1937 1052 1989 1105 in
2021 1052 2123 1105 hoc

543 1159 746 1216 mundo
791 1154 1071 1224 recipitur,
1107 1143 1164 1204 ut
1196 1150 1352 1220 plena
1398 1161 1606 1202 merces
1633 1145 1685 1200 in
1711 1153 1912 1200 aeterna
1960 1141 2121 1196 retri-

540 1250 762 1306 butione
813 1253 1080 1301 servetur.
1124 1239 1276 1297 Unde
1326 1239 1378 1293 in
1425 1246 1613 1292 sancto
1643 1233 1932 1304 Evangelia
1956 1231 2117 1286 dicit:

544 1361 564 1392 ι
600 1339 746 1394 Beati
774 1336 930 1392 eritis
958 1349 1080 1389 cum
1113 1331 1372 1386 adversus
1403 1343 1496 1382 vos
1525 1341 1684 1382 onme
1731 1324 1930 1379 malum
1973 1321 2124 1376 dixe-

541 1431 651 1485 rint
709 1426 980 1490 homines,
1011 1421 1346 1484 {mentientes
1415 1425 1635 1488 propter
1687 1429 1884 1468 nomen
1943 1425 2122 1467 meum

539 1520 759 1591 (Matth.
797 1534 850 1583 v,
878 1517 988 1584 11).
1033 1533 1052 1567 ι
1084 1511 1187 1580 Qui
1218 1511 1269 1566 in
1295 1509 1665 1566 consolatione
1703 1514 1889 1561 nostra
1925 1519 2021 1558 sua
2068 1501 2121 1557 in

540 1611 845 1682 exemplum
876 1607 1145 1663 adducere
1171 1602 1457 1674 opprobria
1497 1599 1746 1670 dignatus
1774 1605 1878 1659 est,
1903 1597 2120 1652 dicens:

544 1727 565 1758 ι
597 1707 653 1761 Si
685 1698 1129 1776 patremfamilias
1180 1694 1478 1750 Beelzebub
1525 1699 1874 1765 vocaverunt,
1917 1693 2122 1758 quanto

543 1796 711 1866 magis
739 1790 1068 1847 domesticos
1095 1787 1232 1857 ejus.
1271 1804 1288 1837 ι
1317 1783 1531 1853 (Matth.
1562 1797 1618 1844 χ,
1645 1779 1762 1850 25.)

611 1885 750 1940 Sunt
782 1892 962 1937 autem
993 1878 1236 1949 plerique
1265 1875 1359 1946 qui
1399 1872 1564 1928 vitam
1592 1870 1856 1926 bonorum
1889 1868 2121 1922 fortasse

546 1975 776 2046 amplius
809 1988 970 2044 quam
1002 1970 1219 2034 debent,
1250 1967 1486 2020 laudant.
1521 1964 1587 2018 Et
1623 1978 1689 2018 ne
1717 1977 1822 2031 qua
1850 1960 2016 2014 elatio
2053 1958 2122 2013 de

543 2067 706 2120 laude
734 2065 1011 2132 subrepat,
1038 2059 1304 2130 permittit
1331 2055 1672 2126 omnipotens
1706 2052 1848 2106 Deus
1873 2051 2043 2106 malos
2065 2049 2121 2103 in

546 2148 995 2210 obtrectationem
1035 2159 1090 2204 et
1118 2146 1550 2217 obiurgationem
1580 2155 1953 2214 prorumpere,
1991 2139 2124 2194 utsi

544 2262 652 2314 qua
683 2243 839 2314 culpa
884 2242 952 2296 ab
980 2255 1078 2295 ore
1114 2237 1443 2292 laudantium
1489 2235 1542 2289 in
1573 2232 1736 2288 corde
1763 2232 2031 2293 nascitur,
2057 2231 2126 2285 ab

545 2351 644 2390 ore
674 2331 1092 2402 vituperantium
1127 2326 1438 2383 suﬂ‘oeetur.
1473 2324 1609 2378 llinc
1647 2330 1730 2377 est
1756 2319 1900 2389 quod
1929 2319 2128 2374 Doctor

545 2425 784 2495 gentium
807 2437 865 2476 se
897 2421 948 2474 in
982 2417 1362 2490 praedicatione
1387 2427 1614 2468 currere
1644 2418 1898 2474 testantur,
1933 2427 1951 2462 t
1987 2408 2129 2463 inter

547 2513 823 2568 infamiam
870 2521 926 2565 et
967 2513 1162 2565 bonam
1212 2508 1410 2561 famam
1459 2503 1542 2574 (II
1574 2501 1698 2557 Cor.
1744 2517 1818 2562 vi,
1844 2501 1921 2569 8).
1957 2520 1974 2552 ι
2027 2498 2129 2565 Qui

545 2607 710 2661 etiam
743 2603 897 2668 dicit,
933 2620 952 2653 ι
996 2611 1055 2654 ιιι
1100 2601 1412 2655 seductores
1440 2604 1496 2651 et
1525 2610 1747 2648 veraces
1779 2593 1967 2663 (Ibid.)
2004 2611 2023 2643 ι
2071 2591 2129 2645 Si

541 2699 714 2768 igitur
739 2695 975 2756 fuerunt,
1008 2694 1098 2762 qui
1131 2691 1326 2745 malam
1360 2689 1557 2743 famam
1578 2686 1743 2740 Paulo
1771 2686 2128 2754 imponerent,

549 2789 639 2858 qui
668 2789 813 2842 hunc
846 2787 1184 2839 seductorem
1228 2791 1505 2844 vocarent,
1549 2779 1672 2848 quis
1701 2793 1832 2846 ergo
1862 2775 2129 2832 Christia-

547 2893 652 2932 nus
676 2878 834 2931 debet
863 2874 1140 2945 indignum
1185 2874 1382 2928 ducere
1411 2887 1507 2940 pro
1535 2870 1750 2924 Christo
1782 2866 2008 2935 injurias
2036 2881 2131 2921 au-

550 2966 705 3020 dire?
753 2967 978 3030 Quantae
1005 2973 1182 3015 autem
1212 2962 1429 3015 virtutis
1465 2974 1766 3029 praeeursor
1809 2958 1976 3013 nostri
2021 2956 2132 3010 Re-

552 3055 849 3124 demptoris
890 3054 1049 3109 fuerit
1077 3053 1342 3114 novimus,
1377 3051 1468 3120 qui
1499 3065 1594 3119 per
1618 3064 1831 3104 sacrum
1860 3047 2130 3118 eloquium

551 3161 657 3201 non
707 3144 879 3200 solmn
926 3145 1203 3212 plusquam
1236 3144 1519 3212 propheta,
1560 3139 1655 3194 sed
1704 3139 1870 3194 etiam
1903 3136 2127 3208 angelus

549 3245 776 3292 vocatur
804 3233 1018 3306 (Matth.
1048 3251 1108 3297 ιι,
1162 3234 1217 3298 9,
1265 3233 1394 3302 10);
1425 3241 1476 3287 et
1526 3241 1724 3295 tamen,
1770 3229 1911 3284 sicut
1952 3227 2126 3284 cccle-

551 3327 774 3381 siastica
810 3327 1032 3380 historia
1064 3333 1316 3387 testatur,
1345 3331 1464 3392 post
1491 3332 1718 3376 mortem
1761 3337 1789 3373 a
1822 3328 2128 3390 perseeuto-

554 3419 705 3474 ribus
758 3432 953 3486 corpus
1000 3415 1118 3483 ejus
1155 3415 1432 3468 incensum
1477 3421 1580 3467 est.
1619 3410 1725 3465 Sed
1775 3409 1869 3480 qui
1917 3409 2019 3463 ista
2065 3408 2130 3462 de

555 3509 759 3562 sanctis
781 3507 1028 3560 omnibus
1059 3505 1338 3569 Dominus,
1357 3503 1422 3556 de
1451 3502 1567 3571 ipso
1588 3510 1773 3555 sancto
1797 3509 2128 3562 sanctorum,

556 3598 608 3651 id
638 3607 721 3651 est
751 3596 819 3650 de
854 3595 983 3659 Deo,
1009 3595 1098 3664 qui
1131 3610 1229 3663 pro
1260 3594 1416 3647 nobis
1443 3592 1606 3646 homo
1630 3589 1804 3645 factus
1831 3599 1913 3643 est
1944 3587 2127 3657 (Joan.

555 3703 598 3751 I,
629 3687 740 3756 14),
783 3687 1086 3754 loquamur,
1131 3684 1220 3754 qui
1249 3692 1374 3738 ante
1402 3681 1675 3753 iniuriam,
1705 3680 1830 3749 quia
1867 3679 2132 3734 daemonia

554 3783 777 3836 haberet
806 3779 988 3851 (Joau.
1021 3795 1138 3842 vni,
1177 3777 1294 3848 68),
1324 3777 1551 3840 audivit,
1597 3783 1716 3844 post
1745 3781 1974 3828 tnortem
2003 3785 2133 3827 vero

555 3889 583 3924 ει
615 3872 731 3926 suis
777 3869 1216 3940 persecutoribus
1255 3868 1510 3922 seductor
1538 3865 1835 3935 appellatus
1875 3872 1977 3929 est,
2009 3877 2132 3917 cmn

557 3960 805 4014 dicerent
843 3975 858 4012 :
907 3976 925 4008 ι
954 3957 1168 4012 Scimus
1197 3955 1324 4024 quia
1373 3954 1624 4008 seductor
1651 3952 1741 4007 ille
1765 3951 1900 4005 dixit
1945 3967 1958 4004 :
2008 3951 2136 4006 Post

556 4057 668 4102 tres
697 4047 810 4102 dies
835 4060 1108 4115 resurgam
1133 4044 1344 4114 (Matth.
1364 4057 1533 4105 xxvn,
1551 4041 1696 4110 05).»
1722 4040 1932 4107 Quanta
1953 4049 2134 4094 autem

559 4154 657 4192 nos
688 4147 1001 4208 peccatores
1029 4153 1060 4191 a
1095 4136 1277 4206 lingua
1302 4135 1386 4190 vel
1417 4134 1665 4188 manibus
1706 4131 2014 4201 iniquorum
2039 4131 2137 4185 ho-

561 4232 764 4285 minum
793 4237 1011 4300 portare
1037 4242 1259 4283 necesse
1287 4236 1390 4292 est,
1431 4227 1520 4296 qui
1568 4225 1620 4280 in
1661 4224 1892 4279 adventu
1943 4219 2133 4276 interni

551 4326 607 4398 in
632 4325 750 4379 ficis
773 4323 1048 4392 judicandi
1078 4337 1284 4385 sumus,
1317 4321 1362 4374 si
1398 4330 1454 4375 et
1486 4321 1600 4390 ipse
1629 4328 1778 4372 tanta
1809 4317 1974 4371 etiam
2003 4323 2135 4384 post

561 4425 790 4470 mortem
829 4413 1050 4483 pertulit
1086 4411 1181 4481 qui
1202 4409 1369 4477 judex
1414 4413 1578 4464 venit.
1625 4409 1771 4475 ilice,
1821 4407 2132 4464 dulcissima

565 4515 621 4562 et
675 4481 1125 4560 excellentissima
1173 4499 1308 4564 lilia,
1361 4499 1596 4552 breviter
1645 4498 1780 4563 dixi,
1819 4513 1887 4552 ne
1926 4496 2137 4567 quoties
2167 4481 2213 4540 D

560 4595 754 4648 stultos
801 4592 1048 4646 homines
1093 4588 1190 4644 tibi
1241 4588 1502 4656 derogare
1552 4587 1852 4656 cognoscis,
1898 4586 2138 4656 qualibet

555 4686 644 4739 vel
667 4682 891 4754 parvula
912 4679 1105 4735 mentis
1131 4678 1355 4733 tristitia
1386 4676 1643 4746 tangaris.
1673 4675 1780 4730 Sed
1805 4675 1928 4745 quia
1959 4675 2134 4730 sedari

561 4775 664 4828 hoc
692 4774 866 4843 ipsum
913 4769 1200 4824 stultorum
1230 4766 1509 4823 hominum
1559 4780 1804 4820 murmur
1851 4763 2138 4832 tranquilla

565 4868 771 4919 ratione
793 4872 992 4932 potest,
1018 4867 1298 4929 peccatum
1325 4856 1506 4920 credo,
1535 4857 1577 4911 si
1607 4857 1803 4910 bonum
1825 4855 1969 4925 quod
1997 4854 2138 4910 valet

565 4956 680 5010 fieri
731 4954 1037 5023 negligitur,
1091 4960 1148 5005 ut
1190 4949 1302 5004 fiat.
1336 4949 1468 5002 Nam
1497 4963 1619 5002 etim
1664 4946 1878 5017 placare
1921 4946 2138 5001 insanas

567 5057 770 5078 ...ωηερε
800 5054 962 5078 ηιηιιο
990 5043 1056 5078 ml
1079 5041 1306 5078 cululasn
1351 5039 1604 5078 rathlnnl'n
1649 5052 1936 5078 miserimus
1985 5051 2139 5078 suum-

2217 516 2464 584 discipuli
2497 514 2883 583 responderent
2919 513 3204 566 dicentes:
3243 533 3262 562 ε
3290 510 3416 566 Seis
3454 512 3582 579 quia
3611 511 3777 567 Phari-

2219 604 2334 666 saei,
2366 603 2548 656 audito
2568 601 2671 654 hoc
2690 601 2876 667 verbo,
2899 599 3249 654 scandalizati
3276 609 3403 654 sunt
3426 599 3617 670 (ἥξει,
3636 601 3741 669 12),
3761 622 3774 654 ι

2218 695 2460 766 protinus
2493 692 2820 761 respondit:
2875 709 2895 742 ι
2931 691 3123 748 Omnis
3166 690 3434 760 plantatio
3481 707 3646 760 quam
3694 709 3779 747 non

2220 782 2481 851 plantavit
2516 783 2676 837 Pater
2721 793 2874 836 meus
2917 779 3180 845 caelestis,
3211 781 3617 846 eradicabitur;
3647 782 3780 837 sinite

2219 873 2356 935 illos,
2381 875 2507 930 caeci
2537 883 2663 929 sunt
2686 882 2743 929 et
2782 872 2945 927 duces
2970 887 3240 927 caecorum
3264 871 3470 941 (Ibid.,
3517 873 3609 936 l3,
3641 873 3777 942 14).»

2220 966 2287 1020 Et
2337 975 2514 1020 tamen
2564 980 2686 1019 cum
2719 963 2977 1018 tributum
3021 970 3324 1032 peteretur,
3353 963 3512 1032 prius
3541 964 3781 1018 rationem

2224 1056 2475 1120 reddidit,
2505 1071 2602 1126 per
2629 1069 2792 1125 quam
2822 1054 3080 1108 tributum
3121 1053 3337 1109 solvere
3385 1068 3499 1107 non
3531 1053 3783 1118 deberent,

2219 1146 2438 1218 (Matth.
2465 1163 2596 1211 xvu,
2628 1146 2740 1215 2i),
2763 1137 2927 1215 atque
2951 1145 3094 1200 illico
3111 1144 3400 1215 subjunxit
3429 1163 3445 1199 :
3493 1165 3514 1198 ι
3553 1145 3783 1202 Utauten

2222 1255 2327 1294 non
2356 1240 2786 1295 scandalizemus
2809 1253 2925 1303 eos,
2969 1239 3104 1294 vade
3150 1239 3220 1293 ad
3251 1255 3410 1293 mare
3435 1247 3496 1293 et
3524 1240 3677 1294 mitte
3714 1241 3786 1294 ha-

2223 1346 2391 1394 mum,
2417 1338 2472 1382 et
2497 1344 2620 1384 eum
2644 1329 2844 1399 piscem
2872 1328 2963 1398 qui
2993 1329 3146 1398 prius
3188 1328 3534 1393 ascenderit,
3565 1328 3707 1394 tolle,
3747 1341 3787 1384 et

2222 1433 2408 1496 aperto
2433 1440 2529 1480 ore
2581 1424 2698 1494 ejus
2745 1423 2984 1478 invenies
3025 1431 3311 1488 staterem,
3359 1431 3423 1478 et
3476 1425 3786 1487 elimati:

2223 1517 2372 1572 illum
2402 1530 2500 1586 pro
2525 1529 2611 1570 me
2630 1523 2684 1569 et
2709 1523 2758 1568 te
2779 1513 2967 1583 (Μήτι,
2985 1513 3102 1578 26).
3136 1533 3155 1566 ι
3187 1513 3329 1580 Quid
3354 1524 3446 1569 est
3467 1524 3650 1569 autem
3671 1515 3787 1583 quod

2222 1608 2288 1663 de
2333 1605 2714 1662 seandalizatis
2757 1605 2876 1661 aliis
2910 1605 3149 1660 dicitur:
3189 1623 3210 1657 ι
3245 1604 3434 1660 Sinite
3485 1605 3636 1667 illos;
3682 1606 3788 1659 cari

2222 1705 2347 1752 sunt
2369 1706 2424 1752 et
2453 1696 2619 1753 duces
2658 1709 2926 1750 caecorum
2953 1709 2968 1747 :
3007 1713 3026 1748 ι
3059 1703 3116 1749 et
3139 1693 3260 1748 aliis
3287 1710 3360 1749 ne
3391 1693 3787 1757 scandalizatur,

2156 1775 2202 1836 Β
2229 1805 2257 1841 a
2287 1787 2515 1841 Domino
2545 1787 2806 1841 tributum
2837 1783 3080 1850 solvitur,
3113 1785 3280 1839 etiam
3331 1784 3486 1856 quod
3519 1801 3625 1839 non
3649 1782 3785 1837 debe-

2222 1877 2346 1931 tur?
2373 1875 2512 1942 Quid
2545 1883 2631 1930 est
2657 1875 2800 1945 quod
2846 1874 2990 1928 aliud
3036 1873 3357 1929 scandalum
3394 1888 3526 1929 esse
3569 1873 3785 1942 pennise

2223 1968 2314 2030 rit,
2347 1967 2492 2023 aliud
2519 1981 2646 2021 vero
2670 1965 2854 2020 venire
2890 1965 3190 2036 prohibuit,
3227 1966 3337 2020 nisi
3383 1974 3450 2020 ut
3478 1980 3581 2020 nos
3603 1966 3786 2020 doceret

2223 2070 2277 2115 et
2307 2059 2395 2114 illa
2439 2057 2692 2113 scandala
2722 2073 2842 2128 qua:
2870 2073 2969 2112 nos
2998 2057 3277 2126 implicant
3313 2058 3369 2111 in
3419 2068 3650 2128 peccato
3689 2073 3788 2111 coa-

2227 2162 2490 2218 temnere,
2527 2162 2582 2208 et
2620 2153 2708 2208 illa
2754 2169 2872 2224 qua:
2917 2153 3130 2222 placare
3175 2154 3298 2206 sine
3342 2162 3584 2222 peccato
3631 2167 3786 2222 possa-

2226 2261 2366 2310 nms,
2394 2245 2568 2299 modis
2587 2245 2837 2300 omnibus
2878 2244 3164 2314 mitigare?
3189 2243 3390 2299 Vestra
3433 2244 3622 2314 itaque
3645 2243 3788 2298 excid-

2227 2333 2389 2389 lentia
2402 2342 2597 2404 potest,
2620 2343 2936 2405 protegente
2952 2335 3198 2398 Domino,
3215 2348 3527 2404 pravorum
3552 2335 3790 2388 hominum

2227 2424 2481 2480 scandala
2509 2440 2628 2478 cum
2657 2439 2848 2495 magna
2879 2424 3272 2494 tranquillitate
3302 2422 3622 2479 declinare.
3663 2421 3788 2477 Prius

2227 2515 2370 2568 enim
2406 2529 2435 2567 a
2486 2515 2639 2570 vobis
2688 2523 2898 2569 secreto
2943 2515 3169 2569 vocandi
3201 2522 3335 2569 sunt
3387 2530 3461 2569 ac
3513 2514 3644 2584 ipsis
3683 2515 3789 2567 ralia

2230 2603 2524 2668 reddenda,
2568 2613 2623 2656 et
2669 2618 2922 2672 perversa
2965 2603 3208 2672 quardam
3259 2603 3518 2672 capitula
3563 2619 3677 2672 qua:
3716 2618 3788 2654 sas

2233 2705 2419 2750 tenere
2468 2696 2804 2761 existimant,
2846 2712 3028 2751 coram
3085 2697 3219 2767 ipsis
3274 2698 3785 2752 anathematizauit.

2232 2785 2382 2852 Quod
2431 2785 2474 2839 si
2532 2787 2717 2852 etiam,
2769 2787 2908 2841 sicut
2938 2786 3151 2850 dicitur,
3201 2787 3327 2841 dari
3374 2789 3673 2842 anathema
3698 2787 3789 2840 ficte

2231 2876 2620 2944 suspicantur,
2676 2885 2729 2930 et
2785 2875 3138 2946 jurejurando
3191 2875 3541 2932 firmandum
3593 2884 3671 2932 est
3720 2891 3788 2928 vus

2231 2969 2416 3021 eadem
2445 2967 2678 3036 capitula
2714 2980 2983 3036 nunquam
3011 2974 3219 3030 tenere,
3246 2982 3544 3036 nunquam
3575 2966 3786 3020 tenuisse

2232 3056 2340 3112 Nec
2369 3058 2520 3112 vobis
2547 3057 2793 3112 videatur
2830 3057 3106 3125 indignum
3140 3057 3230 3110 tali
3277 3057 3362 3112 eis
3411 3059 3584 3112 modo
3612 3056 3786 3112 saliua-

2232 3161 2377 3211 cere,
2400 3161 2502 3201 nec
2521 3147 2588 3201 de
2619 3147 2879 3216 imperiali
2907 3162 3107 3218 genere
3154 3146 3228 3201 sit
3249 3157 3450 3202 contra
3485 3164 3581 3202 eos
3611 3147 3787 3216 aliquod

2231 3237 2284 3291 iu
2307 3246 2487 3292 vestra
2510 3246 2690 3291 mente
2711 3237 2998 3308 fastigium.
3019 3236 3226 3292 Omnes
3238 3238 3385 3292 enim
3401 3238 3607 3293 fratres
3621 3254 3785 3295 sumus.

2233 3325 2390 3382 unius
2419 3326 2763 3395 imperatoris
2791 3336 3056 3396 potestate
3076 3321 3307 3391 conditi,
3333 3335 3389 3381 et
3419 3328 3547 3396 ejus
3569 3329 3790 3398 sanguine

2233 3417 2517 3488 redempti,
2536 3427 2592 3473 et
2606 3419 2807 3474 idcirco
2824 3418 3014 3473 fratres
3041 3427 3261 3473 nostros
3273 3419 3679 3489 quantumlibet
3693 3434 3788 3487 pas-

2233 3522 2390 3577 peres
2413 3517 2465 3563 et
2494 3509 2734 3580 abjectos
2770 3510 2822 3564 in
2851 3509 2996 3565 nullo
3025 3510 3312 3580 despicere
3343 3511 3630 3566 debemus.
3668 3511 3787 3566 Certe

2233 3599 2432 3652 etenim
2473 3599 2664 3654 Petrus
2694 3607 3012 3668 potestatem
3043 3601 3197 3670 regni
3238 3600 3485 3655 cmlestis
3519 3609 3785 3669 acceperat.

2189 3759 2194 3761 _
2235 3697 2296 3742 ut
2322 3690 2464 3757 quod
2508 3691 2558 3744 in
2600 3702 2744 3745 terra
2789 3690 2979 3760 ligarat
3006 3689 3089 3744 vel
3119 3690 3376 3753 solveret.
3409 3700 3562 3746 esset
3593 3693 3644 3745 in
3680 3689 3787 3744 suis

2235 3780 2456 3852 ligatum
2501 3781 2586 3837 vel
2633 3781 2864 3836 solutum
2895 3778 3108 3851 (Matth.
3167 3798 3282 3846 xvi,
3317 3782 3426 3852 19),
3479 3796 3646 3851 super
3671 3796 3788 3833 mare

2237 3873 2550 3927 ambulabat
2575 3872 2756 3941 (Joan.
2780 3888 2894 3937 XXI,
2916 3873 2995 3943 7),
3025 3883 3355 3943 aegrotantes
3380 3874 3577 3926 umbra
3601 3873 3790 3927 cantet

2238 3962 2376 4033 (Act.
2407 3978 2460 4028 ν,
2490 3962 2604 4033 15),
2641 3972 2932 4033 peccantes
2960 3977 3089 4018 vero
3115 3964 3400 4019 occidebat
3425 3963 3595 4031 (Ibid.
3618 3980 3668 4027 v,
3703 3963 3787 4031 l0}.

2241 4063 2482 4108 mortuos
2508 4053 2751 4110 oratione
2776 4053 3072 4110 suscitabat
3099 4054 3242 4125 (Act.
3269 4070 3344 4118 IS,
3371 4052 3502 4118 £0);
3530 4063 3591 4109 et
3609 4055 3720 4124 qlia
3738 4067 3790 4105 ex

2239 4141 2604 4198 admonitione
2633 4142 2865 4213 Spiritus
2891 4143 2956 4196 ad
2983 4142 3297 4198 Cornelium
3342 4143 3603 4214 gentilem
3647 4143 3789 4196 fuerat

2241 4233 2517 4302 ingressus
2569 4232 2710 4303 (Act.
2763 4248 2818 4297 χ,
2871 4233 3000 4303 19),
3053 4243 3245 4288 contra
3302 4250 3430 4289 eum
3492 4249 3523 4287 a
3579 4234 3790 4289 ﬁdelitas

2240 4325 2467 4395 qumstio
2506 4324 2652 4379 facta
2672 4332 2753 4379 est
2785 4339 2800 4378 :
2836 4323 2944 4380 Cur
2972 4325 3038 4380 ad
3063 4326 3293 4396 gentiles
3338 4325 3519 4380 fuerat
3548 4327 3789 4396 ingressus

2241 4424 2296 4470 et
2325 4413 2649 4470 comedisset
2669 4429 2793 4469 cum
2822 4415 2938 4480 eis;
2968 4429 3067 4469 cur
3091 4431 3189 4470 eos
3216 4417 3269 4470 in
3304 4416 3640 4486 baptismate
3665 4429 3788 4470 reae.

2240 4505 2410 4574 pissct
2438 4502 2628 4576 (Ibid.,
2655 4501 2774 4570 28).
2807 4503 2876 4558 Et
2906 4512 3081 4559 tamen
3105 4505 3269 4569 idem,
3311 4506 3677 4574 apostolorum
3698 4505 3787 4572 pri-

2238 4613 2380 4662 mus,
2406 4604 2554 4651 tanta
2592 4595 2854 4650 donorum
2879 4594 3051 4666 gratia
3077 4594 3335 4664 repletus,
3365 4603 3515 4648 tanta
3535 4593 3790 4648 miraculo-

2238 4703 2359 4742 rum
2408 4696 2673 4756 potestate
2719 4684 2986 4752 suﬂ'ultus,
3035 4686 3269 4754 querelae
3309 4685 3555 4741 fidelium
3604 4702 3700 4740 non
3735 4700 3785 4735 ex

2239 4785 2524 4848 potestate,
2560 4777 2657 4832 sed
2683 4791 2750 4830 ex
2783 4775 2991 4830 ratione
3027 4777 3325 4846 re5pondit,
3354 4791 3577 4831 cauum
3609 4789 3786 4845 perer-

2243 4868 2422 4922 dinem
2443 4866 2714 4935 exposuit,
2737 4865 3009 4934 quomodo
3032 4880 3131 4920 vas
3145 4865 3414 4935 quoddam
3442 4865 3786 4919 velutlintm

2246 4958 2300 5012 in
2329 4971 2436 5026 quo
2483 4955 2847 5026 quadrupedia
2880 4964 3036 5011 terra!
3063 4966 3120 5010 et
3161 4957 3373 5021 bestiae,
3412 4957 3629 5026 reptilia
3662 4964 3789 5023 alea:

2245 5047 2476 5078 unlnnﬂia
2507 5048 2715 5078 :nnnnnl
2763 5047 2827 5078 l'ﬂ
2849 5045 2984 5078 ΛηιΙΛ
3007 5046 3250 5078 οηῘιΜῖΙΙῖ
3281 5046 3478 5078 υἷιΙΛ-ἕι
3530 5056 3790 5078 θήλε’-..ευ
