3988 6482
145 393 295 447 1117

1337 380 1827 445 DECRETALIUM
1863 390 2268 447 (LULLL'C'I'IO.

144 517 319 574 quam
385 501 441 556 in
500 510 689 557 sancta
759 501 1000 558 Ecclesia
1054 511 1375 574 acceperat,
1446 502 1744 557 attendisse
1771 510 1818 566 Α
1847 503 2168 556 vescendum
2198 511 2443 570 petentes
2466 502 2629 571 (Dan.
2662 519 2702 569 ι,
2733 504 2845 576 ιι),
2870 506 3008 562 cibis
3036 506 3200 580 regiis
3223 511 3429 567 utine-

145 595 482 667 respondere
528 604 762 666 poterat,
804 604 867 650 ut
911 604 1185 667 pastorem
1237 609 1394 651 suum
1424 609 1579 659 oves,
1622 610 1743 664 qua:

142 688 460 745 commissae
489 685 710 751 fuerint,
759 687 1163 757 reprehendere
1191 702 1299 743 non
1331 687 1616 749 auderem,
1645 686 1740 741 sed

142 780 201 835 ei
253 778 309 833 in
377 776 597 848 querela
653 777 888 832 fidelium
942 778 1146 848 aliquid
1196 781 1262 833 de
1323 792 1419 833 sua
1474 784 1743 847 potestate

138 869 387 935 diceret,
423 866 889 938 profecto-doctor
918 868 1347 923 mansuetudinis
1394 882 1500 922 non
1530 867 1738 920 fuisset.

141 957 359 1013 ﬂumili
381 972 511 1029 ergo
530 972 627 1013 eos
641 958 850 1012 ratione
868 958 1100 1025 placavit
1121 967 1284 1027 atque
1304 958 1355 1011 in
1380 971 1543 1012 causa
1563 971 1744 1025 repre-

146 1048 440 1104 hensionis
456 1063 588 1113 suae,
613 1047 779 1102 etiam
803 1057 968 1103 testes
993 1047 1260 1110 adhibuit,
1277 1047 1464 1101 dicens
1492 1062 1506 1099 :
1537 1046 1744 1100 «Vene-

148 1146 293 1194 runt
316 1146 496 1193 autem
526 1153 738 1193 mecum
766 1146 820 1192 et
846 1152 937 1191 sex
965 1135 1163 1192 fratres
1186 1138 1276 1192 isti
1306 1137 1446 1209 (Act.
1471 1150 1552 1199 ιι,
1586 1135 1736 1206 12).)

227 1228 287 1283 Si
311 1228 575 1298 igitur,et
603 1235 789 1298 pastor
811 1227 1089 1292 Ecclesiae,
1120 1236 1175 1281 et
1199 1227 1563 1297 apostolorum
1593 1228 1743 1296 prin-

148 1334 305 1390 ceps,
353 1319 507 1390 signa
551 1328 606 1373 et
653 1318 910 1373 miracula
956 1318 1308 1389 singulariter
1355 1317 1583 1381 faciens,
1634 1331 1739 1371 non

152 1411 476 1479 dedignatus
494 1410 658 1464 estin
685 1423 847 1463 causa
872 1408 1311 1479 reprehensionis
1337 1423 1448 1463 sua:
1476 1409 1738 1461 rationem

154 1500 442 1556 humiliter
488 1498 734 1563 reddere,
784 1509 993 1569 quanto
1037 1501 1210 1570 magis
1265 1515 1363 1555 nos
1406 1515 1513 1570 pec
1540 1509 1738 1563 atorcs,

152 1603 281 1645 eum
340 1590 395 1644 itt
452 1604 513 1645 re
565 1588 742 1658 aliqua
797 1589 1273 1659 reprehendimur,
1326 1592 1741 1659 reprehensores

156 1687 377 1735 nostros
427 1680 637 1734 ratione
684 1679 872 1734 humili
922 1680 1140 1748 placare
1192 1682 1487 1736 debemus?
1534 1681 1615 1734 Ad
1657 1698 1741 1735 me

152 1772 378 1837 etenim,
409 1771 552 1826 sicut
577 1771 768 1835 nostis,
798 1786 922 1825 cum
974 1773 1113 1840 apud
1143 1773 1365 1840 vestigia
1397 1773 1735 1827 dominorum

1832 591 2057 647 luerunt
2083 591 2271 663 (lbid.,
2293 594 2371 663 5),
2418 610 2524 649 non
2560 595 2685 663 quia
2730 595 2887 665 culpa
2916 608 3079 662 esset,
3125 600 3172 654 si
3202 615 3268 656 ea
3305 616 3428 672 qua:

1844 682 1987 738 Deus
2006 684 2213 739 creavit
2240 684 2483 739 ederent.
2502 683 2799 741 Noluertmt
2825 702 2955 758 ergo
2980 703 3197 745 sumere
3219 706 3283 746 ea
3305 706 3428 763 quat

1841 774 2040 830 licebat
2097 783 2158 829 ttt
2208 791 2307 845 per
2377 776 2768 831 continentiam
2832 779 3006 832 virtus
3058 792 3427 838 excrescerct.

1844 864 2011 919 David
2041 880 2171 920 vero
2200 866 2292 935 qui
2333 866 2566 921 alienam
2593 867 2876 936 conjugetn
2922 868 3159 935 tulerat,
3186 880 3242 925 et
3270 871 3427 929 valde

1834 971 1941 1025 pro
2010 970 2106 1010 sua
2171 956 2327 1026 culpa
2381 954 2559 1010 fuerat
2606 954 2926 1025 llagellatus,
2993 974 3189 1028 aquatn
3227 961 3429 1018 bibere

1843 1043 2002 1114 longe
2039 1054 2161 1113 post
2187 1044 2254 1099 de
2283 1042 2686 1100 Bethleemitica
2706 1047 2941 1103 cisterna
2981 1050 3152 1105 noluit
3180 1050 3269 1122 (11
3297 1051 3424 1124 Reg.

1844 1148 2004 1200 xxm,‘
2029 1134 2139 1196 16).

1912 1228 2108 1292 Quam,
2131 1241 2253 1281 cum
2279 1227 2328 1281 ei
2348 1227 2627 1283 fortissimi
2652 1229 2852 1287 milites
2876 1232 3216 1301 detulissent,
3245 1235 3434 1292 bibere

1838 1318 2134 1384 recusavit,
2164 1332 2336 1387 eaque
2366 1318 2637 1375 fundendo
2660 1322 2890 1377 Domino
2914 1323 3100 1380 libavit
3125 1325 3338 1399 (lbid.),
3369 1329 3433 1385 li-

1842 1412 1997 1464 cehat
2022 1411 2166 1465 enim
2195 1411 2380 1466 bibere
2402 1412 2447 1467 si
2477 1412 2757 1479 voluisset,
2786 1417 2881 1471 sed
2905 1418 2995 1486 qui
3020 1416 3209 1474 illicita
3231 1436 3290 1476 se
3312 1437 3432 1478 ces-

1842 1502 1979 1555 sisse
2016 1502 2355 1562 tnetninerat,
2388 1504 2734 1561 laudabiliter
2762 1516 2817 1561 et
2843 1523 2873 1561 a
2907 1509 3072 1564 licitis
3096 1511 3429 1575 abstinebat.

1842 1601 1890 1645 et
1916 1592 2007 1661 qui
2040 1592 2188 1662 prius
2225 1609 2322 1662 pro
2346 1595 2500 1665 culpa
2528 1612 2624 1650 sua
2655 1598 3001 1655 morientium
3038 1601 3428 1661 ntilitumsan-

1836 1684 2059 1754 guinem
2108 1683 2257 1739 fundi
2310 1702 2415 1740 non
2463 1687 2673 1753 metuit,
2725 1691 3093 1758 postmodum,
3134 1693 3178 1748 sl
3231 1710 3428 1764 aquam

1843 1774 2069 1839 biberet,
2116 1776 2280 1830 etiam
2312 1791 2410 1846 pro
2448 1777 2606 1848 culpa
2653 1794 2749 1834 sua
2784 1782 3131 1838 morientium
3185 1785 3422 1840 militum

156 1863 213 1918 in
244 1863 388 1935 regia
419 1863 554 1919 urbe
581 1865 913 1928 demorarer,
947 1864 1099 1918 multi
1140 1879 1204 1919 ex
1248 1865 1328 1919 eis
1378 1865 1566 1919 venire
1610 1880 1738 1919 con-
1772 1882 1813 1942 Β
1844 1864 2162 1932 sanguinem
2188 1880 2247 1919 se
2270 1864 2474 1920 fudisse
2498 1866 2786 1937 judicavit,
2814 1870 3037 1925 dicens:
3076 1889 3095 1920 ρ
3124 1871 3261 1926 Num
3297 1888 3427 1927 san-

153 1963 447 2012 sueverant
472 1956 563 2026 qui
606 1956 673 2011 de
711 1955 984 2026 praedictis
1026 1955 1278 2025 capitulis
1317 1958 1733 2012 accusabantur.

147 2047 291 2112 Sed,
324 2054 462 2101 teste
490 2046 846 2110 conscientia,
890 2047 1063 2106 fateor
1094 2062 1369 2116 nunquam
1416 2049 1468 2101 in
1516 2049 1594 2102 eis
1639 2048 1739 2102 ali-

154 2139 287 2209 quid
335 2139 636 2209 pravitatis,
665 2138 867 2210 aliquid
913 2135 1117 2194 erroris
1160 2138 1229 2195 de
1268 2139 1374 2205 his,
1404 2155 1524 2209 quae
1549 2151 1737 2195 contra

152 2246 253 2287 eos
280 2231 620 2297 dicebantur,
650 2232 849 2286 inveni.
890 2231 1045 2287 Unde
1083 2240 1143 2288 et
1175 2247 1270 2292 eos
1310 2235 1566 2303 opinione
1605 2248 1736 2287 cou-

148 2328 356 2390 tempta
401 2320 741 2377 familiariter
765 2323 1040 2392 suscipere
1070 2332 1124 2378 et
1154 2324 1327 2394 magis
1354 2324 1421 2378 ab
1453 2324 1739 2394 iusequen-
1792 2396 1795 2399 _

148 2411 302 2468 ’tibtts
332 2411 619 2469 defendere
643 2415 902 2470 curabam
930 2429 945 2480 ;
979 2415 1261 2469 dicebatur
1293 2428 1525 2485 namque
1547 2426 1737 2471 contra

155 2503 257 2559 eos
297 2507 439 2573 quod
470 2507 569 2560 sub
608 2508 830 2562 obtentu
859 2505 1135 2576 religionis
1165 2504 1412 2576 coniugia
1441 2507 1734 2575 solverent,

151 2579 210 2648 et
241 2594 368 2664 quia
391 2596 628 2651 dicerent
656 2599 798 2667 quod
831 2597 1095 2667 baptisma
1132 2607 1354 2668 peccata
1390 2599 1604 2668 penitus
1631 2616 1734 2655 non

150 2683 428 2751 auferret;
461 2694 517 2742 et
559 2688 603 2742 si
653 2687 720 2742 de
756 2688 1132 2757 iniquitatibus
1179 2689 1291 2744 suis
1326 2690 1445 2759 quis
1472 2691 1739 2760 paeniten-

150 2774 281 2828 tiam
308 2775 363 2830 in
393 2775 680 2832 triennium
701 2784 905 2846 ageret,
933 2778 1278 2848 postmodum
1303 2779 1353 2834 ei
1375 2792 1631 2848 perverse
1656 2780 1737 2835 vi—

154 2878 287 2920 vere
327 2864 515 2921 liceret
544 2882 559 2932 ;
585 2879 641 2921 et
667 2867 795 2937 quia
829 2867 873 2922 si
901 2868 1165 2938 compulsi
1207 2868 1410 2939 aliquid
1442 2869 1510 2924 de
1540 2870 1735 2941 quibus

146 2956 707 3027 reprchendebantur,
752 2959 1212 3014 analhematizare
1237 2974 1297 3014 sc
1326 2960 1567 3016 dicerent
1607 2976 1735 3015 aua-

142 3048 403 3104 thematis
430 3050 643 3105 vinculo
682 3049 827 3106 nullo
853 3053 1011 3107 modo
1049 3052 1242 3107 teneri.
1271 3053 1337 3107 Et
1369 3053 1416 3108 si
1447 3055 1537 3124 qui
1582 3064 1732 3124 sunt,

139 3132 237 3210 qut
262 3140 569 3196 certissime
600 3141 725 3195 talia
760 3142 1018 3206 sentiunt,
1058 3142 1141 3197 vel
1169 3151 1378 3209 tenent,
1408 3145 1534 3214 quia
1567 3145 1731 3201 Chri-

1841 1954 2057 2022 guinem
2084 1953 2361 2008 hominum
2400 1956 2646 2023 istorum,
2674 1959 2765 2027 qui
2792 1959 3019 2027 profecti
3042 1972 3190 2027 sunt,
3222 1971 3278 2017 et
3305 1964 3423 2017 ani-

1836 2057 2050 2097 marum
2071 2044 2369 2111 periculum
2389 2046 2607 2101 bibam?
2627 2067 2645 2099 ι
2673 2047 2861 2118 (Ibid.,
2887 2051 2999 2122 t7.)
3029 2051 3283 2117 Proinde,
3304 2068 3427 2107 cum

1838 2135 1981 2189 boni
2015 2134 2271 2206 coniuges
2316 2148 2412 2193 aut
2455 2141 2708 2195 meritum
2739 2156 2940 2210 augere
2967 2144 3298 2211 desiderant,
3333 2156 3427 2199 aut

1838 2234 1963 2280 ante
1988 2237 2122 2281 aeta:
2149 2228 2274 2282 vita:
2317 2228 2503 2298 culpas
2530 2230 2731 2295 delere,
2765 2242 2824 2285 ut
2848 2247 2906 2286 se
2936 2233 3004 2287 ad
3035 2235 3425 2288 continentiam

1835 2318 2229 2388 constringant,
2261 2328 2315 2374 ct
2365 2321 2645 2376 meliorem
2686 2322 2853 2376 vitam
2893 2333 3151 2392 appetant
3192 2325 3334 2380 licet.
3368 2325 3427 2381 Si

1871 2421 1967 2462 ero
1991 2410 2407 2475 continentiam,
2440 2426 2604 2479 quatn
2654 2428 2793 2467 uxor
2819 2416 3043 2484 appetit,
3083 2417 3166 2470 vir
3192 2427 3425 2481 recusat,

1834 2496 2001 2552 dividi
2022 2497 2328 2569 coniugium
2360 2516 2463 2554 non
2489 2502 2636 2566 licet,
2663 2503 2789 2573 quia
2817 2506 3078 2574 scriptum
3104 2516 3226 2561 est:
3257 2526 3277 2558 ‹
3312 2505 3428 2563 Mu-

1836 2585 1940 2640 lier
1984 2586 2065 2642 sui
2126 2589 2371 2658 corporis
2420 2599 2745 2660 potestatem
2799 2609 2904 2649 non
2956 2596 3137 2661 habet,
3199 2600 3293 2652 sed
3344 2598 3426 2653 vir

1834 2676 1889 2750 (I
1927 2676 2051 2733 Cor.
2088 2694 2187 2745 vn,
2231 2679 2310 2751 4).
2347 2699 2367 2732 ι
2415 2681 2473 2736 Si
2522 2681 2614 2753 qui
2658 2698 2789 2738 vero
2834 2695 2962 2740 sunt
3004 2686 3336 2756 qui'dicunt,
3368 2690 3424 2744 in

1834 2768 2158 2839 baptismate
2179 2780 2402 2839 peccata
2433 2773 2722 2843 superficie
2747 2783 2903 2829 tenus
2932 2776 3152 2841 dimitti,
3184 2763 3316 2848 quid
3339 2790 3423 2835 est

1834 2859 1938 2915 hac
1960 2861 2344 2931 pmdicatione
2372 2862 2740 2932 infideliusgin
2766 2882 2868 2936 qua
2896 2867 3069 2937 ipsum
3097 2868 3218 2923 fidei
3244 2885 3425 2925 sacra-

1834 2960 2074 3006 mentum
2113 2950 2378 3008 festinant
2417 2953 2652 3022 solvere,
2684 2956 2738 3010 in
2785 2974 2893 3028 quo
2935 2960 3311 3031 principaliter
3355 2962 3423 3017 ad

1832 3041 2070 3096 cmlestis
2093 3044 2368 3098 munditiae
2387 3047 2705 3117 mysterium
2733 3047 2910 3101 anima
2940 3047 3160 3119 ligatur,
3183 3059 3241 3104 ttt
3266 3051 3423 3106 abso-

1833 3130 1943 3187 luta
1973 3133 2229 3190 radicitus
2252 3151 2282 3188 a
2310 3138 2551 3205 peccatis
2580 3139 2831 3194 omnibus
2862 3140 2961 3195 soli
3006 3141 3081 3195 illi
3135 3143 3421 3210 inlnereat,

137 3227 308 3284 stiani
340 3245 445 3284 non
473 3237 621 3296 sunt,
665 3231 886 3286 dubiant
926 3248 1031 3286 non
1067 3241 1173 3300 est,
1205 3248 1405 3303 eosque
1452 3244 1507 3290 et
1547 3251 1647 3307 ego
1678 3245 1732 3293 et

1836 3222 1903 3277 de
1930 3237 2039 3293 quo
2079 3224 2342 3294 scriptum
2377 3234 2464 3282 est
2497 3246 2508 3279 :
2564 3245 2585 3279 ι
2623 3225 2752 3283 Mihi
2781 3237 2963 3283 autent
3003 3218 3281 3286 adluit-rere
3315 3233 3424 3290 Deo

137 3319 336 3375 omnes
372 3321 622 3375 catholici
672 3322 931 3393 episcopi,
973 3332 1135 3392 atque
1185 3325 1437 3380 universa
1486 3325 1729 3383 Ecclesia

138 3412 693 3478 anathematizamus,
726 3414 854 3483 quia
909 3415 1122 3469 veritati
1166 3417 1439 3470 contraria
1494 3419 1734 3474 sentiunt

135 3508 203 3555 et
247 3496 519 3556 contraria
566 3500 880 3572 loquuntur.
933 3503 990 3557 Si
1030 3504 1175 3558 enim
1225 3504 1410 3559 dicunt
1456 3507 1732 3577 religionis

138 3604 310 3647 eausa
341 3591 587 3663 coniugia
616 3593 816 3649 debere
851 3592 1095 3660 dissolvi,
1147 3596 1427 3650 Sciendum
1479 3607 1564 3653 est
1606 3600 1731 3668 quia

136 3678 246 3738 etsi
287 3684 385 3738 hoc
414 3684 500 3740 lett
531 3685 763 3738 humana
795 3686 1086 3752 concessit,
1118 3686 1203 3742 lex
1226 3687 1406 3742 divina
1436 3691 1727 3760 prohibuit.

133 3767 250 3830 Per
271 3786 330 3828 se
353 3773 496 3828 enim
521 3774 735 3829 Veritas
768 3775 900 3831 dicit
936 3790 951 3830 :
992 3793 1012 3827 ι
1043 3774 1196 3845 Quod
1242 3778 1384 3833 Dens
1425 3780 1727 3847 conjunxit,

143 3862 313 3917 homo
338 3874 443 3917 non
470 3871 688 3933 separet
717 3862 932 3933 (Matth.
969 3879 1087 3930 χιιι,
1112 3863 1189 3937 9).
1225 3884 1244 3917 ι
1273 3866 1374 3934 Qui
1402 3867 1564 3922 etiam
1611 3870 1686 3924 ait
1712 3874 1726 3924 :

141 3946 164 4004 ἃ
201 3950 319 4007 Non
363 3953 493 4009 licet
537 3955 814 4012 dimittere
857 3972 1105 4023 uxorem,
1158 3967 1380 4030 excepta
1420 3975 1582 4015 causa
1620 3960 1731 4016 for-

134 4034 429 4098 nicationis
476 4042 687 4114 (Ibid)
722 4062 740 4095 ι
789 4043 924 4111 Quis
970 4058 1098 4117 ergo
1145 4045 1272 4100 huic
1319 4047 1526 4104 caelesti
1570 4049 1731 4120 legis-

134 4129 303 4186 latori
365 4132 750 4187 contradicat?
811 4132 1024 4187 Scimus
1081 4134 1209 4204 quia
1264 4138 1524 4207 scriptum
1583 4148 1725 4196 est:

139 4239 168 4274 ι
205 4220 376 4276 Erunt
417 4220 525 4279 duo
554 4224 608 4277 itt
639 4239 805 4279 carne
833 4239 938 4278 una
967 4222 1121 4295 (Gen.
1165 4241 1228 4290 tt,
1255 4224 1369 4296 24).
1404 4247 1423 4278 ι
1473 4226 1531 4282 Si
1565 4229 1729 4301 igitur

131 4311 229 4366 vir
256 4319 311 4366 et
361 4326 493 4367 uxor
522 4329 623 4365 una
655 4328 782 4366 caro
813 4320 960 4378 sunt,
989 4323 1046 4367 ct
1092 4312 1371 4385 religionis
1414 4331 1600 4382 causa,
1646 4318 1728 4373 vir

131 4404 364 4460 dimittit
387 4420 632 4469 uxorem,
659 4405 740 4459 vel
768 4404 964 4459 mulier
991 4405 1165 4459 virum
1199 4406 1250 4459 in
1281 4405 1385 4460 hoc
1408 4407 1607 4463 mundo
1635 4423 1723 4464 re-

135 4484 473 4562 uianentem,
499 4496 580 4550 vel
610 4493 749 4551 forte
790 4496 859 4551 ad
887 4496 1073 4552 illicita
1110 4496 1454 4567 migrantem,
1484 4515 1605 4569 qttze
1642 4509 1725 4555 est

1834 3314 2036 3371 bonum
2064 3325 2149 3371 est
2188 3314 2367 3389 (Paul.
2411 3333 2584 3385 Lxxu,
2613 3317 2728 3392 28).
2786 3340 2805 3373 ι
2861 3321 3021 3376 Certe
3053 3321 3221 3378 Rubri
3257 3325 3425 3381 maris

1833 3412 2094 3468 transitus
2133 3413 2302 3484 ﬁgura
2334 3417 2476 3472 sacri
2509 3417 2849 3487 baptismatis
2885 3416 2983 3471 fuit
3007 3417 3058 3483 (1
3091 3418 3214 3473 Cor.
3245 3435 3303 3485 ι,
3338 3419 3419 3490 2),

1834 3500 1886 3556 in
1918 3518 2025 3572 quo
2069 3503 2252 3560 hostes
2296 3521 2326 3559 a
2361 3515 2513 3577 tergo
2558 3507 2757 3562 mortui
2804 3516 2953 3572 sunt,
2985 3508 3079 3563 sed
3110 3508 3202 3563 alii
3231 3518 3417 3565 contra

1832 3592 2026 3649 faciem
2058 3597 2110 3650 itt
2139 3612 2324 3652 eremo
2355 3599 2578 3654 inventi.
2617 3599 2708 3654 Sic
2734 3600 2931 3670 quippe
2961 3600 3214 3656 omnibus
3241 3602 3331 3671 qtti
3363 3601 3417 3655 itt

1831 3691 2018 3739 sancto
2047 3683 2374 3755 baptismate
2405 3687 2705 3757 tinguntur,
2730 3703 2915 3743 eorum
2941 3699 3161 3758 peccata
3189 3700 3420 3760 prauor-

1832 3773 1905 3827 ita
1948 3776 2130 3830 omnia
2176 3776 2611 3847 laxantur,-quia
2646 3779 2727 3834 eis
2764 3778 2911 3833 velut
2939 3777 3180 3850 IEgyptii
3211 3781 3419 3846 hostes,

1832 3880 1861 3919 a
1899 3872 2047 3936 tergo
2079 3866 2406 3921 moriuntur.
2440 3866 2550 3923 Sed
2582 3869 2635 3923 in
2666 3883 2853 3924 eremo
2880 3868 3018 3923 alios
3051 3868 3236 3923 hostes
3265 3869 3417 3922 inve-

1831 3953 2009 4011 nimus
2050 3956 2367 4027 priusquam
2410 3958 2477 4014 ad
2523 3958 2903 4028 promissionis
2940 3958 3179 4028 patriam
3217 3959 3419 4030 pertin-

1830 4053 2038 4114 gamus.
2066 4046 2243 4102 Multa:
2273 4062 2373 4103 nos
2402 4049 2728 4104 tentationes
2765 4047 3016 4118 fatigant,
3041 4059 3097 4103 et
3119 4048 3187 4103 ad
3218 4057 3416 4102 terram

1832 4135 2126 4192 viventium
2174 4138 2519 4194 tendentibus
2566 4140 2672 4194 iter
2719 4139 3083 4195 intercludere
3137 4138 3416 4195 festinant.

1831 4222 1933 4292 Qui
1976 4238 2106 4295 ergo
2132 4226 2284 4293 dicit,
2323 4239 2545 4297 peccata
2578 4226 2633 4282 in
2667 4229 2995 4298 baptismate
3027 4229 3271 4285 funditus
3300 4244 3419 4286 ‘uon

1829 4313 2050 4380 dimitti,
2073 4314 2218 4370 dicat
2240 4316 2293 4370 in
2321 4316 2459 4370 ntari
2487 4317 2672 4371 Rubro
2696 4316 2980 4388 Egyptios
3010 4322 3282 4375 veraciter
3311 4335 3416 4373 non

1831 4413 2096 4459 mortuos.
2157 4404 2218 4459 Si
2290 4414 2472 4460 autem
2537 4404 2748 4461 fatetur
2815 4407 3096 4479 Egyptios
3156 4407 3420 4463 veracitr

1831 4502 2097 4563 mortuos,
2139 4494 2374 4550 fateatur
2404 4511 2626 4552 necesse
2652 4506 2738 4552 est
2760 4507 2982 4567 peccata
3016 4498 3067 4550 in
3097 4498 3419 4568 baptismate

132 4584 245 4641 ista
272 4586 576 4650 conversio,
604 4585 655 4639 in
683 4601 788 4655 qua
816 4602 920 4640 una
940 4588 1131 4642 eadem
1153 4602 1243 4656 tue
1260 4602 1389 4641 caro
1409 4596 1464 4641 et
1483 4603 1549 4642 ex
1572 4598 1726 4658 parte
1757 4600 1807 4661 υ
1830 4585 2073 4643 funditus
2104 4588 2264 4654 mori,
2300 4589 2428 4658 quia
2476 4590 2730 4644 nimirum
2759 4588 2878 4658 plus
2919 4587 3062 4643 valet
3104 4589 3175 4643 in‘
3199 4588 3414 4643 absolu-

136 4677 337 4734 transit
372 4679 439 4732 ad
459 4678 869 4739 continentiam,
901 4688 955 4733 et
984 4694 1051 4733 ex
1081 4686 1235 4747 parte
1258 4688 1503 4733 remanet
1525 4680 1581 4733 in
1612 4680 1725 4750 pol—

132 4768 364 4825 latione.
391 4767 448 4824 Si
490 4785 617 4824 vero
644 4768 888 4839 utrisque
923 4771 1210 4824 conveniat
1240 4771 1609 4826 continentem
1640 4772 1724 4826 vi-

135 4868 253 4915 tam
283 4860 500 4925 ducere,
530 4862 632 4915 hoc
670 4861 792 4931 quis
821 4861 1018 4916 audeat
1047 4876 1323 4927 accusare,
1354 4862 1568 4932 quando
1606 4877 1726 4918 cer-

136 4959 257 5005 tum
281 4957 361 5003 est
388 4946 512 5019 quia
538 4950 880 5020 omnipotens
908 4948 1049 5005 Deus
1075 4950 1166 5020 qui
1193 4950 1403 5005 minora
1430 4951 1721 5019 concessit,

132 5036 347 5110 majora
378 5055 484 5094 non
520 5038 835 5111 prohibuit?
878 5041 943 5095 Et
987 5041 1186 5096 multos
1214 5052 1526 5098 sanctorum
1566 5044 1725 5099 novi—-

135 5112 264 5184 tntis
312 5144 435 5184 cunt
483 5126 596 5185 sitis
665 5129 985 5202 conjugibus
1034 5132 1092 5184 et
1155 5130 1305 5203 prius
1359 5132 1727 5188 continentem

134 5214 309 5274 vitam
343 5218 583 5285 duXisse,
619 5218 1054 5291 et’postmodum
1104 5218 1174 5277 ad
1222 5229 1425 5277 sancta:
1476 5222 1727 5279 Ecclesia:

136 5312 407 5384 regimina
446 5310 728 5382 migrasse.
1556 5317 1561 5321 '
1652 5316 1655 5319 ’

213 5402 431 5456 Duobus
460 5402 662 5456 etenim
696 5402 869 5458 modis
898 5402 1071 5458 sancti
1119 5403 1218 5458 viri
1264 5402 1430 5458 etiam
1482 5418 1511 5457 a
1561 5401 1728 5458 licitis

133 5492 415 5547 abstinere
462 5493 636 5548 solent
665 5512 678 5548 :
708 5492 1015 5564 aliQuando,
1050 5487 1108 5548 ut
1144 5493 1395 5548 meritum
1437 5492 1539 5548 sibi
1584 5491 1725 5563 apud

132 5570 568 5650 tnuuipoteutem
628 5580 795 5636 Deum
830 5582 1092 5652 augeant,
1142 5582 1435 5650 aliquando
1489 5594 1620 5636 vero
1669 5589 1726 5635 ut

131 5683 268 5728 ante
302 5672 422 5726 vita:
465 5683 598 5727 actae
628 5674 814 5745 culpas
838 5674 1143 5744 detergent.
1175 5672 1310 5729 Tres
1334 5673 1534 5729 etenim
1574 5674 1725 5743 pueri

129 5760 188 5817 in
238 5761 383 5833 regis
429 5760 740 5835 Babylonici
769 5764 1292 5834 obsequio‘dcducti
1342 5763 1613 5835 legumina
1658 5762 1726 5817 ad

1830 4677 1974 4732 tione
1998 4687 2181 4733 nostra
2214 4682 2434 4745 veritas,
2464 4695 2626 4751 quam
2655 4680 2848 4733 umbra
2868 4677 3134 4732 veritatis.
3159 4676 3215 4731 lu
3244 4674 3417 4731 Evan-

1829 4767 1970 4838 gelio
2000 4767 2260 4822 Dominus
2298 4767 2473 4823 dicit:
2519 4790 2537 4821 ι
2575 4768 2679 4835 Qui
2726 4768 2870 4822 lotus
2911 4776 3017 4831 est,
3067 4782 3170 4821 non
3213 4767 3418 4836 indiget

1828 4857 1931 4911 nisi
1955 4868 2015 4912 ut
2041 4858 2203 4928 pedes
2226 4858 2389 4924 lavet,
2421 4857 2514 4915 sed
2539 4866 2624 4913 est
2646 4856 2879 4912 mundus
2907 4865 3050 4911 tottts
3076 4853 3257 4928 (lacn.
3291 4868 3414 4918 χιιι,

1835 4946 1946 5017 l9).
1984 4965 2002 5000 ι
2039 4947 2096 5003 Si
2132 4948 2299 5020 igitur
2331 4956 2553 5019 peccata
2585 4947 2638 5002 itt
2674 4947 3000 5018 baptismate
3045 4946 3284 5001 funditus
3309 4961 3416 5000 non

1828 5039 2195 5106 dimittuntur,
2222 5054 2401 5111 neque
2418 5042 2579 5110 isqui
2609 5040 2749 5095 lotus
2774 5049 2867 5094 est
2884 5039 3112 5092 mundus
3137 5046 3222 5094 est
3247 5048 3411 5094 totus.

1828 5128 1996 5186 Totus
2020 5132 2164 5185 enim
2191 5134 2425 5186 mundus
2457 5132 2561 5185 dici
2593 5138 2923 5200 non-potest,
2960 5129 3046 5183 cui
3095 5130 3161 5184 de
3191 5139 3415 5199 peccato

1827 5219 2028 5290 aliquid
2063 5222 2341 5276 remansit;
2377 5222 2484 5277 Sed
2523 5236 2683 5276 nemo
2733 5222 2938 5275 resistit
2972 5222 3088 5275 voci
3133 5220 3409 5285 Veritatis.

1831 5325 1947 5379 qua:
1976 5310 2054 5364 ait
2080 5326 2095 5363 :
2133 5311 2289 5378 (Qui
2319 5310 2458 5365 lotus
2480 5321 2582 5373 est,
2608 5311 2841 5366 mundus
2858 5319 2943 5365 est
2967 5320 3112 5366 totus
3136 5310 3349 5381 (Ibid)
3388 5330 3407 5362 ι

1827 5398 1972 5454 Nihil
2020 5416 2150 5472 ergo
2197 5402 2245 5457 ei
2282 5403 2349 5455 de
2397 5401 2605 5471 peccati
2657 5401 2761 5456 sui"
2794 5401 3119 5473 contagione
3171 5410 3413 5456 remanet

1829 5504 1989 5560 quem
2024 5502 2191 5546 totout
2236 5490 2441 5548 fatetur
2471 5490 2727 5547 mundum
2778 5493 2893 5563 ipse
2938 5495 3028 5563 qui
3067 5491 3315 5548 redemit.
3351 5489 3410 5547 Si

1829 5581 1919 5650 qui
1955 5588 2135 5636 autem
2163 5582 2370 5647 dicunt,
2411 5581 2478 5636 dc
2521 5594 2742 5651 peccato
2786 5583 3045 5652 quolibet,
3090 5591 3144 5637 et
3176 5579 3411 5636 triennio

1830 5671 2147 5741 ptenitentia
2176 5673 2380 5741 agenda
2407 5683 2510 5737 est,
2538 5682 2734 5743 etpost
2757 5674 3046 5728 triennium
3086 5671 3137 5725 in
3169 5671 3408 5740 volupta-

1831 5762 1975 5820 tibus
2032 5764 2364 5829 vivendum,
2433 5765 2524 5820 isti
2578 5765 2753 5821 adhuc
2812 5779 2911 5821 nec
2951 5765 3408 5836 -prtedicatncnt'a
