3988 6468
652 370 820 427 ,4119

1464 374 1752 428 APPEND.
1791 373 1880 428 AD
1923 373 2096 428 SxEC.
2139 373 2229 429 IX.
2269 405 2340 415 —-
2373 372 2625 436 lSlDORI
2660 379 3106 439 MERCATORIS

3713 399 3800 457 im

653 496 823 538 .verte
846 482 990 548 ndcl,
1039 492 1140 538 nc'c
1170 492 1343 538 "sacrae
1372 484 1667 552 scriptura:
1694 493 1962 554 praecepta
1993 498 2255 555 coguovc-
2283 489 2331 549 Α
2358 487 2487 557 petii
2519 487 2846 556 imperitiam
2872 488 3092 560 placare
3139 497 3426 551 mansuetis
3451 499 3802 569 exhortatum.“

678 579 826 626 runt.
862 572 1060 627 Contra
1087 572 1188 627 hos
1215 573 1536 642 praedicator
1559 573 1809 644 egregius
1839 573 2040 631 Paulus
2064 575 2198 630 dicit
2237 591 2253 630 :

606 712 612 718 .
685 680 704 714 ι
739 661 839 728 Qui
887 660 1118 716 seminat
1151 661 1203 714 in
1245 676 1411 716 carne
1436 677 1555 727 sua,
1586 664 1653 716 de
1679 677 1842 718 carne
1870 678 1968 718 sua
2006 673 2062 719 et
2091 671 2258 719 metet

661 752 1077 821 corruptionem
1103 749 1246 824 (Gal.
1267 767 1344 816 vt,
1367 753 1444 824 8).
1476 769 1494 804 ι
1522 752 1720 808 Contra
1745 754 1846 810 bos
1867 755 2061 810 iterum
2085 755 2251 810 dicit:

681 861 702 894 ι
759 840 860 908 Qui
913 841 970 897 in
1029 856 1196 897 carne
1249 852 1400 909 sunt,
1452 841 1562 900 Deo
1612 844 1828 914 placere
1865 861 1972 902 non
2034 856 2257 916 possunt

675 930 854 1000 (Rom.
907 947 1050 998 vm,
1114 933 1220 1004 8);
1292 952 1312 986 ο
1407 933 1498 989 ubi
1567 935 1842 1006 discipulis
1910 934 2183 1007 subjungit
2236 954 2250 991 :

680 1040 700 1074 ‹
754 1021 864 1078 Vos
911 1031 1091 1078 autem
1131 1039 1238 1078 non
1286 1025 1420 1079 estis
1464 1025 1520 1079 in
1576 1040 1760 1090 carne,
1809 1025 1904 1082 sed
1961 1025 2016 1080 in
2061 1026 2254 1096 spiritu

675 1110 864 1182 (Ibid.,
892 1112 947 1182 9)
980 1129 993 1165 :
1030 1129 1050 1164 ι
1085 1113 1138 1167 1ιί
1166 1112 1363 1184 quippe
1390 1115 1443 1168 in
1480 1127 1645 1169 carne
1674 1122 1800 1168 sunt
1824 1114 1916 1184 qui
1943 1114 1997 1169 in
2023 1115 2256 1170 carnari-

671 1201 1159 1273 busvoluptatibus
1183 1202 1390 1258 vivunt.
1415 1201 1620 1259 Contra
1641 1202 1741 1259 hos
1757 1203 1955 1258 dicitur
1979 1221 1993 1258 :
2020 1222 2040 1256 ‹
2067 1203 2252 1274 Neque

671 1292 1016 1362 corruptioin
1039 1292 1400 1362 corruptelam
1414 1292 1712 1362 possidebit
1729 1291 1783 1363 (ι
1806 1291 1929 1348 Cor.
1952 1307 2046 1359 xv,
2077 1292 2192 1364 50).
2224 1309 2244 1346 ι

673 1384 732 1440 Si
807 1392 988 1438 autem
1061 1383 1248 1440 dicunt
1317 1383 1474 1455 pauci
1550 1384 1811 1455 temporis
1875 1383 2248 1454 paenitentiam

671 1483 859 1530 contra
888 1481 1171 1544 peccatum
1197 1473 1396 1530 debere
1439 1473 1709 1541 sufﬁcere,
1741 1484 1802 1530 ut
1839 1475 2034 1531 iterum
2083 1475 2248 1532 liceat

669 1564 739 1618 ad
784 1573 1066 1634 peccatum
1110 1564 1310 1630 redire,
1341 1573 1490 1619 recte
1535 1566 1638 1620 hos
1665 1565 1901 1636 pastoris
1925 1565 2088 1635 primi
2112 1579 2246 1621 sen-

671 1657 836 1711 tentia
864 1656 1113 1727 percutit,
1144 1657 1238 1727 qui
1257 1655 1332 1710 ait
1357 1672 1370 1710 :
1398 1673 1416 1707 ι
1447 1655 1685 1727 Contigit
1704 1655 1811 1711 illis
1832 1655 1963 1710 illud
1990 1655 2102 1711 veri
2122 1669 2246 1727 pro-

669 1745 839 1800 verbii
871 1763 885 1800 :
918 1745 1080 1801 Canis
1106 1760 1358 1802 reversus
1397 1745 1465 1801 ad
1509 1747 1797 1812 vomitum,
1841 1754 1898 1801 et
1923 1761 2018 1802 sus
2045 1745 2155 1801 tota
2186 1745 2240 1802 in

2356 591 2423 631 ac
2462 578 2905 646 responsionibus
2934 580 3113 644 debet,
3143 590 3204 637 ut
3233 595 3340 638 non
3383 586 3538 642 selum
3578 591 3633 648 de
3674 608 3802 654 εεωει.

2356 664 2492 734 ipsa,
2519 666 2614 721 sed
2638 667 2801 720 etiam
2824 667 2890 720 de
2913 667 3021 722 illis
3046 668 3273 738 gloriam
3317 682 3514 730 aeterna:
3541 681 3802 742 retributionis

2355 751 2613 808 inveniat.
2641 753 2766 809 Ηωο
2793 769 2880 810 me
2905 754 3087 810 dicere
3107 757 3261 813 vobis
3297 759 3484 816 nimius
3524 780 3652 822 amor
3683 776 3802 838 suasit,

2353 839 2479 910 quia
2510 841 2563 896 in
2595 850 2773 898 vestra
2803 843 2989 898 iustitia
3017 859 3104 902 me
3133 861 3396 915 crescere,
3424 860 3476 904 et
3494 851 3542 906 in
3581 865 3718 913 vestra
3746 863 3804 918 ui-

2351 931 2500 986 stitia
2535 947 2622 986 me
2639 933 2892 988 existimo
2922 933 3202 990 minorari.
3230 935 3559 1007 Omnipotens
3579 943 3689 1002 Deus
3728 964 3804 1020 gn-

2355 1021 2427 1074 tia
2456 1036 2553 1076 vos
2580 1023 2791 1078 caelesti
2821 1024 3108 1088 custodiat,
3133 1033 3188 1078 et
3217 1026 3360 1081 salva
3384 1028 3576 1086 Domini
3615 1036 3757 1102 pietate
3774 1051 3804 1092 et

2349 1112 2594 1184 piissima
2622 1112 2836 1168 Domini
2885 1115 3272 1185 tranquillitate
3327 1132 3420 1187 pro
3451 1123 3728 1188 parvulorum
3752 1130 3805 1182 de

2349 1203 2626 1260 minorum
2674 1204 3013 1262 nutrimento
3058 1207 3226 1262 vitam
3280 1217 3505 1264 vestram
3544 1211 3708 1284 longius
3745 1231 3803 1272 cx-

2351 1295 2553 1352 tendat.

2539 1382 2782 1455 Epistoia
2812 1383 3053 1457 Gregorii
3076 1399 3228 1456 papa:
3254 1381 3326 1442 ad
3346 1390 3674 1460 Augustinum.

2417 1473 2891 1531 Reverendissimo
2917 1483 2974 1530 et
3008 1477 3353 1533 sanctissimo
3394 1478 3538 1534 fratri
3573 1481 3804 1549 Auamma,

2344 1561 2669 1633 Caesonius,
2689 1581 2878 1623 servus
2904 1579 3182 1623 servorum
3203 1567 3324 1626 Dei.

2422 1655 2843 1714 Desiderabilem
2881 1657 3012 1712 mihi
3049 1672 3080 1712 a
3110 1666 3166 1713 te
3188 1660 3390 1716 missus
3413 1661 3595 1717 Denual
3620 1663 3804 1734 religiosus

2343 1743 2646 1816 presbyter,
2667 1745 2849 1800 attulit
2868 1747 3136 1810 nuntium,
3153 1761 3276 1802 cum
3299 1751 3600 1820 tesospitem
3623 1753 3803 1816 narravit;

667 1836 948 1893 volutabro
977 1835 1076 1892 luti
1107 1835 1196 1907 (11
1233 1835 1380 1892 Petr.
1414 1853 1474 1904 ιι,
1501 1836 1614 1903 2‘2).
1648 1855 1668 1890 ι
1699 1836 1951 1906 Magnum
1986 1847 2071 1893 est
2096 1838 2241 1892 enim
2273 1826 2321 1888 Β
2345 1843 2401 1890 et
2431 1851 2499 1890 ex
2540 1834 2870 1902 ministerio,
2895 1849 2994 1905 pro
3024 1851 3132 1906 quo
3157 1837 3372 1906 ;missus
3405 1847 3504 1906 est,
3533 1839 3702 1895 favente
3719 1841 3801 1903 Dea.

667 1936 855 1982 contra
882 1937 1162 1999 peccatum
1196 1928 1374 1983 virtus
1406 1927 1764 1998 poenitentiae,
1809 1927 1922 1992 sed,
1954 1928 2000 1983 si
2043 1929 2164 1998 quis
2191 1927 2246 1984 in

665 2023 852 2078 eadem
866 2023 1031 2092 278
1042 2022 1357 2091 poenitentia
1375 2030 1702 2091 perseveret.
1717 2019 1848 2076 Nam
1863 2021 2120 2092 scriptum
2132 2030 2243 2078 est:

670 2131 688 2163 ι
725 2110 825 2178 Qui
857 2110 1288 2181 perseveraverit
1311 2124 1481 2180 usque
1513 2110 1566 2164 in
1597 2111 1755 2165 ﬁnem
1792 2109 1882 2166 hic
1915 2111 2098 2166 salvus
2143 2111 2247 2167 erit

665 2199 882 2268 (Matth.
909 2216 968 2265 x,
994 2200 1107 2271 22).
1142 2217 1162 2252 ι
1194 2197 1330 2254 llinc
1356 2201 1617 2269 scriptum
1651 2216 1664 2252 :
1695 2217 1713 2250 I
1747 2198 1848 2266 Qui
1881 2197 2243 2270 baptizatura

663 2299 900 2355 mortuo,
928 2300 982 2344 et
1013 2291 1212 2346 iterum
1237 2292 1403 2360 tangit
1432 2304 1577 2356 eum,
1617 2291 1746 2361 quid
1774 2292 1989 2362 proiicit
2043 2292 2243 2349 lavatio

665 2377 825 2448 ejus?
855 2396 876 2430 ι
902 2376 1088 2449 (Eccli-
1121 2392 1309 2444 xxxiv,
1328 2377 1440 2450 50.)
1466 2377 1733 2433 Mortuum
1756 2379 1953 2449 quippe
1981 2388 2064 2436 est
2083 2393 2242 2436 omne

660 2483 797 2538 opus
823 2483 1160 2537 perversum,
1187 2469 1328 2539 quod
1368 2469 1632 2539 pertrahit
1675 2470 1744 2524 ad
1794 2479 2049 2538 mortem,
2098 2470 2243 2542 quod

662 2559 826 2612 vitam
842 2557 1068 2628 iustitia:
1089 2574 1196 2614 non
1221 2558 1370 2612 vivit.
1407 2558 1718 2628 Baptizatur
1760 2573 1888 2632 ergo
1945 2574 1977 2614 a
2029 2568 2240 2616 mortuo

658 2656 715 2701 et
740 2647 936 2702 iterum
961 2647 1130 2719 tangit
1157 2661 1304 2714 eum,
1327 2647 1418 2718 qui
1443 2662 1610 2718 prava
1629 2663 1811 2719 Opera,
1840 2665 1960 2720 qua:
1982 2665 2041 2704 se
2067 2649 2241 2722 egisse

662 2737 924 2798 meminit,
957 2735 1220 2806 deplorat,
1252 2737 1347 2790 sed
1368 2751 1426 2790 se
1454 2737 1658 2792 eisdem
1693 2738 1886 2794 iterum
1912 2748 2035 2809 post
2065 2739 2239 2812 tacry-

661 2839 778 2879 mas
813 2823 1074 2894 implicat.
1102 2824 1400 2888 Animaita
1448 2827 1700 2894 quaslibet
1744 2825 1982 2894 ejusdem
2038 2829 2238 2885 mortui

659 2916 931 2971 tavatione
951 2931 1059 2971 non
1088 2914 1320 2986 proiicit,
1342 2917 1469 2986 quia
1490 2917 1591 2972 hoc
1609 2917 1805 2972 iterum
1831 2918 2076 2974 faciendo
2095 2922 2238 2989 quod

659 3006 891 3076 planxit,
915 3021 1014 3060 nec
1039 3021 1137 3076 per
1179 3005 1415 3061 lamenta
1469 3007 1798 3077 poenitentiae
1849 3009 1917 3063 ad
1963 3010 2237 3068 rectitudi-

660 3112 782 3150 nem
809 3095 1033 3164 justitiae
1053 3095 1314 3166 exsurgit.
1345 3095 1726 3152 Ptenitentiam
1753 3098 1894 3153 enim
1928 3114 2055 3156 vere
2078 3113 2238 3172 agere

658 3199 743 3246 est
771 3191 1054 3245 commissa
1086 3164 1362 3260 plangere,
1391 3199 1446 3245 et
1474 3193 1668 3246 iterum
1719 3191 2018 3263 plangenda
2069 3164 2234 3250 decli-
2262 3164 2308 3227 ο

657 3296 806 3335 nare.
839 3279 897 3352 Si
925 3280 1014 3352 qui
1046 3296 1174 3335 vero
1200 3290 1326 3335 sunt
1353 3281 1444 3350 qui
1468 3280 1682 3347 dicunt,
1705 3282 1830 3352 quia
1865 3323 1880 3350 ,
1931 3284 2238 3354 compulsus

655 3371 923 3440 quispiam
955 3371 1297 3432 necessitate,
1328 3371 1373 3424 si
1405 3371 1962 3439 anathematizaverit,
2015 3375 2236 3430 anathe-

658 3461 821 3514 matis
843 3460 1058 3515 vinculo
1099 3475 1204 3514 non
1233 3469 1462 3524 tenetur,
1488 3462 1586 3530 ipsi
1612 3462 1714 3517 sibi
1739 3471 1904 3518 testes
1932 3473 2058 3520 sunt
2109 3467 2236 3536 quia

655 3541 946 3606 Christiani
978 3565 1081 3605 non
1111 3558 1268 3615 sunt;
1301 3552 1426 3619 quia
1451 3552 1733 3623 ligamenta
1756 3563 1957 3608 sanctae
1982 3555 2237 3612 Ecclesia

653 3641 808 3696 vanis
836 3657 894 3696 se
919 3642 1188 3696 aestimant
1210 3628 1493 3698 curialibus
1524 3642 1755 3710 solvere,
1783 3627 1848 3701 ac
1868 3661 1965 3716 per
2009 3647 2110 3703 hoc
2135 3664 2236 3705 nec

653 3730 990 3786 absolutionc
1019 3738 1219 3787 sancite
1247 3727 1523 3797 Ecclesitc,
1571 3747 1732 3802 quam
1789 3745 2009 3804 praestat
2060 3737 2232 3792 fideli-

653 3821 776 3888 bus,
802 3838 980 3877 veram
1012 3832 1218 3892 putant,
1263 3824 1308 3879 si
1355 3823 1676 3894 legationem
1724 3823 1840 3895 ejus
1894 3827 2074 3884 Valere
2126 3845 2234 3887 non

652 3913 937 3966 mstitnant.
969 3913 1166 3968 Contra
1192 3929 1327 3984 quos
1355 3915 1555 3969 diutius
1576 3914 1955 3984 disputandum
1989 3927 2096 3975 non
2125 3931 2230 3990 est,

653 4002 777 4070 quia
808 4019 902 4072 per
923 3995 1102 4058 omnia
1124 4005 1450 4074 dcspiciendi
1479 4014 1534 4060 et
1554 4011 2047 4066 anathematizandi
2081 4021 2231 4082 sunt,

653 4102 711 4145 ut
733 4095 876 4149 unde
903 4109 960 4148 se
979 4085 1163 4151 fallere
1185 4096 1466 4152 veritatem
1490 4099 1739 4166 credunt,
1764 4100 1888 4156 inde
1916 4103 1966 4158 in
1994 4106 2232 4174 peccatis

653 4181 766 4235 suis
805 4183 1070 4238 veraciter
1092 4183 1343 4256 ligentur.
1378 4185 1436 4240 Si
1469 4187 1560 4257 qui
1601 4199 1729 4245 sunt
1777 4189 1940 4259 igitur
1989 4193 2082 4262 qui
2131 4195 2230 4251 sub

652 4270 869 4325 nomine
895 4270 1203 4328 Christiano
1232 4274 1365 4340 haec,
1397 4291 1516 4346 quae
1562 4279 1929 4348 pmdiximus,
1983 4296 2229 4338 errorum

653 4361 889 4432 capitula
920 4374 1012 4417 aut
1041 4365 1335 4434 praedicare
1363 4365 1561 4421 audent
1598 4377 1694 4423 aut
1751 4370 1914 4424 tacite
1965 4371 2104 4440 apud
2144 4386 2230 4428 se-

649 4455 906 4523 metipsos
937 4463 1138 4520 tenere,
1166 4455 1266 4511 hos
1291 4458 1476 4524 procul
1500 4458 1660 4514 dubio
1684 4459 2226 4518 anathematizamus.

648 4537 724 4596 Ex
749 4542 998 4597 omnibus
1021 4552 1196 4598 tamen
1243 4545 1490 4613 capitulis
1542 4546 1593 4600 in
1636 4548 1736 4612 eis,
1790 4548 1930 4602 sicut
1980 4551 2225 4619 praedixi,

648 4630 738 4699 qui
765 4633 830 4685 ad
862 4643 945 4686 me
968 4631 1021 4686 in
1051 4632 1196 4703 regia
1223 4633 1357 4689 urbe
1395 4633 1581 4688 venire
1638 4620 2052 4704 consueverant,
2101 4639 2223 4695 nul-

648 4719 757 4774 lum
807 4721 1029 4776 omnino
1085 4733 1324 4778 errorem
1373 4721 1657 4792 cujuslibet
1708 4726 1952 4794 praadicti
2005 4728 2224 4799 capituli

645 4812 860 4880 agnovi,
887 4811 980 4866 sed
1007 4827 1180 4881 neque
1222 4811 1388 4867 fuisse
1425 4813 1693 4877 existimo,
1756 4828 1881 4868 nam
1932 4816 1975 4870 si
2035 4816 2225 4873 fuisset

647 4901 1005 4970 agnovissent.
1032 4901 1164 4968 Quia
1199 4916 1324 4957 vero
1353 4910 1478 4957 sunt
1510 4903 1665 4958 multi
1696 4905 1933 4960 tidelium
1980 4908 2075 4976 qui
2125 4908 2224 4962 imo

648 4993 852 5060 peritiae
890 4993 1005 5065 zelo
1033 4993 1420 5059 accenduntur,
1469 5004 1525 5050 ct
1575 5010 1734 5064 saepe,
1781 4997 1908 5050 dum
1956 4999 2218 5070 quosdam

648 5082 799 5149 quasi
832 5082 1115 5138 luereticos
1141 5084 1530 5154 insequuntur.
1582 5086 1811 5142 haereses
1859 5082 2084 5154 faciunt,
2130 5104 2222 5146 eo-

650 5186 768 5224 rum
805 5171 1102 5226 intirmitati
1129 5174 1513 5228 consulendum
1553 5184 1653 5242 est,
1709 5186 1764 5231 ct
1807 5176 1946 5232 sicut
1996 5179 2220 5248 praedixi

649 5263 856 5318 ratione
882 5279 946 5318 ac
973 5266 1382 5321 mansuetudine
1406 5276 1532 5321 sunt
1560 5267 1826 5337 placandi.
1875 5269 1983 5325 Illis
2022 5271 2218 5342 quippe

647 5362 772 5407 sunt
794 5353 1015 5419 similes,
1048 5353 1114 5409 de
1139 5355 1332 5424 quibus
1367 5358 1629 5425 scriptum
1647 5367 1760 5412 est:
1787 5379 1804 5409 ι
1828 5359 2216 5416 Tcstinmnium

647 5444 902 5514 perbibeo
927 5444 993 5499 de
1049 5443 1155 5500 illis
1213 5447 1354 5516 quod
1411 5445 1802 5502 :emulatlonem
1860 5444 1955 5503 Dei
1998 5449 2217 5516 habent,

646 5534 738 5588 sed
775 5550 881 5588 non
909 5533 1202 5590 secundum
1229 5535 1511 5589 scientiam
1561 5534 1730 5606 (Rom.
1766 5552 1818 5598 .v,
1845 5535 1921 5606 Ξ).
1955 5555 1973 5588 ι
2030 5537 2218 5592 Vestra

647 5616 828 5693 itaque
853 5623 1189 5690 excellentia,
1219 5640 1336 5694 qua:
1365 5626 1417 5679 in
1449 5624 1677 5678 lectione
1699 5665 1712 5688 ,
1742 5626 1795 5678 in
1839 5625 2090 5697 lacrymis
2139 5636 2220 5679 at-

647 5731 750 5782 quc
780 5715 831 5769 in
853 5715 1206 5786 eleetnosynis
1237 5714 1632 5770 incessabiliter
1663 5714 1813 5781 vivit,
1869 5731 2053 5770 eorum
2083 5715 2221 5771 sicut

2347 1927 2614 2000 proﬁcere
2633 1927 2920 1982 nuntiavit.
2942 1927 3144 1982 Detulit
3163 1928 3329 1990 etiam
3358 1944 3389 1984 a
3411 1939 3460 1986 te
3479 1931 3644 1986 missas
3659 1930 3805 1995 litteras.

2347 2020 2440 2075 ubi
2466 2017 2714 2074 indicasti
2733 2017 2880 2088 quod
2906 2031 3034 2090 ager
3057 2016 3374 2074 Dominicus
3400 2019 3489 2089 qui
3517 2020 3704 2076 inwttus
3717 2020 3806 2090 iace

2345 2109 2457 2177 bat,
2486 2118 2542 2164 et
2564 2108 2843 2181 spinarum
2888 2106 3091 2163 aculeis
3119 2119 3187 2162 ex
3217 2108 3528 2166 infidelitate
3551 2110 3735 2180 riguerat
3754 2124 3808 2162 t0-

2346 2211 2495 2254 mere
2518 2206 2622 2252 tuae
2645 2196 2902 2254 doctrina:
2921 2205 3204 2263 cxarante,
3220 2213 3408 2254 semen
3426 2199 3564 2255 verbi
3583 2199 3807 2268 suscepit,et

2346 2286 2584 2342 fertilem
2604 2300 2837 2342 messem
2857 2284 3080 2356 protulit
3105 2272 3402 2342 iidetitatis.
3425 2287 3482 2342 ln
3504 2287 3674 2343 eisdem
3690 2287 3808 2341 una

2344 2374 2590 2444 quaedam
2612 2372 2950 2430 subnexuisti
2972 2373 3226 2444 capitula,
3250 2373 3568 2430 sciscitando
3586 2373 3810 2443 qualitate-

2341 2475 2490 2534 neat,
2512 2466 2597 2522 vel
2621 2467 2815 2522 doceat
2844 2465 2958 2520 hinc
2984 2474 3170 2521 sancta
3193 2464 3490 2535 apostolica
3527 2465 3720 2520 Romana
3753 2463 3810 2518 Et-

2340 2546 2524 2631 clesia.
2561 2539 2706 2610 Bene
2743 2555 2876 2611 satis
2909 2555 3034 2625 quia
3060 2556 3252 2611 beatus
3298 2556 3566 2627 apostolus
3604 2556 3811 2617 Petrus,et

2339 2646 2687 2720 apostolatus,
2709 2655 2764 2703 et
2780 2646 3120 2716 episcopatus
3141 2647 3466 2718 principium
3478 2647 3673 2713 exstitit,
3689 2655 3810 2701 ctoon-

2337 2739 2533 2798 sulenti
2574 2740 2671 2796 tibi
2707 2739 2775 2795 de
2804 2748 2947 2796 statu
2968 2739 3220 2796 Ecclesia:
3261 2755 3374 2796 non
3399 2756 3464 2796 ex
3491 2740 3627 2796 nobis
3650 2739 3756 2808 quasi
3775 2753 3810 2789 et

2339 2830 2514 2897 nobis,
2541 2830 2636 2886 sed
2665 2844 2730 2885 ex
2761 2829 2937 2900 gratia
2967 2846 2985 2880 ε
3009 2844 3129 2899 qua:
3155 2829 3334 2897 aperit
3361 2844 3424 2884 os
3452 2838 3650 2891 mutum,
3685 2836 3724 2881 et
3754 2825 3811 2877 lin-

2338 2931 2470 2988 guas
2500 2914 2784 2971 infantium
2811 2905 2942 2970 facit
2972 2914 3201 2969 disertas
3223 2912 3383 2984 (Sap.
3413 2931 3469 2980 χ,
3488 2913 3600 2983 2t);
3623 2931 3637 2962 ι
3662 2907 3812 2980 qualiter

2339 3013 2526 3060 tenere
2563 3005 2764 3060 debeas
2793 3003 3074 3075 apostolici
3107 3005 3313 3075 vigoris
3350 3004 3586 3060 doctrina
3619 3002 3810 3057 ediciums.

2336 3097 2503 3168 Igitur
2524 3096 2578 3150 in
2625 3095 2817 3166 primis
2865 3095 3144 3166 legebatur
3172 3104 3340 3165 quota
3379 3094 3639 3166 progenies
3674 3089 3814 3163 propin-

2338 3203 2568 3260 quorum
2597 3192 2942 3247 matrimonio
2967 3191 3272 3262 copuletur,
3323 3192 3549 3247 dicimus
3575 3188 3688 3258 quod
3716 3199 3814 3253 09°"

2339 3289 2518 3336 tuerat
2541 3282 2756 3352 quidem
2776 3283 3014 3353 quandiu
3055 3298 3114 3338 se
3147 3291 3488 3352 cognoscunt
3515 3278 3721 3336 atiinitate
3740 3289 3814 3346 pre

2337 3371 2568 3442 pinquos
2589 3369 2658 3427 ad
2695 3372 2856 3443 hujus
2909 3371 3116 3443 copula:
3146 3380 3254 3428 nbn
3289 3374 3546 3430 accedere
3577 3370 3811 3428 societatem,
3900 3369 3901 3420 ἴ

2337 3461 2432 3514 sed
2453 3462 2578 3530 quia
2602 3463 2954 3532 temperantia
3007 3462 3200 3532 magis,
3253 3472 3312 3518 et.
3363 3461 3641 3535 prmsertim
3678 3457 3717 3512 in
3749 3465 3814 3509 tam

2336 3549 2565 3604 barbara
2593 3559 2755 3621 gente
2795 3550 2972 3622 placet
3021 3550 3306 3621 plusquam
3350 3551 3603 3607 districtio
3636 3557 3813 3602 ceuSurz,
3900 3577 3901 3602 ι

2336 3640 2857 3710 concedendutnest,
2883 3652 2941 3696 ut
2960 3649 3083 3711 post
3107 3647 3359 3712 quartam
3379 3640 3728 3713 generationem
3740 3633 3815 3703 jun-
3900 3657 3901 3690 ι

2335 3740 2550 3801 gantur.
2585 3730 2721 3786 Nam
2747 3732 3157 3803 quodposuisti,
3179 3733 3325 3802 quod
3372 3732 3417 3788 si
3454 3730 3628 3787 mulier
3667 3721 3816 3782 inﬁrmi-
3900 3739 3901 3803 ί

2338 3826 2448 3875 tate
2473 3829 2723 3891 correpta
2751 3836 2856 3875 non
2911 3820 3143 3875 valuerit
3199 3820 3322 3875 viro
3376 3819 3602 3875 debitum
3649 3813 3815 3872 reddere.
3900 3813 3901 3826 ³

2333 3908 2463 3979 quid
2484 3908 2600 3977 ejus
2625 3909 2788 3964 faciat
2806 3907 3021 3979 jugalis,
3050 3907 3250 3963 bonum
3279 3918 3452 3975 esset,
3482 3909 3526 3962 si
3569 3907 3637 3962 sic
3676 3913 3817 3974 perm

2333 4007 2506 4062 neret,
2538 4006 2597 4052 ut
2622 3999 2961 4053 abstinentia:
2991 4005 3228 4052 vacaret.
3258 3997 3371 4053 Sed
3399 3998 3522 4067 quia
3550 3996 3639 4050 hoc
3664 4003 3814 4060 ungue

2334 4101 2452 4141 rum
2482 4095 2588 4152 cst,
2617 4080 2703 4140 ille
2732 4086 2825 4156 qui
2881 4101 2939 4142 se
2988 4101 3095 4142 non
3145 4087 3348 4156 poterit
3399 4090 3673 4148 continere,
3711 4078 3819 4133 nubat

2333 4177 2525 4248 magis,
2549 4193 2654 4232 non
2688 4185 2866 4232 tamen
2913 4177 3137 4232 subsidii
3177 4191 3337 4246 opem
3377 4177 3640 4232 subtrahat
3675 4171 3724 4224 ab
3762 4158 3817 4218 illa

2333 4268 2418 4324 cui
2444 4267 2727 4322 infirmitas
2755 4267 3030 4337 przepedit,
3054 4276 3111 4321 et
3143 4281 3246 4320 non
3278 4265 3602 4323 detestabilis
3625 4256 3742 4330 culpa
3763 4271 3819 4310 e1-

2332 4351 2517 4411 cludit.
2546 4355 2834 4426 Presbyter
2861 4372 2991 4410 vero
3021 4355 3102 4410 vel
3130 4351 3358 4424 quilibet
3381 4353 3638 4414 sacerdos,
3661 4351 3697 4403 si
3717 4366 3738 4398 a
3756 4358 3815 4412 p0—

2333 4433 2457 4520 pulo
2493 4449 2655 4502 fuerit
2681 4457 2986 4512 accusatus,
3035 4457 3090 4502 et
3150 4450 3286 4501 certi
3338 4463 3447 4502 non
3505 4444 3680 4500 fuerint
3714 4447 3819 4492 testes

2331 4541 2422 4610 qui
2450 4537 2694 4594 criminis
2724 4537 2854 4591 illati
2876 4537 3174 4608 approbent
3199 4536 3508 4602 veritatem,
3532 4524 3820 4601 jusjurandt-m

2331 4629 2436 4684 erit
2456 4629 2508 4683 in
2539 4629 2735 4694 medio,
2765 4637 2820 4683 et
2840 4627 2987 4682 illum
3013 4635 3203 4682 testem
3230 4625 3478 4696 proferat
3499 4625 3561 4679 de
3585 4617 3821 4678 innocentia“-

2328 4741 2439 4781 sua:
2467 4725 2720 4793 puritate,
2757 4743 2775 4776 ι
2805 4723 2892 4779 cui
2921 4722 3060 4776 nuda
3088 4731 3143 4776 et
3170 4731 3356 4792 aperta
3382 4707 3816 4780 suntonmiaulcbr.

2329 4828 2402 4878 tv,
2434 4805 2544 4883 l3),
2580 4833 2598 4866 ι
2634 4813 2819 4882 sicque
2849 4810 3064 4866 maneat
3096 4807 3150 4864 in
3179 4810 3399 4880 proprio
3425 4807 3602 4879 gradu.
3642 4800 3742 4855 Nam
3780 4793 3818 4845 de

2331 4882 2548 4958 homine
2568 4902 2658 4972 qui
2683 4917 2712 4955 a
2736 4901 2994 4971 pontitice
3023 4900 3378 4956 confirmatus
3412 4898 3590 4960 fuerit,
3613 4894 3747 4946 denuo
3764 4882 3818 4934 illa

2329 4993 2449 5048 talis
2473 4993 2750 5048 reiteratio
2777 4991 3107 5062 prohibenda
3134 5000 3237 5046 est.
3285 4988 3344 5044 In
3395 4988 3662 5044 missarum
3698 4986 3817 5032 autem

2326 5076 2623 5145 solemniis,
2645 5081 2774 5135 illud
2801 5081 3196 5136 observandum
3223 5087 3328 5145 est,
3357 5077 3501 5148 quod
3526 5073 3742 5132 Dominus
3760 5078 3818 5116 ιιῡσ

2325 5184 2441 5228 ster
2488 5171 2644 5226 Jesus
2663 5171 2910 5226 Christus
2943 5171 3144 5226 sanctis
3189 5170 3303 5225 suis
3352 5168 3542 5222 tribuit
3580 5156 3817 5229 discipulis:

2325 5263 2532 5333 accepit
2561 5276 2791 5332 namque
2813 5261 3036 5318 calicem
3058 5271 3113 5315 et
3139 5263 3232 5315 dat
3257 5259 3360 5325 eis,
3391 5259 3606 5314 dicens:
3632 5274 3646 5304 t
3673 5252 3744 5304 llic
3761 5260 3818 5297 cn-

2327 5355 2401 5409 lix
2425 5353 2547 5409 novi
2583 5352 2888 5408 testamenti
2919 5361 3004 5407 est
3028 5352 3080 5406 in
3104 5365 3222 5406 meo
3250 5349 3534 5418 sanguine.
3581 5344 3674 5398 Hoc
3711 5336 3817 5391 facile

2324 5446 2746 5515 quotiescunque
2793 5443 3005 5499 sumitis
3055 5435 3267 5514 (Matth.
3322 5449 3454 5494 :va
3482 5480 3496 5505 ,
3548 5439 3646 5506 28).
3677 5453 3693 5485 ι
3721 5426 3818 5485 Unde

2325 5549 2622 5605 congruum
2651 5549 2756 5588 non
2789 5545 2891 5598 est,
2929 5531 3063 5588 duos
3090 5530 3172 5585 vel
3213 5541 3319 5585 tres
3361 5529 3556 5586 calices
3599 5531 3644 5578 in
3688 5516 3817 5574 altario

2326 5641 2546 5696 ponere,
2605 5640 2726 5680 cum
2777 5625 3064 5679 missarum
3105 5619 3362 5677 solemnia
3412 5618 3730 5674 celebrantur.
3773 5607 3818 5658 De

2328 5717 2673 5772 immolativis
2707 5726 2885 5771 autem
2921 5716 3060 5771 escis
3097 5712 3436 5779 consuluisti,
3469 5712 3514 5767 si
3568 5725 3593 5763 a
3643 5702 3818 5759 fidelibus
