3894 5320
95 313 238 371 1121

1333 301 1827 365 DECRETALIUM
1870 298 2270 359 COLLECTIO.

3260 295 3400 352 1122

92 444 225 484 cum
257 425 625 498 supradictum
654 411 836 491 fuerit,
872 422 1087 481 viviﬁce
1112 423 1294 479 crucis
1339 422 1556 495 signum
1611 420 1699 476 edi
1728 420 1777 482 Α
1803 425 1887 473 est
1918 417 1973 473 in
2014 415 2197 473 causis
2220 413 2328 486 piis
2355 426 2419 467 at:
2440 408 2711 483 religiosis
2761 411 3097 482 erogandum
3142 416 3251 476 est,
3290 409 3400 465 Do-

90 518 312 585 liceret,
340 534 409 574 an
441 516 588 574 non?
610 515 745 572 lllud
769 514 966 573 sutiicit
989 514 1317 586 respondere
1341 514 1483 585 quod
1513 513 1705 569 beatus

87 610 397 684 Apostolus
426 610 601 666 dicit:
635 629 654 662 ‹
693 607 750 665 Si
777 609 902 680 quis
951 608 1186 665 dixerit:
1216 606 1332 664 Hoc
1372 605 1694 662 inmolatum

88 713 217 773 est;
249 703 420 760 nolite
452 703 615 759 edere
641 711 866 774 propter
889 717 1014 758 eum
1037 700 1128 771 qui
1171 700 1451 765 indicavit,
1489 706 1544 755 et
1579 712 1706 770 pro-

88 804 225 865 pter
252 794 646 852 conscientiam
685 792 739 864 (Ι
765 791 889 849 Cor.
922 808 982 860 x,
1010 790 1122 864 28).
1156 811 1175 846 ι
1213 789 1487 846 Addidisti
1524 789 1704 845 adhuc

86 888 266 958 quod,
295 889 341 944 si
371 888 531 945 Pater
558 887 643 943 vel
669 894 868 954 mater,
895 886 1066 942 tilium
1086 886 1172 943 vel
1200 885 1365 941 ﬁliam
1389 883 1532 940 iutra
1554 891 1705 954 septa

88 981 427 1038 monasterii
466 982 521 1038 in
552 980 797 1037 infantia:
834 981 993 1036 annis
1047 981 1149 1037 sub
1192 978 1430 1051 regulari
1477 977 1707 1033 tradide-

85 1072 211 1128 rint
239 1072 548 1144 disciplina,
571 1081 752 1129 utrum
778 1071 943 1128 liceat
969 1072 1068 1137 eis,
1125 1079 1412 1142 postquam
1441 1070 1703 1138 puberta-

86 1163 175 1220 tis
199 1163 547 1236 impleverint
576 1178 769 1231 annos,
835 1162 1017 1236 egredi
1044 1170 1102 1219 et
1145 1160 1496 1217 matrimonio
1540 1174 1707 1231 copu—

82 1256 225 1313 lari.
258 1257 372 1314 Hoc
398 1258 623 1314 omnino
643 1258 930 1323 evitamus,
959 1257 1086 1328 quia
1113 1255 1267 1313 nefas
1286 1263 1391 1322 est,
1416 1262 1476 1311 ut
1507 1253 1706 1310 oblatis

83 1367 123 1408 ει
189 1351 511 1424 parentibus
561 1349 675 1406 Deo
724 1350 853 1405 ﬁliis
892 1347 1185 1420 voluptatis
1238 1347 1390 1404 frena
1434 1347 1702 1402 laxentur.

82 1441 393 1499 Enimvero
419 1441 707 1513 quosdam,
737 1442 943 1512 absque
984 1440 1415 1513 interrogatione
1449 1437 1701 1512 symboli,

82 1537 168 1592 ab
190 1536 455 1594 adulteris
476 1544 534 1592 et
553 1534 791 1607 indignis
813 1534 1146 1608 presbyteris
1171 1533 1351 1590 fassus
1377 1545 1438 1590 es
1461 1532 1706 1604 baptiza-

84 1636 207 1684 tos.
240 1629 298 1685 ln
321 1628 409 1685 his
444 1637 537 1683 tua
568 1626 788 1683 dilectio
817 1635 1000 1684 teneat
1029 1627 1311 1696 antiquum
1347 1640 1555 1682 morem
1603 1624 1704 1679 Ec-

83 1719 305 1787 clesiae,
331 1719 755 1791 quia,quisquis
775 1719 831 1775 in
882 1719 1104 1776 nomine
1152 1718 1335 1775 Patris
1379 1728 1436 1774 et
1481 1717 1604 1774 Filii
1649 1725 1705 1771 et

1808 511 1958 565 mino
1984 517 2042 566 et
2069 508 2327 580 magistro
2346 506 2589 562 omnium
2615 502 2845 585 docente
2876 521 2888 557 :
2920 522 2940 555 ε
2969 503 3124 572 Quod
3150 506 3402 575 superest

1808 603 1933 660 date
1963 601 2388 673 eleemosynam,
2412 605 2467 655 et
2495 612 2625 654 ecce
2646 596 2828 654 omnia
2869 596 3072 653 munda
3123 604 3251 653 sunt
3300 611 3397 651 vo-

1805 697 1890 754 bis
1920 696 2071 768 (Luc.
2104 711 2179 763 xt,
2206 694 2317 763 41).
2360 713 2379 747 ι
2548 762 2558 775 ’

1856 787 2230 860 .Interrogatio
2288 785 2591 859 Augustini.
2647 784 2782 841 Cum
2825 798 2938 840 una
2986 784 3060 841 sit
3097 782 3251 850 ﬁdes,
3306 796 3406 839 cur

1805 889 1931 940 sunt
1960 880 2323 939 Ecclesiarum
2371 880 2600 935 diversae
2643 877 3087 945 consuetudines,
3138 886 3196 933 et
3247 875 3408 932 aliter

1807 974 2139 1030 consuetudo
2184 974 2471 1031 missarum
2511 973 2566 1029 in
2616 978 2803 1029 sancta
2858 971 3100 1028 Romana
3142 969 3406 1038 Ecclesia,

1807 1073 1971 1137 atque
1995 1065 2153 1121 aliter
2181 1065 2234 1120 in
2258 1064 2557 1121 Galliarum
2586 1063 2843 1121 Ecclesiis
2874 1063 3124 1120 tenetur?

1876 1156 2162 1230 Responsio
2184 1154 2441 1229 Gregorii.
2465 1154 2625 1211 Novit
2651 1154 2968 1212 fraternitas
3010 1146 3113 1211 tua
3149 1153 3410 1212 Romana!

1804 1249 2067 1306 Ecclesia}
2089 1249 2559 1315 consuetudinem,
2584 1250 2638 1305 in
2667 1267 2775 1322 qua
2823 1267 2881 1306 se
2936 1250 3188 1307 meminit
3233 1249 3413 1306 nutri-

1806 1349 1941 1409 tam,
1966 1358 2129 1413 quam
2164 1343 2320 1398 valde
2345 1339 2637 1398 amabilem
2662 1351 2713 1399 te
2739 1342 2955 1398 habeat.
2987 1342 3094 1400 Sed
3124 1342 3258 1399 mihi
3288 1342 3409 1414 pla-

1806 1446 1912 1502 cet,
1941 1446 2002 1494 ut
2030 1438 2144 1495 sive
2166 1437 2220 1492 in
2256 1436 2523 1508 Romana,
2555 1439 2671 1495 sive
2700 1437 2752 1492 in
2804 1436 3122 1502 Galliarum,
3184 1437 3301 1493 sive
3353 1437 3410 1493 in

1806 1529 2048 1600 qualibet
2076 1530 2319 1588 Ecclesia
2349 1532 2551 1603 aliquid
2582 1528 2859 1597 invenisti,
2889 1530 3033 1600 quad
3066 1528 3188 1599 plus
3236 1529 3416 1585 omni-

1801 1624 2014 1695 potenti
2051 1624 2161 1679 Deo
2180 1625 2353 1696 possit
2379 1623 2614 1695 placere,
2643 1622 2876 1680 sollicite
2908 1622 3078 1695 eligas
3116 1623 3170 1678 in
3214 1621 3416 1693 Anglo-

1805 1730 1926 1769 rum
1954 1714 2218 1781 Ecclesia,
2252 1731 2373 1787 quae
2397 1716 2571 1772 adhuc
2592 1716 2661 1771 ad
2688 1715 2850 1771 tidem
2879 1731 3017 1771 nova
3041 1712 3167 1783 est,
3196 1716 3415 1771 institu.

85 1809 339 1883 Spiritus
358 1810 533 1867 sancti
547 1809 856 1882 baptizatus
878 1818 981 1877 est,
1006 1809 1333 1881 rebaptizari
1355 1824 1479 1865 eum
1496 1808 1721 1864 minime
1747 1795 1799 1859 Β
1828 1806 1972 1862 tione
2004 1808 2274 1879 praecipua
2300 1823 2421 1879 quae
2443 1808 2508 1864 de
2538 1807 2722 1864 multis
2747 1806 3006 1863 Ecclesiis
3036 1805 3289 1878 colligere
3319 1821 3416 1876 po-

84 1902 280 1958 liceat.
314 1900 433 1959 Non
465 1902 613 1958 enim
639 1902 693 1956 in
722 1901 941 1959 nomine
969 1901 1318 1971 baptizantis,
1352 1900 1448 1956 sed
1503 1900 1561 1956 in
1615 1914 1713 1955 no-

83 1991 251 2055 mine
287 1989 571 2047 Trinitatis
625 1989 789 2062 hujus
842 1991 1032 2064 gratia:
1079 1991 1279 2047 donum
1327 1990 1601 2062 percepit,
1658 1999 1715 2047 et

84 2086 357 2136 teneatur
385 2080 531 2152 quod
551 2079 843 2152 Apostolus
875 2079 1045 2137 dicit:
1084 2099 1103 2133 c
1136 2079 1289 2139 Unus
1311 2081 1475 2146 Deus,
1510 2096 1618 2135 una
1648 2079 1713 2135 ﬁ-

89 2175 222 2243 des,
259 2192 427 2231 unum
453 2176 726 2248 baptisma
749 2175 968 2248 (Ephes.
993 2190 1070 2243 tv,
1093 2174 1173 2247 5),
1202 2195 1223 2229 ι
1247 2177 1554 2232 doctrinam
1580 2190 1714 2232 vero

91 2268 403 2339 spiritalem
445 2268 647 2329 talibus
690 2268 988 2326 studiosius
1029 2275 1091 2323 ut
1152 2267 1434 2340 impertias
1482 2266 1710 2326 deman-

102 2361 322 2417 damus.

100 2470 374 2559 Incipiunt
394 2478 707 2559 quaestiones
735 2475 795 2532 S.
837 2476 1138 2559 Augustini
1169 2474 1575 2559 Cantuariensis
1618 2492 1715 2531 ar-

278 2545 614 2619 chiepiscopi,
639 2557 688 2604 et
710 2545 1071 2619 responsiones
1095 2545 1335 2618 Gregorii
1360 2564 1531 2618 papaz.

172 2658 527 2733 Interrogatio
556 2661 694 2716 beati
722 2659 1026 2732 Augustini,
1051 2660 1278 2731 episcopi
1305 2657 1712 2715 Cantuariensis

86 2749 380 2818 Ecclesiae,
427 2753 494 2807 de
543 2752 817 2825 episcopis
870 2751 1104 2824 qualiter
1158 2768 1281 2808 cum
1336 2752 1449 2809 suis
1493 2751 1711 2808 clericis

85 2854 520 2914 conversentur,
547 2845 633 2901 vel
658 2846 726 2903 de
770 2847 877 2914 his,
924 2861 1029 2917 que
1075 2845 1318 2902 ﬁdelium
1368 2845 1711 2902 orationibus

82 2937 376 2994 accedunt
394 2938 461 2993 ad
485 2937 762 3005 altarium,
790 2947 1009 3009 quantae
1033 2936 1399 2995 debeantﬁeri
1411 2938 1709 3008 portiones,

77 3040 146 3087 et
168 3030 415 3102 qualiter
441 3030 728 3102 episcopus
758 3032 814 3086 in
851 3030 1085 3086 ecclesia
1113 3045 1277 3101 agere
1318 3029 1534 3086 debeat.

162 3123 466 3195 Responsio
514 3123 775 3196 Gregorii.
851 3124 1021 3180 Sacra
1100 3123 1385 3194 Scriptura
1450 3130 1707 3190 testatur,

75 3232 268 3288 quam
299 3216 439 3271 bene
477 3224 529 3272 te
555 3229 844 3293 nossenon
871 3215 1080 3282 dubito,
1111 3224 1167 3271 et
1221 3214 1530 3286 specialiter
1562 3215 1711 3271 beati

71 3308 259 3365 Pauli
311 3308 381 3364 ad
413 3306 772 3383 .Timotheum
820 3306 1096 3379 Epistolas,
1144 3306 1201 3363 in
1255 3307 1453 3377 quibus
1493 3307 1711 3364 erudire

71 3402 333 3470 studuit,
356 3392 596 3475 qualiter
617 3418 743 3459 eum
771 3402 826 3458 in
858 3401 1020 3459 domo
1043 3400 1139 3456 Dei
1185 3401 1502 3457 conversari
1545 3415 1709 3471 opor-

74 3496 323 3552 tuisset.
351 3493 468 3550 Mos
517 3501 698 3552 autem
750 3493 897 3550 sedis
948 3500 1035 3548 est
1086 3490 1397 3564 apostolica:
1444 3491 1713 3548 ordinatis

67 3586 380 3660 episcOpis
416 3595 689 3664 praecepta
736 3585 977 3663 tradere,
1020 3591 1083 3640 ut
1126 3599 1193 3639 ex
1250 3583 1398 3640 omni
1444 3582 1713 3652 stipendio

70 3679 253 3752 quod
285 3678 516 3746 accedit,
541 3686 778 3750 quatuor
806 3676 928 3732 ﬁeri
968 3676 1204 3733 debeant
1250 3675 1553 3745 portiones,
1601 3689 1713 3729 una

66 3771 365 3828 videlicet
385 3771 641 3843 episcopo
668 3778 724 3826 et
752 3769 993 3836 familiae,
1029 3778 1255 3841 propter
1287 3767 1713 3840 hospitalitatem

64 3874 276 3935 atque
314 3862 882 3943 susceptionem;_alia
908 3863 1089 3928 clero;
1147 3861 1309 3919 tertia
1352 3862 1712 3933 pauperibus;

64 3966 311 4029 quarta
336 3955 584 4013 ecclesiis
622 3954 961 4026 reparandis.
993 3952 1102 4009 Sed
1132 3953 1258 4023 quia
1286 3961 1378 4007 tua
1401 3952 1717 4025 fraternitas

62 4048 574 4125 ntonasteriorum
600 4046 805 4118 regulis
830 4046 1046 4103 erudita
1076 4059 1322 4102 seorsum
1371 4044 1558 4100 vivere
1608 4058 1717 4100 non

62 4143 295 4207 debet,
322 4155 354 4194 a
382 4139 599 4195 clericis
645 4139 759 4195 suis
808 4138 866 4194 in
914 4136 1159 4193 Ecclesia
1219 4135 1541 4206 Anglorum,
1573 4150 1717 4206 quae,

62 4238 343 4289 auctore
369 4230 504 4295 Deo,
527 4243 701 4298 nuper
732 4228 803 4284 ad
828 4227 993 4284 ﬁdem
1018 4228 1285 4297 perducta
1312 4234 1422 4293 est,
1454 4226 1598 4281 hanc
1617 4225 1718 4282 de-

62 4325 199 4377 bet
228 4318 706 4375 conversationem
735 4319 1041 4385 instituere,
1074 4332 1196 4388 qua:
1234 4316 1391 4372 initio
1446 4316 1722 4373 nascentis
1824 4293 2056 4350 ίθπθηίδ

1814 1897 1970 1953 tuisti
2000 1897 2274 1953 infundas.
2319 1896 2438 1954 Non
2487 1899 2632 1956 enim
2684 1914 2784 1969 pro
2833 1898 2967 1955 locis
3012 1914 3126 1965 res,
3184 1898 3279 1955 sed
3317 1915 3415 1970 pro

1813 1988 1969 2045 bonis
1993 1990 2155 2045 rebus
2185 1990 2301 2046 loca
2330 1991 2557 2046 amanda
2581 1999 2728 2045 sunt.
2754 1991 2835 2046 Ex
2865 1989 3093 2062 singulis
3113 2006 3245 2063 ergo
3291 1991 3416 2061 qui-

1811 2080 2023 2150 busque
2042 2080 2320 2149 Ecclesiis,
2342 2096 2463 2152 quae
2488 2081 2596 2153 pla,
2628 2097 2748 2151 quae
2770 2081 3042 2153 religiosa,
3094 2098 3215 2152 qua:
3264 2089 3416 2137 recta

1813 2171 2124 2245 suntelige,
2164 2173 2375 2238 ethaec,
2401 2173 2557 2243 quasi
2590 2172 2642 2228 in
2698 2171 2957 2228 fasciculo
3001 2172 3229 2229 collecta
3273 2172 3418 2244 apud

1811 2264 2111 2336 Anglorum
2140 2274 2371 2331 mentes,
2400 2266 2453 2320 in
2480 2265 2934 2321 consuetudinem
2963 2264 3192 2336 depone.

1883 2354 2243 2428 Interrogatio
2269 2355 2573 2427 Augustini.
2606 2353 2850 2412 Obsecro
2877 2355 3007 2426 quid
3036 2356 3149 2427 pati
3195 2354 3412 2425 debeat,

1813 2445 1861 2503 si
1888 2446 2014 2518 quis
2046 2446 2249 2517 aliquid
2278 2446 2346 2503 de
2372 2446 2601 2502 ecclesia
2639 2445 2788 2503 furto
2815 2446 3125 2502 abstulerit.

1884 2538 2172 2611 Responsio
2192 2536 2452 2609 Gregorii.
2484 2538 2596 2594 Hoc
2622 2545 2713 2593 tua
2747 2536 3064 2595 fraternitas
3088 2553 3157 2594 ex
3183 2552 3418 2610 persona

1812 2630 1948 2689 furis
1969 2648 2199 2704 pensare
2218 2640 2399 2704 potest
2416 2631 2650 2702 qualiter
2660 2632 2841 2688 valeat
2859 2631 3080 2704 corrigi.
3109 2630 3247 2687 Sunt
3271 2631 3417 2689 enim

1814 2725 1908 2795 qui
1934 2725 2198 2781 habentes
2227 2723 2489 2789 subsidia,
2537 2722 2740 2779 furtum
2770 2729 3127 2793 perpetrant,
3181 2730 3236 2777 et
3292 2729 3423 2777 sunt

1813 2817 1906 2872 alii
1933 2816 2025 2887 qui
2052 2816 2107 2872 in
2134 2816 2238 2872 hac
2261 2831 2321 2871 re
2347 2830 2416 2871 ex
2437 2816 2619 2886 inopia
2643 2814 2996 2886 delinquunt;
3024 2814 3168 2869 unde
3189 2827 3418 2870 necesse

1813 2917 1917 2975 est,
1957 2908 2260 2979 utquidam
2283 2908 2521 2973 damnis,
2546 2906 2769 2978 quidam
2791 2921 2922 2963 vero
2963 2906 3304 2972 verberibus,
3367 2913 3423 2960 ct

1813 3002 2034 3072 quidam
2056 3001 2384 3066 districtius,
2416 3000 2638 3071 quidam
2699 3000 2873 3056 levius
2927 2999 3296 3071 corrigantur.
3354 2997 3424 3052 Et

1814 3110 1937 3150 cum
1969 3092 2251 3165 paululum
2281 3093 2589 3149 districtius
2628 3094 2828 3164 agitur,
2857 3109 2925 3149 cx
2953 3093 3223 3149 charitate
3252 3108 3420 3165 agen—

1738 3182 1786 3248 C
1818 3186 1945 3242 dum
1982 3194 2089 3253 est,
2113 3201 2223 3243 non
2251 3201 2321 3242 ex
2347 3183 2557 3251 furore,
2580 3184 2707 3255 quia
2730 3184 2833 3255 ipsi
2860 3185 2963 3240 hoc
2989 3191 3283 3255 prazstatur
3327 3185 3422 3254 qui

1815 3278 2131 3350 corrigitur,
2169 3292 2241 3334 ne
2269 3277 2530 3349 gehennae.
2549 3276 2764 3348 ignibus
2818 3274 3085 3330 tradatur.
3150 3273 3243 3329 Sic
3269 3274 3418 3329 enim

1817 3386 1915 3427 nos
1946 3369 2197 3425 fidelibus
2225 3377 2411 3425 tenere
2434 3367 2775 3439 disciplinam
2807 3367 3089 3432 debemus,
3121 3367 3263 3422 sicut
3290 3366 3422 3421 boni
3486 3376 3491 3380 ‘

1815 3472 2001 3534 patres
2032 3461 2347 3518 carnalibus
2390 3460 2515 3516 ﬁliis
2564 3459 2759 3516 solent.
2799 3458 2947 3526 Quos
2996 3466 3052 3513 et
3101 3473 3203 3529 pro
3249 3457 3425 3527 culpis

1814 3552 2138 3609 verberibus
2158 3552 2386 3617 feriunt,
2410 3560 2465 3605 et
2513 3560 2694 3606 tamen
2760 3549 2909 3621 ipsos
2961 3564 3099 3619 quos
3148 3547 3425 3605 doloribus

1817 3644 2081 3717 aﬁligunt,
2109 3644 2318 3700 habere
2341 3642 2584 3698 hmredes
2606 3648 2874 3711 quaerunt,
2907 3647 2962 3697 et
2990 3655 3113 3710 qua:
3141 3638 3424 3711 possident

1824 3737 1959 3808 ipsis
1982 3742 2225 3801 servant,
2249 3748 2386 3803 quos
2415 3732 2541 3788 irati
2568 3730 2783 3801 insequi
2808 3731 3085 3787 videntur.
3141 3730 3269 3786 Haec
3320 3729 3425 3802 igi-

1822 3838 1910 3886 tur
1936 3829 2183 3886 charitas
2210 3836 2393 3884 mente
2424 3825 2658 3882 tenenda
2681 3834 2787 3892 est,
2811 3833 2866 3882 et
2901 3824 3018 3895 ipsa
3045 3825 3265 3880 modum
3296 3837 3426 3878 cor-

1820 3923 2084 3979 rectionis
2111 3922 2304 3987 dictet,
2329 3920 2406 3975 ita
2441 3926 2504 3974 ut
2542 3932 2697 3974 mens
2725 3923 2883 3972 extra
2912 3915 3148 3971 rationis
3177 3914 3424 3986 regulam

1820 4015 2043 4072 omnino
2077 4011 2212 4068 nihil
2232 4011 2421 4069 faciat.
2446 4009 2617 4065 Addis
2645 4009 2811 4063 etiam
2861 4006 3137 4078 quomodo
3190 4020 3257 4061 ea
3301 4021 3425 4076 qure

1818 4104 1968 4163 furto
2004 4105 2073 4161 de
2101 4104 2348 4161 ecclesiis
2374 4101 2719 4158 abstulerunt
2750 4099 2980 4155 reddere
3020 4099 3274 4155 debeant.
3319 4096 3430 4153 Sed

1823 4199 1967 4256 absit
1990 4207 2050 4256 ut
2086 4197 2332 4255 Ecclesia
2373 4210 2496 4251 cum
2537 4200 2834 4265 augmento
2893 4193 3142 4260 recipiat,
3173 4191 3320 4262 quod
3360 4190 3429 4245 de

2086 4293 2248 4348 rebus
2268 4288 2485 4344 videtur
2514 4288 2790 4353 amittere,
2833 4293 2890 4340 et
2939 4284 3092 4341 lucra
3151 4283 3218 4338 de
3268 4281 3427 4337 vanis

59 4412 380 4472 Ecclesiae
427 4410 530 4467 fuit
573 4404 1090 4482 patribusnostris,
1146 4412 1199 4466 in
1262 4411 1506 4481 quibus:
1538 4410 1722 4466 nullus
1823 4393 2056 4482 (ἰυῗξπθῑο

50 4518 304 4565 eorum
329 4518 397 4559 ex
449 4501 535 4557 his
567 4519 689 4572 quae
743 4496 1078 4575 possidebat,
1133 4502 1339 4573 aliquid
1384 4518 1542 4560 suum
1598 4516 1722 4558 esse

50 4593 351 4658 dicebat,
375 4594 470 4647 sed
486 4599 642 4646 erant
665 4590 746 4646 eis
765 4592 950 4645 omnia
968 4593 1278 4647 communia
1300 4592 1439 4663 (Act.
1465 4607 1539 4656 IV,
1560 4590 1674 4661 '52).
1688 4610 1708 4644 ι

49 4690 149 4747 Si
195 4685 298 4758 qui
327 4699 459 4740 vero
490 4682 673 4739 clerici
694 4690 824 4738 sunt
844 4676 998 4736 extra
1021 4694 1209 4736 sacros
1236 4681 1456 4736 ordines
1508 4681 1715 4736 consti-

48 4797 144 4843 ιιι
160 4783 240 4847 ti,
272 4780 369 4850 qui
399 4795 458 4836 se
496 4778 780 4835 continere
816 4790 927 4833 non
978 4782 1228 4847 possunt,
1276 4773 1460 4828 sortiri
1509 4787 1713 4829 uxores

42 4874 341 4938 debent,
364 4879 419 4927 et
446 4868 717 4943 stipendia
742 4882 842 4924 sua
883 4867 1130 4923 exterius
1167 4865 1437 4935 accipere,
1485 4863 1614 4936 quia
1657 4873 1715 4920 et

40 4974 162 5030 de
202 4965 321 5030 bis,
351 4964 417 5020 de
446 4964 644 5035 quibus
664 4959 874 5032 praefati
902 4975 1107 5025 sumus,
1144 4957 1395 5015 novimus
1421 4957 1709 5028 scriptum,

46 5085 86 5120 α
144 5057 323 5130 quod
344 5056 687 5114 dividebatur
715 5052 966 5124 singulis,
996 5060 1158 5123 prout
1186 5050 1379 5122 cuique
1405 5066 1544 5124 Opus
1595 5057 1718 5104 erat

39 5162 72 5218 ί
86 5150 312 5215 Ibid.,
335 5147 442 5218 55),
466 5170 485 5203 ι
506 5150 576 5205 de
601 5162 790 5204 eorum
817 5159 1036 5217 quoque
1064 5142 1336 5213 stipendio
1365 5140 1714 5217 cogitandum

1902 4476 2258 4549 Interrogatio
2307 4474 2608 4546 Augustini.
2672 4471 2731 4527 Si
2782 4468 2982 4526 debent
3030 4467 3138 4523 duo
3181 4464 3428 4539 germani

1742 4549 1801 4611 Ῑ)
1823 4568 2025 4625 fratres
2050 4565 2293 4637 singulas
2319 4579 2536 4621 sorores
2572 4561 2842 4632 accipere,
2888 4574 3010 4615 qua:
3050 4565 3177 4614 sunt
3225 4557 3294 4613 ab
3325 4555 3432 4611 illis

1824 4661 1985 4732 longa
2007 4658 2266 4731 progenie
2287 4663 2580 4728 generatas.

1894 4750 2182 4820 Responsio
2205 4746 2468 4818 Gregorii.
2491 4743 2664 4800 Modis
2686 4742 2940 4799 omnibus
2979 4743 3086 4798 hoc
3114 4737 3233 4794 ﬁeri
3284 4739 3432 4796 licet.

1820 4838 2176 4912 Nequaquam
2210 4836 2360 4892 enim
2404 4841 2458 4896 in
2488 4832 2662 4890 sacris
2684 4832 2913 4903 eloquiis
2953 4829 3247 4894 invenitur,
3292 4832 3439 4901 quod

1819 4932 1951 4990 huic
1972 4930 2207 5002 capitulo
2242 4929 2628 4992 contradicere
2649 4926 2915 4982 videatur.

1900 5022 2257 5095 Interrogatio
2304 5016 2624 5104 Augustini.
2656 5016 2839 5087 Usque
2864 5018 2934 5074 ad
2966 5022 3187 5088 quotam
3214 5027 3450 5081 genera~

1824 5120 2035 5179 tionem
2064 5115 2238 5173 ﬁdelis
2264 5115 2492 5186 debeat
2523 5124 2645 5168 cum
2665 5111 2980 5183 propinquis
3027 5105 3132 5163 sibi
3181 5104 3455 5172 copulari,

3110 5212 3123 5218 ε
3160 5206 3413 5218 Αῆηῆιααζα
