3988 6428
620 455 756 513 1125
1419 450 1711 508 APPEND.
1751 450 1844 503 AD
1876 448 2045 505 S/EC.
2089 449 2179 504 IX.
2218 478 2288 490 —
2319 447 2571 505 lSlDORI
2608 447 3048 507 MERCATORIS
3680 454 3776 513 im

616 576 840 619 necesse
858 568 1019 617 estut
1058 575 1171 631 jam
1194 561 1354 617 tertia
1380 561 1466 616 vel
1497 567 1690 631 quarta
1725 557 2000 631 generatio
2060 557 2193 613 lide-
2218 587 2272 645 Α
2295 560 2456 616 rebus
2511 559 2882 636 spiritualibus
2934 570 2995 617 ut
3046 559 3322 634 sapienter
3367 569 3422 619 et
3476 570 3658 621 mature
3705 570 3779 624 dis-

618 656 996 712 liumlicenter
1019 652 1299 727 sibijungi
1322 654 1535 710 debeat.
1566 652 1701 709 Nam
1728 654 1987 721 secunda,
2030 668 2191 725 quam
2294 658 2602 721 ponantur,
2675 650 2977 723 exemplum
3030 668 3063 707 a
3120 652 3283 708 rebus
3340 651 3493 707 etiam
3550 656 3779 717 carnalibus

616 748 983 818 praediximus,
1016 762 1047 800 a
1073 760 1131 801 se
1159 746 1380 801 omnino
1400 746 1559 801 debet
1583 746 1875 802 abstinere.
1918 745 2052 802 Cum
2101 760 2198 800 no-
2297 756 2512 796 sumere
2568 757 2871 812 possumus.
2921 742 3081 800 Certe
3126 743 3290 812 enim,
3344 744 3464 799 dum
3507 748 3712 821 conjugia
3742 754 3776 808 in

618 851 775 891 verca
802 844 981 893 autem
1013 835 1267 902 miscere,
1293 850 1458 907 grave
1491 844 1575 891 est
1603 835 1836 903 facinus,
1864 835 1991 907 quia
2034 845 2092 891 et
2141 835 2197 890 in
2297 832 2497 889 mundo
2553 835 2932 906 celebrantur,
2999 837 3272 908 conjugati
3331 838 3517 908 quique
3558 853 3777 912 vocantur,

615 926 735 999 lege
760 927 1000 1001 scripum
1028 936 1112 983 est
1140 945 1154 983 :
1185 945 1205 981 ι
1236 928 1647 999 Turpitudinem
1674 930 1845 1001 patris
1880 930 1957 985 tui
1980 945 2085 985 non
2118 943 2199 983 re-
2297 935 2357 980 ut
2404 928 2498 998 qui
2545 927 2599 983 in
2644 930 2731 985 via
2767 928 2882 1000 jam
2926 927 3158 1001 conjugii
3195 941 3586 1003 praecesserunt,
3623 933 3668 989 in
3696 937 3779 991 sub-

618 1020 818 1076 velabis
846 1019 993 1092 (Leu.
1027 1036 1178 1087 xvnt,
1214 1019 1291 1092 7).
1325 1040 1345 1074 ι
1378 1019 1567 1092 Neque
1602 1021 1743 1077 enim
1769 1021 1941 1092 patris
1969 1020 2199 1092 turpitu-
2298 1019 2573 1089 sequentis
2619 1034 2832 1091 quoque
2886 1020 3089 1092 copulae
3143 1020 3339 1093 gaudio
3391 1022 3780 1082 misceantur.Cur

615 1112 795 1167 dinem
817 1112 960 1170 ﬁlius
992 1112 1237 1171 revelare
1262 1123 1466 1186 potest,
1497 1115 1593 1170 sed
1621 1114 1749 1185 quia
1778 1114 2037 1185 scriptum
2068 1121 2151 1169 est
2181 1131 2194 1168 :
2298 1126 2407 1166 non
2464 1127 2593 1184 ergo
2649 1112 2933 1169 nobiscum
2985 1114 3041 1169 in
3104 1113 3207 1169 hac
3265 1113 3475 1186 speciali
3527 1116 3779 1175 ordinatione

619 1222 638 1257 c
668 1205 841 1283 Erunt
874 1205 981 1262 duo
1010 1205 1066 1261 in
1093 1220 1257 1262 carne
1282 1221 1389 1262 una
1420 1201 1573 1277 (Gen.
1612 1221 1677 1273 ιι,
1705 1204 1819 1277 24),
1852 1224 1871 1258 ι
1902 1204 1995 1277 qui
2033 1203 2200 1275 turpi-
2300 1216 2405 1273 qua
2449 1216 2546 1273 per
2592 1218 2810 1260 sacrum
2858 1203 3219 1261 ministerium
3278 1205 3437 1261 homo
3489 1204 3586 1262 Deo
3626 1212 3780 1278 conjun-

613 1299 852 1355 tudinem
879 1312 1129 1354 noverca:
1157 1313 1278 1369 qua:
1300 1312 1408 1353 una
1435 1311 1709 1354 carocum
1736 1305 1893 1369 patre
1930 1295 2052 1363 fuit,
2108 1310 2198 1352 re-
2299 1294 2461 1365 gitur,
2523 1295 2658 1352 tales
2709 1296 3054 1365 conveniant,
3107 1297 3200 1368 qui
3248 1295 3306 1353 in
3350 1295 3575 1370 profectu
3614 1299 3779 1355 ordinati

616 1390 794 1447 velare
829 1390 1256 1464 praesumpserit,
1307 1388 1551 1464 profecto
1594 1389 1766 1462 patris
1811 1387 2199 1459 turpitudinem
2300 1385 2535 1456 episcopi
2571 1387 2859 1457 gaudeant,
2905 1386 2991 1444 vel
3038 1402 3137 1459 pro
3185 1385 3305 1458 ejus
3348 1388 3574 1445 custodia
3610 1391 3777 1446 omnium

615 1481 900 1537 revelabit.
932 1480 1070 1537 Cum
1098 1489 1330 1554 cognata
1352 1496 1568 1553 quoque
1596 1481 1825 1538 miscere
1865 1479 2199 1553 prohibitum
2302 1474 2404 1546 ipsi
2464 1475 2694 1533 Domino
2724 1492 2913 1549 preces
2972 1479 3178 1550 pariter
3227 1479 3553 1536 fundantur?

613 1582 716 1639 est,
748 1572 875 1643 quia
916 1587 1015 1643 per
1064 1572 1497 1643 conjunctionem
1545 1573 1788 1644 priorum
1832 1587 1962 1627 caro
2014 1570 2202 1627 fratris
2370 1565 2719 1640 Interrogatio
2758 1571 3061 1643 Augustini.
3091 1601 3164 1612 —
3189 1570 3428 1641 Qualiter
3464 1572 3777 1631 debemuscnu

615 1664 778 1720 fuerit
802 1664 966 1733 facta,
996 1680 1096 1737 pro
1132 1680 1242 1737 qua
1268 1680 1330 1721 re
1372 1666 1533 1722 etiam
1556 1663 1792 1722 Joannes
1836 1664 2073 1736 Baptista
2119 1677 2203 1718 ca-
2301 1656 2596 1716 Galliarum
2654 1669 2817 1734 atque
2865 1663 3254 1722 Britannorum
3302 1667 3552 1739 episCOpis
3593 1669 3733 1740 agere!

614 1758 729 1828 pite
790 1766 1075 1815 truncatus
1122 1768 1178 1814 et
1228 1769 1418 1817 sancto
1468 1760 1733 1833 martyrio
1779 1768 2071 1816 coronatus
2116 1765 2202 1813 est
2372 1749 2660 1821 Responsio
2712 1751 2969 1827 Gregorii.
3020 1786 3091 1796 —
3142 1756 3206 1813 ln
3268 1756 3547 1814 Galliarum
3595 1760 3779 1831 episcopis

612 1847 830 1918 (Matth.
876 1864 988 1917 11v,
1013 1848 1124 1923 10).
1170 1850 1269 1907 Cui
1308 1867 1415 1907 non
1442 1860 1526 1906 est
1574 1852 1800 1918 dictum,
1840 1857 1899 1904 ut
1925 1848 2187 1905 Christum

2201 1896 2202 1899 η
2301 1838 2503 1894 nullam
2568 1840 2665 1896 tibi
2711 1844 3089 1900 auctoritatem
3135 1846 3443 1916 tribuimus,
3490 1847 3599 1920 quia
3636 1850 3684 1903 ab
3717 1865 3776 1903 an-

611 1950 858 2013 negaret,
884 1950 940 1998 et
965 1959 1067 2015 pro
1092 1943 1294 1999 Christi
1324 1943 1661 2000 confessione
1702 1945 1915 1999 occisus
1947 1952 2048 1999 est.
2093 1940 2186 1998 Sec

2227 1966 2277 2027 B
2307 1932 2468 2002 tiquis
2534 1933 2993 2004 praedecessorum
3055 1952 3308 1993 meorum
3374 1940 3659 2011 temporibus
3707 1940 3776 2011 pal-

610 2035 738 2106 quia
761 2034 964 2093 eisdem
991 2036 1253 2093 Dominus
1278 2047 1460 2092 noster
1486 2036 1645 2093 Jesus
1673 2037 1921 2092 Christus
1963 2035 2193 2101 dixerat,
2227 2021 2269 2027 —
2300 2021 2433 2077 Ῑίιιω
2498 2023 2831 2082 “dammis
2893 2028 3180 2100 episcopus
3247 2030 3486 2101 accep“:
3541 2046 3669 2102 quem
3716 2047 3777 2086 n95

615 2145 635 2178 ι
665 2141 767 2199 ego
790 2143 908 2182 sum
935 2129 1137 2184 veritas
1169 2127 1351 2200 (Joan.
1374 2144 1482 2193 xw,
1514 2128 1568 2200 6)
1600 2149 1618 2181 ι
1648 2129 1774 2197 quia
1804 2143 1902 2198 pro
1918 2126 2083 2202 279
2107 2140 2199 2182 ve-
2300 2113 2514 2187 priVare
2564 2119 2887 2176 auctoritate
2929 2130 3187 2193 percepta
3237 2121 3458 2179 minime
3493 2122 3712 2179 debemus.
3740 2122 3776 2177 Si

613 2217 776 2273 ritate
818 2218 1053 2274 Joannes
1090 2220 1305 2273 occisus
1362 2227 1486 2283 est,
1532 2218 1785 2272 videlicet
1835 2233 1934 2287 pro
1980 2216 2188 2271 Christo

2304 2204 2468 2272 igitur
2524 2207 2822 2279 contingat,
2877 2218 2936 2265 ut
2986 2219 3073 2265 tua
3119 2210 3428 2267 fraternitas
3472 2212 3531 2267 ad
3569 2211 3775 2269 Galliarum

609 2308 929 2378 sanguinem
954 2307 1111 2364 fudit.
1139 2307 1274 2376 Quia
1305 2323 1432 2363 vero
1458 2316 1584 2362 sunt
1613 2307 1668 2360 in
1698 2306 1990 2378 Anglorum
2020 2314 2184 2377 gente,

2300 2295 2635 2366 provinciam
2694 2308 2952 2367 transeat,
3007 2316 3131 2357 cum
3183 2303 3374 2357 eodem
3419 2300 3670 2359 Arelatensi
3708 2303 3774 2371 api-

609 2399 725 2468 qui,
754 2397 881 2453 dum
912 2397 1087 2454 adhuc
1117 2399 1173 2453 in
1226 2398 1544 2455 infidelitate
1595 2407 1799 2453 essent.
1827 2396 1951 2452 huic
1970 2396 2200 2451 nefando
2302 2401 2466 2457 εεορο
2520 2390 2680 2444 debet
2731 2406 2922 2463 agerc,
2968 2393 3206 2462 qualiter
3268 2396 3316 2450 si
3347 2410 3462 2465 qua:
3497 2403 3605 2451 sunt
3633 2396 3674 2450 in
3708 2396 3775 2465 epi-

608 2487 856 2560 coujugio
885 2489 1140 2546 dicuntur
1163 2489 1419 2557 admisti,
1458 2491 1525 2545 ad
1552 2490 1713 2545 ﬁdem
1744 2490 2038 2553 venientes,
2102 2488 2199 2543 ad-
2301 2481 2478 2551 scopis
2509 2482 2637 2537 vilia
2684 2485 3043 2558 corrigantur.
3094 2488 3201 2556 Qui
3245 2489 3294 2546 si
3320 2489 3456 2547 forte
3495 2491 3546 2546 in
3582 2488 3775 2560 disciplina

608 2581 863 2637 monendi
886 2590 1014 2637 sunt
1039 2593 1100 2637 ut
1127 2598 1186 2639 se
1241 2583 1571 2650 abstineant,
1619 2591 1673 2638 et
1723 2598 1885 2657 grave
1925 2583 2027 2637 hoc
2082 2596 2183 2637 essr

2200 2624 2201 2627 η
2300 2572 2485 2641 vigore
2535 2575 2746 2645 tepidus
2793 2577 3013 2645 existat,
3076 2589 3184 2634 tuae
3240 2578 3574 2636 fraternitatis
3605 2578 3693 2634 zelo
3721 2592 3775 2631 ac-

609 2684 890 2746 peccatum
919 2683 1237 2750 agnoscant,
1291 2676 1628 2732 tremendum
1680 2675 1777 2731 Dei
1816 2675 2075 2747 judicium
2130 2677 2197 2729 ti-
2300 2664 2607 2723 Celldeﬂdus
2668 2676 2772 2725 εει·
2836 2667 2936 2726 (ἶυί
2992 2670 3159 2727 “iam
3215 2672 3465 2744 episwlas
3510 2672 3708 2735 Ῑθείωυεν
3740 2680 3774 2723 ¹³⁸

606 2773 813 2831 meant,
845 2779 914 2819 ne
941 2780 1042 2837 pro
1060 2766 1265 2821 carnali
1297 2765 1661 2823 delectatione
1697 2775 1962 2822 tormenta
2010 2765 2200 2820 aeterni
2299 2772 2421 2814 cutn
2497 2768 2601 2815 tum
2675 2764 2976 2820 sanctitatis
3040 2766 3390 2836 praesentiam
3446 2767 3497 2821 in
3556 2764 3700 2821 Galliis
3741 2768 3775 2814 et

606 2859 885 2916 cruciatus
914 2859 1217 2915 incurrant.
1250 2858 1369 2915 Non
1399 2869 1581 2916 tamen
1624 2875 1723 2932 pro
1779 2860 1884 2915 hac
1933 2874 1993 2914 re
2055 2872 2177 2914 sacr

2299 2850 2414 2921 ipse
2455 2860 2568 2908 tota
2606 2864 2788 2911 mente
2838 2858 3156 2926 subveniat,
3217 2869 3289 2916 et-
3321 2874 3436 2931 qua
3481 2869 3590 2915 sunt
3628 2855 3774 2911 Creato-

608 2949 856 3021 corporis
880 2964 946 3005 ac
967 2951 1246 3025 sanguinis
1283 2952 1497 3008 Domini
1517 2951 1897 3009 communione
1949 2951 2183 3024 privand

2298 2941 2376 2998 ris
2425 2946 2595 3001 nostri
2632 2945 2864 3015 jussioui
2909 2950 3184 3005 contraria
3228 2952 3297 3006 ab
3355 2950 3675 3021 episcoporum
3707 2958 3774 2998 Ilo

606 3048 757 3110 sunt,
793 3056 862 3097 ne
887 3042 940 3098 in
970 3042 1052 3099 eis
1077 3041 1170 3098 illa
1200 3044 1391 3100 ulcisci
1422 3045 1741 3114 videamur,
1789 3045 1845 3100 in
1895 3044 2093 3117 quibus
2136 3058 2197 3101 se
2292 3038 2451 3124 ribus
2495 3048 2843 3111 compescat;
2873 3040 2987 3112 ipse
3038 3053 3224 3100 autem
3275 3059 3342 3099 ex
3393 3042 3663 3099 auctoritate
3690 3052 3774 3109 pro-

604 3149 705 3207 per
731 3135 1096 3207 ignorantiam
1133 3146 1261 3195 ante
1295 3138 1571 3194 lavacrum
1599 3136 1947 3211 baptismatis
1997 3135 2196 3192 astrin-
2295 3131 2416 3202 pria
2474 3132 2760 3205 episcopos
2813 3133 3110 3191 Galliarum
3164 3135 3413 3205 judicare
3472 3151 3566 3190 non
3605 3131 3773 3204 potoriS.

606 3234 822 3281 xerunt.
876 3225 936 3281 ln
961 3228 1061 3284 hoc
1089 3228 1235 3284 enim
1266 3236 1508 3302 tempore
1533 3234 1722 3285 sancta
1763 3226 2009 3285 Ecclesia
2049 3242 2195 3298 quae-
2295 3222 2393 3279 sed
2460 3225 2736 3281 suadendo
2758 3265 2774 3294 ,
2829 3226 3156 3283 blandiendo
3178 3267 3196 3295 ,
3266 3230 3504 3299 bonaque
3550 3232 3623 3280 tua
3668 3231 3774 3291 opera

608 3316 730 3374 dam
760 3333 858 3388 per
880 3318 1148 3375 fervorem
1177 3320 1419 3393 corrigit,
1467 3320 1714 3396 quaedam
1756 3335 1855 3392 per
1882 3328 2194 3377 mansuetu-
2221 3328 2269 3395 (ζ
2297 3333 2483 3376 eorum
2543 3321 2832 3379 imitationi
2888 3326 3276 3395 monstrando,
3330 3337 3591 3397 pravorum
3636 3324 3773 3373 menta

606 3407 788 3464 dinem
818 3410 1035 3479 tolerat,
1063 3414 1309 3483 quaedam
1336 3428 1434 3486 per
1485 3413 1978 3472 considerationem
2036 3412 2194 3469 dissi—
2300 3410 2368 3466 ad
2411 3412 2649 3467 studium
2700 3415 3008 3472 sanctitatis
3058 3415 3321 3486 reforma,
3352 3415 3472 3490 quia
3495 3413 3702 3483 scriptum
3720 3410 3772 3461 est

608 3499 781 3555 mulat
806 3508 969 3571 atque
993 3509 1193 3572 portat,
1221 3512 1279 3556 ut
1305 3518 1446 3575 saepe
1477 3504 1679 3560 malum
1706 3503 1850 3576 quod
1890 3510 2194 3572 aversatur,
2299 3503 2358 3560 in
2383 3503 2502 3576 lege
2535 3523 2549 3560 :
2593 3525 2614 3560 ‹
2656 3506 2762 3564 Per
2804 3508 3036 3567 alienam
3087 3526 3328 3569 messem
3372 3508 3611 3565 transiem
3645 3500 3772 3555 falcem

607 3593 872 3662 portando
898 3599 954 3649 et
981 3592 1369 3651 dissimulando
1398 3604 1725 3667 compescat.
1775 3594 1975 3653 Omnes
2004 3594 2060 3650 hi
2103 3594 2198 3668 qui
2298 3596 2516 3652 mittere
2569 3613 2678 3654 non
2734 3599 2898 3658 debes
2921 3642 2936 3670 ,
3004 3604 3101 3659 sed
3156 3618 3326 3660 manu
3372 3601 3535 3674 spicas
3578 3601 3774 3653 ωηιααο

607 3684 676 3739 ad
708 3684 869 3741 ﬁdem
900 3686 1141 3755 veniunt,
1175 3688 1502 3745 admonendi
1526 3698 1673 3758 sunt,
1723 3704 1791 3746 ne
1843 3690 1946 3747 tale
1990 3688 2195 3761 aliquid
2298 3700 2354 3747 et
2410 3695 2740 3753 manducare
2786 3696 2966 3771 (Deut.
3026 3715 3187 3769 um,
3237 3700 3352 3774 25).
3401 3718 3421 3754 ι
3474 3694 3651 3755 Falcem
3681 3685 3772 3746 θυίη

604 3776 840 3834 audeant
865 3788 1198 3851 perpetrare.
1241 3781 1300 3837 Si
1325 3792 1794 3854 perpetraverunt,
1843 3783 2089 3855 corporis
2140 3793 2195 3840 et
2292 3783 2483 3856 judicii
2530 3789 2746 3845 mittere
2791 3805 2901 3846 non
2950 3801 3107 3863 potes
3149 3792 3205 3848 in
3263 3807 3329 3851 ea
3379 3798 3560 3864 segete,
3598 3799 3689 3857 qua
3720 3777 3772 3833 νίο

602 3871 881 3941 sanguinis
909 3872 1124 3928 Domini
1151 3874 1530 3931 communione
1578 3875 1826 3947 privandi
1871 3886 2018 3943 sunt,
2067 3876 2195 3949 quia
2299 3880 2458 3935 detur
2512 3880 2671 3937 alteri
2740 3884 3070 3954 commissa,
3140 3887 3241 3943 sed
3295 3900 3393 3957 per
3444 3884 3654 3941 effectum
3690 3875 3770 3930 hom

603 3960 745 4019 sicut
792 3963 850 4018 in
869 3963 955 4019 his
987 3964 1080 4035 qui
1102 3980 1202 4036 per
1221 3965 1585 4038 ignorantiam
1609 3967 1879 4034 fecerunt,
1909 3969 2064 4038 culpa
2096 3968 2196 4024 ali-
2296 3971 2478 4040 operis
2539 3971 2813 4031 frumenta
2873 3976 3156 4035 Dominica
3216 3979 3461 4035 vitiorum
3508 3985 3683 4033 suorum
3714 3977 3770 4034 ll“

603 4063 870 4125 quatenus
891 4057 1169 4112 toleranda
1194 4050 1305 4127 est,
1326 4058 1474 4114 itain
1494 4058 1580 4115 his
1599 4057 1813 4116 fortiter
1831 4060 2187 4132 insequenda,
2296 4062 2398 4119 leis
2458 4065 2699 4134 exspolia
2723 4107 2740 4135 ,
2800 4077 2857 4125 et
2902 4069 2957 4125 in
3003 4070 3265 4127 Ecclesia:
3320 4083 3531 4142 corpore
3574 4054 3769 4119 moriendo

601 4145 696 4221 qui
726 4161 832 4201 non
855 4157 1139 4204 mentuuut
1168 4149 1389 4206 sciendo
1415 4166 1665 4224 peccare.
2294 4164 2352 4211 et
2402 4158 2777 4228 persuadendo
2829 4161 2984 4233 quasi
3033 4163 3343 4219 mandendo
3396 4164 3631 4217 converte.
3664 4144 3771 4217 Οιιίά·

672 4238 1028 4312 Interrogatio
1080 4243 1475 4315 Augustini.——
1501 4243 1564 4301 Si
1616 4244 1983 4318 longinquitas
2032 4248 2193 4307 itine-
2294 4248 2425 4319 quid
2469 4264 2599 4307 vero
2638 4266 2707 4308 ex
2754 4256 3079 4312 auctoritate
3124 4257 3390 4330 agendum
3429 4261 3521 4319 est,
3556 4260 3652 4304 cum
3683 4252 3771 4330 Wf

600 4333 679 4391 ris
731 4349 927 4405 magna
978 4336 1281 4409 interjacet,
1331 4345 1390 4394 ut
1440 4339 1678 4412 episcopi
1730 4357 1840 4398 non
1891 4340 2052 4400 facile
2098 4360 2191 4402 va-
2296 4341 2441 4399 dicto
2494 4345 2803 4405 Arelatensi
2844 4350 3097 4421 episcopo
3138 4326 3353 4423 agatur,
3398 4359 3491 4403 nec
3526 4326 3770 4414 ρι’ίθῑετωίίιί

602 4425 747 4483 leant
806 4430 1097 4486 convenire
1120 4470 1136 4496 ,
1195 4447 1265 4485 an
1318 4431 1550 4488 debeant
1605 4433 1723 4491 sine
1784 4434 2013 4495 aliorum
2072 4438 2187 4509 epi-
2292 4437 2469 4506 possit
2526 4440 2631 4496 hoc
2678 4440 2825 4511 quod
2874 4441 3099 4513 antiqua
3145 4422 3372 4498 Patrum
3418 4429 3678 4495 constitutio
3719 4422 3769 4474 in-

600 4536 885 4593 scoporum
918 4523 1206 4593 praesentia
1232 4524 1470 4596 episcopi
1496 4525 1793 4583 ordinari?
2300 4532 2461 4588 venit.
2528 4531 2915 4591 Britannorum
2978 4550 3110 4594 vero
3163 4549 3367 4609 (omnes
3428 4531 3663 4601 episcopos
3707 4523 3770 4609 Ψίθ

669 4610 954 4682 Ῑέθδροηείο
1005 4610 1266 4685 Gregorii
1300 4643 1372 4654 -
1404 4614 1472 4670 Et
1517 4614 1735 4687 (ιιιίαθηι
1791 4618 1846 4673 in
1874 4619 2192 4691 ,Δηειοτυω
2216 4635 2258 4697 _’
2294 4626 2624 4685 fraternitati
2644 4631 3052 4697 committimus,
3079 4638 3140 4687 ut
3160 4629 3363 4685 indocti
3390 4608 3769 4681 doceantur,inﬁr‘

599 4702 840 4759 Ecclesia
866 4743 882 4771 ,
950 4704 1005 4758 in
1076 4721 1184 4774 qua
1258 4704 1405 4760 solus
1460 4715 1514 4761 tu
1566 4710 1850 4780 episcopus
1902 4710 2188 4782 inveniris,
2214 4695 2271 4759 Ῑ)
2297 4724 2370 4779 mi
2394 4724 2744 4794 persuasione
2772 4695 3114 4792 roborentur,
3143 4718 3385 4794 perversi
3409 4709 3679 4773 auctoritate
3696 4712 3771 4753 θοι·

599 4794 854 4851 ordinare
915 4794 1226 4867 episcopum
1267 4812 1376 4851 non
1431 4797 1589 4854 aliter
1644 4800 1749 4855 nisi
1796 4801 1913 4857 sine
1976 4804 2186 4873 episco-
2294 4816 2558 4887 rigantur,

598 4886 681 4981 pis
734 4896 904 4956 potes.
932 4975 943 4981 _
971 4885 1104 4981 Nam
1162 4887 1377 4981 quando
1434 4890 1517 4981 de
1556 4888 1746 4981 Galliis
1798 4893 2033 4965 episcopi
2100 4912 2189 4953 ve-
2349 4882 2674 4964 ὀῡδεεναιίο
2733 4907 3033 4981 Augustini,
3095 4937 3165 4949 ._
3224 4906 3457 4965 Obsecro
3509 4906 3563 4956 ut
3607 4882 3770 4957 reliquit?
3868 4914 3869 4933 ι

597 4975 793 5073 illul“)
853 4975 945 5046 (ιυί
1003 4976 1057 5030 in
1110 4976 1452 5033 οτάίυδιίοηθ
1505 4978 1608 5050 ίρδί
1661 4989 1825 5037 testes
1885 4984 2190 5043 35515130”
2298 5001 2473 5058 sancti
2538 5000 2677 5057 Sixti
2732 4975 2990 5073 martyris
3035 5000 3482 5058 transmittantur.
3690 5062 3744 5073 Α

602 5066 711 5164 Sed
738 5067 1136 5127 fraternitatem
1185 5081 1331 5129 tuam
1378 5075 1453 5129 ita
1485 5078 1731 5134 volumus
1777 5081 2060 5153 episcopos
2097 5099 2183 5139 or-
2370 5091 2647 5149 Cances‘sio
2712 5066 2973 5164 Gregorii.
3025 5123 3097 5134 —
3153 5091 3400 5147 Fecimus
3456 5096 3580 5156 (ιυοα
3620 5066 3767 5164 petii“)

600 5159 936 5256 dinareihlﬂ
988 5163 1091 5231 ίΡεί
1146 5165 1514 5239 δίὺίθρίδοορί
1563 5170 1723 5242 ιουεο
1772 5173 2051 5231 ίηῑθιἪΠο
2092 5177 2192 5234 mi-
2303 5193 2571 5255 quatenus
2615 5156 2865 5256 populus,
2915 5185 3007 5256 qui
3049 5184 3266 5242 inloco
3302 5178 3551 5254 quondam
3602 5156 3766 5256 35““
3866 5170 3867 5177 “

604 5253 747 5350 nime
800 5253 1199 5327 disjungantur,
1250 5270 1517 5330 quatenus
1574 5263 1720 5319 nulla
1769 5266 1842 5320 sit
1893 5271 2193 5328 necessitas
2304 5253 2559 5350 martyris
2589 5253 2785 5349 corpus
2809 5253 3065 5335 dixerunt
3090 5253 3355 5340 venerari,
3384 5267 3515 5342 quod
3538 5273 3621 5319 tua:
3643 5254 3767 5350 itm"

603 5354 661 5399 ut
707 5345 758 5400 in
810 5347 1148 5404 ordinatione
1188 5351 1423 5422 episcopi
1475 5357 1765 5413 convenire
1804 5373 1911 5414 non
1940 5361 2188 5430 possint;
2304 5345 2463 5424 nitati
2511 5384 2611 5425 nec
2649 5345 2839 5425 verum
2889 5384 2993 5424 nec
3039 5366 3302 5423 veraciter
3346 5368 3569 5423 sanctum
3606 5345 3764 5405 *ἰάθῑιπι

599 5445 879 5510 pastorum
935 5454 1150 5511 quoque
1196 5442 1500 5513 aliquorum
1548 5450 1854 5518 praesentia,
1906 5452 2033 5522 quia
2078 5452 2174 5508 val-

2301 5470 2451 5517 certa
2501 5459 2829 5516 sanctissimi
2881 5468 2938 5515 et
2994 5456 3355 5532 probatissimi
3409 5444 3624 5520 martyris

600 5529 669 5622 de
724 5540 808 5587 est
863 5530 1047 5600 utilis,
1102 5531 1358 5590 facillime
1404 5537 1637 5594 debeant
1686 5518 1997 5599 convenire.
2053 5541 2190 5599 Cum
2306 5552 2430 5608 ﬁcia
2479 5552 2800 5622 suscipiens,
2839 5518 3017 5607 colere
3068 5551 3271 5606 incerte
3325 5561 3426 5603 non
3472 5518 3643 5597 debeat
3680 5518 3764 5622 Πίξίί

599 5620 785 5715 igitur,
833 5635 1057 5715 auctore
1113 5623 1246 5691 Deo,
1298 5627 1371 5682 ita
1426 5628 1627 5685 fuerint
1675 5633 1911 5704 episcopi
1956 5634 2014 5690 in
2063 5650 2192 5707 pro-
2306 5653 2489 5699 tamen
2548 5609 2801 5710 videtur,
2856 5642 2983 5715 quia
3040 5643 3086 5699 si
3155 5655 3347 5713 corpus
3395 5632 3521 5710 quod
3568 5643 3592 5681 a

599 5712 817 5785 pinquis
852 5714 953 5772 sibi
1007 5716 1143 5773 locis
1196 5717 1468 5787 ordinati,
1525 5737 1621 5791 per
1674 5727 1855 5780 omnia
1908 5729 2174 5799 episcopo-

2187 5759 2190 5769 π
2304 5736 2588 5808 cujusdam
2649 5712 2907 5808 martyris
2952 5750 3072 5792 esse
3124 5712 3359 5791 creditur
3407 5725 3547 5784 nullis

601 5820 720 5904 rum
768 5809 1033 5867 ordinatio
1079 5811 1198 5867 sine
1245 5815 1548 5886 aggregatis
1595 5818 1765 5874 tribus
1817 5820 1899 5874 vel
1953 5832 2190 5890 quatuor
2308 5805 2509 5883 racnlis
2576 5805 2857 5895 coruscat,
2911 5838 2962 5883 et
3027 5843 3201 5901 neque
3258 5823 3417 5896 aliqui
3460 5821 3519 5876 de
3576 5805 3761 5905 mihi"?

604 5897 868 5966 episcopis
933 5902 1047 5954 fieri
1112 5920 1217 5957 non
1298 5906 1475 5961 debet.
1548 5908 1682 5965 Nam
1750 5910 1894 5971 quod
1946 5911 2005 5967 in
2053 5912 2190 5983 ipsis
2234 5988 2243 5991 _
2308 5918 2457 5975 ribus
2509 5921 2747 5977 existunt
2777 5962 2790 5988 ,
2843 5890 2942 5990 qui
2993 5934 3050 5976 se
3110 5890 3158 5976 i'
3205 5890 3496 5991 parentibus
3543 5890 3759 5977 pa“le

2100 5988 2261 6085 sq
