3988 6424
269 445 407 504 1125

1511 459 2005 518 DECRETALIUM
2046 466 2448 525 COLLECTIO.

3378 479 3517 538 “96

264 560 381 630 ejus
426 562 641 621 audisse
688 563 988 635 fateantur,
1038 568 1112 623 ita
1161 568 1400 642 reliquite
1452 587 1588 642 quas
1628 571 2379 645 petistisAdiscernentibus
2433 594 2553 633 cum
2607 595 2800 652 magna
2853 584 3177 642 discretione
3226 589 3516 658 providen-

264 669 510 710 seorsum
566 657 857 714 condendae
897 669 1041 727 sunt,
1101 669 1157 716 ut
1209 661 1361 719 locus
1411 679 1517 734 quo
1555 664 1838 734 praefatum

256 744 402 814 jacet
456 750 628 806 modis
691 751 940 809 omnibus
999 754 1348 822 obstruetur,
1403 772 1503 813 nec
1552 758 1836 829 permitta-

263 846 351 891 tur
403 840 630 911 populus
691 853 902 900 certum
959 846 1248 915 deserere,
1309 855 1364 904 et
1411 848 1678 906 incertum
1737 864 1834 906 ve-

259 945 466 986 nerart.

326 1061 676 1134 Interrogatio
735 1068 1034 1140 Augustini.
1083 1101 1156 1111 —
1201 1072 1261 1128 Si
1306 1087 1593 1144 praegnans
1639 1075 1834 1132 mulier

253 1153 447 1210 debeat
496 1156 788 1228 baptizari,
844 1170 939 1218 aut
1006 1173 1288 1237 postquam
1355 1171 1644 1238 genuerit,
1710 1181 1833 1243 post

251 1257 512 1314 quantum
571 1251 742 1320 possit
802 1262 1012 1326 tempus
1079 1258 1364 1316 ecclesiam
1435 1262 1640 1318 intrare
1668 1303 1684 1330 ,
1736 1274 1831 1320 aut

248 1340 413 1396 etiam
458 1341 747 1412 baptizari,
787 1361 858 1401 ne
907 1358 1081 1406 morte
1123 1363 1567 1425 praeoccupetur;
1600 1358 1745 1427 quod
1783 1359 1827 1414 si

247 1432 534 1500 genuerit,
594 1445 713 1504 post
771 1449 906 1508 quot
963 1441 1078 1497 dies
1131 1443 1272 1500 hanc
1319 1443 1483 1502 liceat
1535 1450 1676 1504 sacri
1731 1449 1828 1504 ba-

245 1524 514 1592 ptismatis
565 1539 904 1585 sacramenta
946 1534 1226 1604 percipere
1264 1554 1282 1603 ;
1347 1546 1445 1593 aut
1503 1549 1625 1608 post
1654 1557 1827 1612 quan-

246 1622 356 1668 tum
420 1619 678 1688 temporis
734 1620 863 1677 huic
927 1623 1011 1678 vir
1071 1641 1202 1681 suus
1257 1643 1313 1683 m
1365 1630 1546 1685 carnis
1601 1633 1824 1702 copula-

244 1706 388 1763 tione
435 1708 732 1783 conjungi;
780 1724 860 1780 et,
909 1715 956 1771 si
1003 1728 1280 1775 menstrua
1321 1725 1710 1780 consuetudine
1744 1735 1824 1782 te-

238 1806 422 1864 netur,
461 1814 533 1854 an
581 1801 640 1855 in
685 1802 916 1860 ecclesia
975 1808 1180 1866 intrare
1243 1811 1294 1866 ei
1341 1811 1540 1883 liceat;
1595 1826 1688 1873 aut
1733 1832 1824 1874 sa-

238 1902 344 1942 crae
385 1894 778 1952 communionis
816 1910 1154 1957 sacramenta
1194 1904 1517 1976 percipere;
1563 1916 1658 1964 aut
1701 1910 1821 1966 viro
1851 1942 1902 2003 Β

235 1996 334 2036 suo
377 1985 624 2056 conjungi
667 1991 1017 2059 permittitur,
1045 1995 1362 2067 priusquam
1386 1985 1610 2056 lavetur
1645 2017 1822 2074 aqua;

237 2073 282 2129 si
333 2076 620 2134 ecclesiam
667 2083 838 2156 possit
890 2085 1118 2155 intrare,
1161 2090 1248 2146 vel
1297 2091 1464 2147 etiam
1511 2096 1580 2150 ad
1625 2073 1825 2168 mvste-

231 2165 376 2221 rium
429 2179 630 2227 sanctae
685 2179 1081 2236 communionis
1132 2184 1413 2240 accedere.
1461 2184 1592 2253 Quae
1639 2165 1822 2244 omnia

229 2260 354 2314 rudi
422 2261 716 2333 Anglorum
781 2270 929 2337 genti
998 2282 1214 2342 oportet
1269 2274 1468 2330 habere
1519 2289 1820 2350 comperta.

305 2391 591 2465 Responsio
631 2394 1107 2470 Gregorii.-—Hoe
1137 2420 1242 2460 non
1271 2408 1484 2480 ambigo
1511 2409 1825 2466 fraternita-

235 2491 346 2540 tem
369 2494 508 2543 tuam
530 2504 648 2546 esse
669 2494 1006 2574 requisitam,
1025 2498 1112 2552 cui
1141 2497 1250 2567 jam
1278 2509 1333 2555 et
1361 2517 1679 2572 responsum
1702 2506 1822 2561 red-

234 2577 430 2635 didisse
465 2597 553 2638 me
581 2585 836 2640 arbitror.
881 2575 986 2643 Sed
1029 2590 1133 2645 hoc
1169 2593 1311 2661 quod
1347 2593 1459 2664 ipse
1499 2595 1713 2662 dicere,
1766 2606 1823 2653 et

227 2670 429 2726 sentire
454 2675 702 2745 potuisti,
729 2679 892 2734 credo
919 2679 1046 2750 quia
1075 2695 1196 2737 mea
1228 2683 1370 2753 apud
1403 2693 1454 2740 te
1476 2685 1712 2742 volueris
1734 2701 1820 2744 re-

224 2761 516 2828 sponsione
579 2762 806 2819 ﬁrmari.
878 2765 1070 2823 Mulier
1130 2770 1276 2825 enim
1339 2787 1667 2845 praegnans,
1723 2791 1822 2831 cur

222 2866 332 2906 non
396 2855 595 2910 debeat
645 2856 931 2928 baptizari,
994 2877 1117 2917 cum
1164 2880 1272 2921 non
1339 2866 1412 2922 sit
1464 2877 1590 2923 ante
1646 2870 1820 2925 omni-

216 2945 458 3012 potentis
508 2945 604 3001 Dei
651 2946 834 3005 oculos
901 2952 1057 3022 culpa
1119 2956 1296 3026 aliqua
1339 2956 1642 3016 fecunditas
1699 2977 1820 3016 can-

218 3035 346 3092 nis?
384 3037 520 3094 Nam
569 3055 693 3096 cum
737 3042 900 3113 primi
935 3057 1190 3115 parentes
1242 3051 1416 3105 nostri
1463 3051 1518 3106 in
1562 3054 1818 3122 paradiso

215 3127 573 3199 deliquissent
598 3173 614 3199 ,
661 3132 1124 3192 immortalitatem
1168 3153 1331 3209 quam
1367 3152 1689 3212 acceperant
1726 3158 1815 3198 re-

213 3228 306 3277 cto
366 3221 463 3278 Dei
510 3223 716 3293 judicio
759 3227 1142 3297 perdiderunt,
1191 3230 1318 3300 quia
1373 3231 1514 3287 idem
1563 3234 1813 3305 omnipo-

1943 665 2008 719 da
2061 675 2186 734 est,
2241 668 2315 723 ita
2368 669 2454 724 his
2489 669 2682 741 quibus
2735 688 2885 730 mors
2938 675 3185 733 imminet
3233 679 3352 736 sine
3404 680 3512 736 ulla

1940 757 2192 814 dilatione
2247 759 2558 827 offerenda,
2619 779 2688 820 ne
2737 766 2864 821 dum
2936 769 3112 826 adhuc
3175 779 3388 844 tempus
3447 776 3517 833 ad

1935 851 2281 920 praebendum
2329 857 2711 928 redemptionis
2767 862 3078 932 mysterium
3120 864 3399 934 quaeritur,
3427 866 3514 920 in-

1938 944 2270 1000 terveniente
2337 947 2610 1017 paululum
2665 965 2838 1020 mora,
2891 951 3118 1010 inveniri
3178 970 3286 1010 non
3340 956 3515 1012 valeat

1935 1036 2025 1104 qui
2073 1037 2383 1093 redimatur.
2425 1041 2509 1095 Ad
2545 1041 2660 1112 ejus
2703 1057 2836 1100 vero
2877 1046 3218 1101 concubitum
3265 1047 3348 1102 vir
3385 1063 3520 1106 suus

1934 1130 2192 1185 accedere
2247 1146 2351 1186 non
2405 1133 2602 1199 debet,
2653 1135 2833 1206 quoad
2883 1151 3054 1208 usque
3113 1138 3332 1209 proles,
3393 1155 3516 1211 quae

1932 1217 2203 1288 gignitur,
2272 1220 2590 1277 ablactetur.
2660 1223 2830 1280 Prava
2895 1234 3080 1282 autem
3145 1228 3198 1283 in
3261 1229 3512 1302 conjuga‘

1933 1319 2108 1364 torum
2142 1312 2384 1368 moribus
2415 1315 2748 1373 consuetudo
2778 1317 3036 1385 surrexit,
3069 1325 3128 1372 ut
3161 1319 3413 1376 mulieres
3447 1321 3512 1377 ﬁ»

1928 1401 2030 1458 lios
2061 1418 2195 1475 quos
2225 1403 2451 1476 gignunt
2489 1407 2700 1463 nutrire
2741 1419 3128 1478 contemnant,
3166 1427 3364 1484 eosque
3393 1414 3514 1469 aliis

1927 1495 2242 1554 mulieribus
2288 1499 2355 1553 ad
2393 1500 2740 1557 nutriendum
2786 1503 3019 1558 tradant.
3070 1504 3221 1572 Quod
3267 1505 3513 1561 videlicet

1927 1603 1993 1644 ex
2033 1589 2146 1645 sola
2183 1606 2344 1646 causa
2374 1592 2778 1650 incontinentiae
2803 1596 3013 1652 videtur
3042 1596 3318 1654 inventum
3341 1639 3356 1664 ,
3386 1599 3512 1668 quia

1925 1677 2053 1734 dum
2081 1696 2140 1736 se
2168 1683 2446 1738 continere
2472 1683 2684 1752 nolunt,
2717 1686 3022 1757 deSpiciunt
3047 1686 3253 1743 lactare
3276 1703 3412 1758 quos
3431 1689 3512 1759 gi-

1924 1784 2116 1847 gnunt.
2158 1776 2253 1832 Hae
2298 1778 2480 1850 itaque
2509 1796 2629 1851 quae
2658 1781 2797 1838 ﬁlios
2831 1798 2958 1839 suos
2989 1798 3054 1838 ex
3088 1799 3250 1855 prava
3283 1799 3513 1840 consue-

1924 1865 2109 1921 tudine
2140 1867 2259 1922 aliis
2288 1869 2356 1923 ad
2385 1870 2728 1926 nutriendum
2772 1872 3011 1941 tradunt,
3041 1874 3147 1929 nisi
3175 1875 3512 1946 purgationis

1930 1962 2139 2027 tempus
2163 1958 2495 2029 transierint,
2527 1962 2659 2018 viris
2689 1963 2800 2019 suis
2828 1979 2936 2019 non
2973 1965 3169 2021 debent
3204 1966 3512 2033 admisceri,

1926 2050 2122 2121 quippe
2159 2052 2284 2121 quia
2328 2061 2384 2109 et
2427 2055 2544 2111 sine
2571 2065 2759 2126 partus
2800 2072 2964 2113 causa
3012 2074 3131 2113 eum
3183 2059 3517 2116 inconsuetis

1924 2145 2216 2200 menstruis
2232 2144 2561 2215 detinentur,
2578 2149 2708 2204 viris
2731 2150 2844 2206 suis
2866 2151 3083 2207 misceri
3101 2152 3517 2224 prohibeantur,

1925 2233 2001 2288 ita
2034 2242 2092 2290 ut
2121 2244 2297 2292 morte
2323 2237 2409 2293 lex
2432 2255 2582 2295 sacra
2603 2238 2783 2309 feriat,
2813 2242 2859 2298 si
2882 2245 3005 2314 quis
3026 2244 3111 2298 vir
3144 2246 3211 2299 ad
3231 2245 3515 2301 mulierem

1925 2337 2319 2386 menstruatam
2343 2333 2584 2388 accedat.
2618 2333 2748 2402 Quae
2787 2344 2964 2391 tamen
2991 2336 3205 2405 mulier,
3234 2339 3359 2395 dum
3388 2353 3516 2394 con-

1925 2424 2262 2479 suetudinem
2279 2426 2659 2506 menstrualem
2673 2429 2898 2498 patitur,
2910 2430 3184 2499 prohiberi
3203 2432 3270 2486 ab
3285 2430 3515 2486 ecclesia

1923 2526 2031 2566 non
2061 2511 2242 2578 debet,
2272 2513 2398 2584 quia
2424 2522 2620 2570 natura
2650 2516 2702 2570 ei
2745 2515 3172 2586 superﬂuensin
3211 2518 3370 2587 culpa
3402 2534 3512 2574 non

1922 2604 2066 2660 valet
2084 2605 2343 2678 reputari,
2371 2615 2426 2662 et
2448 2622 2546 2679 per
2566 2608 2672 2664 hoc
2697 2609 2840 2679 quod
2862 2608 3032 2664 invita
3062 2609 3285 2680 patitur,
3306 2608 3514 2680 justum

1918 2685 2032 2752 non
2051 2705 2232 2764 est,ut
2251 2699 2319 2754 ab
2334 2699 2581 2768 ingressu
2597 2699 2782 2771 templi
2803 2700 3064 2772 privetur.
3084 2700 3344 2757 Novimus
3365 2717 3514 2757 nam-

1923 2803 2030 2858 que
2061 2790 2202 2859 quod
2233 2790 2427 2846 mulier
2472 2789 2825 2860 quae'ﬁuxum
2865 2792 3174 2862 patiebatur
3212 2793 3513 2866 sanguinis,

1923 2889 2048 2950 post
2061 2888 2272 2953 tergum
2288 2880 2500 2936 Domini
2513 2880 2790 2938 humiliter
2805 2882 3051 2951 veniens,
3073 2883 3378 2939 vestimenti
3397 2883 3515 2953 ejus

1923 2970 2210 3043 ﬁmbriami
2228 2974 2424 3046 tetigit,
2462 2981 2626 3044 atque
2673 2973 2742 3029 ab
2771 2989 2833 3029 ea
2873 2970 3062 3030 statim
3089 2991 3187 3031 sua
3226 2974 3514 3032 inﬁrmitas

1921 3065 2148 3122 recessit
2171 3065 2366 3138 (Matii.
2396 3083 2474 3133 ιχ,
2499 3067 2592 3134 20,
2624 3066 2849 3138 22)?'Si
2877 3082 3008 3141 ergo
3042 3068 3096 3123 in
3124 3067 3272 3123 ﬂuxu
3299 3068 3514 3140 sangui-

1921 3157 2007 3212 nis
2043 3157 2219 3228 posita
2265 3157 2610 3214 laudabiliter
2647 3161 2824 3230 potuit
2867 3161 3253 3216 vestimentum
3297 3161 3510 3216 Domini

1923 3258 2166 3320 tangere,
2203 3266 2304 3307 cur
2327 3266 2448 3323 quae
2486 3260 2765 3307 menstrua
2793 3253 3072 3324 sanguinis
3101 3252 3307 3322 patitur
3327 3253 3376 3308 ei
3401 3269 3508 3308 non

213 3320 342 3367 tens
399 3312 540 3370 Deus
605 3315 899 3372 humanum
966 3334 1137 3389 genus
1189 3319 1347 3391 culpa
1407 3337 1508 3377 sua
1565 3322 1809 3381 funditus
1837 3319 1883 3384 C
1914 3312 2078 3396 liceat
2101 3312 2316 3396 Domini
2343 3312 2629 3396 ecclesiam
2655 3312 3020 3398 intrare.vSe'd
3051 3312 3394 3398 diciszlllam
3427 3344 3509 3397 in-

213 3404 568 3477 exstinguere
595 3408 789 3476 noluit,
845 3417 901 3465 et
944 3409 1410 3468 immortalitatem
1457 3414 1664 3470 homini
1707 3431 1808 3487 pro

211 3507 438 3566 peccato
489 3513 588 3556 suo
638 3501 882 3570 abstulit,
929 3512 986 3559 et
1030 3511 1209 3562 tamen
1264 3521 1364 3577 per
1415 3506 1809 3579 benignitatem

215 3604 330 3645 suae
382 3591 601 3663 pietatis
666 3594 1052 3653 fecunditatem
1111 3598 1165 3654 ei
1225 3598 1425 3654 sobolis
1483 3599 1804 3654 reservavit.

211 3681 370 3750 Quod
412 3700 540 3757 ergo
595 3697 805 3745 natura:
856 3690 1105 3746 humanae
1156 3704 1223 3745 ex
1278 3691 1660 3762 omnipotentis
1709 3691 1807 3748 Dei

211 3772 356 3829 dono
399 3786 673 3833 servatum
723 3786 847 3847 est,
903 3795 1012 3851 qua
1075 3780 1285 3838 ratione
1334 3784 1536 3854 poterit
1578 3798 1609 3837 a
1662 3784 1805 3839 sacri

211 3855 556 3934 baptismatis
611 3872 785 3941 gratia
833 3873 1154 3942 prohiberi?
1199 3875 1257 3930 in
1312 3875 1403 3932 illo
1451 3876 1649 3948 quippe
1687 3892 1806 3949 my-

215 3961 403 4030 sterio,
461 3963 516 4017 in
545 3980 652 4036 quo
687 3968 864 4025 omnis
915 3971 1071 4042 culpa
1119 3972 1362 4028 funditus
1415 3974 1801 4044 exstinguitur,

210 4052 367 4108 valde
440 4057 667 4115 stultum
706 4101 721 4126 ,
791 4061 837 4117 si
909 4064 1106 4118 donum
1182 4067 1370 4136 gratiae
1429 4068 1802 4123 contradicere

207 4159 370 4215 posse
407 4149 675 4206 videatur.
731 4152 868 4209 Cum
892 4170 1024 4210 vero
1054 4157 1211 4211 enixa
1253 4157 1419 4213 fuerit
1449 4159 1641 4213 mulier
1679 4169 1801 4229 post

209 4248 340 4308 quot
401 4241 592 4297 debeat
654 4244 770 4300 dies
833 4247 1115 4303 ecclesiam
1167 4250 1408 4317 intrare,
1460 4251 1798 4307 Testamenti

207 4329 417 4388 Veteris
442 4337 807 4408 praeceptione
853 4339 1106 4408 didicisti,
1151 4351 1212 4397 ut
1262 4358 1362 4415 pro
1411 4344 1652 4400 masculo
1682 4345 1796 4400 die-

201 4421 306 4477 bus
357 4424 576 4495 triginta
631 4429 804 4485 tribus
864 4429 1027 4500 (Leu.
1083 4449 1198 4499 xu,
1253 4432 1371 4504 4),
1426 4451 1527 4506 pro
1591 4434 1791 4490 femina

203 4521 383 4567 autem
445 4517 722 4588 sexaginta
766 4534 860 4574 sex
907 4521 1092 4591 (Ibid.
1149 4524 1224 4596 5)
1270 4525 1464 4582 debeat
1505 4527 1786 4583 abstineri.

1912 3432 2146 3489 ﬁrmitas
2182 3434 2462 3505 compulit,
2509 3434 2611 3490 has
2656 3450 2809 3502 vero,
2860 3435 2925 3492 de
2972 3436 3170 3506 quibus
3214 3435 3507 3506 loquimur,

1912 3527 2246 3582 consuetudo
2285 3527 2629 3599 constringit.
2666 3525 2946 3599 Perpende
2975 3529 3144 3595 enim,
3191 3527 3360 3583 frater
3385 3529 3509 3583 cha-

1911 3619 2150 3686 rissime,
2180 3619 2308 3690 quia
2341 3633 2502 3675 omne
2540 3620 2685 3690 quod
2711 3619 2766 3675 in
2793 3620 2897 3676 hac
2929 3635 3092 3675 carne
3121 3620 3336 3675 mortali
3364 3622 3505 3690 pati-

1911 3724 2034 3763 mur
2076 3725 2144 3765 ex
2198 3710 2516 3766 inﬁrmitate
2563 3720 2775 3767 naturae
2824 3719 2908 3767 est
2948 3712 3110 3782 digno
3156 3711 3253 3766 Dei
3296 3711 3502 3782 judicio

1907 3816 2009 3873 per
2042 3802 2254 3872 culpam
2279 3803 2608 3859 ordinatum.
2638 3803 2862 3861 Esurire
2899 3819 3152 3874 namque,
3185 3805 3338 3860 sitire
3364 3845 3378 3870 ,
3407 3821 3508 3860 tes-

1911 3905 2084 3960 tuare,
2123 3895 2322 3966 algere,
2357 3895 2648 3952 lassessere
2692 3911 2760 3953 ex
2806 3895 3120 3952 inﬁrmitate
3154 3905 3362 3952 naturae
3397 3905 3502 3950 est.

1908 3986 1977 4041 Et
1998 3986 2127 4057 quid
2169 3993 2253 4041 est
2291 3985 2433 4041 aliud
2463 3995 2652 4042 contra
2678 3986 2873 4041 famem
2902 3985 3180 4056 alimenta,
3223 3994 3411 4042 contra
3437 3986 3504 4040 si-

1909 4076 2005 4131 tim
2037 4085 2254 4148 potum,
2301 4069 2497 4131 contra
2543 4085 2733 4132 aestum
2773 4091 2952 4142 auras,
3000 4085 3056 4132 et
3105 4085 3292 4131 contra
3330 4073 3503 4145 frigus

1905 4181 2133 4235 vestem,
2167 4179 2352 4225 contra
2391 4169 3032 4240 lassitudinem'requiem
3078 4183 3343 4240 quaerere,
3396 4167 3502 4222 nisi

1903 4256 2301 4318 medicamenta
2323 4265 2570 4335 quaedam
2589 4273 2778 4319 contra
2801 4265 3150 4336 aegritudines
3173 4263 3501 4336 explorare?

1900 4355 2139 4411 Feminae
2188 4374 2423 4429 namque
2450 4369 2506 4413 et
2548 4367 2859 4414 menstruus
2896 4359 2980 4414 sui
3015 4358 3294 4429 sanguinis
3322 4356 3497 4412 ﬂuxus

1899 4448 2158 4518 aegritudo
2180 4459 2283 4505 est.
2310 4449 2367 4505 Si
2399 4450 2564 4520 igitur
2586 4449 2724 4506 bene
2749 4450 3113 4522 praesumpsit,
3159 4449 3300 4521 quod
3332 4448 3496 4503 vesti-

1895 4548 2140 4594 mentum
2169 4541 2385 4595 Domini
2415 4540 2468 4595 in
2503 4540 2762 4613 languore
2784 4541 2962 4610 posita
2995 4540 3191 4612 tetigit,
3231 4540 3375 4610 quod
3399 4540 3491 4595 uni

203 4603 359 4671 QuOd
403 4615 582 4661 “lmen
628 4610 904 4665 δοῖθηάυιῐι
951 4622 1057 4679 εει,
1111 4617 1235 4685 (lilia
1277 4617 1332 4672 ίίι
1381 4620 1648 4690 Διιιγειθτίο
1696 4635 1787 4675 30'
1894 4645 2139 4703 personae
2190 4633 2475 4688 inlirmatae
2503 4634 2836 4699 conceditur,
2872 4650 2972 4688 cur
3017 4648 3123 4689 non
3165 4635 3493 4689 concedatur

203 4696 422 4743 (:initur-
471 4697 604 4743 Nam
658 4701 701 4743 si
753 4702 880 4743 Itnrn
930 4705 1117 4743 nullam
1185 4723 1290 4743 mm
1356 4712 1599 4743 ηοηιιιι-ἓθ
1690 4728 1753 4743 ,ιη
1811 4679 1869 4743 D
1908 4741 1918 4743 _
1986 4725 2096 4743 an.
2423 4742 2430 4743 ,
2476 4741 2574 4743 ξένη
2967 4725 3125 4743 ,,-.,-,,-
3175 4725 3201 4743 η
3468 4727 3490 4743 ο

202 4696 422 4764 cipitur.
469 4697 606 4754 Nam
658 4701 704 4755 si
752 4702 883 4756 hora
930 4705 1118 4760 eadem
1185 4723 1294 4776 qua
1355 4712 1640 4780 genuerit,
1690 4728 1783 4769 ac-

203 4797 323 4842 tura
372 4792 576 4861 gratias
623 4793 788 4848 intret
837 4797 1119 4854 ecclesiam
1148 4840 1163 4866 ,
1216 4801 1361 4857 nullo
1402 4807 1608 4873 peccati
1652 4823 1788 4878 pon-

200 4879 328 4934 dere
383 4892 671 4950 gravatur;
724 4887 973 4957 voluptas
1028 4891 1176 4946 enim
1237 4895 1418 4950 carnis
1470 4912 1577 4952 non
1633 4897 1788 4954 dolor

197 4974 252 5028 in
294 4976 446 5045 culpa
485 4986 586 5043 est,
630 4979 683 5033 in
723 4983 904 5038 carnis
932 4985 1076 5039 enim
1123 4989 1501 5045 commistione
1539 4989 1786 5062 voluptas

195 5074 299 5120 est.
337 5067 475 5122 Nam
507 5069 561 5123 in
589 5071 755 5140 prolis
779 5075 1078 5143 prolatione
1124 5079 1355 5149 gemitus
1380 5124 1394 5146 ,
1424 5082 1564 5137 unde
1589 5093 1643 5137 et
1668 5083 1787 5154 ipse

195 5157 460 5215 Dominus
489 5162 694 5230 pri-mus
725 5168 988 5237 magister
1032 5171 1274 5226 omnium
1325 5173 1497 5228 dixit:
1528 5191 1547 5224 ε
1585 5174 1642 5228 ln
1685 5175 1788 5231 do-

193 5249 399 5306 loribus
440 5252 814 5326 paries(Gen.
861 5275 920 5313 nt
949 5301 962 5326 ,
1022 5261 1144 5333 16).
1182 5283 1200 5314 ι
1253 5263 1310 5318 Si
1368 5266 1512 5320 enim
1566 5266 1785 5322 enixam

195 5342 480 5398 mulierem
527 5346 880 5415 prohibemus
946 5352 1234 5409 ecclesiam
1299 5355 1504 5413 intrare
1532 5401 1548 5425 ,
1608 5361 1786 5430 ipsam

187 5432 247 5487 ei
296 5436 670 5502 paenitentiam
723 5455 874 5494 suam
925 5441 979 5495 in
1029 5444 1240 5514 culpam
1290 5447 1630 5518 deputamus.
1677 5451 1784 5506 Ba-

191 5525 402 5594 ptizare
454 5540 632 5585 autem
668 5533 751 5586 vel
785 5534 998 5588 enixam
1033 5537 1332 5602 mulierem,
1364 5541 1447 5595 vel
1496 5543 1599 5600 hoc
1643 5545 1788 5615 quod

194 5619 477 5686 genuerit,
524 5622 567 5675 si
623 5623 861 5692 periculo
920 5627 1114 5683 mortis
1163 5639 1424 5699 urgetur,
1474 5634 1560 5690 vel
1613 5637 1787 5706 ipsam

196 5709 331 5802 bona
391 5712 577 5769 eadem
631 5732 734 5786 qua
776 5719 965 5790 gignit,
1021 5722 1105 5777 vel
1158 5724 1261 5780 hoc
1307 5728 1449 5796 quod
1501 5731 1672 5802 gignit
1695 5749 1789 5789 ea-

195 5800 316 5856 dem
368 5804 498 5858 hora
530 5822 634 5876 qua
688 5818 875 5865 natum
931 5822 1034 5880 est,
1081 5815 1387 5874 nullomodo
1444 5800 1784 5894 prohibetur,

195 5892 323 5960 quia
376 5897 514 5951 sicut
559 5900 728 5954 sancti
781 5905 1022 5973 mysterii
1070 5908 1242 5978 gratia
1280 5913 1585 5973 viventibus
1623 5892 1786 5991 atque
1833 5943 1872 6000 'b

1896 4725 2107 4780 cunctis
2127 4725 2441 4780 mulieribus
2465 4741 2584 4795 qua:
2608 4734 2813 4780 naturae
2834 4741 2946 4781 sua:
2965 4725 3490 4780 vitioinﬁrn'tantur?

1896 4817 2109 4872 Sancta:
2149 4816 2349 4871 etenim
2378 4816 2771 4872 communionis
2815 4817 3134 4888 mysterium
3184 4817 3237 4870 in
3284 4816 3489 4872 eisdem

1895 4907 2085 4962 diebus
2111 4907 2387 4977 percipere
2435 4922 2542 4961 non
2587 4906 2746 4961 debet
2776 4907 3070 4976 prohiberi.
3123 4907 3182 4961 Si
3223 4907 3366 4961 enim
3419 4922 3486 4961 ex

1893 5015 2089 5069 magna
2115 5000 2463 5055 veneratione
2492 5001 2769 5070 percipere
2793 5016 2902 5056 non
2932 5002 3232 5070 praesumit,
3265 5003 3488 5057 laudan-

1896 5093 1964 5147 da
1991 5101 2102 5158 est;
2142 5091 2234 5148 sed
2281 5093 2323 5147 si
2367 5093 2692 5163 perceperit,
2731 5108 2836 5148 non
2881 5091 3189 5162 judicanda.
3215 5093 3487 5149 Bonarum

1897 5183 2094 5255 quippe
2107 5185 2370 5239 mentium
2392 5191 2476 5238 est
2494 5185 2658 5238 etiam
2687 5183 2758 5239 ibi
2785 5183 2968 5254 aliquo
2984 5185 3142 5239 modo
3155 5185 3343 5255 culpas
3364 5199 3490 5239 suas

1897 5293 2244 5349 cognoscere,
2275 5277 2367 5331 ubi
2390 5275 2547 5346 culpa
2575 5290 2680 5330 non
2706 5285 2810 5338 est,
2855 5276 2980 5346 quia
3018 5291 3158 5346 smpe
3182 5276 3299 5332 sine
3332 5275 3491 5344 culpa

1899 5369 2076 5440 agitur
2103 5367 2244 5437 quod
2268 5367 2415 5420 venit
2443 5381 2511 5420 ex
2553 5364 2748 5435 culpa;
2783 5367 2924 5421 unde
2965 5367 3128 5420 etiam
3163 5381 3286 5421 cum
3315 5365 3487 5422 esuri-

1896 5478 2062 5526 mus,
2128 5460 2246 5514 sine
2303 5458 2460 5528 culpa
2523 5458 2897 5524 comedimus,
2955 5459 3150 5528 quibus
3209 5472 3274 5512 ex
3333 5458 3493 5529 culpa

1893 5554 2056 5625 primi
2097 5553 2335 5608 hominis
2366 5552 2569 5607 factum
2619 5560 2702 5607 est
2741 5558 2803 5607 ut
2843 5552 3166 5607 esuriamus.
3214 5549 3486 5604 Menstrua

1898 5645 2044 5699 enim
2090 5644 2424 5699 consuetudo
2469 5642 2789 5699 mulieribus
2835 5658 2942 5698 non
2988 5642 3167 5711 aliqua
3194 5639 3350 5710 culpa
3385 5647 3492 5705 est,

1898 5734 2153 5791 videlicet
2183 5735 2309 5806 quia
2335 5719 2657 5790 naturaliter
2702 5734 2936 5799 accidit;
2969 5733 3063 5788 sed
3109 5731 3253 5803 quod
3300 5737 3495 5786 natura

1898 5840 2081 5885 tamen
2101 5829 2216 5899 ipsa
2241 5828 2431 5884 vitiata
2457 5836 2560 5895 est,
2583 5836 2644 5884 ut
2666 5828 2828 5884 etiam
2858 5826 2974 5882 sine
3001 5826 3294 5881 voluntatis
3321 5824 3497 5881 studio

1902 5921 2158 5979 videatur
2185 5936 2306 5978 esse
2335 5921 2560 5992 polluta,
2595 5935 2660 5976 ex
2692 5919 2845 5990 culpa
2876 5919 3020 5974 venit
3052 5919 3263 5986 vitium,
3306 5917 3359 5972 in
3389 5929 3496 5986 quo
