3988 6426
445 392 586 454 ωτ

1257 390 1553 447 ΑΡΡΕΝΙ).
1595 390 1689 447 AD
1725 389 1899 448 SEO.
1941 389 2035 446 ιχ.
2067 417 2136 432 --
2174 386 2430 480 lSlDORI
2468 387 2915 447 MERCATORIS

3599 386 3738 447 1128

514 488 721 581 'ipsam
755 504 932 578 qualis
966 518 1065 576 per
1079 502 1365 576 ‘iudicium
1409 504 1551 562 facta
1583 505 1655 561 sit
1680 506 1918 561 humana
1949 521 2043 561 na-
2070 512 2117 573 Α
2146 519 2212 560 ac
2261 502 2537 574 legitima,
2569 512 2625 561 et
2670 512 2853 560 tamen
2895 502 2950 558 in
2995 515 3188 559 earum
3230 509 3356 559 actu
3402 502 3750 575 aliquatenus

442 611 571 661 tura
614 606 928 673 cognoscat,
980 606 1034 652 et
1072 598 1235 653 homo
1289 596 1380 667 qui
1418 596 1631 669 culpam
1686 605 1876 668 sponte
1920 612 2043 668 pcr-

441 692 711 766 petravit,
754 699 962 747 reatum
1004 689 1176 760 culpa!
1223 696 1402 759 portet
1448 688 1668 745 invitus.
1701 688 1877 760 Atque
1922 688 2044 744 ideo

434 785 683 853 feminae,
721 799 845 840 cum
887 781 1211 851 semetipsas
1242 781 1628 848 considerant,
1653 790 1709 837 et
1743 797 1863 853 quae
1888 797 2044 839 men-

434 858 596 948 Tstrua
621 875 1016 934 consuetudine
1044 875 1113 930 ad
1142 882 1545 930 sacramentum
1567 872 1832 929 Dominici
1857 888 2047 945 corpo-

433 944 525 1069 zris
552 977 609 1027 et
631 969 911 1042 sanguinis
938 967 1198 1026 accedere
1219 982 1328 1022 non
1355 974 1706 1038 praesumunt,
1740 966 1806 1022 de
1840 981 1937 1023 sua
1962 981 2048 1021 re-

432 1064 532 1162 Acta
561 1067 950 1125 consuetudine
998 1066 1282 1123 laudandae
1328 1075 1475 1122 sunt.
1518 1064 1653 1122 Cum
1709 1081 1837 1122 vero
1868 1066 2049 1138 perci-

439 1160 628 1234 piendi
666 1176 735 1215 ex
770 1158 1037 1231 religiosae
1066 1159 1191 1215 vitae
1232 1158 1624 1216 consuetudine
1660 1158 1902 1230 ejusdem
1931 1174 2050 1230 my-

440 1252 601 1311 sterii
649 1267 837 1308 amore
881 1252 1190 1324 rapiuntur,
1223 1251 1604 1323 reprimendae,
1634 1252 1774 1307 sicut
1798 1251 2050 1322 praedixi-

441 1362 588 1415 mus,
617 1330 901 1403 non—sunt.
933 1344 1090 1402 Sicut
1113 1346 1260 1401 enim
1287 1346 1341 1401 in
1367 1345 1718 1402 Testamento
1755 1343 1937 1399 Veteri
1964 1360 2052 1400 ex-

441 1440 648 1496 teriora
687 1439 1049 1496 observantur
1088 1454 1273 1510 opera,
1322 1440 1397 1494 ita
1438 1439 1493 1494 in
1532 1440 1881 1497 Testamento
1902 1438 2051 1495 Novo

440 1547 552 1589 non
577 1541 684 1587 tam
716 1534 862 1604 quod
887 1531 1128 1588 exterius
1156 1533 1358 1605 agitur,
1387 1547 1549 1602 quam
1571 1532 1627 1588 id
1656 1532 1799 1604 quod
1825 1531 2055 1587 interius

442 1626 718 1698 cogitatur
736 1625 969 1682 sollicita
993 1626 1292 1682 intentione
1313 1626 1634 1693 attenditur,
1653 1634 1711 1680 ut
1725 1625 1907 1681 subtili
1931 1639 2055 1679 sen-

442 1718 614 1775 tentia
644 1719 922 1789 puniatur.
959 1717 1096 1774 Nam
1126 1734 1252 1775 cum
1281 1718 1451 1774 multa
1477 1718 1565 1775 lex
1605 1717 1752 1774 velut
1778 1717 2053 1773 immunda

441 1810 776 1868 manducare
819 1811 1132 1883 prohibeat,
1168 1812 1220 1867 in
1246 1811 1540 1883 Evangelio
1571 1820 1752 1867 tamen
1792 1809 2054 1865 Dominus

2147 596 2439 663 foedamur,
2473 596 2613 653 sicut
2654 612 2797 670 saepe
2840 596 3129 653 irascendo
3164 596 3353 668 culpas
3390 596 3750 667 insequimur,

2146 698 2204 746 et
2232 690 2681 762 tranquillitatem
2726 691 2780 746 in
2816 690 2973 747 nobis
3022 690 3187 747 animi
3233 692 3640 762 perturbamus.
3690 690 3756 746 Et

2148 798 2271 840 cum
2302 793 2515 839 rectum
2553 785 2625 841 sit
2668 785 2811 856 quod
2844 784 3043 854 agitur,
3076 800 3186 840 non
3216 794 3302 839 est
3341 792 3523 840 tamen
3556 798 3752 855 appro-

2146 871 2348 942 babile,
2370 876 2515 946 quod
2542 875 2599 931 in
2626 875 2706 931 eis
2740 875 2958 932 animus
2985 877 3353 947 perturbatur.
3384 876 3591 933 Contra
3629 875 3756 931 vitia

2149 966 2350 1038 quippe
2397 967 2828 1038 delinquentium
2876 968 3048 1024 iratus
3094 966 3297 1036 fuerat,
3338 968 3432 1039 qui
3476 968 3706 1025 dicebat
3742 986 3755 1023 τ

2156 1076 2176 1110 ι
2213 1058 2486 1115 Turbatus
2522 1070 2607 1116 est
2638 1075 2753 1132 prae
2788 1060 2869 1115 ira
2899 1061 3088 1116 oculus
3116 1075 3270 1117 meus
3301 1057 3474 1133 (Ρωι.
3500 1077 3581 1128 v1,
3611 1061 3704 1132 8);
3737 1081 3756 1114 ι

2151 1156 2279 1228 quia
2308 1142 2475 1224 enim,
2524 1157 2629 1214 nisi
2664 1157 2955 1229 tranquilla
2997 1173 3154 1214 mens
3186 1172 3296 1213 non
3342 1157 3491 1214 valet
3531 1157 3590 1212 in
3628 1172 3763 1214 eon-

2152 1251 2506 1323 templatione
2532 1266 2591 1307 se
2619 1252 2688 1307 ad
2722 1252 2897 1308 lucem
2936 1251 3296 1323 suspendere,
3317 1259 3375 1306 et
3393 1251 3446 1306 in
3472 1251 3557 1307 ira
3586 1250 3766 1322 ipsum

2152 1342 2371 1399 oculum
2430 1342 2710 1399 turbatum
2762 1341 3016 1410 dolebat;
3072 1343 3201 1413 quia
3253 1342 3381 1398 dum
3430 1340 3583 1397 mala
3645 1350 3767 1397 acta

2154 1434 2407 1490 deorsum
2449 1433 2775 1504 insequitur,
2806 1431 3064 1489 confundi
3097 1443 3264 1504 atque
3303 1432 3519 1488 turbari
3557 1447 3589 1488 a
3620 1447 3767 1488 sum-

2155 1541 2369 1581 morum
2417 1524 2872 1594 contemplatione
2901 1524 3221 1598 cogebatur.
3265 1524 3333 1579 Et
3361 1524 3663 1581 laudabilis
3690 1535 3767 1579 est

2155 1631 2287 1689 ergo
2314 1616 2394 1671 ira
2431 1624 2623 1672 contra
2651 1616 2866 1684 vitium,
2893 1627 2951 1673 et
2978 1627 3162 1672 tamen
3193 1616 3447 1684 molesta,
3488 1618 3620 1688 quia
3660 1627 3767 1673 tur-

2156 1710 2344 1765 batum
2393 1724 2452 1766 se
2486 1710 2722 1780 aliquem
2752 1719 2961 1766 reatum
2989 1710 3286 1767 incurrisse
3306 1712 3643 1767 aestimabat.
3666 1710 3766 1766 Le-

2158 1803 2346 1874 gitima
2381 1818 2514 1875 ergo
2551 1802 2787 1860 carnalis
2834 1802 3027 1875 copula
3086 1811 3301 1874 oportet
3343 1812 3407 1858 ut
3435 1818 3607 1859 causa
3650 1816 3767 1874 ριόο

443 1903 579 1962 dicit
607 1923 620 1960 :
651 1925 670 1959 ι
695 1904 814 1963 Non
841 1907 983 1978 quod
1020 1907 1187 1962 intrat
1217 1906 1272 1962 in
1299 1923 1362 1963 os
1392 1905 1709 1978 coinquinat
1751 1904 2049 1968 hominem,
2080 1890 2131 1952 Β
2156 1892 2226 1950 lis
2256 1894 2350 1963 sit,
2381 1910 2491 1950 non
2523 1894 2840 1967 voluptatis,
2870 1903 2924 1951 et
2957 1894 3141 1951 carnis
3169 1895 3482 1951 commistio
3509 1895 3770 1951 creando-

440 1998 540 2054 sed
568 2014 632 2054 ea
659 2013 781 2070 qua:
815 2007 1016 2055 exeunt
1040 1998 1107 2054 de
1137 2013 1233 2055 ore
1276 1998 1369 2053 illa
1396 2000 1669 2070 suntquae
1696 1988 2053 2067 coinquinant

442 2090 721 2148 hominem
736 2090 955 2164 (Matth.
980 2108 1074 2159 xv,
1097 2093 1209 2165 il).
1237 2112 1253 2146 ι
1276 2093 1456 2163 Atque
1482 2090 1641 2163 paulo
1660 2100 1783 2163 post
1813 2088 2050 2161 subiicit,

441 2196 723 2255 exponens
746 2202 760 2239 :
785 2204 805 2237 ‹
825 2185 908 2240 Ex
919 2186 1085 2241 corde
1103 2194 1305 2240 exeunt
1320 2184 1677 2255 cogitationes
1692 2183 1847 2238 malae
1863 2181 1913 2254 (Ι
1921 2181 2007 2235 bid
2014 2222 2052 2251 .,

444 2275 562 2347 19),
599 2295 618 2329 ι
650 2277 743 2332 ubi
766 2277 1007 2332 ubertim
1036 2274 1391 2347 iudicandum
1415 2285 1516 2342 est,
1542 2277 1667 2346 quia
1698 2275 1828 2330 illud
1850 2274 1918 2330 ab
1939 2290 2059 2330 om-

442 2368 730 2441 nipotente
760 2372 873 2427 Deo
915 2370 1181 2442 pollutum
1231 2386 1354 2426 esse
1402 2371 1457 2426 in
1504 2386 1670 2442 opere
1723 2369 2054 2436 ostenditur,

443 2462 591 2532 quod
620 2476 689 2518 ex
729 2462 933 2534 polluta
966 2462 1317 2535 cogitationis
1342 2462 1528 2518 radice
1560 2470 1871 2534 generatur.
1900 2459 2058 2516 Unde

441 2551 649 2611 Paulus
691 2571 908 2628 quoque
951 2556 1235 2628 apostolus
1286 2555 1417 2610 dicit
1461 2572 1478 2612 :
1528 2574 1547 2607 ί
1604 2553 1801 2611 Omnia
1850 2554 2056 2610 munda

446 2647 692 2714 mundis,
734 2646 1103 2718 coinquinatis
1146 2655 1330 2702 autem
1359 2654 1415 2702 et
1443 2645 1756 2703 inﬁdelibus
1799 2645 1935 2702 nihil
1976 2652 2060 2701 est

446 2739 713 2795 mundum
746 2738 875 2812 (Tit.
924 2757 963 2805 ι,
1010 2740 1120 2811 15).
1164 2760 1184 2793 ι
1214 2739 1395 2809 Atque
1423 2755 1548 2794 mox
1582 2739 1823 2810 ejusdem
1863 2753 2058 2794 causas

445 2830 910 2902 coinquinationis
933 2830 1267 2887 annuntians
1288 2829 1567 2902 subiungit
1593 2848 1607 2885 :
1641 2849 1659 2883 ε
1690 2829 2057 2902 Coinquinata

444 2932 578 2979 sunt
607 2924 753 2980 enim
780 2939 971 2980 eorum
1004 2932 1060 2979 et
1104 2938 1260 2979 mens
1302 2932 1360 2981 et
1401 2923 1735 2980 conscientia
1779 2922 1990 2994 (Ibid.).
2034 2940 2053 2975 ι

442 3013 510 3073 Si
535 3029 667 3088 ergo
694 3016 747 3072 ei
772 3017 925 3072 cibus
955 3016 1267 3073 immundus
1286 3032 1395 3074 non
1416 3025 1521 3086 est,
1547 3017 1635 3073 cui
1658 3030 1812 3073 mens
1835 3014 2058 3083 munda,

446 3118 551 3161 cur
574 3104 721 3176 quod
761 3115 946 3162 mente
974 3106 1183 3164 munda
1212 3106 1407 3164 mulier
1427 3121 1497 3163 ex
1530 3116 1726 3163 natura
1754 3106 1978 3176 patitur,
2011 3104 2060 3160 ei

444 3196 506 3254 in
534 3197 936 3254 immunditiam
952 3200 1269 3270 reputatur?
1284 3196 1382 3253 Vir
1395 3199 1543 3254 enim
1564 3215 1688 3255 cum
1701 3198 1921 3270 propria
1935 3212 2062 3253 con-

442 3288 574 3363 juge
596 3290 897 3357 dormiens,
929 3291 1037 3347 nisi
1065 3290 1209 3347 lotus
1234 3307 1373 3363 aqua
1402 3291 1689 3348 ecclesiam
1717 3291 1927 3345 intrare
1953 3304 2063 3344 non

447 3386 634 3455 debet,
649 3387 747 3443 sed
760 3401 937 3458 neque
954 3385 1101 3443 lotus
1116 3385 1325 3445 intrare
1342 3387 1526 3442 statim
1542 3385 1725 3442 debet.
1742 3384 1853 3441 Lex
1878 3391 2062 3439 autem

445 3481 622 3537 veteri
651 3480 851 3553 populo
881 3480 1144 3552 praecepit
1181 3481 1393 3545 dicens,
1416 3489 1479 3536 ut
1512 3481 1710 3537 mistus
1740 3479 1825 3535 vir
1847 3476 2063 3534 mulieri

447 3574 620 3647 280
658 3583 715 3630 et
743 3574 915 3631 lavari
948 3590 1089 3647 aqua
1132 3576 1351 3640 debeat,
1396 3584 1452 3631 et
1496 3584 1623 3630 ante
1651 3574 1784 3631 solis
1809 3588 2065 3630 occasum

450 3665 746 3722 ecclesiam
760 3682 870 3722 non
886 3667 1123 3734 intrare;
1140 3666 1284 3738 quod
1309 3675 1488 3721 tamen
1506 3664 1733 3737 intelligi
1756 3663 2065 3735 specialiter

451 3765 667 3828 potest,
717 3757 844 3829 quia
893 3757 1108 3815 mulieri
1152 3760 1239 3814 vir
1271 3758 1564 3825 miscetur,
1596 3758 1813 3829 quando
1862 3757 2065 3813 illicitae

453 3847 911 3918 concupiscentiae
954 3848 1172 3904 animus
1218 3850 1272 3906 in
1309 3849 1643 3921 cogitatione
1686 3864 1785 3919 per
1830 3847 2064 3905 delecta-

450 3938 659 3995 tionem
695 3939 1068 4010 eoniungitur,
1110 3941 1240 4012 quia
1285 3940 1392 3997 nisi
1432 3942 1586 4011 prius
1623 3942 1764 4013 ignis
1802 3940 2062 4010 concupi-

452 4032 679 4087 scentiae
709 4048 741 4087 a
771 4041 956 4088 mente
987 4032 1286 4099 deferveat,
1317 4032 1539 4105 dignum
1568 4049 1628 4090 se
1657 4033 2065 4105 congregationi

452 4119 686 4175 fratrum
714 4122 992 4177 aestimare
1021 4137 1129 4177 non
1166 4124 1346 4189 debet,
1377 4123 1469 4194 qui
1506 4139 1566 4180 se
1598 4125 1814 4194 gravari
1845 4138 1944 4194 per
1970 4139 2069 4179 ne-

454 4211 688 4282 quitiam
717 4227 900 4283 pravae
929 4211 1226 4284 voluptatis
1251 4214 1420 4271 videt.
1471 4216 1733 4284 Quamvis
1768 4216 1835 4272 de
1866 4217 1972 4272 hac
2005 4232 2067 4273 re

454 4303 687 4360 diversae
729 4303 1013 4360 hominum
1059 4306 1311 4362 nationes
1353 4307 1567 4363 diversa
1613 4307 1870 4375 sentiant,
1904 4317 2069 4379 atque

460 4393 567 4448 alia
593 4393 870 4450 custodire
895 4395 1204 4461 videantur,
1237 4395 1609 4452 Romanorum
1637 4405 1822 4453 tamen
1850 4412 2069 4469 semper

457 4487 525 4543 ab
569 4489 972 4559 antiquioribus
1002 4506 1135 4546 usus
1172 4490 1294 4556 fuit,
1338 4499 1464 4561 post
1507 4491 1885 4548 admistionem
1936 4506 2066 4562 pro-

455 4580 590 4651 priae
631 4581 898 4656 conjugis,
935 4591 990 4639 et
1016 4581 1220 4639 lavacri
1251 4582 1687 4655 puriﬁcationem
1718 4597 1982 4653 quaerere,
2014 4591 2070 4638 et

459 4674 531 4728 ab
554 4673 803 4746 ingressu
832 4674 1076 4732 ecclesiae
1102 4674 1383 4746 paululum
1414 4684 1729 4731 reverenter
1768 4676 2065 4731 abstinere.

456 4765 572 4824 Nec
598 4770 716 4825 haec
736 4768 979 4826 dicentes
1004 4769 1220 4841 culpam
1246 4770 1571 4840 deputamus
1592 4783 1715 4825 esse
1736 4768 2064 4839 coniugium,

456 4861 556 4917 sed
582 4861 710 4932 quia
740 4862 857 4933 ipsa
885 4861 1036 4917 licita
1067 4861 1322 4918 admistio
1363 4860 1610 4932 conjugis
1644 4860 1762 4916 sine
1789 4860 2069 4929 voluptate

461 4953 647 5009 carnis
688 4955 804 5009 tieri
837 4970 945 5010 non
991 4962 1193 5024 potest,
1225 4969 1255 5008 a
1284 4954 1426 5009 sacri
1473 4953 1578 5008 loci
1623 4952 1869 5024 ingressu
1901 4951 2071 5008 absti-

459 5046 701 5101 nendum
726 5054 829 5111 est,
855 5047 981 5117 quia
1005 5046 1255 5117 voluptas
1278 5062 1400 5103 esse
1421 5046 1539 5101 sine
1559 5045 1713 5116 culpa
1736 5060 1843 5101 non
1866 5053 2064 5116 potest.

368 5210 373 5215 ἱ
460 5136 581 5193 Non
627 5138 774 5195 enim
818 5139 885 5194 de
930 5138 1293 5195 fornicatione
1335 5138 1423 5195 vel
1476 5139 1543 5194 de
1591 5137 1858 5193 adulterio
1911 5146 2070 5193 natus

460 5229 643 5288 fuerat
683 5232 777 5303 qui
820 5232 1036 5289 dicebat
1084 5252 1097 5287 :
1151 5252 1171 5286 ι
1219 5233 1360 5289 Ecce
1394 5232 1541 5287 enim
1588 5230 1644 5287 in
1692 5230 2072 5301 iniquitatibus

464 5332 763 5396 conceptus
792 5340 937 5390 sum,
965 5333 1021 5380 et
1044 5325 1097 5380 in
1121 5324 1362 5395 peccatis
1391 5324 1605 5396 peperit
1634 5339 1722 5380 me
1746 5333 1922 5379 mater
1948 5337 2070 5378 mea

465 5412 641 5487 (Paul.
672 5432 724 5481 ι,
753 5415 831 5488 7).
867 5434 886 5468 ι
929 5415 1032 5482 Qui
1058 5416 1202 5471 enim
1239 5417 1295 5470 in
1333 5413 1708 5486 iniquitatibus
1746 5421 2069 5484 conceptum

464 5520 528 5563 se
560 5518 807 5576 noverat,
837 5524 870 5564 a
896 5506 1093 5565 delicto
1120 5523 1179 5564 se
1212 5516 1405 5564 natum
1432 5508 1703 5578 gemebat,
1736 5510 1863 5581 quia
1890 5515 2073 5579 portat

465 5597 631 5655 arbor
663 5601 718 5655 in
766 5616 920 5657 ramo
964 5600 1254 5658 humorem
1281 5601 1422 5667 vitii,
1466 5615 1629 5671 quem
1663 5602 1825 5657 traxit
1869 5617 1937 5657 ex
1981 5616 2073 5656 ra-

470 5693 591 5749 dice
617 5712 633 5761 ;
663 5696 717 5750 in
746 5695 943 5766 quibus
978 5706 1159 5753 tamen
1188 5695 1373 5751 verbis
1400 5712 1510 5752 non
1536 5696 1914 5753 admistionem
1944 5712 2076 5753 con-

466 5778 654 5853 iugum
684 5784 1029 5855 iniquitatem
1067 5786 1338 5853 nominat,
1369 5787 1465 5842 sed
1492 5787 1663 5858 ipsam
1696 5788 1949 5845 videlicet
1976 5806 2073 5845 vo-

472 5868 761 5944 luptatem.
799 5876 1220 5937 Commistiones
1247 5879 1394 5939 enim
1427 5889 1554 5936 sunt
1583 5881 1766 5937 multae
1810 5889 1866 5937 et
1913 5882 2076 5939 licitae

2093 4635 2146 4695 D

2158 2003 2279 2043 rum
2316 1987 2612 2044 liberorum
2659 1988 2730 2044 sit
2776 1989 2974 2061 gratia,
3007 2004 3115 2045 non
3157 1987 3462 2045 satisfactio
3487 1990 3766 2044 vitiorum.

2160 2080 2216 2136 Si
2232 2080 2355 2153 quis
2377 2096 2475 2137 sua
2491 2081 2747 2153 conjuge,
2763 2097 2869 2137 non
2885 2083 3137 2154 cupidine
3150 2082 3441 2155 voluptatis
3454 2091 3671 2153 raptus,
3687 2084 3771 2138 sed

2158 2175 2503 2233 solummodo
2539 2174 2901 2232 creandorum
2923 2176 3219 2233 liberorum
3241 2178 3419 2248 gratia
3441 2178 3647 2243 utitur,
3669 2178 3774 2248 ipse

2157 2263 2403 2335 profecto
2446 2266 2561 2322 sive
2601 2266 2669 2321 de
2690 2267 2941 2337 ingressu
2978 2267 3247 2335 ecclesiae,
3273 2282 3371 2323 seu
3400 2268 3470 2324 de
3509 2269 3774 2323 sumendo

2159 2354 2404 2425 corporis
2438 2355 2707 2412 Dominici
2750 2364 2807 2413 et
2836 2357 3116 2429 sanguinis
3152 2358 3418 2428 mysterio
3448 2372 3550 2413 suo
3576 2366 3669 2412 est
3694 2357 3777 2426 ju-

2161 2447 2307 2504 dicio
2349 2448 2761 2518 relinquendus,
2807 2450 2933 2519 quia
2972 2464 3004 2504 a
3040 2448 3197 2505 nobis
3224 2449 3508 2520 prohiberi
3540 2463 3657 2504 non
3686 2448 3775 2502 de-

2159 2543 2253 2599 bet
2278 2543 2550 2614 acciperc,
2573 2542 2667 2614 qui
2692 2544 2746 2598 in
2775 2544 2898 2615 igne
2917 2543 3126 2614 positus
3150 2544 3328 2601 nescit
3350 2544 3459 2599 uri.
3486 2543 3630 2599 Cum
3656 2558 3779 2597 vero

2161 2651 2268 2692 non
2318 2651 2472 2691 amor
2518 2626 2872 2706 procreandae
2910 2636 3136 2703 sobolis,
3182 2637 3279 2692 sed
3323 2635 3582 2708 voluptas
3612 2636 3781 2690 domi-

2161 2739 2324 2786 natur
2350 2730 2403 2784 in
2430 2744 2594 2801 opere
2620 2729 3038 2797 commistionis,
3071 2730 3277 2785 habent
3300 2730 3571 2801 coniuges
3617 2729 3778 2784 etiam

2162 2823 2229 2878 de
2251 2837 2348 2879 sua
2372 2822 2771 2889 commistione,
2791 2822 2935 2892 quod
2958 2820 3223 2886 deﬂeant:
3252 2824 3357 2878 hoc
3380 2822 3530 2895 enim
3553 2821 3642 2878 eis
3660 2836 3783 2877 eon-

2162 2916 2307 2971 cedit
2349 2926 2537 2971 sancta
2576 2916 2913 2987 praedicatio,
2953 2925 3008 2971 et
3050 2924 3231 2971 tamen
3263 2917 3331 2972 de
3385 2916 3508 2985 ipsa
3554 2928 3783 2990 conces-

2166 3006 2320 3062 sione
2371 3015 2551 3063 metus
2606 3006 2850 3062 animum
2898 3008 3158 3063 concutit.
3219 3005 3359 3062 Nam
3409 3022 3539 3063 cum
3586 3005 3786 3061 Paulus

2165 3102 2443 3174 apostolus
2473 3103 2681 3159 diceret
2713 3118 2729 3156 :
2771 3102 2876 3171 Qui
2899 3118 2960 3160 se
2991 3103 3273 3160 continere
3316 3111 3662 3175 nougpotest,
3696 3101 3785 3155 ha.

2166 3195 2295 3252 beat
2318 3212 2473 3252 suam
2500 3211 2729 3253 uxorem
2763 3196 2812 3269 (I
2840 3195 2965 3252 Cor.
2990 3213 3088 3264 vn,
3111 3198 3167 3269 2)
3186 3214 3210 3273 ς⁴
3235 3197 3421 3253 statim
3455 3196 3787 3267 subiungere

2167 3288 2379 3343 curavit
2411 3305 2423 3341 :
2465 3305 2485 3338 ο
2520 3286 2637 3343 Hoc
2661 3295 2841 3342 autem
2869 3288 2992 3344 dico
3030 3290 3332 3345 secundum
3360 3287 3785 3359 indulgentiam,

2167 3394 2277 3434 non
2320 3379 2619 3435 secundum
2656 3379 2947 3450 imperium
2981 3380 3172 3452 (Ibid.,
3200 3380 3275 3453 6).
3314 3401 3335 3433 ›
3376 3380 3496 3435 Non
3526 3381 3681 3435 enim
3712 3380 3788 3435 in-

2167 3475 2423 3548 dulgetur
2450 3476 2593 3547 quod
2636 3475 2765 3532 licet
2807 3485 2864 3532 et
2901 3475 3107 3545 justum
3138 3486 3243 3533 est.
3291 3476 3452 3544 Quod
3496 3476 3671 3547 igitur
3713 3476 3790 3530 iu-

2168 3571 2379 3643 dulgeri
2419 3571 2578 3638 dixit,
2626 3571 2842 3641 culpam
2891 3584 3015 3627 esse
3059 3570 3476 3627 demonstravit.
3528 3566 3789 3639 Vigilanti

2167 3676 2298 3717 vero
2345 3670 2526 3716 mente
2562 3660 2899 3732 pensandum
2948 3668 3053 3726 est,
3104 3660 3252 3730 quod
3299 3660 3356 3713 in
3408 3659 3546 3714 Sina
3598 3666 3783 3712 monte

2167 3751 2430 3807 Dominus
2474 3751 2733 3823 pepulum
2785 3751 3059 3807 abstinere
3100 3766 3128 3806 a
3164 3750 3489 3805 mulieribus
3521 3749 3788 3820 praecepit

2168 3842 2369 3916 (Exod.
2395 3861 2517 3912 xxx,
2546 3845 2658 3916 15).
2692 3845 2759 3900 Et
2800 3846 2846 3901 si
2886 3844 2998 3902 illic
3024 3845 3115 3901 ubi
3152 3844 3419 3901 Dominus
3445 3860 3547 3917 per
3576 3852 3786 3901 creatu-

2168 3953 2286 3993 ram
2317 3937 2593 3993 subditam
2641 3937 2952 3993 hominibus
2998 3922 3353 4009 loquebatur,
3401 3946 3560 3993 tanta
3610 3936 3790 4008 provi-

2169 4032 2325 4086 sione
2355 4038 2440 4086 est
2483 4031 2748 4086 munditia
2780 4031 3025 4101 corporis
3053 4032 3343 4103 requisita,
3390 4039 3453 4085 ut
3490 4031 3590 4101 qui
3620 4031 3785 4085 verba

2168 4123 2267 4179 Dei
2302 4123 2614 4194 reciperent
2640 4122 2962 4179 mulieribus
3010 4123 3169 4183 misti
3204 4138 3312 4178 non
3341 4130 3553 4188 essent,
3583 4132 3787 4193 quanto

2168 4217 2347 4287 magis
2379 4216 2668 4289 (mulieres,
2718 4231 2841 4286 quae
2887 4230 3085 4287 corpus
3126 4215 3344 4272 Domini
3392 4216 3788 4286 omnipotentis

2170 4308 2449 4381 accipiunt
2474 4308 2751 4364 custodire
2775 4323 2835 4364 se
2864 4308 2920 4364 in
2945 4309 3130 4365 carnis
3162 4309 3437 4365 munditia
3469 4310 3696 4376 debent,
3722 4291 3789 4364 ne

2171 4403 2290 4474 ipsa
2330 4401 2731 4459 inaestimabilis
2776 4402 3155 4474 magnitudine
3181 4403 3431 4476 mysterii
3458 4404 3792 4477 graventur?

2171 4497 2310 4553 Ilinc
2339 4496 2507 4553 etiam
2536 4496 2604 4552 ad
2633 4484 2805 4551 David
2842 4496 2911 4552 de
2939 4496 3129 4567 pueris
3155 4497 3271 4553 suis
3299 4512 3400 4568 per
3445 4496 3790 4553 sacerdotem

2174 4591 2393 4658 dicitur,
2423 4602 2483 4646 ut
2508 4590 2552 4646 si
2583 4605 2616 4645 a
2639 4589 2961 4645 mulieribus
2989 4591 3176 4646 mundi
3203 4598 3408 4656 essent,
3439 4605 3641 4661 panem
3668 4605 3793 4661 pro-

2173 4683 2459 4754 positionis
2490 4683 2835 4753 acciperent;
2861 4698 2998 4752 quos
3027 4683 3252 4738 omnino
3282 4698 3392 4739 non
3413 4684 3790 4757 perciperent,

2172 4777 2277 4831 nisi
2308 4776 2460 4847 prius
2505 4775 2739 4831 mundos
2767 4789 2862 4831 eos
2890 4774 3062 4831 David
3097 4791 3128 4829 a
3158 4774 3487 4832 mulieribus
3518 4778 3793 4833 fateretur

2174 4869 2227 4941 (1
2256 4867 2389 4941 Reg.
2422 4884 2542 4930 χχι,
2572 4867 2651 4940 4).
2700 4866 2854 4923 Tunc
2881 4875 3064 4923 autem
3094 4867 3180 4923 vir
3204 4867 3298 4937 qui
3343 4876 3473 4938 post
3509 4868 3796 4923 admistio-

2174 4976 2299 5016 nem
2333 4959 2583 5031 eonjugis
2637 4958 2781 5014 lotus
2820 4973 2961 5028 aqua
3001 4957 3187 5024 fuerit,
3221 4958 3384 5014 etiam
3430 4973 3608 5014 sacra:
3648 4973 3797 5013 com.

2175 5052 2452 5107 munionis
2496 5050 2817 5122 mysterium
2856 5049 3003 5106 valet
3046 5049 3317 5120 accipere,
3361 5065 3487 5105 cum
3537 5051 3591 5105 ei
3629 5060 3795 5120 iuxta

2175 5143 2502 5214 praeﬁnitam
2543 5142 2895 5210 sententiam,
2938 5141 3105 5198 etiam
3133 5140 3423 5198 ecclesiam
3466 5140 3689 5197 licuerit
3719 5141 3777 5195 in

2178 5244 2344 5290 trare.

2248 5322 2603 5396 Interrogatio
2630 5323 2939 5394 Augustini.
2965 5349 3038 5362 —-
3068 5320 3127 5379 Si
3155 5330 3278 5393 post
3305 5321 3639 5389 illusionem,
3670 5338 3797 5395 qua:

2176 5429 2273 5487 per
2303 5415 2577 5470 somnium
2619 5414 2758 5470 solet
2782 5414 3055 5482 accidere,
3084 5412 3168 5469 vel
3195 5429 3395 5486 corpus
3424 5414 3643 5471 Domini
3670 5414 3797 5485 qui-

2176 5506 2310 5563 libet
2336 5507 2586 5579 accipere
2612 5505 2815 5573 valeat,
2846 5505 2932 5562 vel
2958 5505 3007 5562 si
3033 5506 3314 5573 sacerdos,
3343 5522 3502 5564 sacra
3525 5506 3795 5579 mysteria

2178 5602 2480 5659 celebrare.

2252 5697 2543 5767 Responsio
2570 5694 2832 5769 Gregorii.
2859 5726 2934 5741 —
2957 5698 3027 5754 Et
3058 5698 3279 5770 quidem
3304 5697 3452 5755 hunc
3474 5695 3797 5756 Testamen-

2179 5799 2297 5847 tum
2343 5788 2543 5845 veteris
2588 5787 2743 5862 legis,
2792 5790 2934 5847 sicut
2974 5791 3031 5846 in
3078 5790 3346 5861 superiori
3390 5790 3633 5863 capitulo
3675 5790 3794 5858 jam

2181 5885 2438 5954 diximus,
2463 5882 2729 5955 pollutum
2756 5884 2906 5954 dicit,
2937 5895 2992 5942 et
3017 5885 3121 5942 nisi
3151 5886 3319 5944 lotum
3348 5900 3515 5957 aqua,
3536 5886 3589 5941 ei
3618 5896 3794 5956 usque

2094 6030 2123 6038 η,
2142 6025 2209 6054 η,
