3988 6472
246 455 382 516 1129

1447 455 1940 516 DECRETALIUM
1979 454 2381 519 COLLECTIO.

3381 452 3519 510 1150

238 571 306 633 ad
335 586 620 643 vesperum
662 572 864 630 intrare
890 574 1176 631 ecclesiam
1206 590 1314 632 non
1351 575 1618 634 concedit.
1666 573 1820 643 Quod
1845 580 1901 640 Α
1923 577 1979 633 in
2005 574 2364 632 delectatione
2394 573 2592 641 trahat,
2634 586 2734 628 nec
2780 579 2958 626 tamen
3000 584 3181 626 anima
3211 570 3390 627 eidem
3421 570 3518 626 de—

240 678 420 725 tamen
444 668 754 741 specialiter
772 669 839 725 ad
851 668 999 726 illum
1019 670 1297 743 populum,
1315 670 1633 743 spiritaliter
1646 677 1827 726 autem

237 760 567 832 intelligens,
593 759 695 816 sub
715 760 905 816 eodem
931 760 1208 818 intellectu
1233 762 1463 833 accipiet
1487 777 1596 834 quo
1618 760 1829 834 praefati

235 868 445 918 sumus,
473 852 600 922 quia
631 852 787 923 quasi
815 866 914 925 per
937 854 1206 909 somnium
1248 854 1489 909 illuditur
1514 854 1628 926 qui,
1657 862 1829 910 tenta-

238 953 325 998 tus
352 944 405 997 in
436 942 799 1011 immund’itia,
822 945 1393 1017 vanislmaginibusin
1414 945 1830 1016 cogitationibus

238 1033 577 1104 inquinatur.
609 1033 715 1089 Sed
745 1034 1010 1090 lavandus
1034 1045 1118 1091 est
1138 1052 1297 1107 aqua,
1329 1043 1388 1091 ut
1419 1036 1605 1107 culpas
1629 1036 1830 1108 cogita-

239 1126 403 1181 tionis
430 1125 687 1199 lacrymis
716 1126 918 1183 abluat.
943 1128 1009 1182 Et
1038 1129 1143 1185 nisi
1168 1130 1319 1200 prius
1348 1130 1487 1199 ignis
1514 1129 1832 1186 tentationis

237 1219 547 1285 recesserit,
577 1235 728 1274 reum
757 1234 815 1274 se
840 1222 995 1290 quasi
1029 1236 1201 1291 usque
1226 1224 1294 1278 ad
1328 1234 1606 1291 vesperam
1634 1235 1833 1291 cogno-

236 1319 375 1365 scat.
410 1309 516 1365 Sed
545 1311 706 1366 estin
733 1312 923 1367 eadem
962 1312 1210 1370 illusione
1244 1315 1554 1371 necessaria
1578 1314 1734 1370 valde
1757 1314 1835 1370 di-

235 1402 461 1469 scretio,
501 1418 620 1473 quae
660 1404 934 1459 subtiliter
977 1420 1205 1476 pensare
1243 1407 1460 1475 debeat,
1505 1423 1573 1464 ex
1614 1423 1720 1478 qua
1772 1423 1834 1464 re

236 1495 450 1550 accidat
496 1495 664 1551 menti
706 1496 1044 1552 dormientis.
1094 1499 1392 1570 Aliquando
1419 1501 1567 1556 enim
1608 1515 1671 1556 ex
1719 1515 1836 1556 cra-

235 1587 382 1657 pula,
436 1586 724 1658 aliquando
754 1603 821 1643 ex
868 1598 1076 1645 natura:
1118 1590 1510 1663 superﬂuitate,
1544 1593 1834 1664 aliquando

235 1693 303 1733 ex
331 1678 662 1748 cogitatione
690 1680 916 1751 contigit
934 1722 948 1746 ,
986 1680 1276 1752 aliquando
1305 1699 1402 1755 per
1430 1684 1831 1742 inﬁrmitatem.

232 1768 303 1822 Et
330 1768 549 1839 quidem
578 1785 701 1825 cum
743 1785 810 1825 ex
847 1780 1054 1827 uatum
1088 1773 1458 1843 superﬂuitate
1487 1775 1571 1832 vel
1603 1776 1835 1832 inﬁrmi-

237 1869 347 1915 tate
371 1862 574 1927 evenit,
596 1861 820 1917 omnino
840 1863 955 1919 haec
980 1862 1157 1921 illusio
1179 1881 1289 1922 non
1317 1874 1400 1921 est
1426 1867 1684 1935 timenda,
1706 1868 1835 1939 quia

1931 671 2203 728 lectationi
2241 670 2562 727 consentiat.
2611 667 2699 736 Et,
2730 682 2853 723 cum
2891 681 3019 722 caro
3058 665 3173 722 sine
3213 665 3393 722 anima
3423 664 3520 720 de-

1932 763 2115 838 lectari
2141 771 2394 833 nequeat,
2444 762 2558 832 ipse
2589 772 2768 817 tamen
2798 759 3037 825 animus,
3063 757 3244 814 carnis
3271 755 3523 826 volupta-

1933 856 2075 910 tibus
2107 855 2400 921 reluctans,
2424 854 2478 909 in
2500 853 2859 910 delectatione
2884 851 3091 908 carnali
3132 851 3314 921 aliquo
3360 847 3524 904 modo

1931 947 2127 1020 ligatur
2169 947 2390 1014 invitus,
2442 955 2502 1002 ut
2550 947 2601 1002 ei
2645 961 2715 1002 ex
2762 944 2971 1001 ratione
3018 941 3373 1007 contradicat,
3421 953 3524 995 nec

1890 1092 1895 1093 ,
1932 1040 2256 1108 consentiat,
2291 1049 2346 1097 et
2376 1049 2557 1097 tamen
2595 1039 2951 1095 delectatione
2979 1038 3179 1111 ligatus
3207 1036 3300 1102 sit,
3333 1033 3426 1091 sed
3453 1033 3521 1088 li-

1934 1141 2115 1203 gatum
2159 1147 2217 1187 se
2260 1132 2609 1188 vehementer
2656 1131 2993 1204 ingemiscat.
3027 1129 3179 1186 Unde
3208 1137 3262 1184 et
3292 1125 3384 1183 ille
3410 1138 3523 1182 ca)-

1933 1222 2084 1278 lestis
2124 1222 2395 1278 exercitus
2440 1223 2742 1293 praecipuus
2793 1221 2947 1278 miles
2995 1221 3245 1293 gemebat
3288 1218 3520 1274 dicens:

1941 1336 1959 1367 r
1991 1315 2161 1371 Video
2190 1316 2347 1371 aliam
2389 1316 2562 1387 legem
2593 1316 2646 1370 in
2674 1315 2930 1371 membris
2958 1315 3093 1370 meis
3134 1320 3527 1393 repugnantem

1937 1410 2039 1482 legi
2087 1411 2283 1466 mentis
2308 1425 2464 1477 meae,
2504 1419 2559 1465 et
2590 1410 2859 1480 captivum
2889 1423 2977 1464 me
3012 1407 3295 1462 ducentem
3325 1402 3378 1458 in
3407 1400 3528 1471 lege

1937 1500 2179 1571 peccati,
2219 1516 2337 1570 quae
2364 1507 2449 1555 est
2479 1500 2531 1554 in
2560 1499 2817 1554 membris
2850 1497 2986 1555 meis
3014 1494 3186 1568 (Rom.
3220 1509 3316 1558 vn,
3345 1490 3462 1563 2'5).
3500 1509 3521 1543 ι

1938 1591 1995 1646 Si
2025 1598 2206 1647 autem
2236 1592 2479 1662 captivus
2502 1598 2619 1646 erat
2650 1590 2870 1646 minime
2899 1587 3190 1659 pugnabat,
3217 1584 3312 1641 sed
3349 1591 3407 1638 et
3429 1597 3530 1652 pu-

1937 1685 2154 1757 gnabat.
2186 1684 2524 1756 Quapropter
2552 1694 2608 1740 et
2632 1683 2878 1755 captivus
2909 1690 3048 1747 erat,
3075 1688 3129 1736 et
3154 1678 3399 1750 captivus
3419 1689 3527 1730 non

1937 1785 2077 1841 erat,
2123 1788 2179 1831 et
2218 1776 2508 1846 pugnabat.
2561 1775 2728 1846 igitur
2774 1774 2877 1846 legi
2920 1772 3116 1828 mentis
3155 1771 3264 1837 lex,
3306 1782 3427 1839 quae
3470 1766 3525 1820 in
3577 1762 3595 1801 ε

1939 1867 2196 1923 membris
2218 1875 2323 1934 est,
2356 1868 2707 1939 repugnabat.
2742 1867 2798 1923 Si
2827 1876 3007 1942 autem
3037 1864 3331 1936 pugnabat,
3358 1858 3528 1929 capti-

236 1952 401 2017 hanc,
438 1952 618 2007 animo
640 1953 940 2021 nesciente,
986 1956 1277 2026 pertulisse
1323 1961 1497 2030 magis
1544 1958 1835 2016 dolendum
1863 1946 1914 2008 Β
1938 1974 2039 2015 vus
2068 1974 2174 2014 non
2200 1967 2338 2015 erat.
2384 1958 2523 2016 Ecce
2562 1962 2637 2014 ita
2665 1968 2748 2015 est
2775 1959 2957 2024 homo,
2993 1964 3054 2013 ut
3098 1957 3170 2012 ita
3196 1952 3446 2017 dixerim,
3473 1957 3530 2007 et

235 2051 321 2099 est
348 2058 514 2114 quam
546 2043 763 2100 fecisse.
807 2044 942 2101 Cum
974 2061 1102 2103 vero
1129 2048 1270 2104 ultra
1315 2051 1532 2106 modum
1561 2052 1835 2122 appetitus

236 2136 378 2209 gulae
419 2136 475 2192 in
522 2138 796 2194 sumendis
837 2138 1109 2196 alimentis
1151 2144 1378 2213 rapitur,
1424 2152 1586 2214 atque
1630 2146 1835 2202 idcirco

213 2230 531 2292 ‘humorum
559 2237 894 2307 receptacula
936 2248 1249 2309 gravantur,
1293 2239 1459 2297 habet
1486 2241 1681 2297 exinde
1710 2242 1833 2297 ani-

236 2342 361 2383 mus
390 2326 624 2398 aliquem
659 2339 892 2395 reatum,
919 2344 1028 2385 non
1056 2338 1237 2386 tamen
1266 2346 1440 2403 usque
1481 2332 1548 2388 ad
1593 2332 1837 2403 prohibi-

240 2419 441 2473 tionem
484 2418 817 2490 percipiendi
868 2420 1042 2476 sancti
1087 2421 1365 2492 mysterii,
1411 2422 1495 2477 vel
1544 2422 1834 2479 missarum

243 2510 501 2565 solemnia
543 2510 875 2577 celebrandi,
921 2527 1045 2567 cum
1086 2511 1323 2569 fortasse
1361 2522 1457 2569 aut
1501 2514 1616 2570 dies
1660 2513 1835 2571 festus

243 2601 533 2671 cxigit,aut
554 2603 811 2659 exhibere
840 2603 1179 2677 mysterium,
1198 2619 1298 2677 pro
1326 2620 1393 2662 eo
1415 2606 1558 2676 quod
1580 2607 1837 2664 sacerdos

239 2693 378 2748 alius
408 2695 460 2750 in
513 2696 631 2752 loco
662 2697 835 2763 deest,
879 2698 994 2768 ipsa
1041 2698 1339 2755 necessitas
1365 2700 1660 2772 compellit.
1698 2699 1835 2756 Nam

236 2786 282 2838 si
310 2785 506 2843 adsunt
546 2787 636 2844 alii
662 2790 755 2860 qui
798 2789 1024 2861 implere
1052 2791 1410 2847 ministerimn
1446 2794 1683 2861 valeant,
1711 2794 1836 2850 illu-

235 2875 320 2930 sio
364 2893 462 2947 pro
485 2878 707 2949 crapula
754 2878 919 2948 facta,
964 2898 993 2936 a
1043 2884 1390 2953 perceptione
1418 2886 1558 2941 sacri
1592 2886 1835 2957 mysterii

232 2969 530 3038 prohibere
558 2987 665 3026 non
693 2972 875 3040 debet,
916 2975 1010 3029 sed
1039 2976 1108 3032 ab
1146 2978 1516 3034 immolatione
1551 2980 1694 3036 sacri
1716 2996 1836 3052 my-

234 3061 390 3115 stcrii
418 3062 691 3119 abstinere
727 3063 807 3135 (ut
843 3066 1102 3137 arbitror)
1138 3069 1416 3125 humiliter
1444 3070 1624 3135 debet,
1666 3072 1711 3127 si
1758 3081 1836 3127 ta-

237 3168 364 3209 men
388 3148 628 3211 animum
667 3157 985 3214 dormientis
1022 3169 1206 3230 turpes
1251 3162 1668 3234 imaginationes
1707 3180 1834 3221 con-

235 3254 544 3302 cusserunt.
595 3246 730 3302 Nam
782 3258 908 3304 sunt
960 3252 1154 3322 quibus
1200 3253 1274 3307 ita
1314 3254 1633 3326 plerumque
1654 3255 1836 3312 illusio

238 3340 507 3408 nascitur,
539 3349 599 3395 ut
624 3356 813 3397 eorum
841 3344 1057 3400 animus
1083 3345 1250 3400 etiam
1282 3346 1336 3401 in
1368 3362 1559 3404 somno
1588 3350 1833 3421 corporis

236 3436 470 3507 positus,
503 3437 752 3508 turpibus
791 3438 1267 3509 imaginationibus
1291 3458 1401 3498 non
1430 3442 1684 3499 foedetur.
1716 3445 1833 3512 Qua

241 3529 298 3583 in
322 3544 379 3585 re
408 3546 571 3585 unum
601 3531 675 3587 ibi
704 3533 1043 3600 ostenditur;
1086 3536 1199 3605 ipsa
1231 3552 1384 3593 mens
1428 3553 1535 3593 non
1586 3553 1701 3605 rea,
1735 3555 1837 3596 nec

243 3627 423 3674 tamen
473 3635 571 3676 suo
623 3619 826 3690 judicio
873 3622 1065 3691 libera,
1104 3640 1227 3680 cum
1269 3641 1348 3692 se,
1386 3628 1489 3682 etsi
1534 3627 1835 3684 dormiente

240 3701 491 3779 corpore,
524 3712 659 3767 nihil
687 3714 932 3771 meminit
955 3714 1176 3783 vidisse,
1207 3726 1388 3774 tamen
1415 3719 1468 3774 in
1496 3720 1695 3791 vigiliis
1716 3736 1836 3778 cor-

241 3803 390 3869 poris
451 3805 697 3860 meminit
743 3807 797 3861 in
847 3807 1138 3877 ingluviem
1175 3810 1454 3867 cecidisse.
1505 3810 1563 3866 Si
1608 3828 1739 3868 vero
1767 3830 1836 3870 ex

247 3893 387 3963 turpi
410 3895 740 3966 cogitatione
762 3897 1079 3955 dormientis
1100 3901 1274 3956 oritur
1296 3902 1473 3959 illusio
1495 3903 1833 3973 dormientis,

244 3993 391 4051 patet
433 3986 613 4056 animo
644 3996 826 4044 reatus
855 4004 983 4047 suus
1010 3992 1193 4059 videt;
1226 3995 1428 4050 etenim
1459 4011 1488 4050 a
1516 4011 1621 4065 qua
1652 3997 1836 4054 radice

243 4078 546 4148 inquinatio
569 4079 655 4134 illa
680 4083 1026 4151 processerit,
1051 4085 1176 4155 quia
1197 4088 1340 4156 quod
1362 4088 1617 4159 cogitavit
1635 4091 1833 4157 sciens,

246 4168 349 4224 hoc
375 4170 594 4239 pertulit
623 4173 892 4228 nesciens.
925 4172 1031 4229 Sed
1073 4176 1406 4247 pensandum
1436 4186 1521 4233 est
1542 4179 1655 4247 ipsa
1685 4183 1834 4254 cogi-

244 4258 378 4313 tatio
403 4266 583 4315 utrum
628 4262 682 4319 in
727 4264 1090 4337 suggestione,
1140 4282 1209 4321 an
1253 4266 1308 4322 in
1336 4268 1712 4339 delectatione,
1742 4288 1834 4340 an,

242 4349 387 4421 quod
413 4351 588 4421 majus
611 4361 716 4420 est,
756 4354 812 4409 in
840 4356 1047 4424 peccati
1074 4371 1343 4414 consensu
1384 4360 1663 4417 ceciderit.
1710 4362 1834 4417 Tri-

243 4443 348 4497 bus
384 4443 528 4497 enim
566 4445 741 4501 modis
778 4446 1033 4516 impletur
1061 4462 1221 4504 omne
1248 4458 1556 4520 peccatum,
1584 4452 1837 4509 videlicet

244 4538 607 4607 suggestione,
657 4538 1036 4608 delectatione,
1082 4556 1371 4599 consensu.
1419 4543 1705 4617 Suggestio
1752 4556 1835 4602 est

244 4628 388 4699 quod
424 4627 486 4683 ﬁt
520 4643 620 4699 per
647 4630 954 4733 diabolum;
982 4632 1396 4735 delectatioper
1421 4651 1675 4705 carnem;
1705 4652 1834 4695 con-
1860 4674 1913 4735 Ι)

244 4732 437 4775 sensus
465 4734 564 4789 per
592 4721 881 4791 spiritum:
910 4722 1033 4792 quia
1063 4738 1187 4778 cum
1212 4725 1447 4795 primum
1474 4728 1687 4799 culpam
1720 4743 1834 4785 ser-

241 4824 378 4880 pens
410 4812 695 4882 suggessit,
732 4812 844 4867 Eva
879 4812 1027 4869 velut
1058 4828 1187 4869 caro
1213 4815 1477 4872 delectata
1519 4826 1621 4881 est.
1661 4819 1831 4876 Adam

242 4914 375 4956 vero
414 4901 563 4957 velut
608 4904 830 4973 spiritus
870 4905 1162 4961 consensit.
1218 4905 1285 4960 Et
1336 4908 1705 4964 necessarium
1751 4920 1837 4969 est

245 5005 443 5063 magna
467 4992 793 5050 discretione
817 4994 962 5051 inter
991 4997 1413 5068 suggestionem,
1439 5007 1494 5055 et
1529 4999 1836 5058 delectatio-

246 5098 370 5139 nem
393 5094 555 5155 atque
576 5100 898 5142 consensum
928 5087 1165 5157 judicem
1198 5090 1282 5145 sui
1311 5090 1543 5161 prodere
1573 5091 1833 5147 animum.

245 5172 382 5230 Cum
425 5175 568 5230 enim
615 5176 880 5250 malignus
920 5178 1142 5250 spiritus
1179 5191 1460 5250 peccatum
1507 5183 1745 5254 suggerit
1781 5183 1837 5239 in

246 5273 452 5330 mente,
477 5265 521 5320 si
550 5266 695 5321 nulla
722 5269 929 5333 peccati
952 5269 1236 5324 delectatio
1263 5271 1527 5341 sequitur,
1552 5281 1835 5343 peccatum

249 5356 472 5412 omnino
514 5366 883 5429 perpetratum
931 5374 1038 5414 non
1084 5368 1186 5416 est.
1235 5357 1369 5414 Cum
1412 5376 1542 5418 vero
1583 5362 1839 5418 delectari

248 5461 380 5504 caro
406 5451 655 5521 coeperit,
685 5460 815 5507 tunc
841 5460 1121 5522 peccatum
1156 5452 1342 5522 incipit
1366 5454 1535 5508 nasci.
1572 5453 1628 5509 Si
1657 5466 1835 5511 autem

248 5540 414 5597 etiam
456 5541 524 5596 ad
562 5543 977 5598 consensionem
1018 5558 1084 5598 ex
1120 5543 1511 5599 deliberatione
1540 5546 1837 5611 descendit,

252 5638 383 5687 tunc
430 5641 712 5703 peccatum
751 5635 1097 5706 cognoscitur
1144 5636 1349 5705 perlici.
1398 5636 1457 5691 In
1499 5638 1841 5706 suggestione

252 5724 419 5796 igitur
446 5726 653 5797 peccati
681 5727 893 5781 initium
922 5736 1027 5793 est,
1058 5727 1114 5782 in
1142 5727 1499 5784 delectatione
1537 5729 1840 5784 nutrimen-

253 5822 389 5882 tum,
414 5817 465 5871 in
491 5832 753 5873 consensu
778 5817 1057 5888 perfectio.
1085 5819 1150 5874 Et
1176 5834 1315 5891 saepe
1343 5819 1606 5890 contingit
1632 5827 1692 5874 ut
1714 5818 1839 5886 hoc,

255 5908 398 5971 quod
430 5908 695 5978 malignus
721 5910 943 5976 spiritus
970 5912 1201 5968 seminat
1245 5912 1299 5967 in
1331 5910 1679 5976 cogitatione,
1712 5926 1841 5967 caro

1937 2052 2183 2122 captivus
2208 2060 2264 2107 et
2302 2051 2469 2117 liber;
2517 2050 2653 2107 liber
2678 2067 2742 2107 ex
2771 2050 2984 2122 justitia
3017 2063 3178 2120 quam
3214 2044 3407 2116 diligit,
3438 2055 3528 2099 ca-

1937 2144 2115 2215 ptivus
2141 2158 2209 2201 ex
2235 2142 2590 2199 delectatione
2619 2159 2778 2215 quam
2809 2149 2991 2214 portat
3018 2139 3236 2196 invitus.

2011 2254 2205 2326 Incipit
2233 2254 2463 2327 synodus
2501 2254 2744 2338 Romanu
2773 2254 2954 2309 habita
2981 2271 3015 2308 a
3040 2249 3290 2323 Gregorio
3316 2263 3457 2318 papa

2645 2342 2831 2396 pnmo.

2010 2420 2290 2491 Regnante
2315 2422 2370 2477 in
2397 2429 2717 2494 perpetuum
2748 2418 2978 2475 Domino
3004 2425 3192 2474 nostro
3218 2415 3345 2472 Jesu
3369 2414 3530 2472 Chri-

1938 2524 2043 2580 sto,
2074 2515 2408 2587 temporibus
2436 2514 2668 2585 piissimi
2692 2529 2755 2569 ac
2782 2511 3112 2569 serenissimi
3141 2510 3343 2567 domini
3379 2507 3530 2565 Mau-

1938 2606 2089 2674 ricii,
2138 2616 2192 2663 et
2226 2607 2515 2663 Theodosii
2563 2606 2798 2672 Tiberii,
2848 2606 3245 2677 Augustorum,
3287 2600 3530 2671 ejusdem

1938 2698 2142 2754 domini
2191 2696 2433 2752 Mauricii
2485 2696 2697 2766 imperii
2745 2711 2887 2752 anno
2934 2695 3034 2762 15,
3087 2693 3384 2749 indictione
3425 2692 3525 2760 15,

1938 2791 2125 2860 quinta
2157 2791 2243 2846 die
2280 2790 2486 2846 mensis
2519 2789 2667 2856 Julii,
2705 2788 2998 2861 Gregorius
3033 2803 3191 2859 papa,
3221 2801 3404 2845 coram
3441 2802 3530 2843 sa-

1938 2881 2249 2936 cratissimo
2280 2882 2422 2936 beati
2450 2879 2598 2935 Petri
2628 2880 2856 2952 apostoli
2891 2894 3138 2951 corpore,
3170 2895 3293 2935 cum
3322 2879 3530 2949 episco-

1936 2975 2022 3046 pis
2045 2974 2297 3030 omnibus
2339 2974 2601 3030 Romanae
2626 2973 2883 3030 Ecclesia:
2923 2982 2978 3029 et
3020 2972 3351 3044 presbyteris
3396 2971 3531 3027 resi-

1938 3066 2093 3132 dens,
2120 3066 2424 3121 astantibus
2449 3066 2788 3131 diaconibus,
2832 3074 2886 3120 et
2929 3073 3127 3121 cuncto
3171 3062 3316 3119 clero
3342 3061 3478 3117 dixit
3509 3076 3527 3116 :

1936 3157 1994 3212 lat
2024 3164 2211 3212 sancta
2241 3156 2343 3211 hac
2366 3156 2609 3210 Romana
2631 3155 2896 3220 Ecclesia,
2928 3153 3016 3209 cui
3040 3153 3223 3208 divina
3253 3153 3533 3222 dispensa-

1939 3252 2015 3307 tio
2054 3265 2290 3321 praeesse
2320 3264 2407 3304 me
2434 3248 2621 3314 voluit,
2649 3248 2848 3303 dudum
2892 3246 3225 3303 consuetudo
3265 3253 3348 3301 est
3375 3244 3531 3301 valde

1859 3312 1906 3378 (ἶ
1939 3312 2380 3409 reprehensibilis
2424 3312 2632 3404 exorta,
2681 3346 2741 3393 ut
2787 3338 3007 3409 quidam
3051 3339 3121 3394 ad
3154 3337 3296 3393 sacri
3342 3336 3530 3392 altaris

1933 3430 2253 3504 mysterium
2284 3438 2535 3487 cantores
2562 3429 2850 3501 eligantur,
2897 3438 2955 3485 et
2994 3429 3049 3484 in
3096 3428 3415 3485 diaconatus
3443 3442 3532 3483 oro

1936 3522 2063 3577 dine
2087 3520 2367 3575 constituti
2397 3519 2926 3588 modulationivocis
2953 3519 3278 3586 inserviant,
3303 3534 3440 3591 quos
3461 3516 3532 3574 ad

1934 3618 2331 3692 praedicationis
2378 3616 2611 3673 oﬂicium
2668 3626 2722 3672 et
2772 3617 3240 3687 eleemosynarum
3290 3613 3530 3670 studium

1938 3727 2131 3768 vacare
2163 3711 2514 3783 congruebat.
2558 3708 2712 3765 Unde
2761 3707 2824 3763 ﬁt
2861 3707 3180 3780 plerumque
3225 3713 3286 3762 ut
3330 3705 3397 3761 ad
3436 3719 3528 3759 sa-

1936 3817 2088 3858 crum
2132 3800 2491 3856 ministerium
2526 3799 2653 3854 dum
2683 3798 2881 3854 blanda
2910 3813 3016 3853 vox
3047 3796 3327 3868 quaeritur,
3359 3794 3530 3865 quaeri

1936 3907 2171 3964 congrua
2199 3892 2307 3947 vita
2336 3890 2663 3963 negligatur,
2689 3899 2747 3945 et
2777 3898 2991 3953 cantor,
3016 3888 3267 3943 minister
3290 3885 3528 3951 Domini,

1936 3983 2177 4039 moribus
2205 3981 2529 4047 stimuletur,
2556 3995 2678 4036 cum
2708 3979 2961 4052 populum
3005 3978 3232 4034 vocibus
3270 3976 3525 4033 delectet.

1936 4075 2053 4145 Qua
2081 4074 2150 4130 de
2178 4090 2237 4130 re
2262 4074 2516 4146 praesenti
2545 4073 2763 4129 decreto
2792 4072 3086 4138 constituo,
3115 4078 3175 4126 ut
3195 4071 3247 4126 in
3272 4070 3401 4127 sede
3426 4069 3532 4125 hac

1936 4165 2077 4221 sacri
2101 4164 2289 4220 altaris
2316 4164 2551 4220 ministri
2578 4173 2799 4220 cantare
2827 4179 2935 4219 non
2964 4163 3217 4229 debeant,
3246 4160 3532 4233 solumque

1936 4257 2269 4328 Evangelicae
2297 4256 2544 4313 lectionis
2566 4255 2801 4312 oﬂicium
2840 4255 2984 4311 inter
3016 4255 3303 4327 missarum
3335 4252 3531 4309 solem-

1938 4355 2026 4409 nia
2079 4354 2374 4409 exsolvant.
2402 4352 2646 4409 Psalmos
2690 4367 2820 4408 vero
2869 4368 2935 4410 ac
2983 4353 3220 4423 reliquas
3271 4351 3530 4408 lectiones

1938 4460 2133 4503 censeo
2161 4461 2257 4515 per
2287 4446 2671 4512 subdiaconos,
2703 4445 2786 4500 vel
2816 4446 2862 4501 si
2891 4446 3190 4503 necessitas
3214 4443 3404 4516 exigit,
3431 4459 3531 4514 per

1937 4537 2177 4593 minores
2202 4536 2421 4593 ordines
2450 4537 2714 4593 exhiberi.
2749 4535 2811 4592 Si
2839 4537 2961 4607 quis
2991 4542 3171 4590 autem
3196 4542 3385 4590 contra
3424 4533 3530 4589 hoc

1939 4629 2215 4685 decretum
2244 4644 2426 4685 meum
2451 4629 2640 4686 venire
2684 4627 2991 4693 tentaverit,
3024 4627 3311 4683 anathema
3339 4625 3429 4681 sit.
3462 4623 3530 4679 Et

1942 4722 2336 4792 responderunt
2360 4737 2547 4779 omnes
2576 4740 2589 4777 :
2622 4721 2924 4776 Anathema
2953 4720 3041 4775 sit.

2011 4814 2362 4871 Verecundns
2390 4828 2507 4869 mos
2536 4821 2753 4883 torpore
2779 4809 3179 4867 indiscretionis
3203 4806 3445 4873 inolevit,
3468 4815 3530 4862 ut

1940 4903 2102 4974 hujus
2150 4902 2294 4958 sedis
2336 4900 2679 4973 pontiﬁcibus
2731 4900 2800 4955 ad
2849 4908 3056 4956 secreta
3101 4896 3530 4966 cubili,servitia

1940 4993 2064 5050 laici
2094 4994 2246 5065 pueri
2277 5009 2340 5050 ac
2368 4994 2653 5050 saeculares
2680 4993 3071 5064 obsequantur.
3097 4991 3167 5047 Et
3195 5006 3317 5047 cum
3341 4998 3528 5061 pasto-

1941 5092 2019 5147 ris
2062 5093 2172 5147 vita
2214 5107 2333 5148 csse
2377 5090 2652 5160 discipulis
2693 5105 2907 5161 semper
2953 5092 3147 5147 debeat
3177 5092 3233 5146 in
3262 5089 3527 5161 exemplo,

1939 5185 2257 5256 plerumque
2285 5183 2464 5240 clerici
2491 5184 2668 5254 qualis
2699 5184 2751 5238 in
2782 5192 2994 5240 secreto
3027 5184 3098 5240 sit
3138 5185 3249 5241 vita
3280 5186 3363 5241 sui
3396 5199 3533 5254 pon-

1942 5276 2101 5332 tiﬁcis
2136 5276 2403 5340 nesciunt,
2433 5290 2594 5346 quam
2624 5285 2823 5340 tamen,
2853 5283 2914 5330 ut
2937 5276 3137 5332 dictum
3165 5286 3267 5344 est,
3301 5276 3527 5332 saecula-

1941 5380 2030 5422 res
2054 5365 2207 5435 pueri
2241 5365 2436 5420 sciunt.
2467 5364 2545 5421 De
2570 5380 2677 5435 qua
2707 5380 2766 5421 re
2797 5367 3049 5438 prmsenti
3077 5365 3295 5423 decreto
3329 5367 3531 5422 consti-

1938 5464 2033 5511 tuo
2074 5466 2133 5510 ut
2177 5454 2393 5525 quidam
2433 5469 2502 5510 ex
2541 5456 2754 5513 clericis
2795 5454 2893 5513 vel
2918 5458 3082 5512 etiam
3132 5471 3200 5512 ex
3251 5456 3531 5512 monachis
3598 5466 3602 5471 ‘

1940 5548 2096 5604 electi
2128 5546 2429 5602 ministerio
2450 5548 2681 5604 cubiculi
2707 5550 3029 5619 pontiﬁcalis
3054 5550 3444 5620 obsequantur,
3468 5559 3530 5605 ut

1943 5640 2127 5710 is,‘qui
2161 5639 2213 5694 in
2249 5639 2366 5695 loco
2395 5647 2477 5695 cst
2506 5641 2807 5710 regiminis,
2836 5641 3033 5697 habeat
3065 5649 3230 5696 testes
3272 5639 3407 5694 tales
3435 5640 3528 5711 qui

1942 5746 2125 5787 veram
2155 5730 2269 5799 ejus
2301 5731 2354 5785 in
2397 5740 2608 5787 secreto
2650 5733 3113 5788 conversationem
3142 5732 3393 5797 videant,
3437 5732 3530 5801 qui

1943 5837 2009 5878 ex
2036 5822 2243 5877 visione
2268 5820 2452 5877 sedula
2478 5823 2785 5894 exemplum
2815 5821 3089 5892 profectus
3114 5832 3348 5879 sumant.

2014 5911 2357 5970 Consuetudo
2399 5927 2533 5969 nova
2581 5912 2635 5969 in
2664 5912 2894 5973 ecclesia
2936 5914 3039 5972 hac
3078 5922 3135 5972 et
3162 5914 3319 5974 valde
3345 5926 3532 5995 repre-
