3988 6444
458 461 592 519 1151

1262 455 1553 513 APPEND.
1595 411 1688 511 AD
1725 453 1898 512 διες.
1941 452 2034 509 tx.
2072 479 2142 497 —
2181 451 2434 511 Ismonl
2472 451 2918 512 MERCATORIS

3609 458 3754 515 “52

459 572 743 632 hensibilis
768 571 967 644 erupit,
994 579 1056 627 ut
1078 584 1202 627 cum
1226 579 1469 627 rectores
1493 570 1610 642 ejus
1633 568 1942 641 patrimonii
1966 584 2060 624 ιιι·-
2082 572 2136 635 Α
2161 584 2284 626 mus
2316 568 2384 626 ad
2404 569 2787 642 omnipotentis
2828 571 2923 627 Dei
2953 580 3235 629 servitium
3272 572 3558 643 festinare,
3586 587 3652 632 ut
3686 580 3754 637 ab

457 667 601 724 hana
642 662 732 721 vel
774 664 974 720 rustica
1007 661 1211 735 pmdia
1247 661 1372 732 jure
1410 662 1519 718 illis
1546 671 1855 733 competere
1896 675 2056 732 posse

458 759 827 831 suspicantur,
872 755 1044 812 ﬁscali
1092 769 1245 811 more
1281 754 1468 811 titulos
1515 755 1858 825 imprimunt,
1893 762 2057 825 atque

455 852 587 921 hoc,
613 850 756 921 quod
784 857 1093 919 competere
1126 850 1454 921 pauperibus
1498 848 1804 915 aestimant,
1835 861 1943 903 non
1968 848 2057 919 ju-

457 948 625 1013 dicio,
655 944 752 1002 sed
776 944 1033 999 manibus
1059 940 1370 998 defendant.

528 1040 600 1095 Et
624 1053 747 1095 cum
776 1054 874 1110 per
900 1037 1284 1108 praedicatores
1310 1051 1437 1094 suos
1464 1037 1675 1093 Veritas
1699 1035 1847 1091 dicat
1872 1052 1886 1088 :
1917 1053 1937 1087 ι
1963 1033 2059 1090 Ni-

457 1132 535 1189 hil
564 1145 662 1203 per
706 1130 1111 1187 contentionem
1141 1127 1364 1201 (Philip.
1402 1144 1467 1196 ιι,
1497 1129 1577 1201 2),
1623 1146 1643 1181 ›
1676 1128 1837 1183 etiam
1881 1128 2055 1198 ipsum

457 1222 707 1296 litigiosa:
749 1221 1114 1279 contentionis
1158 1221 1360 1277 malum
1405 1221 1822 1285 transcenditur,
1872 1227 1926 1275 et
1970 1234 2059 1276 res

459 1316 734 1388 quaelibet,
761 1330 884 1371 cum
912 1315 1218 1371 aestimatur
1243 1312 1487 1370 ecclesia:
1531 1328 1688 1385 posse
1724 1320 2056 1383 competere,

458 1410 513 1466 vi
546 1419 779 1466 tenetur.
812 1409 1048 1465 Proinde
1073 1408 1326 1480 praesenti
1352 1406 1573 1464 decreto
1605 1407 1899 1473 constituo,
1926 1413 1986 1461 ut
2013 1404 2060 1461 si

458 1503 582 1574 quis
605 1502 1099 1560 ecclesiasticarum
1131 1517 1370 1573 unquam
1401 1500 1587 1556 titulos
1631 1514 1834 1571 ponere
1861 1500 1977 1556 sive
2004 1499 2059 1555 in

460 1593 700 1663 rustico,
721 1595 842 1650 sive
880 1594 935 1649 in
965 1594 1176 1650 urbano
1202 1593 1406 1664 praedio
1439 1609 1537 1649 sua
1569 1601 1760 1665 sponte
1798 1607 2059 1664 praesum-

458 1686 655 1757 pserit,
700 1687 989 1745 anathema
1015 1686 1108 1741 sit.
1136 1685 1205 1741 Et
1233 1689 1630 1758 responderunt
1677 1701 1837 1742 omne
1867 1700 1883 1740 :
1916 1685 2060 1740 Ana-

464 1778 645 1835 thema
671 1778 763 1833 sit.

529 1869 585 1926 ls
619 1878 801 1926 autem
825 1870 918 1941 qui
948 1878 1146 1942 ιιι-ωε
1170 1870 1440 1938 ecclesiae,
1470 1872 1516 1927 si
1544 1872 1649 1927 hoc
1675 1870 1762 1927 vel
1791 1870 1906 1941 ipse
1941 1868 2062 1926 ﬁeri

458 1964 730 2036 praecipit,
756 1962 841 2020 v'el
867 1966 983 2022 sine
1017 1980 1114 2021 sua
1150 1966 1515 2038 przecepﬁone
1538 1964 1741 2022 factum
1769 1965 1927 2037 digna
1962 1979 2062 2037 pu-

458 2062 581 2117 nire
622 2062 1099 2118 animadversione
1128 2062 1475 2134 ncglexerit,
1522 2061 1809 2117 anathema
1855 2059 1947 2115 sit.
1992 2059 2062 2115 Et

461 2156 859 2226 responderunt
883 2170 1072 2211 omnes
1102 2173 1116 2209 :
1146 2155 1453 2210 Anathema
1490 2155 1580 2210 sit.

533 2246 691 2304 Sicut
726 2248 985 2319 indignos
1014 2262 1118 2303 nos
1141 2263 1241 2319 per
1269 2247 1413 2302 beati
1451 2246 1601 2303 Petri
1643 2245 1872 2318 apostoli
1915 2260 2063 2302 reve-

463 2340 695 2396 rentiam
728 2355 880 2395 mens
909 2339 1148 2396 ﬁdelium
1180 2347 1496 2410 veneratur,
1532 2341 1606 2395 ita
1642 2338 2064 2410 nostram_inﬁr-

458 2433 704 2489 mitatem
726 2432 880 2488 decet
904 2433 1258 2503 semetipsam
1289 2448 1505 2506 semper
1533 2448 1847 2505 agnoscere,
1882 2440 1936 2489 et
1962 2434 2064 2488 im-

456 2539 641 2597 pensae
681 2524 784 2581 sibi
826 2526 1194 2581 venerationis
1218 2540 1387 2581 onera
1429 2526 1719 2582 declinare.
1771 2527 1851 2582 Ex
1876 2541 2062 2582 amore

460 2615 660 2687 quippe
684 2615 921 2672 ﬁdelium
951 2616 1115 2688 hujus
1144 2615 1290 2673 sedis
1315 2617 1623 2674 rectoribus
1644 2634 1759 2674 mos
1783 2617 1923 2673 ultra
1949 2630 2063 2673 me-

462 2706 626 2763 ritum
655 2710 862 2778 erupit,
906 2716 966 2764 ut
1002 2723 1129 2764 cum
1164 2725 1354 2765 eorum
1386 2725 1611 2780 corpora
1658 2704 1929 2765 humanda
1967 2709 2062 2765 de-

458 2797 733 2860 feruntur,
768 2799 884 2854 haec
917 2799 1221 2855 dalmatieis
1240 2808 1550 2873 contegant,
1575 2802 1789 2857 easdem
1815 2801 2063 2857 dalmati-

458 2906 586 2956 eas,
637 2905 739 2957 pro
782 2892 1089 2948 sanctitatis
1134 2894 1463 2961 reverentia,
1498 2895 1714 2950 sibimet
1751 2895 2062 2966 partiendas

460 2983 697 3056 populus
722 2983 959 3052 scindat,
990 2993 1045 3040 et
1071 3001 1195 3041 cum
1220 2986 1401 3042 adsint
1429 2986 1599 3042 multa
1622 2989 1793 3044 sacris
1822 2988 2064 3059 corpori-

460 3077 561 3132 bus
590 3076 958 3147 apostolorum
987 3088 1396 3150 martyrumque
1423 3078 1715 3145 velamina,
1738 3088 1792 3135 et
1816 3096 1845 3134 a
1874 3094 2065 3152 pecca-

458 3181 642 3226 torum
685 3185 916 3242 corpore
959 3172 1193 3228 sumitur
1222 3174 1365 3243 quod
1406 3189 1505 3244 pro
1532 3189 1726 3246 magna
1758 3172 2063 3229 reverentia

460 3275 790 3322 reservetur.
838 3265 917 3321 De
940 3282 1047 3338 qua
1078 3283 1138 3322 re
1161 3269 1414 3339 praesenti
1444 3270 1661 3325 decreto
1682 3270 1974 3335 constituo,
2003 3278 2064 3325 ut

2161 662 2401 717 humana
2448 662 2710 718 servitute
2754 660 2912 718 liberi
2940 662 2995 719 in
3035 664 3222 720 divino
3248 667 3512 740 mysterio
3535 667 3757 726 valeant

2160 753 2213 807 in
2244 755 2592 827 monasteriis
2628 756 2961 812 conversari.
3003 756 3159 824 Quod
3197 758 3241 814 si
3285 758 3489 830 passim
3521 759 3755 816 dimitti-

2160 862 2302 913 mus,
2338 847 2591 905 omnibus
2639 848 2881 919 fugiendi
2909 849 3267 906 ecclesiastici
3286 850 3424 923 juris
3447 852 3756 909 dominium

2160 944 2499 1000 occasionem
2532 944 2857 1015 praebemus.
2894 943 2951 1001 Si
2992 950 3124 1001 vero
3166 943 3512 1013 festinantes,
3542 946 3616 1000 ad
3639 962 3759 1001 om-

2160 1035 2454 1106 nipotentis
2474 1036 2570 1093 Dei
2600 1037 2883 1093 servitium
2929 1037 3145 1093 incaute
3193 1037 3517 1101 retinemus,
3566 1037 3652 1103 illi
3688 1038 3761 1093 in-

2159 1130 2414 1186 venimur
2453 1146 2654 1203 negare
2673 1131 2919 1202 quaedam
2950 1132 3043 1202 qui
3070 1130 3217 1186 dedit
3247 1131 3455 1185 omnia.
3485 1128 3650 1186 Unde
3671 1146 3762 1186 ne-

2161 1237 2313 1278 cesse
2342 1230 2426 1277 est
2458 1231 2539 1289 ut,
2570 1222 2615 1277 si
2647 1222 2769 1293 quis
2807 1237 2874 1277 ex
2917 1220 3056 1292 juris
3102 1221 3459 1277 ecclesiastici
3492 1222 3763 1278 servitute

2162 1315 2228 1369 ad
2254 1312 2349 1370 Dei
2375 1313 2656 1370 servitium
2694 1313 2940 1370 converti
2970 1313 3266 1380 desiderat,
3308 1313 3583 1384 probetur
3611 1313 3763 1383 prius

2162 1405 2217 1460 in
2244 1405 2383 1462 laico
2410 1405 2593 1461 habitu
2617 1406 2967 1473 constitutus,
3006 1413 3063 1461 et
3101 1405 3147 1461 si
3195 1420 3375 1460 mores
3410 1404 3563 1459 illius
3601 1413 3763 1476 atque

2162 1500 2503 1555 conversatio
2535 1500 2678 1556 bono
2700 1499 2968 1556 desiderio
2990 1500 3134 1557 illius
3158 1499 3533 1555 testimonium
3556 1496 3761 1562 ferunt,

2162 1591 2365 1661 absque
2393 1591 2501 1644 ulla
2539 1590 2870 1647 retractione
2895 1590 3101 1647 servire
3137 1591 3189 1646 iu
3221 1588 3564 1646 monasterio
3585 1587 3760 1643 omni-

2160 1682 2366 1751 potenti
2391 1680 2617 1737 Domino
2651 1682 3022 1753 permittatur,
3070 1691 3125 1738 et
3153 1683 3222 1737 ab
3253 1682 3502 1736 humano
3533 1679 3755 1735 servitio

2162 1771 2299 1828 liber
2328 1772 2563 1839 recedat,
2590 1773 2681 1842 qui
2706 1787 2807 1845 pro
2853 1772 3036 1828 divino
3061 1771 3324 1844 obsequio
3366 1768 3763 1826 districtiorem

2163 1863 2347 1920 subire
2366 1865 2568 1935 appetit
2594 1864 2936 1919 servitutem.

2086 1969 2137 2032 B
2165 1976 2356 2050 Incipit
2410 1978 2632 2049 epistola
2666 1975 2871 2050 Felicis
2908 1975 3109 2033 Sicilia:
3147 1976 3375 2050 episcopi
3420 1983 3617 2031 cando
3642 1969 3765 2030 Grc-

2447 2114 2451 2118 _
2478 2049 2625 2121 gorio
2654 2066 2803 2120 papa:
2834 2048 3195 2102 Romanorum
3215 2049 3438 2103 directa.

2235 2139 2463 2197 Domino
2508 2138 2826 2194 beatissimo
2883 2146 2939 2193 et
2990 2138 3297 2194 honorabili
3350 2146 3545 2194 sancto
3587 2137 3763 2202 Patri,

2160 2232 2465 2300 GBEGORIO,
2496 2231 2667 2288 Frtth
2693 2241 2889 2288 vestrae
2936 2232 3127 2289 salutis
3153 2240 3389 2289 amator.

2231 2324 2571 2382 Beatissimae
2589 2332 2784 2380 vestra:
2807 2322 3015 2390 salutis,
3038 2340 3102 2380 ac
3122 2323 3433 2380 sanctitatis
3454 2322 3577 2395 jura
3598 2335 3771 2394 penes

2166 2418 2339 2474 Deum
2370 2426 2497 2474 sunt
2530 2416 2841 2485 manifesta,
2870 2419 2999 2473 dum
3037 2417 3523 2490 praedicationibus
3558 2416 3769 2472 scilicet

2167 2513 2499 2586 apostolicis,
2528 2520 2583 2568 et
2611 2514 2870 2568 doctrina:
2911 2528 3053 2569 vera:
3093 2514 3214 2569 ﬁdei
3257 2513 3469 2570 cultura
3511 2513 3766 2568 universa

2163 2605 2365 2677 repleta
2397 2606 2467 2660 sit
2497 2614 2667 2672 terra,
2709 2620 2808 2676 per
2842 2603 3149 2661 divinorum
3177 2614 3356 2663 tamen
3396 2605 3766 2662 eruditionem

2163 2698 2714 2768 eloquiorum,vestra
2741 2698 3045 2753 instruente
3067 2699 3435 2755 admonitione
3458 2698 3770 2756 exhortato-

2164 2790 2246 2844 ria
2276 2790 2737 2861 supertediﬁcatur
2765 2791 3067 2847 orthodoxa
3097 2790 3301 2847 Christi
3330 2792 3608 2857 Ecclesia,
3640 2807 3766 2864 apo-

2166 2881 2353 2937 stolica
2379 2882 2718 2938 institutione
2738 2881 2961 2937 fundata
2988 2891 3044 2938 et
3066 2888 3097 2937 a
3120 2881 3370 2938 ﬁdelibus
3392 2882 3660 2939 Patribus
3684 2882 3770 2938 ﬁr-

2164 2973 2409 3029 missime
2430 2974 2706 3029 roborata.
2727 2973 2810 3029 Ad
2825 2989 2985 3044 quam
3000 2990 3190 3031 omnes
3202 2974 3509 3031 beatissimi
3532 2972 3767 3046 apostoli

2162 3066 2285 3136 pari
2307 3067 2533 3124 honoris
2561 3076 2616 3123 et
2641 3068 2929 3137 potestatis
2963 3070 3242 3125 consortio
3268 3070 3506 3141 praediti,
3542 3070 3769 3142 populo-

2164 3178 2283 3217 rum
2307 3163 2521 3235 agmina
2547 3172 2947 3230 convcrtentcs,
2976 3164 3063 3235 pie
3112 3173 3410 3234 sancteque
3458 3183 3477 3216 ι
3514 3165 3586 3221 de
3618 3174 3766 3221 tene-

2164 3253 2279 3310 bris
2308 3257 2376 3312 ad
2407 3256 2585 3311 lumen
2611 3253 2779 3327 (Pctr.
2814 3272 2873 3322 ll,
2897 3255 2952 3328 9)
2994 3275 3011 3307 ι
3044 3259 3111 3310 de
3137 3255 3293 3327 lapsu
3323 3256 3672 3312 inﬁdelitatis
3700 3256 3767 3311 ad

462 3358 753 3426 feretrum,
783 3373 891 3428 quo
915 3358 1145 3414 Romani
1169 3360 1444 3431 pontiﬁcis
1473 3376 1671 3432 corpus
1701 3360 1766 3415 ad
1797 3360 2062 3433 sepeliet)-
2086 3340 2133 3404 Ο
2163 3360 2347 3402 veram
2378 3346 2558 3414 ﬁdem,
2588 3348 2655 3404 de
2687 3356 2860 3403 morte
2910 3348 2977 3403 ad
3027 3349 3196 3405 vitam
3248 3349 3524 3415 homines,
3572 3350 3764 3405 divina

460 3449 590 3504 dum
636 3448 873 3514 ducitur,
923 3449 1069 3505 nullo
1111 3452 1348 3522 tegmine
1373 3451 1599 3508 veletur.
1648 3452 1819 3520 Quam
1855 3452 2058 3509 decreti

460 3543 569 3598 mei
599 3559 787 3599 curam
816 3557 1006 3615 gerere
1033 3544 1178 3601 sedis
1204 3542 1363 3614 hujus
1412 3547 1759 3617 presbyteros
1790 3562 1854 3602 ac
1883 3547 2058 3602 diaco-

460 3650 562 3691 nos
597 3650 903 3692 censemus.
954 3635 1011 3693 Si
1055 3638 1176 3708 quis
1208 3654 1338 3695 vero
1369 3654 1436 3695 ex
1482 3654 1669 3694 eorum
1716 3640 1906 3697 ordine
1954 3642 2058 3698 hoc

459 3728 620 3800 281
663 3744 856 3785 curare
880 3729 1197 3801 neglexerit,
1236 3731 1529 3787 anathema
1557 3732 1645 3788 sit.
1677 3731 1743 3786 Et
1772 3734 2059 3803 responde-

458 3828 587 3876 runt
609 3834 797 3878 omnes
830 3839 845 3876 :
875 3821 1181 3877 Anathema
1210 3822 1299 3878 sit.

531 3911 824 3984 Antiquam
852 3913 1077 3970 Patrum
1103 3915 1347 3987 regulam
1373 3928 1630 3987 sequens,
1651 3915 1785 3972 nihil
1817 3932 2056 3987 unquam

462 4005 530 4062 de
548 4006 980 4063 ordinationibus
1002 4007 1376 4077 accipiendum
1410 4020 1526 4063 esse
1560 4009 1853 4074 constituo,
1883 4022 2056 4079 neque

460 4110 527 4152 ex
552 4094 769 4153 datione
815 4096 986 4167 pallii,
1035 4111 1211 4166 neque
1260 4112 1328 4153 ex
1381 4098 1670 4154 traditione
1718 4100 2054 4166 chartarum,

460 4203 639 4258 neque
664 4203 728 4243 ex
779 4203 843 4242 ea
881 4204 1041 4259 quam
1089 4202 1226 4245 nova
1258 4205 1360 4261 per
1397 4189 1747 4246 ambitionem
1780 4189 2055 4246 simulatio

459 4278 667 4334 invenit
694 4278 1054 4350 appellatione
1098 4280 1334 4351 pastelli.
1382 4279 1518 4349 Quia
1568 4282 1712 4337 enim
1750 4282 2055 4338 ordinando

455 4371 713 4442 episcopo
736 4371 979 4443 pontifex
1003 4388 1221 4428 manum
1244 4373 1492 4444 imponit,
1524 4374 1890 4444 evangelicam
1922 4390 2053 4430 vero

456 4463 744 4520 lectionem
780 4465 1033 4522 minister
1077 4466 1226 4538 legit,
1267 4466 1691 4524 conﬁrmationis
1734 4485 1866 4524 vero
1893 4468 2053 4540 hujus

462 4555 753 4625 epistolam
784 4547 1027 4615 notarius
1067 4558 1278 4626 scribit,
1310 4558 1451 4615 sicut
1492 4560 1802 4630 pontiﬁcem
1832 4576 2051 4615 manum

464 4662 572 4701 non
599 4648 771 4715 decet,
804 4665 966 4720 quam
998 4651 1228 4721 imponit
1261 4651 1514 4717 vendere,
1568 4652 1644 4707 ita
1672 4651 1942 4717 minister,
1966 4650 2053 4707 vel

2162 3437 2654 3508 praedestinationis
2696 3440 2869 3511 gratia
2914 3440 3214 3510 praescitos,
3251 3440 3591 3497 salutaribus
3630 3457 3764 3513 prte-

2167 3531 2339 3602 ceptis
2376 3548 2439 3587 ac
2467 3533 2689 3589 monitis
2718 3533 3109 3604 perduxerunt.
3166 3533 3410 3601 Quorum
3447 3544 3765 3590 sanetorua.

2162 3622 2525 3693 apostolorum
2576 3633 2755 3681 vestra
2800 3624 3115 3682 fraternitas
3160 3624 3481 3681 honoranda
3523 3641 3766 3699 sequens

2160 3718 2376 3783 merita,
2415 3727 2471 3774 et
2509 3709 2799 3789 perfectius
2842 3718 3077 3791 impleas
3126 3718 3396 3790 exempla,
3454 3718 3765 3777 Ecclesia]:

2162 3812 2258 3866 Dei
2292 3827 2505 3867 morum
2552 3811 2845 3883 probitate,
2883 3820 2937 3869 et
2988 3820 3209 3869 actuum
3239 3813 3532 3871 sanctitate
3563 3817 3763 3872 conde.

2160 3914 2335 3971 corat,
2383 3913 2438 3962 et
2486 3903 2590 3960 ﬁde
2625 3920 2782 3960 sacra
2807 3902 3239 3977 Christianisque
3277 3906 3522 3963 moribus
3551 3907 3762 3979 vigens,

2161 4014 2281 4069 quae
2308 3997 2426 4054 ﬁeri
2459 3999 2567 4054 Deo
2594 3998 2788 4069 placita
2833 3998 3099 4071 praecipit,
3127 3999 3326 4055 studiis
3354 4000 3764 4071 pontiﬁcalibus

2161 4090 2531 4147 indesinenter
2586 4099 2878 4161 operatur,
2916 4101 2973 4147 et
3020 4092 3257 4164 perﬁcit,
3300 4108 3531 4150 servans
3562 4095 3761 4150 divina:

2160 4183 2293 4255 legis
2314 4193 2605 4255 praecepta,
2630 4184 2756 4254 quia
2800 4201 2820 4235 ι
2853 4200 2958 4239 non
2986 4184 3262 4241 auditores
3308 4186 3444 4257 legis
3471 4186 3609 4256 justi
3635 4195 3766 4242 sunt

2159 4278 2300 4348 apud
2324 4277 2517 4343 Deum,
2554 4297 2572 4329 ι
2609 4278 2748 4333 sicut
2783 4287 2969 4333 narrat
2998 4278 3322 4350 Apostolus,
3354 4298 3373 4331 ι
3407 4279 3762 4336 sedfactores

2159 4370 2291 4440 legis
2330 4370 2770 4442 justiﬁcahuntur
2809 4369 2987 4444 (Rom.
3042 4388 3104 4439 ιι,
3146 4373 3259 4446 15).
3295 4393 3315 4426 t
3363 4372 3491 4429 llaec
3533 4374 3761 4445 quidem

2160 4464 2505 4528 meditantes,
2548 4463 2813 4534 perlatum
2845 4475 2950 4532 est,
2993 4466 3133 4521 sicut
3171 4468 3551 4537 aquibusdam
3582 4469 3761 4525 Roma

2156 4554 2520 4621 venientibus,
2556 4571 2654 4611 vos
2699 4554 3022 4626 Augustino,
3079 4557 3358 4614 consodali
3400 4568 3619 4626 nostro,
3650 4575 3757 4630 per

2156 4643 2519 4700 venerabilem
2567 4647 2910 4702 sanctitatem
2965 4656 3199 4702 vestram
3244 4648 3593 4720 postmodum
3643 4652 3766 4722 epi-

456 4737 701 4793 notarius
728 4714 839 4794 non
864 4739 1043 4806 debet,
1075 4714 1129 4795 in
1159 4714 1659 4811 ordinationevejus,
1679 4757 1866 4797 vocem
1897 4714 2047 4798 suam
2078 4714 2132 4774 D
2159 4754 2323 4810 scopo
2357 4737 2656 4809 Anglorum
2681 4739 2826 4810 genti
2854 4739 3126 4806 ordinato,
3157 4747 3212 4794 et
3245 4714 3377 4796 illuc
3415 4740 3653 4809 directo,
3678 4714 3766 4798 at-

378 4808 402 4866 Ίι
456 4834 552 4883 aut
592 4829 861 4885 calamum
899 4833 1232 4888 venundare.
1276 4832 1382 4889 Pro
1414 4834 1759 4891 ordinatione
1785 4848 1936 4905 ergo,
1965 4835 2051 4891 vel

456 4918 642 4989 pallio,
674 4935 770 4976 seu
799 4922 1029 4989 chartis,
1062 4932 1225 4995 atque
1263 4924 1512 4995 pastello,
1551 4926 1802 4982 eumdem
1835 4925 1929 4997 qui
1958 4941 2049 4982 or-

457 5011 725 5069 dinandus
771 5023 875 5080 est,
932 5014 1015 5072 vel
1048 5016 1351 5082 ordinatus,
1400 5018 1621 5073 omnino
1670 5018 1872 5089 aliquid
1920 5018 2051 5076 dare

454 5104 740 5175 prohibeo.
772 5106 1150 5178 Erprtedictis
1203 5111 1364 5166 rebus
1408 5113 1453 5166 si
1506 5112 1625 5182 quis
1657 5111 1861 5182 aliquid
1897 5127 2046 5169 com-

454 5196 600 5251 modi
656 5197 1013 5269 appellatione
1070 5203 1310 5274 exigere,
1366 5203 1452 5258 vel
1501 5215 1689 5274 petere
1737 5203 1879 5260 forte
1912 5220 2045 5276 prte-

455 5289 769 5359 sumpserit,
816 5290 871 5346 in
920 5292 1168 5349 districto
1220 5296 1607 5366 omnipotentis
1654 5297 1749 5354 Dei
1798 5300 2048 5355 examine

453 5379 627 5435 reatui
664 5381 961 5454 subjaceat.
994 5381 1044 5440 is
1081 5394 1263 5441 autem
1309 5386 1402 5457 qui
1458 5388 1740 5445 ordinatus
1769 5388 1971 5457 fuerat,
2000 5391 2046 5446 si

455 5488 563 5529 non
588 5490 656 5530 ex
681 5476 906 5548 placito,
958 5493 1136 5551 neque
1162 5489 1409 5547 exactus,
1438 5490 1531 5536 aut
1562 5483 1779 5553 petitus,
1806 5491 1932 5554 post
1957 5498 2048 5539 ac-

452 5575 639 5637 ceptas
658 5569 880 5627 chartas
904 5579 960 5626 et
986 5569 1207 5640 pallium
1242 5570 1438 5628 ollerre
1488 5572 1687 5645 aliquid
1727 5573 1950 5631 cuilibet
1978 5590 2044 5631 ex

454 5656 598 5713 clero
624 5660 811 5729 gratiae
845 5662 1221 5719 tantummodo
1245 5678 1409 5720 causa
1441 5664 1692 5732 voluerit,
1726 5666 1829 5722 hoc
1871 5667 2042 5737 accipi

456 5750 601 5805 nullo
652 5753 813 5808 modo
845 5755 1221 5824 prohibemus,
1253 5758 1378 5828 quia
1417 5757 1533 5827 ejus
1578 5760 1785 5816 oblatio
1837 5758 2043 5815 nullam

456 5840 627 5908 culpae
659 5844 925 5899 maculam
962 5846 1179 5917 ingerit,
1214 5864 1333 5919 qua:
1375 5864 1443 5904 ex
1498 5851 1812 5922 accipientis
1840 5849 2047 5906 ambitu

456 5948 563 5995 non
586 5939 871 6007 processit.
901 5939 1099 5999 Multos
1128 5958 1195 5999 ex
1244 5944 1612 6002 ecclesiastica
1657 5946 1857 6005 familia
1889 5947 2045 6011 novi-

2159 4844 2264 4900 que
2297 4829 2485 4900 Anglis
2516 4830 2824 4902 scripsisse,
2854 4846 2990 4903 quos
3019 4830 3148 4887 olim
3181 4831 3249 4887 ad
3273 4829 3435 4888 ﬁdem
3457 4847 3769 4891 conversos

2157 4938 2255 4994 per
2271 4938 2363 4978 vos
2378 4924 2752 4997 cognovimus,
2771 4933 2830 4979 ut
2853 4934 3043 4995 quarta
3069 4925 3328 4996 progenie
3351 4924 3627 4996 conjuncti
3651 4942 3765 4983 nou

2159 5025 2499 5086 separentur.
2553 5015 2683 5084 Quae
2723 5017 3056 5072 consuetudo
3096 5018 3296 5073 dudum
3329 5018 3385 5073 in
3413 5016 3546 5083 illis,
3579 5020 3765 5075 aut-in

2160 5109 2276 5164 istis
2303 5110 2571 5180 partibus,
2610 5110 2826 5180 quando
2847 5125 2954 5165 una
2993 5110 3272 5166 vobiscum
3297 5111 3367 5166 ab
3390 5110 3625 5166 infantia
3656 5128 3767 5167 nu-

2159 5201 2319 5255 tritus
2349 5210 2512 5271 atque
2552 5199 2776 5257 edoctus
2801 5199 2903 5266 fui,
2931 5216 3039 5257 non
3075 5210 3213 5268 erat,
3242 5216 3344 5258 nec
3370 5202 3428 5258 iu
3459 5202 3588 5257 ullis
3618 5218 3767 5272 pra:—

2157 5294 2502 5349 deeessorum
2529 5302 2834 5350 vestrorum
2860 5294 3094 5350 decretis
3122 5303 3218 5350 aut
3236 5293 3573 5366 reliquorum
3593 5310 3765 5367 gene-

2155 5389 2364 5455 raliter,
2414 5388 2500 5444 vel
2542 5388 2853 5461 specialiter
2901 5386 3125 5443 Patrum
3173 5387 3438 5444 i'ustituti's
3487 5386 3620 5458 legi,
3665 5397 3767 5445 aut

2154 5482 2421 5539 hactenus
2440 5483 2506 5538 ab
2539 5481 2663 5538 ullis
2689 5481 3025 5554 sapientibus
3047 5495 3168 5538 esse
3206 5496 3526 5537 concessum
3566 5481 3760 5549 didici,

2156 5574 2252 5630 sed
2301 5590 2517 5646 semper
2544 5589 2718 5645 usque
2766 5574 3054 5644 septimum
3105 5571 3333 5645 originis
3376 5588 3492 5629 suae
3518 5573 3759 5644 gradum

2156 5668 2259 5723 hoc
2282 5684 2310 5723 a
2344 5667 2547 5724 sanctis
2574 5665 3013 5723 antecessoribus
3041 5664 3262 5731 vestris,
3308 5674 3364 5721 et
3394 5665 3607 5721 caeteris
3630 5682 3763 5721 san-

2154 5760 2256 5816 ctis
2303 5760 2580 5827 Patribus,
2628 5769 2739 5815 tam
2783 5759 2838 5814 in
2891 5758 3109 5815 Nicaaua
3157 5760 3365 5831 synodo
3398 5774 3564 5830 quam
3599 5768 3653 5814 et
3702 5760 3757 5815 in

2152 5850 2273 5909 aliis
2304 5852 2507 5909 sanctis
2544 5850 2792 5909 conciliis
2817 5852 3165 5925 congregatis
3196 5852 3405 5908 servari
3435 5850 3641 5908 oebere
3671 5868 3761 5907 re-

2154 5946 2291 6028 peri,
2338 5954 2394 6011 et
2437 5960 2469 6006 a
2507 5955 2658 6008 recte
2703 5945 3033 6018 viventibus,
3080 5959 3145 6005 ac
3202 5943 3373 6005 Deum
3429 5944 3754 6013 timentibus
