3894 5320
191 241 322 299 “33

1390 239 1699 297 DECRETA
1713 237 1876 294 LIUM
1915 237 2315 295 COLLECTIO.

3295 237 3438 295 HM

188 342 490 412 hominibus
543 353 784 408 studiose
831 352 1117 423 praevideri
1170 354 1417 425 cognovi.
1475 355 1609 408 Dum
1646 355 1759 408 haec
1786 357 1839 415 Α
1863 353 2062 421 ubique
2091 353 2400 417 laetificans,
2431 366 2536 423 qua
2567 351 2785 421 gloriosi
2829 359 3028 407 sancta!
3054 350 3310 407 Ecclesiae
3335 350 3440 408 Pa-

187 444 460 501 nobiscum
493 443 868 509 versabantur,
918 459 1278 514 supervenere
1317 454 1373 500 et
1410 444 1516 500 alia
1546 448 1612 500 de
1637 446 1757 516 qui.

183 539 283 593 bus
321 537 690 592 necessarium
738 537 891 592 nobis
934 538 1146 593 videtur
1190 547 1428 595 vestram
1479 540 1760 595 consulere

186 632 585 688 auctoritatem.
628 632 971 688 Devenerunt
1024 635 1222 705 quippe
1254 637 1323 691 ad
1362 651 1462 692 nos
1503 645 1613 691 tam
1659 637 1760 692 Be-

185 723 431 778 nedictus
481 721 820 778 Siracusanas
868 725 1124 780 Ecclesia}
1169 727 1479 798 episcopus,
1514 743 1676 798 quam
1707 735 1763 783 et

185 815 272 869 alii
301 815 499 870 fratres
529 816 701 870 nostri
734 816 984 886 equidem
1027 817 1390 890 lacrymantes
1429 834 1493 875 ac
1523 820 1764 876 dicentes

183 921 280 976 per
330 906 620 963 saeculares
656 915 711 962 et
737 907 904 964 laicos
930 909 1090 965 nimis
1127 926 1185 965 se
1229 925 1350 966 esse
1394 912 1656 979 turbatos,
1683 920 1763 967 at-

184 1013 289 1067 que
316 999 496 1054 animo
541 997 768 1054 afﬂictos
798 1015 963 1069 super
999 1001 1370 1056 immoderatis
1413 1002 1624 1057 actibus
1671 1016 1763 1058 eo-

182 1105 326 1155 rum,
348 1105 448 1158 pro
472 1090 669 1158 quibus
701 1100 756 1146 et
777 1091 954 1161 aliqua
979 1093 1172 1147 merita
1200 1095 1280 1148 eis
1304 1094 1758 1164 impiugebantur.

183 1179 324 1236 Sunt
354 1183 518 1238 etiam
569 1183 814 1252 quaedam
852 1183 1095 1239 ecclesias
1145 1186 1197 1238 in
1244 1195 1431 1239 nostra
1488 1184 1762 1254 provincia

179 1285 347 1339 super
403 1287 636 1340 quarum
678 1274 1177 1330 consecrationibus
1234 1276 1534 1342 dubitatur,
1559 1284 1614 1329 et
1653 1285 1761 1329 tam

181 1369 404 1429 propter
435 1377 616 1418 rerum
651 1365 1030 1434 antiquitatem
1054 1383 1215 1436 quam
1247 1377 1301 1422 et
1333 1377 1552 1438 propter
1576 1382 1761 1422 carum

179 1451 465 1506 custodum
529 1454 813 1518 incuriam,
869 1459 1111 1512 nescitur
1157 1466 1336 1512 utrum
1382 1460 1639 1513 dedicatae
1696 1460 1763 1512 ab

180 1543 448 1612 episcopis
474 1543 674 1600 fuerint
715 1562 916 1612 necne;
960 1565 1120 1618 super
1165 1551 1360 1620 quibus
1387 1551 1640 1606 omnibus
1667 1567 1764 1606 nos

183 1649 211 1688 a
247 1645 425 1691 vestra
473 1639 780 1707 sanctitate,
809 1656 872 1695 ac
903 1653 1092 1697 vestrae
1142 1643 1284 1698 sedis
1325 1645 1646 1698 auctoritate
1677 1646 1762 1698 in-

1865 451 1974 497 tres
2014 443 2231 512 propria
2284 453 2339 497 et
2372 443 2613 512 piissima
2651 444 2922 514 dogmata,
2981 443 3033 498 in
3075 452 3289 498 aeterna:
3316 443 3442 500 vita

1863 532 2076 588 ﬁrmam
2115 535 2486 589 haereditatem
2515 536 2810 604 praedicare
2842 544 3163 591 noscuntur.
3216 535 3283 590 Et
3313 535 3441 590 sub-

1863 625 2123 694 scriptio:
2159 625 2485 682 lncolumem
2539 642 2651 690 vos,
2677 634 2732 680 et
2759 626 2868 680 Deo
2918 626 3195 696 placitum,
3253 633 3444 682 sancte

1864 715 2026 772 Pater
2053 717 2272 772 Patrum
2300 727 2541 772 orantem
2566 733 2662 788 pro
2690 718 2864 783 nobis,
2897 719 3155 773 Dominus
3173 717 3443 774 custodiat

1867 806 1921 862 in
1944 823 2134 862 aevum.
2169 808 2360 863 Amen.

1935 921 2259 993 Rescripmm
2304 924 2470 1007 sancti
2511 922 2748 1007 Gregorii
2789 939 2940 994 papa!
2966 922 3137 979 Felici
3173 922 3374 981 Siciliae

2391 1005 2394 1010 '
2515 1005 2770 1066 episcopo.

1935 1084 2115 1141 Fratri
2143 1087 2596 1143 reverendissimo
2631 1088 2818 1144 Fauor
2851 1091 3193 1162 coepiscopo,
3231 1088 3448 1146 Gneo-

1864 1192 1988 1233 nlos
2015 1192 2202 1232 servus
2227 1193 2505 1233 servorum
2533 1179 2645 1233 Dei.

1939 1268 2113 1338 Caput
2148 1277 2415 1334 nostrum,
2467 1271 2612 1338 quod
2658 1280 2741 1324 est
2780 1270 3047 1335 Christus,
3098 1271 3165 1324 ad
3208 1271 3314 1325 hoc
3342 1282 3444 1325 sua

1867 1361 2107 1414 membra
2123 1376 2221 1415 nos
2235 1375 2355 1416 esse
2369 1361 2631 1428 voluit,fut
2645 1376 2739 1431 per
2749 1363 2864 1432 ejus
2883 1362 3084 1431 largam
3100 1361 3443 1427 charitatem,

1865 1462 1920 1507 et
1949 1451 2108 1505 fidem
2138 1468 2305 1508 unum
2333 1467 2431 1508 nos
2454 1453 2504 1507 in
2545 1468 2604 1508 se
2637 1469 2832 1523 corpus
2845 1451 3098 1508 efﬁceret.
3127 1452 3222 1507 Cui
3257 1452 3329 1506 ita
3347 1466 3446 1507 nos

1867 1542 2141 1598 adhaerere
2172 1545 2440 1609 convenit,
2475 1553 2532 1598 ut
2556 1546 2679 1613 quia
2707 1545 2825 1599 sine
2860 1545 2976 1613 ipso
3019 1543 3152 1598 nihil
3183 1557 3302 1598 esse
3323 1556 3449 1612 pos-

1866 1652 2072 1702 sumus,
2099 1654 2194 1708 per
2226 1638 2400 1706 ipsum
2442 1653 2561 1692 esse
2608 1638 2873 1707 possimus
2895 1637 3038 1706 quod
3068 1636 3322 1691 dicimur.
3365 1634 3450 1688 Ab

180 1726 317 1779 strui
344 1741 650 1795 precamur.
692 1730 758 1784 Et
783 1741 962 1786 utrum
984 1748 1046 1786 ea
1073 1749 1212 1804 quae,
1245 1735 1760 1805 sicutpraediximus,
1798 1724 1840 1782 Β
1870 1744 1994 1782 arce
2017 1729 2208 1797 capitis
2238 1728 2378 1781 nulla
2424 1745 2510 1782 res
2557 1744 2654 1784 nos
2686 1729 2905 1792 dividat,
2944 1744 3011 1786 ne
3055 1729 3121 1783 ab
3143 1743 3208 1784 eo
3243 1727 3310 1796 (si
3333 1725 3450 1793 ejus

180 1830 278 1872 vos
306 1817 535 1887 praefato
559 1822 831 1878 consodali
873 1833 1056 1880 nostro
1085 1827 1386 1897 Augustino
1410 1829 1680 1897 episcopo,
1711 1837 1763 1882 et

184 1912 480 1984 Anglorum
509 1918 653 1985 genti
687 1919 967 1990 scripsisse
1005 1922 1307 1977 audivimus
1332 1923 1641 1992 specialiter
1661 1925 1761 1988 eis,

184 2020 251 2060 an
277 2007 607 2076 generaliter
633 2011 882 2066 omnibus
925 2014 1124 2082 scripta
1154 2023 1279 2069 sunt
1326 2016 1544 2085 scriptis
1573 2016 1766 2070 vestris

186 2100 354 2156 imbui
393 2102 702 2170 quaerimus,
736 2112 792 2158 et
817 2104 882 2158 de
913 2104 1015 2159 hac
1041 2107 1155 2160 sive
1181 2106 1247 2161 de
1276 2106 1398 2162 aliis
1435 2107 1766 2177 praescriptis

186 2195 346 2250 rebus
374 2195 603 2265 pleniter
635 2195 912 2250 informari
939 2197 1205 2266 carpimus.
1239 2197 1347 2252 Nos
1371 2197 1515 2252 enim
1544 2214 1607 2252 ea
1635 2213 1759 2266 quae

197 2289 432 2356 .egimus,
485 2297 542 2343 et
584 2288 858 2343 observari
907 2303 937 2342 a
993 2287 1241 2344 ﬁdelibus
1271 2290 1622 2358 cognovimus
1650 2305 1764 2343 non

198 2382 537 2452 increpando,
562 2385 705 2454 quod
735 2383 877 2437 absit
905 2383 1056 2437 vobis
1085 2383 1478 2454 significamus,
1513 2383 1607 2438 sed
1637 2383 1766 2453 quid

195 2472 600 2537 rationabiliter,
650 2480 704 2527 et
741 2471 970 2528 fideliter
1017 2487 1180 2542 super
1229 2471 1312 2528 his
1347 2474 1640 2527 observare
1673 2474 1767 2528 de-

186 2564 430 2630 beamus,
458 2563 801 2634 requirimus.
833 2564 1167 2633 thuoniam
1186 2579 1290 2618 non
1318 2566 1588 2621 modicum
1617 2580 1765 2619 mur-

184 2673 310 2711 mur
329 2671 493 2726 super
521 2659 620 2711 hac
658 2672 716 2711 re
742 2655 1021 2720 nobiscum
1070 2666 1340 2724 versatur,
1373 2657 1500 2728 quid
1544 2671 1764 2726 respon-

183 2747 316 2802 dere
355 2747 637 2813 fratribus,
684 2755 740 2801 et
763 2747 1096 2818 coepiscopis
1136 2749 1338 2804 nostris
1378 2749 1690 2814 debeamus,
1732 2762 1764 2801 a

181 2839 337 2894 vobis
356 2840 509 2910 quasi
541 2854 570 2893 a
592 2839 769 2910 capite
804 2855 1119 2909 responsum
1161 2842 1474 2910 quaerimus,
1505 2858 1572 2896 ne
1605 2855 1766 2912 super

179 2931 271 2986 bis
296 2933 558 3002 ancipites
605 2948 1000 3001 remaneamus,
1052 2943 1145 2988 aut
1190 2950 1436 2989 murmur
1459 2936 1625 2990 ullum
1656 2946 1762 2992 tam

175 3024 386 3079 nostris
413 3025 745 3092 temporibus
773 3041 933 3094 quam
961 3026 1194 3095 posteris
1227 3026 1371 3080 inter
1397 3042 1512 3092 nos,
1547 3035 1602 3081 et
1628 3028 1763 3083 alios

1867 1818 2164 1872 membrum
2218 1832 2340 1872 esse
2403 1817 2716 1888 refugimus)
2759 1818 3164 1888 relinquamur,
3209 1827 3264 1872 et
3304 1817 3452 1872 velut

1866 1909 2058 1977 dejecti
2115 1909 2179 1962 de
2225 1910 2333 1963 vite
2386 1909 2632 1980 palmites
2670 1925 2998 1965 arescamus.
3051 1909 3122 1964 Ut
3178 1924 3307 1981 ergo
3345 1909 3450 1966 Re-

1867 2001 2162 2070 demptoris
2210 2001 2379 2055 nostri
2432 2001 2800 2056 habitaculum
2847 2017 2965 2056 esse
3015 2015 3346 2065 mereamur,
3393 2001 3448 2054 in

1867 2093 2154 2148 dilectione
2184 2095 2351 2164 ipsius
2381 2103 2492 2149 toto
2527 2097 2722 2150 ruentis
2767 2096 2945 2150 studio
2973 2109 3311 2161 maneamus,
3337 2096 3451 2165 ipse

1867 2202 2100 2257 namque
2125 2188 2198 2242 ait
2225 2203 2239 2240 :
2281 2208 2297 2238 ‹
2336 2186 2435 2255 Qui
2462 2189 2636 2258 diligit
2670 2204 2776 2253 me,
2802 2203 3103 2244 sermonem
3136 2203 3314 2243 meum
3336 2203 3449 2243 ser-

1867 2279 2033 2343 vabit,
2062 2287 2116 2333 et
2161 2277 2321 2333 Pater
2356 2294 2507 2335 incus
2532 2279 2714 2348 diliget
2754 2295 2896 2344 eum,
2930 2288 2982 2334 et
3018 2278 3084 2334 ad
3110 2295 3232 2335 eum
3269 2279 3452 2333 venie-

1867 2387 2006 2438 mus,
2039 2380 2093 2426 et
2119 2371 2451 2426 mansionem
2495 2373 2636 2441 apud
2673 2387 2793 2428 eum
2817 2371 3079 2427 faciemus
3117 2370 3298 2442 (Joan.
3334 2385 3446 2437 xw,

1863 2464 1980 2535 25).
2021 2481 2039 2515 ι
2079 2463 2273 2534 Exegit
2305 2477 2436 2530 ergo
2482 2463 2702 2518 dilectio
2755 2471 2866 2527 tua,
2911 2461 3076 2520 frater
3103 2461 3467 2526 charissime,

1865 2564 1925 2611 ut
1951 2570 2017 2610 ex
2062 2555 2385 2610 auctoritate
2429 2555 2573 2610 sedis
2622 2555 2934 2625 apostolicae
2994 2555 3100 2612 tuis
3129 2554 3450 2610 deberemus

1867 2648 2132 2704 consultis
2183 2649 2532 2718 respondere.
2560 2646 2713 2714 Quod
2777 2648 2903 2702 licet
2947 2663 3053 2703 non
3101 2645 3330 2717 prolixe,
3355 2645 3449 2700 sed

1867 2740 2146 2795 succincte
2189 2755 2350 2809 agere
2376 2738 2776 2805 festinaremus,
2802 2749 3020 2810 propter
3047 2739 3308 2809 quasdam
3343 2738 3447 2792 imo

1867 2831 2251 2902 portunitates,
2280 2845 2400 2901 quae
2423 2831 2625 2884 nostris
2666 2830 3081 2901 impedientibus
3131 2829 3367 2898 peccatis
3395 2827 3451 2882 in

1869 2938 1967 2978 nos
1990 2938 2376 2993 supervenere,
2417 2924 2523 2978 tuis
2553 2935 2732 2978 tamen
2785 2924 2898 2978 haec
2938 2938 3036 2993 per
3080 2922 3286 2992 reliqua
3324 2936 3450 2975 san-

1868 3023 2080 3069 ctorum
2134 3015 2353 3068 Patrum
2397 3015 2641 3069 instituta
2681 3016 2876 3070 studiis
2925 3017 3240 3084 perquirere
3267 3012 3449 3078 latius,

176 3073 384 3079 -_-__.-_
416 3073 743 3092 _--_-r_____-
777 3073 933 3094 -I__---
964 3073 1193 3095 rw"-.-
1228 3073 1359 3080 -.--.,-
1397 3073 1512 3092 -.νη
1549 3073 1601 3081 ν-
1628 3073 1763 3083 ..-ην
2925 3073 2938 3084 .
3039 3073 3053 3084 .
3436 3073 3444 3078 τ

175 3123 485 3180 pernam)”,
529 3131 818 3185 rumorque
856 3125 1056 3181 vester,
1099 3117 1188 3187 qui
1244 3132 1457 3188 semper
1498 3119 1672 3173 bonus
1712 3073 1838 3174 etc
1871 3116 1926 3163 et
1956 3107 2278 3178 investigare
2313 3107 2717 3162 committimus.
2767 3106 2882 3162 Non
2913 3108 3057 3161 enim
3097 3114 3272 3176 potest
3298 3119 3453 3160 mens

175 3209 419 3279 optimus
448 3209 568 3275 fuit,
598 3209 1024 3265 detractionibus
1063 3210 1354 3277 laceretur,
1397 3211 1480 3264 vel
1503 3211 1766 3265 subroda-

177 3309 294 3363 tur,
324 3307 418 3353 aut
463 3314 657 3355 nomen
704 3310 966 3365 vestrum,
999 3302 1142 3371 quod
1174 3302 1333 3368 absit,
1377 3303 1766 3371 supervenien-

176 3387 329 3442 tibus
387 3388 716 3457 temporibus
767 3389 1188 3459 blasphemetur.
1253 3391 1360 3447 Nos
1416 3400 1595 3447 autem
1647 3409 1767 3463 quae

172 3489 330 3534 recta
354 3490 479 3536 sunt
515 3492 736 3538 auctore
759 3483 868 3538 Deo
893 3483 1080 3538 humili
1119 3486 1281 3541 corde
1323 3497 1627 3552 servantes,
1657 3502 1766 3542 uno

174 3570 398 3627 vinculo
425 3573 710 3629 charitatis
735 3574 889 3629 vobis
935 3576 1237 3641 constricti,
1285 3586 1524 3632 vestram
1554 3579 1765 3650 religio-

169 3678 305 3720 nem
333 3665 383 3719 in
412 3667 660 3723 omnibus
683 3676 742 3723 ut
773 3667 954 3724 fideles
984 3669 1182 3723 alumni
1217 3670 1584 3738 defendentes,
1610 3688 1640 3726 a
1672 3688 1765 3728 vo-

167 3757 267 3814 bis
293 3773 413 3827 quae
461 3769 608 3814 recta
655 3770 782 3816 sunt
833 3762 1145 3830 qumrimus.
1189 3762 1408 3818 Scimus
1471 3766 1640 3831 enim,
1702 3775 1760 3821 ut

168 3860 398 3919 semper
419 3861 616 3907 sanctae
641 3853 783 3908 sedis
799 3855 1070 3923 praesules,
1096 3856 1269 3925 primo
1290 3859 1540 3927 apostoli,
1569 3859 1762 3915 deinde

167 3956 526 3997 successores
565 3958 752 3999 eorum
798 3944 1044 4001 fecerunt
1075 3962 1170 4003 vos
1208 3949 1529 4005 universalis
1572 3951 1759 4006 Eccle-

167 4033 296 4097 siae,
357 4044 412 4087 et
471 4037 701 4090 maxime
762 4038 1136 4107 episcoporum
1201 4039 1293 4109 qui
1353 4041 1494 4095 oculi
1539 4051 1762 4111 propter

169 4125 692 4194 contemplationem
715 4129 1206 4198 etspeculationem
1231 4143 1516 4198 vocantur,
1545 4134 1759 4190 Domini

169 4229 368 4269 curam
396 4231 606 4286 gerere,
631 4234 694 4272 ac
721 4219 787 4272 de
819 4219 1076 4290 religione
1110 4231 1164 4276 et
1201 4222 1318 4291 lege
1338 4231 1516 4277 vestra
1547 4223 1759 4279 assidue

170 4306 422 4374 cogitare
447 4307 587 4362 sicut
629 4309 884 4378 scriplmu
911 4321 994 4365 est
1023 4327 1037 4365 :
1082 4331 1099 4363 ‹
1133 4311 1330 4367 Beatus
1357 4315 1441 4368 vir
1471 4315 1561 4383 qui
1599 4315 1761 4370 medi-

174 4398 388 4452 tabitur
428 4398 481 4452 in
519 4399 633 4470 lege
663 4401 872 4455 Domini
915 4402 1001 4456 die
1049 4417 1113 4458 ac
1157 4412 1314 4458 nocte
1345 4402 1518 4474 (Psal.
1553 4421 1590 4469 ι,
1619 4405 1694 4474 2).
1731 4425 1750 4458 ι

170 4488 312 4554 Quae
335 4489 616 4546 meditatio
642 4507 746 4546 non
789 4491 1019 4548 lectione
1048 4508 1145 4565 per
1193 4496 1418 4566 figuram
1453 4497 1755 4554 litterarum

173 4589 391 4636 tantum
417 4591 726 4651 conspecta,
773 4586 866 4638 sed
894 4585 1224 4640 exuberante
1273 4587 1325 4640 in
1353 4588 1506 4642 vobis
1544 4586 1747 4642 Chriin

167 4672 372 4742 gratia,
401 4671 453 4726 in
495 4681 674 4726 vestra
723 4675 1061 4743 cognoscitur
1107 4677 1434 4732 conscientia
1477 4678 1760 4734 immobili-

173 4773 264 4817 ιει·
320 4763 498 4820 insita.
552 4763 866 4821 Nullatenns
908 4769 973 4822 de
1014 4776 1196 4822 vestro
1249 4771 1411 4824 corde
1471 4771 1758 4825 recedente

168 4854 298 4923 lege
323 4855 545 4921 Christi,
577 4865 630 4910 et
659 4856 866 4924 justitia
920 4857 1128 4912 Domini
1180 4867 1523 4916 sacrosancta
1550 4899 1564 4922 ,
1617 4859 1760 4914 sicut

167 4948 232 5002 in
268 4949 482 5018 psalmis
539 4949 671 5004 dicit
713 4950 1018 5020 Propheta:
1067 4970 1084 5003 ι
1123 4951 1195 5006 Os
1227 4953 1359 5019 justi
1407 4953 1758 5010 meditabitur

167 5041 511 5110 sapientiam,
560 5051 615 5095 et
665 5042 841 5113 lingua
885 5044 998 5114 ejus
1045 5047 1296 5115 loquetur
1328 5047 1614 5119 judicium.
1644 5046 1758 5103 Lex

165 5131 272 5186 Dei
302 5133 413 5202 ejus
437 5135 491 5188 in
537 5133 700 5186 corde
731 5135 893 5203 ipsius
915 5135 1088 5206 (Psal.
1117 5152 1302 5205 xxxvi,
1331 5143 1420 5209 50,
1450 5138 1562 5208 51).
1593 5157 1610 5189 i
1647 5152 1758 5195 non

219 5229 496 5265 ‘rnmnnla.
531 5221 630 5270 sed
663 5224 854 5277 sniritu
903 5228 1000 5283 Dei
1039 5226 1144 5282 vivi
1201 5237 1397 5294 vestris
1450 5234 1501 5286 in
1542 5231 1760 5287 arcanis

1872 3200 2052 3254 attrita
2082 3201 2334 3254 oneribus
2374 3208 2534 3268 atque
2563 3199 3058 3269 importunitatibus
3088 3207 3445 3269 praegravata,

1872 3302 2077 3346 tantum
2110 3293 2232 3347 boni
2251 3306 2532 3362 peragere,
2560 3299 2820 3361 quantum
2849 3289 3114 3346 delectata
3146 3299 3198 3344 et
3225 3303 3450 3360 oppres-

1871 3388 2110 3442 sionibus
2149 3387 2341 3442 soluta.
2387 3384 2502 3440 Non
2531 3400 2658 3455 ergo
2686 3385 2785 3440 ista
2813 3383 2883 3440 ob
2918 3385 2970 3439 id
3011 3383 3350 3454 pertulimus,
3390 3389 3450 3436 ut

1869 3482 1982 3536 haec
2012 3492 2064 3537 et
2097 3483 2200 3536 alia
2251 3497 2370 3552 quae
2410 3481 2713 3536 necessaria
2747 3479 2861 3536 fore
2894 3480 3309 3550 cognoverimus
3347 3486 3450 3534 tua:

1867 3577 2141 3631 sanctitati
2175 3575 2400 3630 velimus
2437 3576 2720 3644 denegare,
2761 3575 2854 3630 sed
2901 3583 2961 3629 ut
2984 3575 3127 3644 quod
3161 3574 3250 3628 bie
3272 3572 3451 3635 minus

1867 3668 2158 3732 invenitur,
2190 3668 2352 3723 latius
2388 3665 2708 3737 inquiratur.
2754 3667 2829 3726 Ex
2865 3667 3034 3722 tribus
3060 3666 3206 3722 enim
3237 3671 3449 3734 apostoa

1865 3761 2026 3818 licam
2072 3763 2274 3826 sedem,
2313 3760 2367 3816 in
2401 3776 2506 3832 qua
2543 3761 2703 3817 alitus
2729 3776 2790 3818 es
2838 3769 2892 3815 et
2926 3762 3170 3826 edoctus,
3201 3759 3450 3830 capitulis

1865 3851 2250 3908 consulendam
2272 3851 2734 3922 praedecessorum
2763 3861 2974 3908 tuorum
3007 3866 3240 3922 sequens
3259 3865 3447 3907 exelu-

1864 3945 1974 4016 pla,
2001 3945 2298 4010 credidisti,
2329 3945 2381 4000 id
2425 3953 2530 4011 est,
2579 3947 2643 4000 de
2687 3944 3169 4012 consanguinitatis
3216 3943 3446 4012 conjun-

1865 4039 2062 4102 ctione,
2095 4047 2149 4093 et
2191 4039 2257 4092 de
2293 4039 2580 4094 vexatione
2629 4039 3003 4109 episcoporum
3039 4053 3069 4093 a
3101 4037 3355 4101 subditis,
3391 4042 3448 4091 et

1865 4132 1930 4186 de
1975 4131 2328 4187 ecclesiarum
2379 4132 2712 4187 dubitatione
2752 4132 3239 4190 consecrationum.
3291 4127 3443 4197 Quod

1864 4221 2026 4291 igitur
2055 4220 2245 4288 scripsi
2276 4221 2596 4288 Augustino,
2651 4221 2942 4292 Anglorum
2983 4221 3128 4292 genti
3167 4220 3443 4292 episcopo,

1862 4310 2078 4364 alumno
2121 4307 2369 4364 videlicet
2400 4318 2458 4364 ut
2485 4309 2785 4366 recordaris
2833 4320 2943 4376 tuo,
2973 4291 3038 4366 de
3066 4291 3447 4379 consanguini-

1866 4403 1992 4457 tatis
2021 4402 2414 4473 conjunctione,
2467 4402 2567 4472 ipsi
2597 4409 2650 4458 et
2678 4402 2971 4472 Anglorum
3007 4402 3153 4472 genti
3189 4417 3308 4470 qua:
3343 4417 3446 4462 nu-

1863 4509 1959 4566 per
1990 4494 2053 4547 ad
2085 4493 2240 4547 fidem
2271 4503 2514 4558 venerat,
2542 4508 2608 4548 nc
2644 4507 2673 4546 a
2697 4494 2838 4548 bono
2871 4493 3012 4562 quod
3036 4501 3295 4562 coeperat,
3327 4507 3444 4546 me-

1865 4589 2064 4643 tuendo
2085 4589 2409 4654 austeriora,
2451 4587 2748 4650 recederet,
2788 4585 3099 4655 specialiter
3128 4593 3182 4640 ct
3215 4600 3325 4640 non
3354 4599 3447 4655 gcv

1862 4680 2120 4735 neraliter
2155 4681 2371 4736 caeteris
2398 4693 2484 4732 me
2523 4677 2809 4748 scripsisse
2849 4691 3144 4748 cognoscas
3180 4695 3192 4729 :
3222 4677 3367 4732 unde
3391 4685 3448 4732 et

1814 4805 1819 4811 -
1863 4769 1998 4824 mihi
2025 4768 2201 4824 omnis
2229 4767 2478 4828 Romana
2499 4766 2690 4822 civitas
2714 4769 2866 4825 testis
2886 4767 3088 4824 existit.
3111 4766 3221 4822 Nec
3248 4767 3337 4822 illa
3361 4767 3448 4821 in-

1829 4865 1834 4868 ’
1868 4864 2106 4918 tentione
2133 4860 2240 4917 illis
2271 4866 2477 4934 scripta
2516 4862 2792 4928 mandavi,
2834 4872 2893 4918 ut
2921 4867 3045 4932 post
3086 4859 3239 4914 firma
3268 4860 3452 4914 radice

1865 4954 1920 5008 in
1954 4953 2054 5008 fide
2099 4968 2330 5017 summe
2366 4949 2594 5013 solidati,
2645 4952 2690 5004 si
2738 4954 2876 5008 infra
2913 4948 3188 5022 propriam
3223 4963 3455 5004 consan-

1865 5046 2182 5116 guinitatem
2213 5045 2442 5111 inventi
2482 5041 2678 5098 fuerint
2703 5060 2814 5102 non
2839 5049 3180 5116 separentur,
3203 5052 3297 5096 aut
3323 5039 3464 5096 inira

1866 5139 2137 5196 afﬁnitatis
2170 5135 2430 5210 lineam,
2482 5135 2536 5190 id
2566 5144 2670 5202 est,
2698 5152 2872 5212 usque
2897 5136 2966 5193 ad
2999 5132 3283 5200 septimam
3313 5143 3472 5197 gene-

1867 5235 2131 5290 rationem
2165 5235 2641 5318 conjnngantur;
2674 5232 2776 5288 sed
2806 5235 2978 5289 adhuc
3031 5221 3148 5275 illos
3180 5220 3480 5318 neophytos
