3894 5320
442 233 580 291 1155

1253 237 1544 297 APPEND.
1587 239 1678 296 AD
1717 240 1890 299 SEC.
1933 241 2023 299 IX.
2064 273 2135 285 —
2172 244 2424 305 ISIDORI
2462 246 2904 309 MERCATOBIS

3582 259 3704 317 H56

437 340 694 413 posteris,
739 350 798 397 ut
837 357 999 414 supra
1033 343 1239 401 dictum
1291 354 1394 413 est,
1425 350 1756 420 temporibus
1786 355 2017 410 tenenda
2044 358 2093 418 Α
2122 354 2241 424 bus,
2272 366 2365 414 aut
2392 359 2879 431 vituperationibus
2901 365 3194 436 dilanient,
3220 370 3631 441 perpendenta
3653 375 3708 431 ii-

439 434 779 504 indulsimus,
812 451 880 493 ne
928 437 1331 514 bonum_quod
1370 441 1583 498 infirma
1618 444 1796 501 adhuc
1832 448 2018 506 radice

437 525 735 598 plantatum
771 536 911 597 erat,
941 540 1245 599 erueretur,
1297 534 1392 590 sed
1418 544 1652 606 coeptum
1685 537 2015 610 lirmaretur,

435 630 491 677 et
520 638 690 694 usque
717 625 783 680 ad
827 626 1216 696 perfectionem
1263 621 1643 690 custodiretur.
1689 634 1851 705 Sane,
1893 639 2015 695 siin

436 714 521 770 his
550 730 707 772 secus
729 734 892 788 quam
919 719 1205 778 debuimus
1236 722 1439 795 aliquid
1467 726 1698 795 egimus,
1728 742 1836 783 non
1886 746 2015 800 pro-

433 814 555 875 pter
592 807 763 878 ipsam
810 810 863 865 in
894 809 1136 867 futurum
1185 819 1530 884 servandam,
1584 820 1680 874 sed
1731 822 2018 879 commise-

434 900 603 956 rando
627 910 806 959 aetum
838 920 959 961 esse
985 922 1300 978 cognoscas.
1328 910 1481 969 Unde
1506 921 1562 969 et
1602 923 1795 971 testem
1824 918 2017 977 invoco

434 992 621 1060 Demn,
663 998 756 1066 qui
804 998 1157 1068 cogitationes
1206 1003 1449 1059 omnium
1504 1006 1654 1062 novit
1711 1008 2011 1079 hominum,

437 1105 470 1167 ε.
490 1085 644 1155 cujus
690 1089 853 1144 etiam
892 1091 1063 1148 oculis
1112 1095 1294 1152 omnia
1346 1097 1487 1152 nuda
1544 1108 1687 1160 sunt,
1730 1109 1783 1155 et
1828 1112 2013 1173 aperta

434 1176 622 1245 (Hebr.
657 1196 729 1246 iv,
771 1180 879 1252 15).
913 1202 931 1236 ι
974 1182 1106 1240 Nam
1156 1186 1202 1241 si
1252 1202 1317 1241 ea
1366 1188 1694 1246 destruerem
1719 1208 1840 1262 quas
1861 1206 2016 1250 ante-

432 1282 673 1326 cessores
736 1274 921 1330 nostri
960 1284 1289 1345 statuerunt,
1348 1296 1456 1336 non
1512 1292 1876 1351 constructor,
1920 1289 2016 1343 sed

431 1373 654 1418 eversor
676 1379 801 1422 esse
842 1367 991 1438 juste
1039 1372 1444 1441 comprobarer,
1481 1384 1714 1433 testante
1759 1379 2017 1440 Veritatis

432 1470 583 1523 voce,
614 1474 734 1528 quae
762 1461 874 1515 ait:
915 1481 935 1515 ι
969 1462 1144 1520 Omne
1175 1480 1396 1537 regnum
1442 1468 1497 1524 in
1552 1485 1611 1526 se
1652 1472 1883 1528 divisum
1908 1490 2016 1530 non

433 1550 600 1607 stabit
628 1551 781 1624 (Luc.
823 1571 898 1622 χι,
933 1557 1043 1629 17),
1080 1579 1099 1612 ι
1140 1568 1193 1615 ει
1222 1563 1400 1617 omnis
1452 1563 1702 1633 scientia,
1729 1576 1784 1622 et
1813 1566 1899 1623 lex
1924 1569 2018 1623 ad-

434 1658 650 1700 versum
674 1663 733 1703 se
764 1648 938 1707 divisa
965 1653 1314 1722 destruetur;
1346 1657 1575 1730 ideoque
1601 1675 1824 1716 necesse
1846 1671 1929 1719 est
1955 1671 2015 1719 ut

2064 473 2080 489 ι
2119 449 2211 506 lud
2250 454 2550 525 exemplum
2596 454 2802 524 Mariae,
2851 459 2979 530 quia
3024 476 3218 531 proco
3245 464 3394 534 quod
3430 481 3536 536 pro
3558 465 3707 539 Ile}!

2119 543 2321 603 famulo
2349 548 2561 604 Domini
2587 558 2809 621 propter
2834 552 3224 625 Ethiopissam
3250 556 3500 613 detraxit
3529 557 3704 630 (Nu.

2121 654 2222 705 xu,
2254 639 2328 709 l),
2358 640 2791 699 immundissima
2812 644 2958 714 lepra
2997 647 3225 702 multata
3264 649 3338 704 sit
3372 648 3578 720 (Ibid.,
3610 652 3706 723 ιθ).

2118 730 2186 786 Ει
2210 731 2355 788 aliud
2379 732 2680 791 Psalmistaa
2705 754 2718 790 :
2755 755 2774 788 ι
2805 736 2980 793 Nolite
3006 746 3237 812 tangere
3262 742 3510 798 christos
3538 758 3709 809 meos,

2118 820 2247 874 etin
2276 823 2553 892 prophetis
2574 825 2711 880 meis
2733 825 2901 883 nolite
2925 829 3215 900 malignari
3234 830 3411 903 (Ρωι,
3427 848 3541 896 etv,
3570 834 3675 906 15).
3691 853 3708 884 ο

2118 910 2186 967 Ει
2223 912 2277 967 in
2334 913 2453 984 lege
2501 915 2680 971 divina
2728 916 2959 989 legitur;
2996 939 3016 971 ι
3052 921 3170 977 Diis
3194 938 3302 979 non
3339 924 3627 989 detrahes,
3668 934 3714 981 et

2117 1004 2345 1076 principi
2381 1008 2562 1079 populi
2587 1009 2664 1064 tui
2700 1026 2805 1066 non
2842 1012 3136 1072 maledices
3166 1016 3366 1082 (Exod.
3401 1034 3551 1084 xm,
3573 1020 3709 1091 28).»

2122 1096 2272 1153 Unde
2302 1098 2455 1154 valde
2485 1101 2889 1169 praevidendum
2927 1116 3010 1161 est
3058 1108 3292 1165 subditis
3335 1118 3453 1165 tam
3506 1112 3714 1167 clericis

2118 1201 2285 1255 quam
2344 1187 2519 1255 laicis,
2584 1206 2652 1246 ne
2702 1193 3099 1266 episcoporum,
3161 1208 3255 1254 aut
3300 1202 3713 1272 prmpositorua

2117 1292 2340 1335 suorum
2364 1280 2531 1335 vitam
2561 1284 2955 1352 reprehendere
2989 1286 3246 1355 audeant,
3286 1307 3381 1357 ne,
3412 1292 3563 1347 unde
3583 1293 3712 1347 mala

2119 1370 2471 1440 redarguunt,
2503 1372 2626 1428 inde
2654 1388 2750 1444 per
2768 1376 3015 1433 elationis
3049 1379 3348 1450 impulsum
3394 1382 3455 1436 in
3499 1382 3708 1452 profun-

2118 1462 2269 1517 diora
2311 1473 2642 1535 mergantur.
2683 1466 3025 1525 Admouendi
3079 1480 3208 1527 sunt
3253 1472 3427 1528 etiam
3471 1487 3551 1537 ne,
3588 1490 3701 1529 cum

2118 1555 2305 1627 culpas
2365 1559 2775 1628 praepositorum
2835 1576 3057 1618 suorum
3104 1564 3487 1629 considerant,
3525 1577 3699 1622 contra

2117 1661 2211 1702 eos
2250 1648 2569 1705 audaciores
2604 1650 2754 1717 fiant,
2780 1652 2873 1708 sed
2903 1653 2983 1709 sic
3016 1667 3207 1711 eorum
3241 1671 3420 1727 prava
3448 1659 3587 1726 apud
3622 1674 3704 1715 se-

431 1738 775 1795 concorditer
810 1744 995 1800 omnia
1035 1754 1240 1804 statuta
1283 1760 1595 1806 sanctorum
1643 1751 1868 1808 Patrum
1921 1770 2011 1810 no-

2120 1740 2382 1811 metipsos
2402 1742 2719 1814 dijudicent,
2742 1756 2801 1802 ut
2831 1748 3014 1805 divino
3040 1751 3239 1807 timore
3258 1754 3551 1809 constricti
3579 1753 3709 1809 ferre

432 1835 667 1884 strorum
698 1838 999 1903 teneamus,
1025 1837 1160 1894 nihil
1191 1854 1286 1910 per
1324 1844 1727 1900 contentionem
1770 1854 2014 1917 agentes,

431 1922 526 1977 sed
551 1924 619 1978 ad
655 1939 815 1983 omne
843 1930 1079 1986 studium
1103 1933 1258 1989 bona:
1277 1934 1580 1994 devotionis
1607 1940 1910 2006 unanimes,
1936 1940 2017 1995 di-

431 2014 573 2071 vinis
599 2025 654 2071 ct
680 2022 991 2089 apostolicis
1035 2027 1533 2096 constitutionibus,
1579 2032 1877 2087 auxiliante
1912 2033 2018 2087 Do-

431 2105 596 2173 mino,
640 2124 947 2177 pareamus.
982 2113 1027 2170 O
1077 2131 1241 2186 quam
1281 2118 1420 2174 bona
1474 2129 1558 2175 est
1603 2122 2018 2193 charitas,quae

433 2197 675 2252 absentia
706 2215 803 2270 per
832 2202 1138 2275 imaginem,
1187 2209 1477 2277 pmsentia
1528 2210 1746 2266 sibimet
1797 2211 2020 2268 exhibet

431 2304 529 2358 per
559 2306 821 2362 amorem,
850 2296 1021 2353 divisa
1045 2300 1182 2367 unit,
1213 2303 1436 2358 confusa
1470 2305 1705 2370 ordinat,
1732 2306 2018 2376 inaequalia

433 2384 625 2451 sociat,
652 2387 969 2457 imperfecta
992 2397 1367 2450 consummat!
1395 2396 1566 2464 Quam
1595 2408 1742 2453 recte
1758 2399 2019 2469 praedica-

428 2482 514 2530 tor
541 2479 787 2549 egregius
843 2499 863 2533 ι
885 2482 1159 2541 vinculum
1200 2487 1548 2557 perfectionis
1584 2489 1721 2562 (Col.
1758 2506 1839 2555 Ill,
1874 2490 1959 2564 14)
1993 2510 2011 2544 ι

430 2578 609 2635 vocat,
644 2572 772 2642 quia
820 2573 1048 2632 virtutes
1087 2578 1305 2647 quidem
1364 2590 1576 2636 caetera:
1623 2582 2017 2652 perfectionem

431 2671 715 2728 generant,
747 2665 843 2719 sed
865 2672 1047 2722 tamen
1073 2682 1165 2724 eas
1186 2670 1426 2727 charitas
1454 2671 1605 2743 ligat,
1653 2682 1712 2727 ut
1739 2673 1805 2728 ab
1831 2690 2018 2728 aman~

436 2749 507 2804 tis
565 2767 754 2809 amore
802 2756 1021 2813 dissolvi
1081 2764 1384 2831 nequeant!
1438 2762 1532 2819 llis
1587 2764 1689 2820 rite
1734 2767 2019 2836 perpensis

431 2845 760 2905 charitative
780 2850 895 2921 jam
923 2853 1085 2909 dictis
1115 2855 1336 2924 indulsi,
1372 2873 1474 2915 nec
1506 2869 1838 2932 praeceptum
1870 2862 2016 2932 dedi,

428 2936 521 2990 sed
561 2938 868 3006 consilium,
898 2958 1071 3013 neque
1117 2948 1380 3019 regulam,
1411 2950 1466 3005 in
1505 2951 1590 3006 his
1621 2954 1853 3022 posteris
1893 2954 2018 3012 ullis

429 3029 719 3119 tenendam
764 3034 979 3102 tradidi,
1030 3039 1123 3093 sed
1169 3040 1236 3094 de
1288 3041 1496 3101 duobus
1540 3045 1817 3115 periculis,
1875 3049 2017 3119 quod

2118 1831 2220 1887 sub
2261 1833 2343 1889 eis
2382 1834 2569 1908 jugum
2620 1840 2936 1895 reverentia:
2963 1855 3071 1895 non
3123 1850 3401 1908 recusent,
3452 1843 3701 1914 quoniam

2121 1921 2261 1977 facta
2293 1923 2690 1997 episcoporum,
2723 1927 2806 1983 vel
2847 1931 3261 2000 praepositorum
3288 1933 3407 1988 oris
3429 1932 3612 2004 gladio
3644 1932 3710 1988 fe-

2120 2019 2307 2076 rienda
2354 2036 2460 2077 non
2498 2032 2644 2089 sunt,
2694 2023 2861 2079 etiam
2913 2040 3037 2081 cum
3077 2034 3224 2082 recte
3274 2028 3709 2098 reprehendenda

2120 2111 2423 2176 videantur,
2459 2115 2714 2184 quoniam
2740 2132 2770 2171 a
2797 2117 3292 2187 praedecessoribus
3328 2122 3581 2187 nostris,
3612 2132 3662 2176 et
3683 2137 3711 2176 ι

2122 2202 2346 2274 reliquis
2379 2205 2560 2262 multis
2589 2208 2791 2264 sanctis
2813 2216 3077 2266 statutum
3109 2210 3229 2267 fore
3258 2214 3642 2284 cognovimus,
3661 2224 3710 2268 ιι

2121 2311 2251 2353 oves
2276 2308 2523 2369 pastores
2548 2316 2676 2358 suos
2695 2302 2885 2360 leviter
2907 2321 3014 2362 non
3037 2308 3476 2378 reprehendant,
3515 2324 3613 2364 nec
3630 2323 3707 2364 es

2121 2388 2425 2457 criminari,
2465 2392 2548 2448 vel
2600 2408 2857 2451 accusare
2909 2409 3267 2467 praesumant,
3321 2400 3457 2471 quia
3506 2415 3628 2455 cum
3662 2402 3706 2456 '-

2120 2481 2425 2552 praepositis
2458 2485 2660 2541 nostris
2693 2486 3074 2557 delinquimus,
3098 2490 3219 2558 ejus
3264 2491 3598 2547 ordinationi
3627 2493 3710 2560 qui

2121 2586 2217 2628 eos
2264 2574 2420 2630 nobis
2460 2576 2693 2645 praetulit
2734 2578 3017 2637 obviamus
3062 2580 3247 2653 (Rom.
3301 2598 3435 2647 xm,
3464 2582 3533 2653 2).
3567 2582 3706 2640 Unde

2122 2662 2334 2735 Moyses
2360 2680 2483 2721 cum
2526 2676 2715 2723 contra
2757 2684 2816 2725 se
2843 2678 2899 2726 et
2933 2672 3115 2728 Aaron
3164 2671 3438 2744 populum
3470 2672 3709 2744 conqueri

2120 2757 2481 2827 cognovisset,
2505 2759 2614 2814 ait:
2648 2777 2668 2811 ι
2689 2759 2796 2817 Nos
2820 2762 2965 2817 enim
2993 2763 3127 2833 quid
3145 2766 3379 2819 smnus?
3402 2765 3517 2820 Nec
3540 2774 3711 2820 contra

2120 2862 2220 2903 nos
2274 2856 2359 2903 est
2418 2865 2665 2906 murmur
2713 2861 2968 2916 vestrum,
3021 2853 3119 2909 sed
3188 2864 3387 2910 contra
3445 2855 3711 2922 Domitian

2122 2938 2320 3010 (Exod.
2356 2958 2467 3009 xvt,
2494 2943 2571 3015 8).
2602 2963 2622 2997 ›
2643 2944 2985 3016 Quaprdpter
3010 2947 3349 3003 admonendi
3376 2959 3508 3004 sunt
3530 2949 3712 3005 subditi

2122 3038 2406 3109 utriusque
2444 3039 2652 3096 ordinis
2679 3041 2805 3104 viri,
2848 3051 2906 3095 ut
2956 3056 3079 3097 cum
3134 3042 3537 3115 magistrorum
3587 3043 3711 3098 facta

425 3118 638 3181 facilius
676 3126 749 3181 sit
797 3128 1095 3199 vitandum,
1153 3136 1382 3192 ostendi.
1432 3137 1490 3193 Si
1549 3139 1711 3211 igitur
1760 3141 1814 3196 in
1846 3118 2006 3198 rebus
2033 3127 2080 3191 C
2110 3132 2467 3201 conspicui!!!»
2495 3133 2681 3189 ³110οΓ
2708 3149 2865 3188 suum
2896 3134 3146 3201 redeam.
3185 3144 3243 3190 ει
3274 3137 3347 3192 de
3390 3151 3589 3192 00mm
3629 3137 3706 3190 ίθ-

426 3214 773 3275 saecularibus
801 3235 956 3277 suum
989 3224 1186 3296 cuique
1224 3228 1314 3298 jus
1342 3238 1395 3284 et
1440 3232 1692 3301 proprius
1725 3219 1859 3288 ordo
1892 3249 2009 3289 ser-

424 3311 633 3367 vandus
671 3322 777 3381 est,
816 3326 1021 3387 quanto
1058 3323 1230 3393 magis
1262 3323 1314 3377 in
1356 3325 1743 3382 ecclesiasticis
1779 3328 2009 3400 disposi-

427 3402 680 3475 tionibus,
716 3408 860 3464 nulla
892 3411 1055 3467 debet
1081 3414 1264 3471 induci
1289 3417 1558 3486 confusio,
1586 3434 1654 3474 ne
1698 3421 1769 3475 ibi
1804 3422 2011 3479 discor-

424 3492 514 3549 dia
542 3494 720 3551 locum
750 3499 1009 3567 inveniat,
1028 3505 1170 3561 unde
1190 3508 1340 3576 pacis
1361 3509 1557 3565 debent
1583 3512 1719 3566 bona
1746 3515 2007 3582 procede-

424 3586 687 3655 reiQuod
702 3590 803 3647 hac
824 3594 1034 3652 ratione
1055 3598 1379 3667 servabitur,
1399 3602 1441 3657 si
1467 3603 1601 3658 nihil
1624 3608 1896 3674 potestati,
1915 3609 2009 3664 sed

424 3686 601 3735 totum
629 3684 872 3754 mquitati
901 3686 1176 3744 tribuitur.
1211 3692 1375 3763 282
1403 3693 1744 3768 QuaprOpter
1778 3699 2009 3755 multum

424 3785 521 3828 cor
542 3782 793 3831 nostrum
848 3780 1203 3851 magnitudini
1246 3794 1441 3840 vestrae
1483 3789 1817 3858 congaudet,
1865 3790 2010 3860 quod

422 3861 504 3918 sic
523 3878 623 3919 vos
646 3864 701 3921 in
724 3868 923 3924 vestris
945 3871 1158 3927 actibus
1182 3874 1455 3931 studiosos
1476 3876 1798 3943 invenimus,
1832 3888 1893 3935 ut
1917 3895 2010 3937 vos

421 3962 479 4010 et
514 3958 688 4013 nostri
714 3956 901 4015 Curam
933 3962 1180 4020 habeatis
1202 4006 1216 4031 ,
1237 3973 1291 4022 et
1327 3967 1453 4022 talia
1482 3970 1797 4027 suscitando
1826 3972 2010 4043 inqui-

422 4060 547 4102 rere
571 4052 855 4118 studeatis,
897 4064 1165 4125 quatenus
1198 4066 1253 4113 et
1294 4059 1421 4114 talia
1452 4062 1627 4129 vobis,
1678 4078 1783 4119 non
1830 4065 2008 4122 solum

423 4138 566 4207 apud
595 4138 841 4199 homines
891 4144 1141 4215 gloriam,
1188 4150 1284 4205 sed
1329 4160 1385 4207 et
1411 4154 1553 4223 apud
1574 4156 2008 4227 omnipotentem

422 4230 595 4286 Deum
618 4237 844 4304 praemia
864 4240 1131 4297 mercedis
1158 4240 1455 4313 inquirant.

489 4322 755 4383 Caeterum
785 4344 948 4401 super
965 4333 1251 4391 vexatione
1276 4337 1673 4409 episcoporum,
1694 4342 1762 4398 de
1787 4357 1891 4413 qua
1913 4359 2011 4401 nos

420 4418 709 4476 consulere
732 4422 995 4492 voluistis,
1020 4426 1223 4483 scimus
1249 4430 1378 4499 quia
1399 4431 1561 4488 nullis
1586 4434 1700 4490 vita
1720 4437 2010 4506 praesulum

2116 3222 2518 3293 crepationibus
2541 3238 2646 3279 non
2674 3234 3023 3295 praesumant,
3055 3243 3074 3278 ι
3095 3226 3224 3296 quia
3246 3242 3359 3283 non
3380 3236 3475 3285 est
3494 3226 3711 3298 discipu-

2115 3314 2199 3371 lus
2232 3331 2392 3388 super
2427 3317 2770 3390 magistrum,
2826 3333 2925 3375 nec
2971 3334 3166 3375 servus
3222 3335 3397 3391 super
3447 3321 3707 3377 dominum

2114 3424 2270 3464 suum
2290 3408 2505 3481 (Matth.
2525 3426 2579 3477 κ,
2597 3410 2709 3481 24).
2725 3431 2742 3462 ι
2779 3411 2855 3467 De
2877 3411 3284 3468 dedicationem
3306 3429 3451 3470 vero
3470 3414 3711 3469 ecclesia-

2115 3518 2234 3558 rum
2253 3503 2590 3560 dubitatione
2610 3520 2774 3576 super
2798 3520 2902 3575 qua
2926 3520 3025 3561 nos
3048 3505 3194 3561 inter
3216 3515 3418 3563 caetera
3444 3505 3712 3562 consulere

2115 3593 2378 3660 voluistis,
2407 3596 2511 3652 hoc
2537 3611 2633 3652 vos
2658 3596 2761 3651 rite
2796 3604 2982 3652 tenere
3017 3596 3233 3652 debetis
3281 3597 3439 3668 quod
3468 3598 3538 3653 ab
3568 3606 3710 3650 ante-

2113 3684 2423 3741 cessoribus
2479 3686 2680 3743 nostris
2714 3687 2984 3742 traditum
3031 3688 3372 3758 accepimus,
3428 3688 3486 3743 id
3513 3698 3622 3751 est,
3661 3696 3714 3740 ut

2114 3776 2329 3845 quoties
2366 3786 2477 3831 tam
2522 3774 2590 3832 de
2618 3777 2890 3848 baptismo
2920 3777 3249 3849 aliquorum,
3294 3778 3385 3835 vel
3425 3779 3710 3836 conﬁrma-

2115 3868 2282 3935 tione,
2310 3884 2471 3939 quam
2495 3878 2550 3926 et
2575 3872 2641 3926 de
2667 3870 3020 3928 ecclesiarum
3050 3874 3475 3930 consecratione
3505 3876 3711 3931 dedica-

2117 3960 2323 4015 tionum
2351 3961 2407 4016 in
2431 3961 2656 4017 dubium
2679 3962 2928 4030 habetur,
2952 3972 3007 4019 et
3032 3979 3134 4021 nec
3166 3966 3408 4037 scriptis,
3439 3982 3543 4023 nec
3574 3967 3712 4022 testi-

2114 4052 2217 4110 bus
2242 4063 2393 4110 certa
2426 4055 2567 4111 ratio
2600 4056 2850 4123 habetur,
2881 4066 3066 4113 utrum
3100 4059 3383 4129 haptizati,
3406 4061 3497 4114 vel
3518 4058 3711 4116 contir-

2114 4147 2265 4212 mati,
2292 4148 2405 4203 sive
2434 4147 2679 4205 ecclesiae
2722 4158 3055 4206 consecratae
3089 4152 3221 4215 sint,
3255 4161 3314 4207 ut
3367 4153 3709 4224 haptizentur

2115 4240 2267 4306 tales,
2325 4255 2389 4297 ac
2444 4241 2851 4309 confirmentur,
2911 4251 3074 4314 atque
3124 4244 3375 4301 ecclesiae
3431 4248 3707 4301 canonia

2115 4332 2449 4399 dedicentur,
2498 4350 2566 4390 ne
2605 4335 2726 4390 talis
2765 4334 3028 4392 dubitatio
3074 4339 3233 4392 ruina
3290 4336 3544 4394 fidelibus
3594 4338 3706 4403 fiat,

2114 4427 2369 4496 quoniam
2397 4442 2503 4484 non
2531 4438 2867 4485 monstratur
2904 4430 3164 4485 iteratum
3196 4430 3347 4500 quod
3392 4446 3504 4486 non
3546 4431 3708 4486 certis

421 4512 733 4579 perturbari
773 4515 965 4572 debeat
1001 4520 1330 4588 excessibus,
1372 4524 1499 4593 quia
1531 4525 1688 4582 valde
1726 4526 2005 4600 indignum
2031 4514 2084 4575 D
2112 4519 2642 4577 indiciisostenditur
2664 4521 2767 4577 rite
2789 4529 3090 4592 peractum.
3108 4520 3237 4578 Haec
3262 4537 3385 4589 nos,
3411 4524 3707 4578 adminicu-

419 4613 503 4659 est
541 4614 600 4660 ut
626 4606 682 4661 hi
717 4609 807 4677 qui
855 4610 1035 4667 throni
1066 4612 1161 4669 Dei
1188 4624 1474 4683 vocantur,
1499 4617 1679 4689 aliqua
1707 4621 1947 4678 motione
1972 4638 2003 4678 a

420 4694 775 4767 reliquis‘vel
821 4700 1050 4759 subditis
1099 4706 1418 4776 turbentur;
1467 4710 1722 4780 quoniam
1753 4713 1799 4767 si
1835 4713 2002 4770 David

417 4802 608 4859 regum
628 4788 963 4857 iustissimus
1002 4795 1056 4850 in
1100 4796 1248 4864 Saul,
1279 4815 1439 4870 quem
1485 4804 1770 4859 constabat
1811 4804 1923 4873 jam
1971 4822 2003 4861 a

420 4880 1032 4953 Domino'reprobatum
1066 4898 1121 4944 et
1147 4889 1415 4960 abjectum
1445 4910 1587 4961 esse,
1625 4911 1844 4953 manum
1876 4899 2004 4955 mit-

421 4977 538 5026 tere
551 4986 658 5027 non
674 4980 1016 5047 praesumpsit
1030 4978 1084 5051 (I
1096 4979 1221 5054 Reg.
1240 4986 1680 5057 xxiv,7),quanto
1708 4989 1879 5069 magis
1909 5004 2002 5045 ca-

420 5064 654 5104 randum
686 5076 763 5104 ne!
821 5083 890 5104 nn
927 5086 1143 5104 manum
1176 5076 1525 5104 ΑΛΩ-ληιξηκὲι.
1613 5088 1703 5104 ..ηδ
1731 5081 1943 5104 ..ειη-.-..

2106 5075 2256 5104 *τιδι’-2η
2285 5075 2337 5104 :n
2367 5076 2615 5104 nmn:'\oan
2654 5077 2825 5104 η-ηίῖη

2112 4608 2260 4665 lante
2282 4609 2461 4668 divina
2491 4613 2664 4684 gratia
2697 4612 2769 4667 ita
2806 4621 2991 4669 tenere
3032 4613 3303 4684 cupimus,
3341 4613 3611 4684 vobisque
3651 4624 3705 4670 ut

2111 4703 2422 4772 postulastis
2452 4713 2636 4760 tenere
2656 4712 2710 4762 et
2748 4706 2942 4761 docere
2980 4708 3323 4772 mandamus,
3349 4714 3406 4761 et
3440 4721 3507 4761 ea
3536 4720 3702 4776 quae:

2111 4795 2311 4850 sanctis
2336 4795 2587 4852 Patrihus
2618 4805 2743 4852 ante
2772 4811 2869 4852 nos
2897 4805 3027 4851 sunt
3056 4805 3262 4852 statuta
3280 4838 3296 4863 ,
3322 4813 3431 4853 non
3451 4807 3701 4868 proterve

2112 4886 2527 4956 interrumpere,
2561 4888 2653 4943 sed
2684 4887 2913 4943 ﬁdeliter
2937 4902 3161 4945 servare
3187 4889 3532 4945 mandamus.
3552 4887 3702 4943 Unde

2113 4982 2492 5054 Redemptoris
2513 4984 2682 5039 nostri
2714 4984 3145 5040 misericordiam
3178 5001 3496 5050 exoramus,
3530 4996 3701 5040 utsna

2874 5076 3205 5104 -..α’-.-κλοι...
3255 5087 3305 5104 Α.
3370 5080 3559 5104 ...Ἀλίη
3608 5094 3699 5104 ,ηΑ-
