3894 5320
110 245 259 304 1137

1298 266 1788 327 DECRETALIUM
1827 271 2222 365 σοιιεβτιο,

3255 298 3392 355 1158

103 360 625 482 illicita
968 380 1264 482 maculavit
1289 382 1344 438 in
1387 383 1700 458 coniugium
1722 386 1780 449 Α
1803 397 1990 454 cordia
2032 401 2384 459 conaudetur.
2437 404 2601 477 Cujus
2629 407 2781 462 vobis
2830 409 3019 466 adesse
3048 414 3392 482 praesentiam

103 456 315 549 ducere
346 459 439 515 ulli
477 461 723 533 profecto
745 466 1180 530 Christianorum
1230 476 1355 534 licet
1380 479 1464 533 vel
1493 456 1699 549 licebit,

100 548 238 618 quia
286 550 529 612 incestus
571 566 661 613 est
684 560 806 617 talis
840 564 1035 631 coitus,
1079 574 1137 624 et
1162 569 1540 630 abominabilis

98 647 162 694 et
193 643 409 699 cunctis
451 644 608 704 bonis
656 649 989 711 hominibus.
1022 654 1364 717 lucestuosos
1388 677 1519 719 vero
1554 662 1701 720 nullo

96 732 344 807 conjugii
380 739 601 795 nomine
641 742 998 816 deputandos,
1049 760 1105 808 et
1131 767 1164 808 a
1203 755 1408 811 sanctis
1448 755 1700 815 Patribus

97 825 311 882 dudum
338 836 605 887 statutum
627 849 748 891 esse
784 835 1012 910 legimus
1046 857 1077 898 a
1105 843 1215 900 Deo
1239 845 1491 904 nolumus
1518 863 1617 905 nos
1642 851 1697 905 in

98 916 211 974 hac
251 935 310 976 re
347 935 377 975 a
404 924 617 981 caeteris
656 926 910 988 ﬁdelibus
940 934 1287 1004 reprehendi,
1316 938 1442 1008 quia
1473 942 1695 1011 quodin

94 1014 192 1070 his
236 1015 313 1072 illi
352 1016 650 1090 Anglorum
691 1024 840 1092 genti
902 1025 1267 1097 indulsimus,
1316 1048 1422 1087 non
1462 1032 1693 1093 formam

93 1104 303 1173 dando,
320 1109 414 1165 sed
430 1113 945 1185 considerationem,
959 1135 1030 1175 ne
1049 1119 1477 1181 Christianitatis
1490 1126 1694 1183 bonum

93 1199 247 1268 quod
290 1214 575 1273 coeperant
630 1206 1011 1279 imperfectum
1077 1211 1415 1272 dimitterent
1460 1218 1689 1290 egimus.

173 1311 310 1380 Quia
333 1330 465 1388 ergo
494 1318 598 1376 hac
641 1320 696 1376 in
723 1337 785 1378 re
831 1332 980 1380 tanto
1001 1328 1287 1384 commoda
1320 1330 1692 1390 retributionis

90 1417 441 1476 accrescunt,
471 1420 676 1480 quanto
710 1422 767 1469 et
803 1417 1040 1473 studium
1078 1420 1282 1477 laboris
1305 1432 1550 1495 augetur,
1596 1442 1691 1497 pa-

0 1520 7 1527 -
90 1508 256 1554 terna
293 1516 391 1557 vos
414 1502 697 1563 dulcedine
726 1508 1045 1579 salutantes,
1081 1514 1366 1571 hortamur
1392 1526 1451 1573 ut
1479 1533 1690 1590 praepo-

0 1592 3 1599 '
88 1590 201 1643 sita
242 1595 665 1663 opportunitatis
711 1602 1034 1670 occasione,
1085 1605 1143 1661 in
1201 1616 1382 1663 vestra
1445 1608 1685 1667 eilicacia

0 1704 1 1707 η
88 1681 311 1737 enixius
330 1683 614 1744 elaborare
644 1692 925 1760 studeatis,
948 1704 1111 1767 atque
1134 1699 1187 1754 id
1214 1702 1387 1758 modis
1408 1705 1683 1773 omnibus,

91 1785 157 1831 ut
182 1780 438 1849 possibile
460 1781 627 1841 fuerit
653 1789 898 1845 omnium
920 1791 1100 1847 studio
1125 1806 1287 1864 agere
1313 1797 1678 1865 contendatis,

0 1900 3 1903 -
87 1879 364 1938 quatenus
416 1876 757 1943 praedicabile
812 1880 1141 1938 desiderium
1192 1892 1430 1940 vestrum
1478 1888 1681 1945 auxilio

90 1962 337 2017 omnium
394 1964 685 2035 adiuvante
742 1970 972 2029 Domino
1024 1975 1361 2047 compleatis.
1416 1976 1526 2035 Nec
1576 1981 1680 2038 hoc

90 2069 309 2126 quoque
336 2057 392 2112 in
418 2059 523 2115 hac
547 2061 928 2122 sollicitudinis
956 2077 1112 2138 parte
1143 2069 1679 2144 relinquimus,quod

88 2162 279 2206 omnes
322 2151 618 2211 incestuosi
649 2170 680 2210 a
717 2157 992 2216 liminibus
1018 2172 1220 2218 sanctae
1266 2164 1522 2221 Ecclesiae
1571 2168 1682 2222 sint

6 2280 13 2283 -
93 2236 395 2311 separandi,
428 2261 602 2317 usque
630 2250 757 2305 dum
793 2268 892 2323 per
936 2254 1365 2312 satisfactionem
1422 2259 1677 2328 precibus

0 2350 3 2381 1-
99 2335 429 2390 sacerdotum
483 2339 658 2394 eidem
708 2352 908 2398 sanctae
958 2345 1214 2402 Ecclesiae
1273 2349 1535 2405 canonice
1590 2365 1678 2406 re-

101 2424 461 2482 concilientur.
488 2429 627 2485 Suut
658 2432 802 2487 enim
838 2434 964 2490 mali
996 2438 1313 2509 segregandi
1342 2454 1372 2493 a
1407 2439 1582 2507 bonis,
1620 2450 1676 2499 et

8 2536 17 2545 -
94 2513 259 2586 iniqui
308 2532 338 2572 a
373 2517 558 2588 justis,
607 2531 668 2578 ut
699 2524 892 2581 saltem
940 2529 1140 2584 rubore
1171 2546 1271 2587 suo
1312 2534 1674 2592 conscientias

2 2630 19 2662 μ
86 2620 211 2661 suas
256 2622 671 2680 recognoscant,
714 2625 770 2671 et
818 2628 1208 2677 convertantur
1234 2638 1265 2677 a
1312 2625 1673 2694 pravitatibus

82 2696 213 2752 suis.
247 2697 327 2754 Ac
356 2700 401 2755 si
429 2700 830 2777 incorrigibiles
858 2714 1209 2780 apparuerint
1260 2726 1614 2788 segregentur
1639 2735 1671 2775 a

0 2816 3 2847 ;
79 2788 328 2847 fidelibus
356 2809 529 2865 usque
556 2797 624 2851 ad
649 2798 1098 2872 satisfactionem,
1128 2804 1284 2875 juxta
1314 2807 1526 2865 Domini
1558 2812 1669 2867 sal-

76 2885 278 2941 vatoris
304 2889 658 2956 sententiam,
687 2893 777 2962 qui
804 2893 946 2949 inter
968 2906 1163 2953 caetera
1193 2900 1260 2954 de
1307 2913 1568 2970 peccante
1613 2906 1695 2965 in-

73 2992 134 3033 se
148 2977 317 3035 fratre
345 2982 452 3038 ait:
474 3001 493 3035 ι
517 2982 573 3041 Si
596 2990 902 3056 peccaverit
927 2991 981 3045 in
1010 3001 1062 3047 te
1090 2992 1261 3049 frater
1284 3003 1428 3065 tuus,
1454 3003 1668 3073 corripe

72 3087 197 3175 eum
214 3073 367 3184 inter
390 3085 444 3131 te
470 3086 527 3133 et
572 3078 744 3150 ipsum
775 3082 967 3139 solum.
1003 3084 1059 3141 Si
1088 3096 1139 3142 te
1168 3089 1399 3147 audierit
1425 3092 1665 3151 lucratus
1690 3120 1737 3184 ρ

68 3164 182 3220 eris
212 3164 440 3223 fratrem
472 3176 642 3226 tuum.
673 3171 732 3229 Si
761 3182 815 3229 te
839 3191 947 3232 non
972 3179 1228 3248 audierit,
1261 3184 1457 3241 adhibe
1487 3194 1662 3244 tecum

69 3269 241 3311 unum
266 3257 351 3312 vel
381 3260 537 3326 duos,
560 3263 699 3318 utin
723 3279 819 3320 ore
843 3267 1071 3325 duorum
1110 3273 1193 3327 vel
1234 3275 1401 3332 trium
1443 3279 1662 3336 testium

2 3380 9 3399 ί
65 3355 175 3402 stet
226 3363 389 3405 omne
425 3352 667 3409 verbum.
708 3354 860 3424 Quod
901 3360 948 3414 si
992 3376 1099 3417 non
1149 3365 1379 3421 audierit
1423 3383 1539 3435 eos,
1574 3370 1664 3428 dic

65 3435 346 3495 Ecclesiae.
380 3440 439 3497 Si
464 3452 642 3500 autem
670 3446 967 3505 Ecclesiam
1003 3468 1109 3508 non
1140 3457 1392 3524 audierit,
1438 3460 1511 3515 sit
1561 3462 1662 3519 tibi

0 3586 3 3605 ς
62 3531 210 3628 sicut
240 3534 497 3603 ethnicus
524 3545 580 3594 et
620 3540 943 3610 publicanus
974 3530 1377 3618 (Matt/LXVIII,
1406 3552 1654 3628 15-17).:

64 3622 161 3680 His
184 3640 323 3696 ergo
348 3636 404 3682 et
428 3629 615 3686 multis
642 3632 764 3689 aliis
787 3644 1100 3695 sanctorum
1115 3640 1337 3698 Patrum
1363 3622 1660 3704 auctorita-

0 3772 1 3775 η
63 3713 210 3817 tibus
242 3724 371 3817 sunt
401 3719 528 3774 mali
559 3735 590 3775 a
619 3722 775 3781 bonis
798 3730 1104 3798 separandi,
1137 3747 1205 3788 ne
1254 3746 1479 3807 pereant
1519 3739 1657 3811 justi

59 3819 160 3901 pro
188 3807 430 3901 injus-tis,
449 3811 867 3885 sicutscriptum
893 3832 1008 3875 est:
1032 3823 1228 3879 «Periit
1247 3824 1427 3895 justus
1454 3807 1552 3901 pro
1577 3832 1658 3889 in-

53 3894 209 3988 justo
233 3896 291 3968 (I
315 3896 462 3955 Petr.
493 3918 578 3971 nt,
606 3905 718 3977 18).
743 3926 761 3959 ι
793 3908 963 3966 Debet
984 3914 1127 3969 enim
1157 3894 1373 3988 semper
1400 3894 1658 3981 discretio

59 3985 180 4043 fieri
214 3990 363 4046 inter
383 3993 554 4052 bonos
580 4006 634 4053 et
666 4000 856 4069 malos,
906 4005 1046 4062 sicut
1071 4018 1155 4064 est
1202 3985 1343 4067 inter
1378 4014 1560 4074 haedos
1603 4028 1659 4076 et

56 4096 210 4139 oves.
270 4084 556 4146 Manifesta
617 4109 830 4165 quoque
871 4111 1092 4169 peccata
1137 4120 1244 4160 non
1275 4118 1402 4164 sunt
1440 4114 1654 4169 occulta

58 4179 407 4276 correptione
436 4187 735 4256 purganda,
761 4190 854 4245 sed
884 4191 1061 4261 palam
1090 4206 1217 4253 sunt
1251 4202 1512 4272 arguendi
1551 4206 1645 4276 qui

0 4330 1 4335 η
55 4266 242 4364 palam
273 4281 491 4339 nocent,
534 4284 595 4331 ut
619 4277 744 4333 dum
788 4293 973 4353 aperta
1003 4266 1342 4358 purgatione
1364 4266 1650 4364 sanantur,

2 4426 3 4431 η
57 4360 111 4415 hi
164 4363 265 4433 qui
295 4379 389 4421 eos
418 4367 676 4426 imitando
715 4373 1074 4445 deliquerant,
1105 4382 1465 4453 corrigantur.
1512 4360 1648 4445 Dum

54 4453 205 4509 enim
232 4470 374 4512 unus
394 4460 702 4530 corripitur,
725 4464 941 4534 plurimi
967 4471 1338 4531 emendantur.
1370 4476 1438 4531 Et
1458 4479 1652 4537 melius
1678 4509 1731 4570 ο

0 4620 2 4629 γ
56 4554 140 4600 est
184 4557 249 4603 ut
274 4564 373 4619 pro
412 4550 701 4608 multorum
733 4556 1028 4615 salvatione
1056 4578 1196 4618 unus
1223 4567 1648 4641 condamnetur,

55 4652 225 4706 quam
271 4656 369 4710 per
394 4644 556 4701 unius
604 4646 876 4705 licentiam
910 4653 1062 4709 multi
1092 4658 1488 4729 periclitentur.
1537 4664 1649 4723 Nec

56 4730 260 4784 mirum
292 4733 337 4788 si
383 4734 523 4791 inter
551 4738 796 4797 homines
826 4742 942 4799 haec
985 4747 1125 4802 ratio
1155 4752 1476 4821 custoditur,
1522 4770 1645 4813 cum

56 4821 201 4877 inter
248 4823 489 4895 jumenta
531 4829 647 4886 haec
682 4831 795 4888 fieri
828 4850 1069 4910 persaepe
1114 4844 1511 4913 cognoscimus.
1553 4848 1647 4905 Et-

54 4915 200 4969 enim
252 4931 373 4987 qute
401 4922 659 4993 scabiem,
701 4933 793 4981 aut
831 4928 1196 5003 impetiginem
1226 4937 1429 4994 habere
1458 4940 1645 4999 viden-

59 5012 167 5072 tur,
196 5020 516 5076 separantur
550 5029 582 5068 a
612 5015 778 5081 sanis,
838 5036 905 5076 ne
952 5022 1162 5079 illorum
1207 5030 1396 5085 morbo
1445 5040 1641 5091 caetera

54 5094 404 5195 damnentur,
436 5101 519 5157 vel
548 5115 789 5172 pereant.
824 5109 1006 5169 Satius
1042 5129 1171 5185 ergo
1215 5128 1275 5173 ut
1304 5121 1430 5179 mali
1455 5133 1642 5195 aperte

6 5196 11 5199 '
53 5186 419 5276 corrigantur,
454 5209 618 5264 quam
650 5210 750 5265 pro
772 5200 877 5260 illis
913 5205 1037 5261 boni
1080 5220 1326 5276 pereant.
1360 5186 1517 5273 Unde
1545 5233 1640 5274 vo-

54 5274 257 5320 Itlimnc
285 5294 378 5320 vn:
418 5299 606 5320 ηιγιηιιι-
642 5287 693 5320 ς..
724 5308 885 5320 ......-..
923 5313 1052 5320 --___-

1804 489 1849 545 si
1876 489 1991 547 hzrc
2020 492 2403 562 observabitis,
2427 496 2639 565 scitote,
2659 499 2785 569 quia
2805 500 3068 572 scriptum
3094 510 3206 559 est:
3238 523 3256 558 ι
3285 504 3392 563 Ubi

1804 585 2004 643 fuerint
2042 587 2148 643 duo
2180 588 2267 645 vel
2298 597 2409 645 tres
2447 592 2761 663 congregati
2789 592 2844 648 in
2875 593 3093 650 nomine
3123 610 3267 663 meo,
3311 595 3390 652 ibi

1801 696 1896 739 ero
1924 684 1977 739 in
2010 683 2186 739 medio
2208 698 2396 739 eorum
2419 682 2635 755 (Matth.
2661 700 2818 752 xvm,
2847 684 2961 757 20).
2994 704 3014 740 ι
3047 685 3104 742 Si
3136 702 3267 759 ergo
3294 687 3390 743 ad-

1798 790 1919 832 esse
1969 776 2241 848 dignatur,
2288 775 2378 832 ubi
2406 774 2514 831 duo
2540 775 2624 831 vel
2649 784 2761 832 tres
2798 784 2941 842 sunt,
2990 786 3193 848 quanto
3213 778 3390 851 magis

1798 882 1906 923 non
1935 867 2107 923 deerit
2127 866 2217 922 ubi
2238 866 2419 937 plures
2447 867 2777 923 conveniunt
2803 868 3148 925 sacerdotes?
3178 869 3248 926 Et
3266 870 3387 941 qui-

1797 963 1917 1017 dem
1942 961 2069 1032 quia
2096 960 2457 1017 adbibendum
2480 962 2565 1019 bis
2590 946 2646 1019 in
2673 978 2817 1020 anno
2842 963 3132 1020 concilium
3160 964 3386 1022 Patrum

1796 1052 1867 1108 sit
1894 1052 2091 1125 regulis
2116 1052 2420 1110 institutum
2464 1070 2570 1110 non
2612 1054 2764 1122 latet,
2810 1055 2906 1112 sed
2937 1071 3006 1112 ne
3036 1056 3175 1112 forte
3204 1056 3385 1127 aliqua

1794 1146 2071 1203 excusatio
2103 1146 2194 1213 sit,
2230 1147 2397 1202 semel
2427 1147 2769 1204 decerminus
2794 1149 3137 1221 congregari,
3182 1156 3242 1203 ut
3289 1162 3385 1204 ex-

1792 1239 2127 1309 spectatione
2153 1238 2366 1294 concilii
2404 1239 2538 1294 nibil
2574 1254 2824 1311 pravum,
2867 1239 2999 1295 nihil
3022 1248 3385 1312 praesumatur

1791 1329 2059 1386 illicitum.
2091 1329 2228 1385 Nam
2257 1330 2602 1401 plerumque,
2630 1331 2734 1387 etsi
2764 1345 2874 1386 non
2904 1346 3089 1387 amore
3130 1330 3379 1403 justitiae,

1792 1434 1938 1479 metu
1971 1430 2151 1478 tamen
2178 1422 2597 1479 examinationis
2623 1422 2931 1479 abstinetur
2975 1423 3044 1477 ab
3084 1424 3186 1479 hoc
3234 1421 3383 1492 quod

1789 1516 2031 1572 omnium
2062 1522 2247 1571 notum
2277 1523 2361 1570 est
2403 1530 2564 1586 posse
2616 1515 2899 1585 displicere
2935 1514 3160 1584 judicio.
3202 1513 3375 1582 Hanc,

1788 1605 1956 1663 frater
1967 1606 2304 1672 charissime,
2320 1607 2719 1662 observantiam
2742 1605 2945 1662 nostris
2967 1604 3377 1674 relinquendam

1787 1695 2016 1769 posteris
2060 1705 2358 1753 teneamus.
2392 1696 2614 1753 Certum
2662 1697 2862 1769 quippe
2897 1704 3004 1764 est,
3046 1696 3171 1767 quia
3219 1695 3265 1751 si
3319 1695 3378 1749 in

1789 1800 1900 1848 toto
1940 1790 2103 1846 corde
2153 1789 2438 1861 pneeeptis
2490 1805 2591 1846 nos
2642 1789 2971 1846 salutaribus
3024 1802 3371 1859 occupamus,

1782 1899 1996 1940 omnem
2017 1884 2268 1939 vitiorum
2298 1882 2473 1938 labem
2495 1882 2832 1954 effugiemus.
2857 1882 3194 1954 Quapropter
3216 1895 3375 1951 opor-

1784 1983 1880 2042 tet,
1914 1984 1972 2031 ut
1997 1975 2209 2031 enixius
2236 1976 2290 2030 in
2319 1975 2532 2031 cunctis
2557 1974 2828 2031 studiosos
2866 1990 2963 2031 vos
3000 1975 3144 2030 circa
3171 1974 3372 2028 fratres

1781 2077 1943 2140 atque
1972 2067 2243 2138 subjectos
2262 2068 2581 2134 ostendatis,
2616 2075 2676 2123 ut
2712 2083 2903 2123 omnes
2928 2077 3000 2134 te,
3029 2067 3155 2137 quia
3185 2065 3375 2121 nobis-

1780 2177 1906 2218 cum
1935 2160 2098 2217 alitus
2132 2176 2191 2217 es
2216 2170 2381 2233 atque
2415 2168 2618 2216 sanctae
2652 2159 2910 2216 Romana:
2938 2160 3196 2216 Ecclesiae
3227 2174 3370 2230 prae-

1779 2255 2085 2326 ceptoribus
2113 2268 2306 2325 parere
2335 2254 2643 2326 apostolicae
2694 2253 2837 2310 sedis
2873 2260 3142 2323 praecepta
3193 2250 3371 2306 multi-

1777 2348 1980 2420 plicare
2008 2348 2458 2419 apertissimeque
2487 2357 2616 2402 nota
2648 2346 2826 2403 facere
2854 2354 3202 2418 cognoscant,
3234 2345 3363 2415 quia

1777 2439 1923 2509 quod
1970 2438 2279 2510 specialiter
2307 2437 2426 2506 tibi,
2481 2447 2537 2493 et
2562 2437 2790 2492 fratrum
2829 2444 3043 2491 tuorum
3075 2435 3364 2502 charitati,

1777 2540 1837 2585 ut
1859 2539 1964 2586 tuae
1986 2509 2179 2586 litterae
2200 2530 2575 2596 innotuerunt,
2603 2509 2851 2585 consuita
2875 2528 3185 2593 scribimus,
3200 2540 3364 2599 gene-

1776 2622 1962 2677 raliter
1987 2621 2239 2677 omnibus
2271 2630 2457 2676 tenere
2504 2619 2844 2675 mandamus.
2890 2618 3048 2674 Circa
3091 2617 3364 2689 subjecto-

1775 2730 1893 2768 rum
1920 2723 2098 2770 autem
2130 2723 2282 2770 actus
2310 2712 2627 2770 fraternitas
2655 2719 2834 2769 vestra
2856 2712 2928 2768 sit
2951 2710 3220 2784 vigilans;
3270 2723 3364 2766 ve-

1738 2831 1744 2837 ο
1773 2817 1943 2864 strum
1964 2808 2069 2862 illis
2100 2807 2405 2877 exemplum
2433 2806 2802 2872 instructio,et
2831 2805 2944 2860 vita
2980 2802 3238 2876 magistra
3263 2804 3357 2871 sit,

1774 2901 1973 2973 lingua:
2003 2909 2202 2955 vestrae
2228 2899 2609 2956 exhortatione
2638 2899 2852 2955 discant
2877 2896 3019 2968 quod
3044 2901 3367 2961 metuant,el

1772 2993 2070 3047 doceantur
2092 2991 2235 3061 quod
2267 2991 2513 3062 diligant,
2546 3000 2605 3045 ut
2624 2990 2753 3045 dum
2782 2990 2966 3045 talenti
2989 2988 3181 3046 crediti
3211 2988 3363 3044 lucra

1772 3080 2216 3152 multiplicantur,
2248 3080 2299 3134 in
2325 3080 2412 3135 die
2431 3080 2837 3145 retributionis,
2861 3087 3136 3134 annuente
3175 3078 3359 3134 divina

1768 3172 1943 3243 gratia
1971 3170 2158 3227 audire
2184 3170 2501 3226 mereamini
2522 3189 2535 3225 :
2558 3170 2756 3239 «Euge,
2788 3184 2945 3225 serve
2973 3168 3114 3224 bone
3151 3176 3208 3223 et
3229 3168 3361 3223 [lde-

1766 3266 1868 3321 lis:
1896 3266 2038 3321 intra
2061 3265 2117 3319 in
2141 3264 2396 3337 gaudium
2423 3263 2636 3320 Domini
2664 3263 2740 3318 tui
2773 3262 2987 3335 (Matth.
3024 3277 3153 3329 xxv,
3188 3259 3302 3333 2i).
3334 3279 3355 3312 ι

1766 3357 1963 3413 Curam
1989 3364 2251 3428 praeterea
2293 3356 2359 3412 de
2384 3355 2637 3411 omnibus
2662 3369 2782 3426 quae
2808 3352 2963 3409 vobis
2996 3351 3223 3423 aliisque
3248 3351 3361 3429 fra-

1768 3451 1943 3506 tribus
1972 3450 2199 3516 nostris,
2231 3458 2287 3506 et
2309 3450 2638 3523 generaliter
2672 3448 2883 3505 cunctis
2908 3463 3008 3520 pro
3041 3447 3358 3504 illicitarum

1763 3560 1946 3599 rerum
1974 3543 2319 3615 prohibitone
2348 3543 2664 3613 scripsimus
2702 3542 2905 3598 habere
2925 3556 3021 3597 vos
3041 3554 3138 3610 per
3171 3538 3356 3595 omnia

1762 3652 2153 3709 cognoscamus
2204 3652 2325 3707 qua:
2381 3634 2529 3691 omni
2600 3633 2778 3689 studio
2833 3633 3088 3701 Omnique
3159 3629 3356 3686 annisu

1762 3744 1987 3785 necesse
2018 3737 2122 3795 est,
2170 3736 2228 3783 ut
2271 3726 2629 3783 fraternitatis
2657 3734 2853 3780 vestrae
2897 3721 3176 3796 vigilantia
3204 3735 3360 3778 com-

1758 3822 2031 3893 pleantur,
2049 3830 2213 3892 atque
2233 3819 2415 3875 omnia
2443 3818 2552 3875 illic
2576 3833 2696 3888 quae
2722 3831 2822 3889 pro
2844 3815 3150 3871 animarum
3175 3811 3354 3869 salute

1761 3914 2078 3986 scripsimus
2103 3911 2332 3968 ﬁdeliter
2355 3916 2762 3975 recenseantur,
2794 3916 3060 3979 quatenus
3083 3919 3182 3976 per
3211 3904 3346 3971 hoc,

1759 4015 1815 4063 et
1843 4023 1937 4063 vos
1970 4006 2144 4063 zelum
2167 4015 2430 4072 vestrum,
2478 4012 2534 4059 et
2559 4003 2795 4075 qualiter
2823 4002 2975 4057 vobis
3019 3999 3205 4056 illicita
3238 3998 3352 4055 dis-

1757 4096 1994 4166 pliceant
2025 4096 2345 4161 ostendatis,
2387 4104 2444 4150 et
2465 4109 2565 4150 nos
2588 4093 2791 4149 utiliter
2811 4091 3112 4163 providisse
3132 4090 3224 4162 qui
3252 4103 3350 4144 ve-

1757 4198 1926 4245 stram
1951 4189 2017 4243 ad
2047 4188 2146 4243 hoc
2171 4203 2282 4258 prae
2305 4187 2514 4242 caeteris
2542 4200 2831 4257 personam
2858 4184 3139 4257 elegimus,
3162 4182 3347 4239 videa-

1739 4296 1899 4335 ‘mur.
1929 4278 2283 4353 Omnipotens
2308 4286 2489 4334 autem
2537 4276 2681 4332 Deus
2726 4291 2822 4333 sua
2864 4293 2960 4332 vos
3005 4274 3345 4347 protectionc

1757 4371 2044 4437 custodiat,
2063 4373 2438 4441 honoremque
2462 4380 2796 4444 pratceptum
2817 4385 2916 4427 vos
2948 4369 3194 4426 moribus
3225 4380 3342 4424 ser-

1757 4481 1886 4522 vare
1916 4464 2201 4523 concedat.
2226 4464 2423 4522 Amen.
3380 4475 3386 4523 :

2374 4670 2699 4687 ——‘

1821 4837 2093 4915 Quantum
2134 4839 2537 4915 conjiciendum
2580 4847 2668 4895 est
2712 4837 3136 4915 exrpraefatione
3185 4850 3349 4906 quam

1750 4909 2052 4983 lnticoperi
2084 4921 2395 4983 pl‘inOSllil,
2431 4911 2689 4977 lsidorus,
2722 4909 2968 4971 collectio
3013 4910 3351 4983 decretorum

1752 4977 2127 5050 conciliorum,
2196 4977 2262 5036 ac
2339 4990 2686 5050 sanctionum
2736 4985 3079 5054 pontiﬁcum,
3128 4993 3245 5048 qua:
3298 4977 3357 5030 in

1751 5066 1916 5176 intuit:
1945 5054 2315 5181 eodmtportavit
2362 5056 2638 5141 presbyter
2663 5061 2723 5108 et
2743 5051 2960 5132 collegit
2980 5051 3119 5107 idem
3145 5055 3352 5110 auctor,

1770 5138 1838 5177 ne
1869 5138 1898 5177 c
1920 5139 1988 5180 au
2030 5144 2045 5181 ι
2076 5143 2159 5181 ur.

1770 5128 1838 5177 tie
1869 5128 2159 5183 clauditur.
2366 5128 2384 5141 ‘
2896 5128 2914 5132 ⁷
3359 5164 3363 5171 ι

1820 5192 2063 5268 Reliquae
2084 5211 2212 5252 vero
2236 5191 2700 5268 constitutiones
2732 5211 2863 5268 qua;
2886 5197 3196 5268 sequuntur,
3220 5186 3369 5263 vide:

1746 5262 1873 5320 licet
1898 5261 2144 5320 Gregorii
2177 5261 2452 5320 minati:
2514 5262 2592 5292 ιν·
2751 5261 2770 5272 ε
2843 5273 2888 5282 --
2974 5261 2988 5272 νο
