3988 6430
547 363 686 422 1159

618 518 965 577 INCIPIUNT
1024 518 1345 577 DECRETA
1384 518 1716 581 GREGORII
1756 524 2057 584 MINORIS.

625 660 677 715 I.
721 659 791 716 Ut
842 658 1023 719 nullus
1078 661 1274 719 audeat
1298 662 1679 735 prcsbvteram
1727 664 1784 722 in
1828 664 2137 740 conjugium

555 751 774 809 ducere.

615 843 669 901 2.
703 843 863 912 Item,
891 845 957 902 de
981 845 1231 903 diacona.

542 939 668 1091 las.
699 939 856 1003 Item.
906 942 974 998 de
1011 942 1280 999 monacha
1342 958 1506 1015 quam
1532 944 1627 1002 Dei
1655 945 1907 1002 ancillam
1958 944 2142 1018 appel-

598 1042 677 1090 nt.

598 1042 677 1090 nt.

614 1125 671 1181 4.
699 1124 858 1194 Item,
890 1126 954 1184 de
984 1134 1288 1185 commatre
1313 1128 1605 1200 spirituali.

615 1217 670 1274 5.
693 1219 847 1288 Item,
880 1222 946 1277 de
972 1221 1161 1278 fratris
1196 1237 1385 1279 uxore.

613 1308 667 1367 6.
697 1311 855 1381 Item,
882 1314 950 1371 de
970 1322 1151 1385 nepte.

614 1403 666 1458 7.
693 1404 849 1472 Item,
872 1406 940 1463 de
960 1421 1215 1475 noverca,
1246 1414 1341 1462 aut
1374 1422 1533 1465 nuru.

616 1496 671 1553 8.
713 1497 871 1566 Item,
897 1500 964 1555 de
987 1499 1335 1559 consobrina.

619 1589 675 1646 9.
716 1590 875 1658 Item,
913 1590 980 1647 dc
1005 1591 1223 1664 propria
1253 1591 1601 1662 cognatione,
1637 1589 1725 1650 vel
1759 1605 1922 1664 quam
1943 1605 2143 1667 cogna-

556 1687 640 1737 tus
677 1681 886 1738 habuit.

622 1774 708 1830 I0.
753 1774 825 1833 Ut
846 1775 1061 1837 viduam
1096 1791 1258 1835 nemo
1283 1775 1495 1835 furetur
1515 1776 1571 1832 in
1606 1792 1854 1837 uxorem.

624 1869 709 1927 II.
749 1868 908 1939 Item,
938 1877 1003 1925 ut
1025 1869 1297 1942 virginem
1325 1885 1486 1927 nemo
1508 1871 1720 1927 furetur
1740 1871 1796 1927 in
1818 1884 2068 1928 uxorem.

615 1960 701 2018 I2.
742 1960 820 2019 De
841 1962 1183 2035 aruspicibus
1208 1963 1292 2023 vel
1314 1962 1782 2033 incantatoribus,
1816 1979 1914 2022 seu
1964 1963 2140 2037 phila-

543 2053 748 2110 cteriis.

620 2145 709 2201 15.
750 2146 827 2202 De
852 2148 1138 2219 praeceptis
1159 2148 1419 2213 Ecclesiae
1443 2148 1815 2208 observandis.

626 2238 716 2294 II.
759 2239 836 2295 De
863 2239 1105 2297 Adriano
1137 2240 1249 2298 ﬁlio
1278 2242 1604 2299 Exhilarati.

613 2331 697 2388 I6.
742 2332 830 2391 Dc'
849 2334 1147 2404 Epiphania
1172 2336 1424 2394 diacona.

620 2425 706 2481 16.
750 2426 822 2489 Ut
847 2426 1025 2484 nullus
1046 2428 1245 2485 audeat
1281 2443 1564 2489 assensum
1595 2428 1856 2492 tribuere.

618 2518 709 2579 I7.
747 2519 825 2577 De
849 2535 1005 2577 coma
1034 2520 1220 2579 clerici
1244 2536 1356 2579 non
1375 2522 1689 2581 relaxanda.

617 2613 673 2669 In
734 2616 953 2672 nomine
1012 2617 1225 2673 Domini
1270 2617 1580 2684 salvatoris,
1624 2616 1722 2674 Dei
1785 2617 1957 2676 nostri
2015 2615 2143 2674 Jesu

547 2707 777 2775 Christi,
799 2710 1102 2780 imperante
1125 2710 1349 2766 domino
1390 2710 1634 2780 piissimo
1655 2712 1900 2783 Augusto
1936 2710 2142 2775 Leone,

544 2816 577 2858 a
602 2801 714 2860 Deo
737 2812 999 2859 coronato
1020 2818 1216 2875 magno
1241 2812 1296 2859 et
1318 2802 1547 2873 paciﬁco
1571 2803 1901 2875 imperatore
1922 2818 2067 2858 anno
2087 2802 2138 2866 6,

547 2906 670 2969 post
692 2896 1035 2954 consulatum
1072 2913 1205 2953 vero
1226 2896 1343 2967 ejus
1368 2911 1512 2952 anno
1544 2895 1633 2961 17,
1664 2896 1759 2952 sed
1796 2905 1850 2952 et
1880 2895 2146 2951 Constan-

548 2988 666 3044 tino
694 2988 1026 3059 imperatore
1059 2986 1178 3057 ejus
1203 2987 1313 3043 tilio
1345 3003 1487 3044 anno
1505 2987 1560 3053 2,
1598 3002 1785 3045 mense
1825 2985 2019 3057 Aprili,
2063 2985 2146 3039 in-
2179 3050 2201 3065 ο

547 3079 790 3136 dictione
816 3082 868 3147 ι,
902 3080 1224 3151 praesidente
1254 3079 1602 3136 sanctissimo
1636 3078 1899 3151 Gregorio
1929 3085 2144 3149 aposto-

546 3173 651 3230 lico
676 3189 817 3245 papa
852 3173 905 3228 in
930 3173 1152 3230 basilica
1179 3173 1326 3228 beati
1362 3172 1511 3228 Petri
1542 3172 1909 3244 apostolorum
1938 3168 2145 3242 princi-

1372 363 1666 426 APPEND.
1698 366 1791 423 an
1831 364 2009 424 sae.
2046 365 2142 425 Ix.
2162 319 2241 413 ⁴--
2262 368 2518 430 ISIDORI
2547 343 2997 433 unncuoms

2158 492 2213 553 Α
2239 488 2364 555 tior,
2395 496 2558 560 atque
2586 490 2748 545 nimis
2788 490 3033 558 tabesco,
3069 506 3140 549 ne
3180 492 3494 566 serpentina
3541 492 3846 553 calliditate

3711 381 3845 438 1110

2248 585 2414 654 (quod
2461 585 2626 658 absit)
2676 584 2909 642 leviores
2959 599 3208 659 quosque
3263 588 3521 659 decipiat,
3548 588 3674 644 Deo
3722 605 3847 646 vero

2246 674 2463 732 favente
2512 677 2876 734 sollicitudine
2913 678 3078 733 nimia
3124 677 3270 745 freti,
3316 681 3562 734 animam
3612 680 3848 751 aequiore

2246 778 2428 826 mente
2455 771 2638 828 divino
2674 771 2956 843 juvamine
2984 788 3084 843 pro
3124 772 3301 827 salute
3345 773 3603 829 omnium
3634 774 3849 830 studere

2244 864 2523 931 debemus,
2544 874 2605 921 ut
2625 865 2907 922 inconfnso
2922 865 3072 920 vultu
3094 881 3205 922 non
3229 867 3295 921 de
3309 863 3503 920 fraude
3524 864 3847 935 cujusquam

2242 958 2477 1029 perculsi
2507 959 2763 1015 assistere
2783 968 2986 1015 aeterno
3007 958 3179 1031 judici
3209 969 3548 1025 mereamur,
3581 967 3643 1013 et
3666 974 3845 1015 vocem

2246 1050 2434 1106 audire
2453 1049 2786 1120 inquientem
2806 1068 2819 1104 :
2842 1068 2860 1102 ι
2883 1050 3051 1123 Euge,
3076 1064 3233 1105 serve
3249 1051 3407 1116 bone,
3430 1048 3714 1116 etﬂdclis,
3733 1053 3845 1122 quia

2243 1154 2409 1211 super
2427 1155 2600 1211 pauca
2629 1140 2778 1197 fuisti
2806 1140 3000 1208 ﬁdelis,
3018 1155 3182 1211 supra
3204 1140 3372 1195 multa
3395 1150 3451 1195 te
3473 1140 3842 1197 constituam:

2243 1234 2384 1289 intra
2408 1235 2463 1289 in
2489 1235 2744 1307 gaudium
2768 1234 2981 1291 Domini
3005 1234 3081 1290 tui
3112 1233 3330 1307 (Matth.
3362 1249 3500 1298 xxv,
3521 1233 3687 1305 21).»
3725 1233 3843 1290 Hinc

2242 1342 2479 1399 namque
2521 1337 2609 1385 est
2650 1329 2794 1400 quod
2841 1328 3199 1399 ingemiscens
3243 1328 3411 1385 dico:
3451 1326 3600 1395 Quia
3676 1328 3843 1397 βοροὲ

2241 1420 2542 1478 Christiani
2594 1420 2805 1491 aliquos
2850 1434 2952 1491 per
3000 1418 3337 1490 provinciam
3379 1417 3559 1473 Italiae
3610 1432 3845 1473 comme-

2241 1522 2453 1580 rantes,
2481 1512 2644 1569 audio
2691 1521 2896 1570 temere
2944 1520 3139 1569 contra
3186 1510 3521 1567 catholicam
3582 1509 3767 1573 ﬁdem,
3796 1518 3846 1565 et

2241 1605 2470 1663 Patrum
2506 1613 2711 1662 statuta
2740 1614 2986 1676 patrare,
3020 1604 3094 1659 ita
3115 1612 3177 1659 ut
3198 1603 3310 1659 Deo
3339 1612 3598 1658 sacratas
3616 1601 3846 1656 feminas

2240 1701 2440 1758 ducere
2472 1707 2806 1771 praesumant
2834 1698 3111 1764 mulieres,
3136 1705 3193 1753 et
3214 1696 3560 1768 propinquas
3591 1693 3842 1763 eortiugio

2244 1792 2472 1851 socient.
2518 1792 2673 1861 Quod
2703 1799 3068 1863 opportunum
3120 1796 3206 1846 est
3255 1786 3493 1859 spiritali
3567 1794 3844 1856 amputare

2167 1882 2217 1945 B
2243 1899 2524 1951 mucrone,
2549 1893 2714 1954 atque
2742 1884 2788 1939 si
2817 1890 3015 1939 vestrae
3044 1880 3222 1952 placet
3242 1877 3566 1935 sanctitati:
3595 1876 3843 1932 radicitus

2241 1973 2421 2041 evelli,
2449 1989 2519 2031 ne
2547 1989 2703 2045 seges
2723 1972 2850 2029 boni
2873 1970 3123 2043 agricolae
3152 1969 3498 2026 zizaniorum
3529 1968 3704 2022 mista
3731 1968 3840 2023 bor-

2242 2067 2491 2127 rentibus
2517 2064 2733 2123 frutetis
2758 2064 3055 2120 sordescat.
3085 2060 3436 2119 Sanctissimi
3466 2058 3741 2129 episcopi,
3762 2073 3839 2112 sea

2246 2157 2587 2217 venerabiles
2615 2156 3014 2228 responderunt
3040 2171 3053 2211 :
3086 2148 3228 2211 Ve're
3253 2152 3661 2224 cognoscimus
3686 2152 3837 2223 gratia

2243 2250 2421 2309 sancti
2452 2248 2689 2320 Spiritus
2714 2262 2811 2304 cor
2835 2246 3172 2319 apostolatus
3197 2245 3367 2302 vestri
3412 2258 3774 2307 sacceum,
3797 2252 3840 2298 et

2242 2352 2304 2401 ut
2366 2343 2628 2399 radicitus
2682 2349 2850 2396 tanta:
2895 2340 3131 2398 miseriae
3182 2337 3471 2409 squalores
3520 2351 3562 2392 ει
3622 2334 3838 2391 ﬁdeli-st

2244 2436 2516 2493 mentibus
2558 2435 2931 2505 detergantur,
2961 2441 3021 2489 et
3048 2431 3177 2504 quia
3214 2429 3415 2488 vulnus
3443 2426 3681 2499 corpori
3736 2425 3835 2480 isi-

2243 2543 2374 2585 xum
2401 2527 2551 2584 aditu
2581 2527 2708 2583 talis
2733 2525 2971 2583 miseriae
3013 2525 3271 2581 obserato
3323 2522 3567 2578 salutari
3615 2519 3835 2575 antidoto

2244 2629 2488 2686 curetur,
2521 2620 2662 2677 sicut
2689 2620 2833 2677 bene
2854 2618 3146 2690 praevisum
3173 2626 3260 2674 est
3282 2614 3694 2671 interdictione
3721 2626 3839 2667 suae

2246 2710 2527 2776 thematis,
2558 2725 2626 2765 ne
2657 2708 2837 2765 denuo
2880 2708 2984 2763 hoc
3007 2706 3276 2777 quispiam
3297 2703 3616 2768 Romanus,
3642 2701 3841 2772 longo-

2244 2805 2471 2871 bardus,
2496 2803 2583 2861 vel
2606 2806 2982 2874 cujuscunque
3032 2800 3105 2855 sit
3134 2799 3337 2870 gentis,
3360 2798 3625 2868 sacrique
3667 2797 3841 2866 baptio

2245 2896 2436 2955 sumtis
2461 2895 2603 2951 unda
2633 2894 2777 2950 lotus
2799 2898 3051 2957 attentet,
3069 2899 3131 2946 ut
3154 2881 3261 2946 nun
3305 2890 3451 2945 tanti
3479 2887 3687 2960 piaculi
3716 2886 3843 2942 mole

2245 3004 2537 3060 oppressus
2594 2986 3080 3059 praecipitationem
3141 2982 3387 3048 incidat,
3447 2992 3551 3037 aut
3598 2980 3843 3050 voragine

2246 3089 2526 3153 mergatur
2560 3078 2880 3150 iniquitatis,
2912 3076 3076 3135 vitari
3104 3076 3320 3141 debeat,
3374 3085 3551 3144 atque
3597 3072 3844 3129 radicitus

2248 3174 2466 3230 evellat.
2501 3171 2628 3227 Post
2658 3171 2800 3227 hanc
2831 3168 3074 3226 omnium
3105 3180 3407 3225 consonam
3436 3164 3843 3235 responsionem

546 3266 634 3338 pis
665 3275 793 3322 ante
819 3265 1242 3328 confessionem,
1283 3264 1696 3319 considentibus
1718 3263 1884 3318 etiam
1911 3262 2144 3317 sanctis-
2173 3287 2218 3350 Ο
2249 3266 2543 3337 Gregorius
2574 3263 2905 3335 apostolicus
2932 3277 3074 3333 papa
3102 3270 3228 3321 ante
3253 3274 3456 3330 corpus
3486 3265 3845 3314 niemoratun

548 3358 701 3417 simis
720 3359 988 3429 episcopis
1012 3358 1238 3430 Agnello
1264 3356 1627 3423 Ferentinati,
1651 3355 1875 3429 Aguello
1897 3354 2142 3421 Sutrino,

2246 3356 2574 3414 venerabilis
2587 3353 2884 3411 Christiani
2899 3352 3270 3424 apostolorum
3286 3349 3562 3422 principis
3575 3346 3847 3405 inferendo

548 3449 758 3508 Joanne
788 3451 1186 3516 Belliterncnsi,
1210 3450 1527 3507 Triburatio
1558 3448 1778 3515 Filaris,
1810 3448 1985 3504 Vitale
2020 3446 2149 3502 Ala-
2245 3450 2574 3513 sententiam
2597 3449 2737 3505 dixit
2766 3465 2781 3503 :

549 3543 715 3608 trino,
742 3543 1028 3599 Anastasio
1060 3542 1368 3598 Tiburtino.
1411 3540 1730 3615 Opportuna
1757 3540 2144 3606 Maurianensi,

550 3634 765 3692 Joanne
820 3636 1076 3702 Blerano,
1126 3636 1459 3692 Mauriciano
1507 3635 1686 3703 Sabis,
1729 3635 1969 3693 Wiliarit
2008 3634 2148 3692 Nar-

550 3729 753 3796 mensi,
778 3728 1014 3800 Georgio
1042 3729 1354 3795 Portuensi,
1394 3729 1584 3801 Sergio
1613 3729 1953 3797 Prenestino,
1989 3729 2149 3787 Tibe-

551 3822 638 3876 rio
702 3820 864 3876 Silvaa
928 3820 1208 3888 Candidas,
1278 3820 1442 3877 Petro
1514 3820 1821 3882 Camerino,
1884 3820 2150 3892 Gregorio

551 3913 717 3986 ιω
760 3915 1057 3987 Anagnias,
1099 3914 1399 3975 Sinderedo
1454 3914 1861 3986 archiepiscopo
1912 3914 2147 3985 Spamaa,

552 4004 785 4075 Georgio
830 4006 1010 4077 Nepae,
1053 4006 1254 4062 Sedulo
1305 4007 1564 4077 episc0po
1593 4000 1915 4069 Britanniae,
1942 4005 2152 4061 Joanne

558 4096 791 4169 Signias,
813 4098 1077 4171 Fergusto
1097 4100 1353 4171 episcopo
1384 4098 1603 4165 Scotiae,
1633 4099 1849 4154 Audrea
1878 4098 2151 4155 Albauen-

560 4190 629 4257 si,
663 4199 719 4246 et
738 4191 986 4247 Maurino
1012 4191 1270 4257 Palmari,
1320 4208 1413 4249 seu
1447 4191 1849 4247 venerabilibus
1875 4192 2152 4262 presbyte-

560 4284 660 4350 ris,
686 4283 927 4341 Sisinnio
950 4283 1176 4352 Joanne,
1205 4285 1331 4343 item
1352 4284 1579 4350 Joanne,
1596 4282 2152 4354 Eustratio,Gcorgio,

556 4376 809 4446 Talasio,
869 4376 1109 4443 Marino,
1162 4376 1541 4443 Constantino,
1588 4374 1874 4447 Gregorio,
1920 4373 2151 4440 Joanne,

555 4470 878 4543 Epiphanio,
920 4470 1150 4537 Marino,
1201 4469 1430 4536 Joanne,
1476 4480 1533 4526 et
1561 4468 1792 4534 Joanne,
1853 4466 2156 4524 astantibus

557 4577 774 4633 quoque
817 4563 1165 4628 diaconibus,
1230 4561 1394 4617 Petro
1442 4560 1860 4624 archidiacono,
1922 4557 2154 4629 Georgio

2317 3568 2358 3624 l.
2400 3569 2460 3624 St
2510 3567 2633 3638 quis
2685 3564 3062 3637 presbyteram
3119 3560 3338 3617 duxerit
3384 3558 3442 3615 in
3488 3556 3845 3629 coniugium,

2249 3661 2540 3717 anathema
2593 3658 2686 3715 sit.
2740 3656 2808 3712 Et
2828 3653 3226 3726 responderunt
3275 3666 3469 3708 omnes
3505 3650 3851 3705 :Anatbena

2250 3753 2343 3810 sit.

2319 3861 2380 3919 II.
2445 3858 2505 3918 Si
2556 3861 2680 3933 quis
2733 3859 3022 3916 diaconam
3087 3856 3144 3912 in
3209 3853 3527 3927 coniugium
3584 3853 3848 3919 duxerit,

2252 3957 2544 4012 anathema
2582 3953 2670 4010 sit.
2696 3952 2765 4009 Et
2816 3949 3212 4011 resnonderunt
3231 3961 3425 4003 omnes
3474 3945 3645 4002 tertio
3673 3963 3689 3999 :
3714 3944 3848 3999 Ana-

2254 4052 2437 4107 thcma
2476 4050 2567 4106 sit.

2328 4160 2411 4215 Ill.
2445 4159 2501 4216 Si
2550 4159 2675 4231 quis
2707 4156 3033 4213 monacham
3062 4168 3226 4226 quam
3251 4152 3350 4208 Det
3390 4151 3651 4207 ancillam
3669 4149 3849 4223 appel-

2258 4253 2473 4321 lamus,
2525 4252 2580 4307 in
2611 4249 2936 4322 conjugium
2990 4247 3249 4314 duxerit,
3305 4245 3606 4300 anathema
3647 4244 3746 4299 sit.
3794 4241 3855 4299 Et

2260 4347 2657 4419 responderunt
2678 4358 2867 4400 omnes
2902 4341 3060 4398 tertio
3092 4357 3106 4395 :
3135 4339 3441 4396 Anathema
3473 4338 3569 4395 sit.

2330 4462 2419 4517 1V.
2447 4460 2505 4516 Si
2525 4458 2648 4532 quis
2673 4465 3028 4515 commatrem
3053 4452 3359 4525 spiritalem
3404 4450 3623 4508 duxerit
3650 4450 3710 4505 in
3738 4463 3857 4505 con-

2253 4555 2480 4630 jugium,
2506 4551 2796 4606 anathema
2816 4549 2908 4606 sit.
2930 4547 3001 4603 Et
3020 4546 3421 4616 responderunt
3438 4558 3635 4600 omnes
3664 4543 3856 4601 tertio:

558 4653 837 4719 Orascho,
900 4670 995 4709 seu
1050 4653 1360 4719 Benedicto,
1418 4652 1502 4707 vel
1543 4660 1741 4707 cuncto
1792 4651 1966 4715 clero,
2023 4649 2561 4729 Gre-DAnathema
2591 4646 2681 4702 sit.

558 4744 745 4814 gorius
801 4744 1214 4811 sanctissimus,
1284 4759 1347 4798 ac
1400 4741 1746 4798 beatissimus
1791 4755 1969 4812 papa,
2029 4748 2155 4795 ante

559 4852 756 4909 corpus
801 4839 1101 4894 beatissimi
1148 4838 1292 4894 Petri
1325 4838 1380 4893 in
1426 4836 1636 4908 synodo
1680 4835 1927 4891 residens
1971 4834 2150 4890 dixit:

629 4929 764 4986 Cum
795 4932 967 4988 simus
993 4932 1297 5002 Dominicze
1310 4930 1483 5001 plebis
1525 4942 1763 5001 superna
1796 4927 2148 4983 miseratione

561 5031 821 5091 rectores,
848 5026 1144 5085 studiusius
1176 5041 1274 5082 nos
1299 5025 1553 5081 convenit
1585 5024 1679 5079 Dei
1718 5023 2027 5095 praesidium
2054 5038 2151 5092 pro

561 5128 749 5171 eorum
781 5131 920 5188 saepe
952 5117 1191 5191 rcgitare
1220 5117 1413 5183 salute,
1443 5133 1510 5174 ne
1555 5117 1622 5173 de
1652 5114 1877 5175 creditis
1923 5113 2153 5169 frustra-

565 5207 741 5279 tisque
765 5209 931 5281 (quod
970 5212 1130 5282 absit)
1172 5210 1462 5265 animabus
1501 5209 1713 5263 insidiis
1740 5207 1949 5277 antiqui
1978 5206 2151 5262 hostis

563 5308 690 5355 ante
733 5309 1004 5371 pastorem
1036 5303 1301 5368 omnium,
1340 5301 1443 5356 nisi
1475 5302 1734 5357 succedat
1772 5297 2155 5369 prmvcniendo

564 5390 902 5449 de-oﬂ‘ensis
952 5395 1240 5461 correctio,
1292 5393 1595 5451 districtam
1629 5407 1889 5463 cogamur
1949 5389 2158 5446 solvere

564 5482 859 5551 rationem,
889 5483 1124 5554 dumque
1155 5484 1430 5557 perpendo
1456 5483 1540 5539 vel
1584 5483 1651 5540 ad
1682 5482 1923 5538 animum
1959 5481 2159 5537 reduco

566 5585 771 5646 quanta
838 5578 1327 5648 circumspectione
1375 5592 1475 5633 nos
1532 5584 1782 5647 oporteat
1831 5572 2159 5646 invigilando

566 5678 758 5726 contra
786 5671 868 5725 sui
899 5671 1163 5742 cujusque
1184 5669 1405 5726 sceleris
1429 5668 1723 5739 nequitiam
1747 5667 1988 5735 obviare,
2017 5675 2072 5721 ct
2112 5663 2151 5723 si

492 5806 538 5863 ᾗ
569 5762 785 5830 quando
832 5763 1080 5820 insilierit
1124 5764 1190 5820 ad
1233 5765 1631 5841 perturbandas
1676 5763 1911 5819 ﬁdelium
1955 5771 2164 5818 mentes

575 5849 854 5925 adiutorio
881 5868 1120 5929 superno
1162 5856 1296 5916 ictui
1333 5857 1451 5929 ejus
1496 5857 1755 5915 resistere
1787 5856 1942 5913 valde
1969 5870 2164 5914 concu-

2332 4758 2399 4814 ν.
2431 4758 2489 4814 Si
2518 4757 2642 4829 quis
2674 4753 2866 4811 fratris
2893 4766 3123 4809 uxorem
3154 4750 3372 4807 duxerit
3415 4750 3472 4805 in
3520 4749 3857 4823 coniugium,

2258 4853 2554 4910 anathema
2625 4849 2717 4905 sit.
2774 4848 2844 4903 Et
2920 4844 3324 4916 responderunt
3385 4858 3583 4899 omnes
3641 4860 3658 4897 :
3721 4843 3859 4897 Ana.

2261 4947 2445 5001 thema
2476 4942 2564 4999 sit.

2336 5059 2422 5119 VI.
2459 5059 2518 5117 Si
2550 5059 2670 5131 quis
2700 5066 2917 5129 neptem
2971 5054 3193 5111 duxerit
3240 5054 3297 5109 in
3351 5052 3694 5124 conjugium,
3739 5068 3860 5105 ana-

2264 5157 2448 5212 thema
2501 5154 2590 5210 sit.
2637 5150 2706 5208 Et
2760 5149 3163 5222 responderunt
3213 5161 3406 5209 omnes
3457 5146 3670 5201 tertio:
3721 5146 3859 5200 Ana-

2266 5250 2445 5307 thcma
2474 5248 2564 5305 sit.

2337 5363 2443 5419 VII.
2474 5361 2534 5418 Si
2556 5360 2677 5433 quis
2704 5372 3018 5424 novercam,
3050 5362 3145 5411 aut
3168 5369 3361 5411 nurum
3392 5353 3614 5410 duxerit
3658 5351 3717 5410 in
3746 5368 3863 5408 cos-

2259 5459 2495 5537 jugium,
2525 5456 2812 5512 anathema
2843 5453 2936 5509 sit.
2961 5452 3028 5509 Et
3052 5449 3453 5522 responderunt
3468 5463 3669 5505 omnes
3690 5450 3859 5504 tertio:

2266 5552 2569 5606 Anathema
2601 5548 2693 5604 sit.

2347 5666 2474 5724 Vlll.
2510 5664 2570 5721 Si
2606 5664 2729 5736 quis
2766 5661 3152 5719 consobrinam
3193 5659 3408 5719 duxerit
3444 5659 3497 5715 in
3532 5661 3856 5733 coniugium,

2267 5762 2555 5818 anathema
2602 5759 2692 5816 sit.
2742 5758 2808 5815 Et
2835 5755 3233 5830 responderunt
3261 5769 3455 5814 omnes
3477 5755 3649 5815 tertio
3681 5770 3699 5811 :
3729 5756 3857 5813 Las.

2271 5858 2457 5919 thema
2479 5854 2572 5913 sit.
