3988 6434
92 440 272 501 1181

1290 439 1779 501 DECRETALIUBI
1815 436 2215 499 COLLECTIO.

3275 433 3415 493 II“

188 559 300 615 IX.
332 557 389 615 Si
414 558 539 629 quis
568 557 635 615 de
660 555 883 628 propria
922 556 1266 629 cognatione,
1295 559 1379 613 vel
1423 572 1588 628 quam
1631 571 1723 613 εο-
1751 561 1803 622 Λ
1827 568 2126 626 eorumque
2151 552 2527 625 episcoporum
2554 547 2825 605 manibus.
2868 546 3035 619 Igitur
3061 553 3183 617 post
3204 544 3417 617 aliquos

96 658 333 722 gnatus
382 649 597 716 habuit,
647 650 861 709 duxerit
898 665 1146 719 uxorem,
1176 652 1465 706 anathema
1511 651 1602 705 sit.
1658 649 1726 705 Et

100 743 536 815 responderunt
558 757 750 800 omnes
778 745 941 800 tertio
967 759 983 798 :
1014 744 1319 800 Anathema
1347 744 1438 800 sit.

194 853 278 910 Χ.
308 854 371 911 Si
402 855 525 925 quis
552 856 768 912 viduam
819 857 1030 914 furatus
1076 857 1238 912 fuerit
1280 857 1333 912 in
1361 872 1607 922 uxorem,
1642 856 1728 913 vel

102 949 485 1004 consentiens
502 948 576 1012 ei,
601 949 892 1004 anathema
923 950 1012 1005 sit.
1043 949 1519 1007 Etresnonderunt
1538 964 1728 1008 omnes

108 1039 304 1094 tertio
331 1057 347 1094 :
374 1039 677 1095 Auatbema
707 1040 797 1096 sit.

202 1152 303 1208 XI.
331 1153 389 1209 Si
416 1154 537 1224 quis
562 1154 851 1227 virginem,
877 1153 982 1210 nisi
1003 1155 1433 1228 desponsaverit,
1463 1155 1728 1227 rapuerit,

107 1243 220 1299 vel
278 1243 490 1300 furatus
535 1244 700 1301 fuerit
748 1246 805 1300 in
858 1262 1105 1316 uxorem,
1133 1248 1221 1305 vel
1274 1250 1625 1307 consentiens
1655 1250 1728 1320 ei,

110 1345 433 1399 anathema
462 1344 550 1400 sit.
577 1343 645 1399 Et
676 1346 1074 1417 responderunt
1123 1362 1313 1404 omnes
1358 1348 1518 1405 tertio
1544 1364 1558 1403 :
1585 1348 1731 1406 Ana-

117 1436 327 1491 thema
356 1436 447 1491 sit.

204 1548 327 1604 XII.
374 1549 433 1605 Si
486 1550 607 1621 quis
661 1550 864 1607 artolos
896 1593 910 1617 ,
969 1554 1250 1625 aruspices
1291 1596 1306 1623 ,
1363 1566 1733 1616 incantatores

122 1642 556 1708 observaverit,
592 1652 687 1698 aut
732 1643 1080 1716 phylacteriis
1110 1663 1241 1704 usus
1269 1648 1451 1715 fuerit,
1508 1653 1734 1709 anathe-

119 1748 225 1787 ma
273 1734 364 1790 sit.
411 1734 477 1790 Et
524 1739 918 1808 responderunt
960 1757 1151 1801 omnes
1198 1746 1357 1802 tertio
1390 1746 1733 1804 :Anathema

120 1826 228 1882 sit.

1828 649 1947 705 dies
1967 648 2036 703 ad
2060 645 2177 716 ejus
2224 658 2416 716 preces
2443 641 2710 700 facientes
2736 639 3054 713 coacervari
3107 646 3307 695 emtum
3359 638 3416 697 in

1826 743 1932 798 hac
1962 742 2096 796 urbe
2126 740 2371 795 Romana
2406 735 2710 792 antistitum
2761 733 3009 799 fecimus,
3033 742 3096 787 ut
3132 731 3417 788 nobiscum

1829 835 2173 892 considentes
2204 842 2260 889 et
2305 831 2500 904 petitio
2558 829 2801 901 ejusdem
2848 824 3135 897 episcopi,
3183 832 3245 880 et
3296 833 3417 879 acta

1829 925 2234 983 sacerdotaliter
2267 930 2747 997 cognoscerentur.
2806 921 2942 974 Dum
2980 934 3110 991 ergo
3162 924 3308 974 esset
3360 917 3417 971 in

1832 1019 1934 1074 hac
1976 1016 2219 1073 Romana
2254 1016 2389 1072 urbe
2426 1021 2754 1086 congregata
2794 1012 2984 1069 eadem
3034 1010 3274 1083 synodus
3300 1009 3416 1080 epi-

1831 1125 2121 1182 scoporum
2196 1123 2295 1180 pro
2358 1106 2669 1178 hujusmodi
2731 1106 2951 1177 negotio
3007 1103 3276 1160 audiendo
3332 1102 3421 1159 vel

1834 1202 2098 1270 faciendo,
2133 1201 2317 1259 statim
2344 1199 2501 1256 nobis
2541 1194 2790 1254 nuntiata
2816 1206 2944 1254 sunt
2967 1195 3210 1266 ejusdem
3237 1208 3420 1253 nemo

1833 1295 2006 1367 plaria
2051 1294 2284 1351 actionis
2310 1308 2340 1348 a
2373 1301 2462 1348 tua
2496 1291 2839 1347 fraternitate
2891 1289 3120 1356 directa,
3149 1301 3272 1358 qua:
3304 1301 3422 1342 sus-

1836 1387 2097 1457 cipientes
2142 1393 2306 1457 atque
2359 1382 2703 1441 conferentes
2746 1381 2979 1438 invicem
3012 1381 3087 1436 ita
3116 1378 3423 1435 invenimus

1841 1480 2109 1538 contineri
2157 1481 2212 1535 in
2243 1478 2427 1535 verbis
2454 1487 2510 1534 et
2550 1476 2820 1542 sensibus,
2851 1476 2992 1532 sicut
3024 1489 3087 1530 ea
3124 1488 3246 1544 quae
3265 1471 3424 1528 nobis

1835 1571 2097 1644 praefatus
2140 1571 2426 1643 episcopus
2451 1569 2725 1626 obtulerat
2760 1569 3069 1638 subscripta
3100 1579 3263 1621 manu
3312 1564 3423 1635 epi-

1838 1678 2124 1733 scoporum
2151 1670 2206 1719 et
2250 1670 2354 1719 tuae
2378 1660 2706 1718 dilectionis.
2763 1658 3129 1727 Quamobrem
3170 1654 3423 1711 admirati

1838 1773 2046 1824 sumus,
2080 1757 2206 1828 quia
2229 1771 2327 1827 per
2363 1771 2520 1812 suum
2550 1754 2808 1811 clericum
2840 1754 2981 1809 hanc
3011 1751 3166 1806 vobis
3196 1748 3422 1804 minime

1840 1848 2119 1905 direxerit.
2179 1847 2238 1902 Si
2293 1846 2439 1901 enim
2489 1844 2712 1901 forsitan
2760 1852 2970 1913 tempus
2997 1843 3101 1897 hoc
3148 1837 3429 1910 prohibuit

207 1942 349 1999 XIII.
384 1942 443 2002 Si
469 1946 595 2018 quis
621 1947 677 2003 in
706 1963 1036 2021 quamquam
1064 1960 1278 2023 partem
1314 1964 1504 2010 nostra
1530 1972 1732 2028 prece-
1760 1934 1809 1995 Β
1837 1943 2216 2014 incongruum,
2245 1955 2346 1997 cur
2370 1940 2576 2010 absque
2603 1954 2704 1994 suo
2731 1937 2936 2008 scripto
2966 1936 3106 1990 hanc
3132 1944 3303 2003 usque
3326 1944 3427 2028 nos

122 2047 231 2107 pla
272 2046 399 2094 ante
432 2041 631 2096 emissa
657 2041 967 2111 apostolica;
992 2044 1234 2101 ecclesiae
1280 2046 1348 2103 de
1394 2046 1641 2115 Olivetis,
1678 2057 1734 2106 et

128 2128 277 2186 locis
300 2130 529 2188 diversis
557 2136 925 2201 temeraverit,
949 2144 1004 2191 et
1031 2151 1140 2192 non
1174 2137 1228 2192 in
1258 2140 1512 2196 omnibus
1541 2142 1732 2198 obser-

131 2219 371 2287 vaverit,
398 2223 687 2279 anathema
715 2224 804 2280 sit.
829 2225 899 2283 Et
926 2228 1530 2299 responderuntomnes
1551 2233 1730 2289 tertio:

132 2310 443 2369 Anathema
466 2314 557 2370 sit.

218 2420 360 2479 XIV.
407 2424 678 2483 Adrianus
733 2426 877 2484 filius
930 2429 1251 2499 Exhilarati,
1301 2434 1393 2503 qui
1440 2442 1563 2504 post
1600 2451 1741 2506 prte-

143 2511 342 2568 stitum
390 2526 787 2575 sacramentum
839 2521 1133 2591 apostolica
1190 2522 1535 2580 confessione
1597 2525 1738 2599 Epy-

140 2607 405 2675 phaniatn
441 2612 726 2668 diaconam
761 2612 952 2671 illicito
980 2630 1115 2672 ausu
1173 2616 1225 2671 in
1276 2632 1502 2674 uxorem
1551 2619 1736 2687 habet,

138 2698 433 2757 anathema
481 2703 574 2759 sit.
618 2705 683 2760 Et
708 2709 1104 2778 responderunt
1132 2724 1322 2766 omnes
1353 2710 1560 2767 tertio:
1592 2712 1739 2767 Ana-

138 2791 330 2847 tbema
357 2794 447 2849 sit.

212 2906 335 2963 XV.
365 2909 684 2981 Epyphania
707 2913 954 2983 diacona,
984 2930 1104 2988 quae
1147 2927 1269 2989 post
1300 2917 1619 2990 praedictum
1648 2934 1735 2975 sa-

135 3008 486 3055 cramentum
517 3016 639 3055 cum
662 3002 901 3063 Adriano
938 3007 1237 3063 Exhilarati
1284 3009 1395 3065 filio
1430 3010 1557 3083 fuga
1586 3012 1734 3082 lapsa

137 3105 228 3153 cst
260 3096 316 3150 in
343 3111 591 3164 uxorem,
613 3101 901 3156 anathema
930 3101 1016 3157 sit.
1038 3102 1106 3157 Et
1128 3104 1524 3175 responderunt
1549 3119 1736 3161 omnes

139 3189 316 3244 tertio
343 3203 360 3243 :
393 3189 697 3247 Auathema
730 3193 820 3249 sit.

1839 2034 2063 2090 minime
2091 2030 2394 2088 direxerit?
2420 2030 2665 2099 Cumque
2694 2028 2965 2084 recensita
2988 2033 3129 2082 esset
3161 2022 3428 2080 sententia

1840 2139 2027 2181 coram
2088 2123 2291 2181 nostris
2358 2121 2618 2177 fratribus
2675 2119 2943 2191 episcopis
2965 2158 2981 2185 ,
3035 2118 3214 2172 visum
3274 2112 3431 2169 nobis
3492 2108 3497 2113 ’

1839 2218 2029 2288 eisque
2054 2225 2162 2283 est,
2192 2215 2337 2288 quod
2367 2230 2473 2271 non
2504 2212 2800 2271 secundum
2830 2213 3079 2267 timorem
3110 2210 3227 2275 Dei,
3252 2219 3431 2276 neque

1841 2308 2139 2367 secundum
2166 2308 2414 2364 instituta
2436 2305 2657 2362 Patrum
2678 2318 2971 2374 sacrosque
3018 2314 3256 2357 canones
3292 2296 3433 2367 ejus-

1841 2401 1966 2458 dem
1986 2399 2211 2456 Joannis
2236 2397 2497 2454 antistitis
2519 2397 2792 2467 Lampeon
2820 2403 2905 2451 est
2935 2408 3099 2450 causa
3139 2388 3353 2463 cognita
3377 2395 3436 2443 et

1842 2492 2155 2558 terminata,
2200 2490 2287 2546 vel
2335 2486 2640 2561 ptenalibus
2690 2486 2954 2542 submissa
3003 2481 3121 2553 ejus
3172 2493 3430 2554 persona.

1841 2582 2136 2651 Propterea
2185 2595 2293 2636 non
2344 2579 2535 2634 leviter
2579 2575 2887 2634 contristati
2934 2589 3147 2638 sumus,
3197 2570 3437 2626 maxime

1838 2682 1963 2755 quia
1992 2688 2049 2736 et
2067 2680 2169 2736 sub
2206 2677 2454 2734 custodia
2495 2676 2696 2732 missus
2742 2674 2885 2731 idem
2921 2671 3163 2729 Joannes
3208 2666 3438 2723 antistes

1834 2776 2108 2846 Lampeon
2125 2773 2330 2837 diebus,
2349 2778 2404 2827 et
2417 2770 2613 2826 exinde
2627 2767 2996 2824 adducebatur
3007 2765 3061 2819 in
3077 2759 3434 2821 secretarium

1840 2879 1947 2927 tuae
1978 2865 2356 2930 fraternitatis,
2387 2871 2448 2918 ut
2489 2862 2634 2933 quod
2662 2861 2851 2927 velles,
2876 2858 3070 2929 inquit,
3100 2856 3435 2926 loqueretur,

1842 2976 1906 3017 ac
1955 2972 2144 3017 rursus
2187 2956 2286 3012 sub
2337 2952 2584 3011 custodia
2632 2951 2931 3007 ducebatur
2983 2948 3049 3004 ad
3102 2946 3435 3009 clausuram,

1840 3053 2000 3109 sicuti
2030 3052 2195 3107 habet
2231 3047 2506 3104 confessio
2546 3045 2849 3102 defensoris
2894 3052 3000 3099 tum
3043 3037 3349 3097 dilectionis
3380 3036 3438 3091 in
3502 3046 3513 3054 ‘

1841 3143 2111 3200 sententia
2155 3141 2227 3196 ab
2254 3155 2321 3196 eo
2349 3139 2514 3195 facta.
2555 3138 2783 3208 insuper
2803 3144 2859 3191 et
2895 3133 3219 3190 hortabatur
3248 3136 3439 3186 contra

1843 3249 2112 3292 canonum
2147 3232 2297 3303 jussa
2330 3239 2633 3300 contraque
2679 3229 2859 3299 legum
2898 3225 3148 3283 instituta
3172 3223 3436 3285 existens,

217 3302 358 3362 XVL
397 3302 454 3361 Si
488 3306 610 3378 ‘l'lis
661 3308 709 3362 εί
764 3308 818 3363 in
857 3316 966 3364 tam
1016 3309 1222 3366 θΐυάθίί
1256 3319 1382 3367 “Cm
1415 3326 1740 3373 consensum
1766 3286 1814 3353 Ο
1843 3286 2517 3396 ξιῖἇέίέῖίὶσύῄέῇῖιεεῶθιῐι.
2542 3286 2763 3375 ⁵1)(δίῐιίιίέ
2811 3315 3094 3389 oportebat
3142 3323 3289 3368 tuam
3322 3310 3437 3365 fra-

137 3396 399 3467 praebuit,
434 3400 723 3455 anathema
768 3401 856 3457 sit.
891 3402 956 3457 Et
983 3404 1382 3476 responderunt
1413 3418 1604 3463 omnes
1632 3412 1742 3462 ter-

139 3487 226 3543 tio
257 3506 269 3541 :
294 3486 596 3545 Anathcma
620 3491 713 3547 sit.

224 3594 386 3652 XVII.
416 3597 472 3654 Si
502 3600 626 3672 quis
652 3617 720 3659 ex
751 3603 966 3661 clericis
990 3605 1319 3665 relaxaverit
1346 3623 1580 3676 comam,
1610 3624 1742 3667 ana-

144 3689 435 3746 themasit.
471 3691 540 3763 Et
570 3695 969 3767 responderunt
995 3714 1186 3755 omnes
1217 3700 1407 3758 tertio:
1436 3700 1742 3758 Anathema

145 3783 249 3839 sit.

229 3875 293 3932 Et
309 3878 618 3951 subscriptio
631 3897 650 3936 :
663 3879 955 3954 Gregorius
966 3884 1252 3957 episcopus
1264 3885 1565 3954 catholicae,
1581 3894 1748 3958 atque

146 3969 464 4040 apostolicae
488 3970 744 4029 Romanae
773 3974 1051 4043 Ecclesiae,
1080 3977 1205 4033 huic
1222 3979 1516 4035 constituto
1538 3994 1569 4035 a
1590 3979 1747 4036 nobis

146 4060 490 4132 promulgato
512 4064 826 4136 subscripsi.
847 4065 1104 4138 Agnellus
1119 4068 1405 4140 episcopus
1425 4079 1628 4127 sancta:
1646 4070 1749 4128 Ec-

148 4151 334 4209 clesia:
366 4152 790 4212 Ferentinieusis
836 4158 963 4213 huic
1008 4160 1303 4217 constituto
1339 4178 1372 4217 a
1421 4164 1579 4221 nobis
1619 4181 1744 4237 pro-

150 4245 396 4316 mulgato
417 4248 741 4319 subscripsi;
759 4248 997 4308 Joannes
1011 4252 1231 4309 humilis
1241 4255 1524 4325 episcopus
1543 4267 1749 4314 saucue

152 4338 411 4395 Ecclesiae
439 4339 845 4411 Beliternensis,
877 4345 1006 4401 huic
1036 4347 1334 4405 constituto
1367 4364 1399 4404 a
1424 4350 1580 4405 nobis
1617 4367 1747 4422 pro-

152 4430 396 4503 mulgato
418 4433 735 4506 subscripsi.
764 4436 832 4492 Et
864 4438 1046 4495 caeteri
1067 4440 1305 4510 episcopi
1330 4457 1556 4498 numero
1578 4443 1669 4510 14,
1693 4453 1751 4500 et

153 4523 372 4583 diaconi
418 4542 646 4587 numero
680 4528 735 4594 4,
769 4529 856 4586 die
882 4528 1066 4588 Nonas
1094 4530 1313 4602 Aprilis,
1362 4533 1659 4591 indictione
1690 4535 1747 4590 ι.

245 4658 586 4719 INCIPIUNT
639 4663 997 4723 EPISTOLIE
1040 4666 1385 4725 VITALIANI
1439 4667 1663 4728 PAPE.

234 4798 568 4859 VITALIANUS
588 4803 877 4875 episcopus
900 4819 1092 4862 servus
1119 4820 1400 4863 servorum
1432 4806 1552 4874 Dei,
1568 4807 1751 4866 wa

164 4893 569 4966 archiepiscopo
602 4893 869 4955 Cretensi.

1844 3423 2157 3480 te‘rnitatem
2183 3417 2483 3476 secundum
2511 3427 2783 3472 canonum
2807 3410 3049 3483 vigorem
3068 3414 3312 3476 tempore
3331 3416 3442 3473 quo

1846 3530 1906 3572 se
1934 3512 2095 3585 petiit
2114 3510 2181 3565 ad
2231 3523 2331 3564 uos
2356 3506 2547 3564 venire
2586 3518 2714 3561 eum
2749 3500 3032 3558 absolvere
3056 3497 3166 3553 tuis
3194 3493 3394 3551 litteris
3421 3508 3438 3560 ;

1846 3621 2008 3679 quem
2035 3620 2143 3660 non
2157 3603 2332 3659 solum
2356 3599 2580 3657 noluisti
2601 3598 2864 3654 canonice
2893 3592 3172 3649 absolvere
3197 3589 3264 3644 ad
3292 3589 3443 3679 prim

1847 3678 1985 3769 cipis
2017 3695 2384 3767 apostolorum
2429 3691 2640 3756 limina,
2671 3688 2768 3744 sed
2797 3685 2970 3757 magis
3012 3680 3340 3754 respondisti
3389 3678 3441 3735 el

1848 3793 2184 3856 indecenter,
2218 3789 2469 3858 inquiens
2495 3804 2509 3840 :
2535 3785 2663 3856 quia
2692 3798 2798 3839 non
2831 3787 3201 3852 competenter
3220 3773 3443 3848 quaeris.

1847 3885 1977 3955 Qute
2004 3898 2136 3956 ergo
2171 3880 2344 3939 sancti
2385 3886 2686 3935 sanxerunt
2712 3876 2905 3931 Patres
2932 3870 3239 3929 indecentia
3277 3865 3446 3923 sunt?

1846 3982 1931 4034 An
1960 3976 2228 4051 placentia
2262 3973 2357 4030 tibi
2386 3972 2635 4029 decentia
2669 3968 2835 4027 sunt?
2868 3966 3038 4035 Quem
3066 3965 3231 4036 igitur
3253 3959 3447 4032 praafa-

1850 4079 1962 4127 tum
2003 4069 2269 4126 Joannem
2324 4064 2624 4120 antistitem
2667 4075 2822 4134 aeque
2851 4055 3232 4129 inculpabilem
3289 4066 3448 4123 repe-

1848 4162 2072 4223 rientes,
2098 4158 2255 4228 juxta
2299 4164 2505 4212 textum
2533 4152 2816 4209 sententia:
2863 4166 2894 4206 a
2941 4157 2994 4205 te
3016 4146 3174 4203 nobis
3203 4144 3450 4208 directae,

1848 4253 2079 4310 fecimus
2126 4251 2410 4305 nobiscum
2459 4262 2583 4302 cum
2628 4242 2900 4314 episcopis
2930 4242 2998 4296 atl
3046 4240 3332 4294 missarum
3354 4249 3446 4289 θος

1849 4347 2050 4403 lemnia
2080 4345 2135 4399 in
2184 4342 2444 4399 ecclesias
2466 4341 2559 4396 Dei
2591 4338 2920 4411 praecedere.
2946 4336 3134 4406 itaque
3155 4330 3445 4387 statuimus

1848 4450 1905 4496 et
1928 4439 2210 4494 ﬁrmamus
2234 4450 2332 4508 per
2370 4432 2530 4503 hujus
2558 4440 2762 4489 nostra:
2808 4426 3186 4500 praeceptionis
3211 4419 3450 4478 auctori-

1854 4539 2020 4587 tatem
2055 4529 2237 4585 omnia
2267 4541 2390 4597 quaa
2413 4542 2444 4581 a
2476 4534 2531 4581 te
2582 4534 2782 4594 tuaque
2809 4521 3021 4594 synodo
3051 4526 3243 4574 contra
3284 4526 3447 4569 cano-

1852 4640 1981 4681 num
2005 4623 2276 4690 instituta,
2310 4631 2608 4691 contraque
2638 4619 2819 4690 legum
2844 4616 3086 4678 decreta,
3123 4619 3294 4683 gesta,
3318 4622 3448 4664 con-

1845 4716 2060 4785 ‘fectave
2088 4723 2245 4780 sunt,
2280 4713 2365 4771 vel
2393 4711 2720 4769 sententiam
2751 4707 3145 4780 promulgatam
3187 4703 3449 4757 adversus

1855 4825 1980 4866 cum
2004 4808 2187 4865 inania
2208 4816 2266 4863 et
2288 4822 2461 4863 vacua
2477 4819 2621 4868 esse,
2643 4802 2737 4858 sed
2759 4798 3019 4872 quidquid
3045 4794 3304 4852 claruerit
3323 4805 3449 4846 eum

1855 4899 2267 4956 damnificatum
2291 4895 2644 4966 ejusdemque
2679 4891 2968 4948 ecclesiam
2994 4903 3026 4943 a
3055 4898 3355 4956 quoquam,
3396 4893 3449 4936 et

234 4985 454 5041 Decimo
528 5002 672 5043 nono
724 4988 812 5045 die
868 4990 1071 5049 mensis
1129 4989 1440 5048 Decembris
1519 5007 1757 5063 praesen-
1858 5001 1947 5048 tua
1968 4991 2189 5048 dilectio
2211 4988 2375 5046 faciat
2409 4986 2584 5051 reddi,
2616 4999 2713 5056 per
2734 4983 2918 5040 omnia
2952 4992 3284 5037 conservans
3324 4987 3449 5030 eum

167 5078 237 5133 tis
296 5076 602 5135 indictionis
664 5080 724 5136 ll
766 5123 781 5150 ,
844 5081 1079 5141 Joannes
1136 5085 1419 5156 episcopus
1483 5085 1752 5156 Lampeon
1780 5089 1833 5151 Ι)
1858 5085 2062 5153 absque
2103 5082 2339 5144 damno;
2367 5077 2775 5136 denominatqu
2806 5072 2951 5129 enim
2973 5070 3237 5128 Joannem
3266 5072 3452 5137 utpote

169 5170 320 5227 urbis
368 5171 511 5227 intra
558 5174 838 5230 basilicam
893 5177 1257 5233 venerabilem
1303 5177 1448 5233 beati
1496 5178 1757 5249 principis

168 5266 536 5338 apostolorum
587 5268 736 5325 Petri
785 5271 943 5327 nobis
988 5272 1183 5328 obtulit
1241 5272 1558 5341 petitionem
1591 5312 1607 5339 ,
1657 5287 1756 5344 per

168 5375 330 5433 quam
371 5376 470 5418 nos
508 5362 706 5419 obnixe
735 5364 1049 5449 postulavit,
1088 5374 1251 5436 atque
1301 5363 1629 5434 conjuravit,
1659 5380 1756 5436 per

172 5452 485 5522 terribilem,
524 5454 797 5526 inquiens,
851 5455 1142 5511 adventum
1202 5457 1383 5528 magni
1424 5457 1542 5523 Dei,
1592 5465 1756 5527 atque

174 5543 469 5601 Salvatoris
498 5547 672 5604 nostri
697 5545 825 5602 Jesu
857 5546 1084 5613 Christi,
1125 5556 1184 5603 ut
1231 5549 1525 5605 secundum
1571 5563 1758 5605 sacra—

175 5637 407 5695 tissimos
459 5654 714 5706 canones,
764 5639 1121 5709 institutaque
1168 5649 1482 5696 sanctorum
1532 5641 1755 5697 Patrum

174 5731 288 5802 ejus
334 5746 511 5788 causae
559 5732 811 5788 meritum
868 5733 1268 5804 requireremus
1325 5743 1380 5788 ct
1428 5734 1755 5791 sententiam

175 5826 658 5900 promulgaremus.
722 5826 931 5886 Obtulit
977 5828 1127 5885 illico
1171 5837 1225 5884 et
1252 5830 1579 5887 sententiam
1611 5828 1757 5901 apud

181 5929 321 5991 tuam
364 5921 761 5992 fraternitatem
788 5921 1115 5995 confectam,
1142 5924 1612 6005 subscriptamque
1635 5921 1755 5999 ejus

1859 5179 2207 5233 innocentem
2237 5176 2584 5237 existentem,
2618 5186 2742 5226 cum
2770 5167 3054 5239 poenitenti
3083 5172 3272 5220 nostra
3312 5175 3449 5232 pras-

1858 5272 2106 5343 ceptione
2133 5268 2464 5326 absolvimus
2499 5266 2648 5331 hinc,
2676 5274 2739 5319 ut
2762 5264 2906 5318 sicut
2932 5261 3116 5317 caeteri
3169 5268 3274 5313 tuae
3315 5254 3451 5311 dile-

1858 5366 2053 5423 ctionis
2079 5364 2339 5435 episcopi,
2369 5371 2424 5418 et
2464 5361 2511 5417 is
2551 5375 2663 5416 sua:
2701 5357 2945 5415 ecclesiae
2975 5353 3300 5411 utilitatibus
3328 5365 3452 5405 cum

1857 5459 1952 5514 Dei
1975 5472 2234 5529 peragere
2269 5456 2462 5511 timore
2488 5466 2876 5521 sacrarumque
2899 5449 3206 5520 regularum
3232 5443 3451 5498 institu-

1864 5554 2010 5609 tione
2029 5552 2465 5607 debeatmorem.
2492 5548 2791 5619 Oportebat
2820 5546 3076 5614 denique,
3102 5538 3455 5596 dilectissime

1863 5643 2056 5708 frater,
2104 5642 2387 5714 oportebat
2429 5656 2527 5696 nos
2576 5640 2775 5695 similia
2819 5637 3086 5695 similibus
3129 5632 3451 5688 retribuere.

1866 5736 1973 5793 Sed
2009 5737 2122 5793 hate
2172 5736 2344 5807 magis
2411 5751 2510 5806 per
2557 5734 2920 5806 ignorantiam
2969 5730 3257 5797 opinamur
3302 5731 3452 5795 gesta

1862 5844 1985 5887 esse
2019 5845 2180 5902 quam
2210 5844 2309 5901 per
2329 5827 2701 5884 calliditatem.
2725 5825 3023 5895 Propterea
3046 5837 3167 5893 quae
3198 5815 3453 5891 praecipi-

1862 5936 1987 5982 mus
2015 5921 2112 5980 tibi
2134 5920 2431 5980 secundum
2458 5920 2653 5989 Deum,
2674 5926 2731 5975 et
2751 5926 2976 5993 propter
3003 5912 3293 5991 Dominum
3320 5919 3459 5975 ιιιω·
