3988 6470
517 454 662 510 1145

519 583 626 643 que
653 581 914 641 peragere
951 565 1177 640 synodo,
1222 565 1381 623 stude
1427 566 1572 624 illico
1601 580 1882 639 peragere,
1910 579 1978 621 ne
2016 577 2109 620 co-
2136 568 2189 627 Α

517 680 712 739 gamur
763 678 870 719 non
916 660 1367 729 misericorditer,
1394 661 1491 718 sed
1521 662 1819 718 secundum
1849 660 2108 715 virtutem

518 756 1010 815 sacratissimorum
1083 769 1357 811 canonum
1415 754 1749 812 conversari.
1833 752 2110 823 Scriptum

519 863 754 920 namque
778 855 891 904 est:
919 866 938 899 ι
965 846 1225 903 Dominus
1248 846 1458 920 inquit:
1484 846 1665 912 Petre,
1691 845 1875 918 rogavi
1896 860 1996 916 pro
2026 851 2106 911 te,

517 949 578 997 ut
643 954 752 995 non
793 938 1049 996 deﬁceret
1123 938 1257 996 ﬁdes
1319 948 1409 994 tua
1438 980 1455 1005 ,
1528 948 1585 995 et
1655 945 1711 993 tu
1775 938 2063 1008 aliquando
2092 977 2109 1006 ,

517 1046 813 1091 conversus
858 1032 1121 1089 conﬁrma
1157 1031 1355 1089 fratres
1385 1042 1504 1088 tuos
1552 1031 1706 1105 (Luc.
1734 1047 1875 1098 χχιι,
1917 1030 2008 1103 52)
2038 1048 2053 1097 ;
2085 1049 2104 1084 ι

515 1136 572 1184 et
597 1142 813 1183 rursum
842 1142 859 1183 :
888 1126 1301 1199 «Quodcunque
1334 1127 1609 1198 ligaveris,
1638 1126 1820 1191 Petre,
1854 1127 1907 1182 in
1942 1136 2109 1195 terra,
2152 1170 2153 1173 η

516 1218 855 1291 eritligatum
882 1219 935 1274 in
967 1218 1571 1291 cmlo,etquodcuuque
1600 1219 1828 1276 solveris
1854 1219 1909 1274 in
1936 1231 2104 1287 terra,

516 1309 621 1365 erit
640 1308 874 1365 solutum
900 1317 957 1365 et
985 1310 1039 1365 in
1067 1309 1206 1366 coelo
1229 1309 1446 1382 (Matth.
1473 1326 1587 1377 xvr,
1619 1310 1727 1383 l9).
1762 1330 1780 1364 ι
1816 1311 2111 1382 Postquam

515 1415 644 1457 vero
688 1410 932 1458 nostram
981 1403 1401 1475 prmccptionem
1451 1413 1541 1458 tua
1593 1403 1813 1460 dilectio
1861 1405 2114 1475 relegerit

515 1495 655 1551 lianc
690 1496 976 1565 poenitenti
1012 1496 1261 1566 portitori
1304 1494 1531 1553 Joannis
1569 1497 1807 1568 episcopi
1854 1497 2110 1554 nimirum

516 1586 706 1651 reddat
742 1602 841 1657 pro
870 1588 951 1643 sui
976 1586 1325 1659 ejusdemque
1345 1589 1609 1655 Ecclesiae
1624 1590 1942 1647 munitione.
1974 1594 2112 1648 Data

524 1676 614 1735 die
647 1694 701 1733 vr
732 1677 1099 1736 Kalendarum
1142 1679 1442 1752 Septemb.,
1481 1682 1775 1739 indictione
1802 1684 2109 1742 undecima.

976 1814 1111 1872 Item
1134 1815 1355 1888 epistola
1389 1815 1645 1890 ejusdem.

1241 447 1534 505 APPEND.
1576 448 1669 505 AD
1702 447 1877 507 SIEC.
1918 448 2010 505 IX.
2039 474 2110 490 --
2133 442 2871 518 lSlDOBIgMEBCATORIS

3690 450 3833 507 Ii“

2446 558 2584 615 Item
2616 560 2854 632 ejusdem
2887 559 2956 614 ad
2987 558 3221 614 Paulum
3247 559 3581 618 Cretensem.
3682 614 3691 618 -

2281 652 2615 709 thumus
2665 652 2848 709 PAULO
2896 652 3152 722 episcopo
3193 653 3465 710 Cretensi.

2282 743 2364 799 Ad
2390 743 2753 814 cognitionem
2779 751 2884 799 tuae
2900 743 3205 801 dilectionis
3228 761 3535 818 congruum
3564 751 3831 819 ρι’κτὶὧο

2210 852 2332 894 mus
2347 837 2666 908 perducere,
2681 852 2746 892 eo
2765 839 2910 908 quod
2930 836 3166 895 Joannes
3180 841 3471 913 episcopus
3484 840 3833 912 Lampensk

2212 927 2470 985 Ecclesiae
2496 930 2654 986 nobis
2675 932 3023 1002 suggesserit,
3052 948 3304 991 asserens
3324 935 3473 1006 quod
3498 934 3633 1006 ejus
3660 954 3826 1009 paro-

2213 1021 2349 1078 chias
2379 1022 2709 1093 pertinentia
2736 1024 3066 1079 monasteria
3097 1040 3289 1090 unum,
3320 1028 3467 1097 quod
3500 1028 3825 1100 appellaba-

2166 1124 2171 1127 '
2213 1119 2302 1167 tur
2327 1111 2485 1168 Palea
2505 1154 2521 1180 ,
2551 1120 2607 1168 et
2637 1113 2890 1181 alterum,
2937 1115 3081 1187 quod
3125 1125 3355 1172 vocatur
3382 1118 3618 1184 Arsilli,
3672 1135 3708 1174 ι
3737 1131 3821 1178 In

2211 1204 2456 1261 Ecclesia
2489 1220 2610 1262 esse
2642 1207 2851 1263 invasa.
2905 1206 3142 1280 Ideoque
3171 1209 3217 1265 si
3247 1211 3318 1265 ita
3346 1220 3435 1268 est
3455 1253 3473 1279 ,
3530 1214 3819 1273 hortamur

2215 1307 2363 1356 tuam
2396 1301 2776 1357 charissimam
2826 1300 3260 1372 fraternitatem,
3292 1314 3353 1362 ut
3385 1307 3474 1373 ei,
3509 1311 3819 1366 secundum

2215 1395 2481 1451 terminos
2512 1405 2826 1451 sanctorum
2857 1411 3152 1463 canonum,
3186 1398 3419 1455 reddere
3449 1398 3669 1465 faciat,
3696 1403 3821 1472 quia

2212 1487 2502 1559 unicuique
2562 1488 2707 1558 quod
2761 1487 2967 1557 justum
3022 1497 3106 1545 est
3153 1489 3407 1545 volumus
3455 1495 3818 1560 conservari,

2212 1580 2449 1637 maxime
2498 1596 2527 1635 a
2583 1581 2785 1637 nostris
2831 1581 3112 1638 fratribus.
3158 1581 3534 1655 Cognovimus
3581 1586 3824 1658 denique

2214 1675 2357 1745 quod
2391 1674 2610 1745 quidam
2644 1675 2930 1738 diaconus,
2963 1674 3185 1731 nomine
3214 1675 3495 1742 Joannes,
3522 1688 3819 1750 postquam

2215 1773 2566 1820 consecratus
2593 1771 2679 1821 est
2707 1764 2959 1820 minister
2990 1766 3299 1836 accepisset
3326 1782 3564 1824 uxorem
3589 1810 3605 1835 ,
3630 1780 3689 1824 et
3712 1786 3819 1825 non

2213 1858 2388 1914 solum
2415 1859 2520 1914 hoc
2539 1900 2554 1926 ,
2580 1858 2675 1915 sed
2704 1858 2757 1913 in
2800 1858 3009 1915 duabus
3039 1860 3302 1917 Ecclesiis
3327 1861 3554 1917 militet.
3591 1862 3819 1933 Ideoque

585 1953 918 2013 VITALIANUS
967 1954 1141 2012 Vitam
1195 1954 1530 2012 cubiculario
1557 1962 1613 2010 et
1653 1956 1921 2013 imperiali
1950 1957 2111 2015 cbar-
2138 1943 2187 2008 Β
2214 1951 2260 2007 si
2309 1950 2383 2004 ita
2433 1958 2548 2017 est,
2582 1950 2685 2005 hoc
2717 1958 2808 2005 tua
2848 1950 3199 2007 dilectissima
3238 1950 3572 2008 fraternitas
3600 1967 3703 2023 pm
3730 1954 3815 2010 Dei

517 2048 730 2106 tulario.

584 2142 811 2215 Semper
866 2142 1129 2200 celsitudo
1193 2150 1374 2199 vestra
1427 2143 1534 2214 piis
1601 2143 1912 2199 hominibus
1972 2158 2109 2215 prte-

511 2231 630 2289 buit
708 2247 1074 2298 concursum,
1164 2246 1487 2302 semperque
1558 2232 2111 2302 irreprehensibiliter

512 2322 820 2379 viventibus
850 2322 1042 2379 tribuit
1068 2322 1301 2378 libenter
1323 2338 1501 2394 opem.
1545 2322 1779 2394 Ideoque
1808 2338 2108 2395 congruum

511 2413 859 2485 prtevidimus
908 2428 1008 2485 per
1050 2413 1339 2479 praesentia
1390 2421 1574 2470 nostra
1603 2414 1806 2484 scripta
1843 2413 2110 2473 Joannem

512 2508 810 2573 antistitem
841 2506 1098 2564 Ecclesiae
1135 2505 1472 2577 Lampensis,
1500 2507 1617 2563 sitm
1642 2508 1696 2563 in
1724 2507 1899 2565 insula
1920 2507 2108 2577 Creta,

509 2599 562 2656 ei
613 2602 668 2655 in
705 2600 959 2657 omnibus
1003 2598 1417 2663 commendare,
1471 2608 1739 2670 quatenus
1768 2599 1950 2655 divina
2007 2615 2111 2671 ope

510 2691 733 2763 prtevia,
758 2690 981 2763 ejusque
1003 2690 1253 2747 suffultus
1285 2688 1542 2762 suffragio
1567 2691 1747 2747 valeat
1772 2690 1837 2745 ad
1863 2700 2109 2748 sanctam

514 2782 769 2839 celeriter
796 2797 1044 2839 remeare
1069 2781 1390 2838 Ecclesiam.
1424 2780 1529 2838 Per
1556 2780 1932 2853 Septembrem
1964 2781 2110 2838 enim

512 2891 759 2934 mensem
809 2884 1134 2949 praesentem
1186 2874 1487 2932 undecimae
1540 2875 1854 2932 indictionis
1910 2875 1967 2932 in
2007 2876 2113 2933 hac

515 2967 763 3025 Romana
791 2967 927 3023 urbe
956 2966 1026 3022 ad
1056 2965 1425 3037 apostolorum
1480 2966 1651 3023 nostri
1688 2965 1942 3023 culminis
1987 2981 2111 3038 pro-

516 3068 782 3118 tectorum
823 3060 1012 3116 limina
1047 3060 1287 3125 veniens,
1339 3058 1537 3115 obtulit
1595 3059 1750 3115 nobis
1793 3059 2109 3125 petitionem

513 3169 610 3227 per
630 3169 794 3225 quam
820 3153 1136 3226 suppliciter
1172 3160 1424 3226 precatus
1453 3159 1678 3219 estnos,
1714 3161 1772 3207 ut
1792 3154 1910 3225 ejus
1932 3168 2112 3210 causae

515 3246 771 3302 meritum
848 3254 1240 3319 cognoscentes
1316 3246 1579 3301 canonice
1667 3245 2108 3302 terminaremus.

2211 2056 2400 2099 amore
2431 2042 2706 2112 corrigat,
2739 2057 2809 2098 ne
2852 2042 3030 2098 denuo
3060 2042 3372 2113 bujusmodi
3419 2042 3589 2099 nefas
3630 2060 3816 2114 prove-

2212 2132 2331 2187 niat
2366 2132 2433 2186 ad
2467 2132 2644 2187 instar
2680 2130 2820 2187 male
2847 2132 3166 2188 viventium.
3208 2133 3417 2189 Deinde
3452 2136 3815 2206 cognovimus

2211 2228 2352 2299 quod
2376 2228 2660 2298 quemdam
2682 2228 2963 2295 curialem,
2978 2230 3195 2287 nomine
3218 2230 3603 2301 Eulampium,
3628 2231 3819 2286 habeat

2213 2324 2369 2396 quasi
2421 2324 2817 2381 consiliarium.
2856 2325 2975 2381 Non
3009 2326 3157 2381 enim
3205 2336 3263 2381 ut
3311 2328 3476 2383 nobis
3503 2338 3817 2399 suggesurn

2212 2428 2318 2484 est,
2345 2433 2470 2473 eum
2502 2424 2717 2473 constat
2743 2432 2865 2474 esse
2892 2418 3050 2474 bona:
3078 2419 3223 2475 vitae.
3250 2418 3344 2474 llle
3368 2420 3529 2475 enim
3562 2421 3812 2489 quotitﬁe,

2212 2520 2273 2569 ut
2300 2509 2492 2575 fertur,
2520 2511 2662 2566 inter
2693 2509 2893 2568 fratres
2913 2511 3125 2567 zizania
3156 2494 3421 2578 seminat,
3447 2521 3516 2567 ut
3540 2514 3617 2568 de
3640 2527 3812 2570 eorum

2212 2603 2484 2661 discordia
2506 2602 2838 2674 marsupium
2861 2602 3081 2674 impleat
3117 2603 3519 2672 Quamobrem,
3549 2605 3601 2659 si
3628 2606 3701 2660 ita
3719 2615 3813 2667 est.

2212 2698 2497 2754 hortamur
2524 2705 2667 2751 tuam
2703 2694 3099 2752 fraternitatem
3126 2711 3251 2753 eum
3275 2712 3307 2751 a
3333 2711 3395 2750 se
3421 2694 3739 2767 projicere,
3768 2706 3819 2750 ut

2212 2786 2328 2857 ejus
2352 2786 2538 2858 opinio
2568 2801 2753 2844 coram
2785 2786 2927 2855 Deo,
2955 2795 3009 2844 et
3037 2787 3353 2844 hominibus
3394 2785 3628 2844 ﬂoreat.
3656 2787 3818 2853 Data,

2212 2889 2274 2939 ut
2299 2897 2487 2954 supra.
3199 2893 3203 2898 '

2673 2974 2813 3032 Item
2835 2975 3056 3048 epistola
3078 2976 3337 3048 ejusdem.

2284 3069 2620 3126 VITALIANUS
2657 3067 2903 3126 Geoneio
2948 3068 3203 3139 episcopo
3250 3067 3636 3140 Syracusano.

2283 3162 2447 3220 Gesta
2488 3163 2603 3219 sive
2629 3162 2957 3218 sententiam
2984 3176 3015 3217 a
3044 3169 3134 3216 tua
3160 3162 3518 3217 fraternitate
3555 3162 3819 3217 directam

2212 3253 2565 3311 dilectissimo
2581 3253 2692 3309 ﬁlio
2720 3263 2907 3309 nostro
2927 3253 3230 3309 Gaudentio
3245 3253 3596 3325 primicerio,
3621 3254 3727 3309 sibi
3749 3254 3816 3307 ab

513 3335 721 3394 Oblum
771 3337 1003 3404 denique
1029 3336 1187 3393 “Obis
1216 3347 1271 3393 ει
1295 3337 1620 3393 sententiam
1650 3352 1814 3408 quam
1869 3336 2111 3410 ρτοιιιυι-
2136 3325 2182 3391 C
2213 3346 2457 3403 antistite
2477 3343 2754 3401 Cretensis
2776 3344 2964 3401 insula:
2987 3345 3366 3401 transmissatn
3382 3360 3486 3416 pro
3513 3361 3685 3401 causa
3706 3345 3824 3416 epi-

512 3429 660 3500 gavit
684 3428 800 3499 ejus
838 3429 1291 3500 metropolitanus
1319 3445 1442 3485 cum
1481 3430 1593 3486 suis
1618 3430 1889 3502 episcopis
1911 3432 2105 3487 adver-

514 3535 609 3578 sus
631 3523 880 3579 eumdem
903 3521 1190 3588 Joannem,
1220 3522 1410 3579 volens
1435 3537 1560 3579 eum
1594 3525 1881 3582 ostendere
1927 3540 2111 3595 repre-

515 3614 859 3683 bensibilem,
890 3630 988 3688 per
1013 3631 1175 3688 quam
1203 3630 1329 3672 eum
1374 3624 1564 3671 contra
1592 3631 1862 3672 canonum
1890 3616 2109 3672 decreta

513 3708 816 3779 poenalibus
854 3708 1125 3765 submisit.
1180 3709 1346 3782 Cujus
1393 3710 1674 3781 exemplar
1707 3718 1763 3766 et
1810 3710 1953 3765 idem
1995 3690 2111 3779 ejus

514 3801 964 3874 metrOpolitanus
1013 3803 1169 3859 nobis
1224 3802 1442 3859 direxit.
1493 3802 1789 3872 Propterea
1846 3800 2111 3858 facientes

515 3896 832 3970 congregari
859 3895 1141 3968 episcopos
1164 3896 1221 3951 in
1251 3895 1355 3952 hac
1386 3896 1541 3963 urbe,
1570 3894 1687 3965 ejus
1713 3910 1876 3951 causa
1904 3902 1989 3951 est
2019 3910 2110 3950 co-

515 3989 688 4062 gnita,
737 3988 937 4047 relecta
982 3989 1238 4047 videlicet
1277 3988 1541 4060 petitione
1587 3989 1722 4059 ejus.
1776 3991 1844 4046 Et
1885 3990 2110 4060 praefata

516 4081 786 4137 sententia
807 4082 875 4137 ab
895 4082 1086 4137 eodem
1110 4081 1527 4151 metropolitano
1550 4082 1669 4153 ejus
1689 4082 1850 4137 nobis
1876 4082 2107 4149 directa,

517 4174 695 4230 visum
726 4173 883 4230 nobis
908 4183 1012 4240 est,
1036 4191 1142 4230 non
1172 4175 1469 4231 secundum
1495 4189 1683 4231 sacros
1705 4189 1941 4231 canones
1966 4190 2112 4230 eam-

516 4266 641 4325 dem
703 4282 824 4324 esse
877 4269 1200 4324 sententiam
1259 4267 1675 4340 promulgatam,
1730 4268 1960 4339 ideoque
1986 4281 2109 4324 eam

519 4358 737 4415 inanem
767 4367 932 4431 atque
977 4359 1143 4433 284
1181 4376 1407 4417 vacuam
1432 4361 1723 4418 statuimus
1749 4358 1890 4428 fore,
1921 4362 2111 4418 decer-

518 4463 712 4510 nentes
763 4453 1013 4509 eumdem
1058 4453 1320 4509 Joannem
1350 4455 1693 4509 innocentem
1741 4454 2004 4520 existere,
2055 4461 2112 4509 et

520 4549 727 4620 absque
757 4548 938 4620 aliqua
968 4546 1127 4619 culpa
1169 4563 1293 4603 eum
1317 4548 1385 4601 ab
1407 4547 1525 4617 ejus
1551 4546 1894 4616 metropolita
1921 4545 2112 4616 quaeri-

519 4657 644 4697 mur
687 4642 976 4709 subivisse,
1008 4657 1169 4714 quem
1218 4641 1412 4697 merito
1463 4640 1791 4696 absolvimus
1840 4640 1907 4695 ad
1956 4655 2110 4696 suam

2215 3438 2365 3510 scopi
2397 3437 2716 3509 Lampensis
2759 3436 3019 3494 Ecclesiae
3046 3437 3410 3508 suscepimus.
3445 3437 3823 3505 Quamobrem

2212 3532 2464 3589 admirati
2496 3547 2721 3598 sumus,
2746 3546 2846 3586 cur
2873 3530 3019 3602 ipse,
3053 3529 3335 3587 Cretensis
3368 3529 3613 3584 antistes
3664 3529 3825 3585 nobis

2211 3636 2305 3683 aut
2337 3642 2434 3698 per
2462 3641 2617 3682 suum
2650 3626 2908 3682 clericum
2947 3626 3089 3681 hanc
3132 3625 3358 3680 minime
3388 3625 3665 3680 direxerit
3686 3667 3704 3691 ,
3730 3636 3823 3682 aut

2212 3733 2309 3788 per
2328 3732 2424 3773 sua
2461 3717 2663 3787 scripta
2684 3731 2790 3771 non
2814 3715 3137 3770 indicaverit
3155 3715 3459 3785 quaeferant
3476 3715 3822 3770 necessaria.

2171 3849 2183 3860 .
2209 3808 2476 3867 Praefatus
2518 3808 2664 3863 enim
2692 3806 2933 3863 Joannes
2972 3806 3291 3878 Lampensis
3322 3807 3582 3862 Ecclesiae
3627 3806 3823 3878 bujus-

2212 3902 2357 3958 modi
2384 3901 2709 3957 sententiam
2739 3915 2903 3955 manu
2930 3900 3049 3970 ejus
3084 3899 3481 3972 metropolitte,
3529 3902 3823 3973 episcopo-

2210 4007 2442 4064 rumque
2490 3991 2853 4063 subscriptam
2872 4032 2888 4059 ,
2932 4007 3056 4048 cum
3081 4006 3176 4047 sua
3203 3992 3359 4048 nobis
3377 3993 3581 4047 obtulit
3604 3994 3825 4063 petitio-

2212 4100 2303 4151 ne,
2328 4084 2609 4155 postulans
2631 4099 2743 4140 suae
2773 4099 2954 4140 causa:
2992 4085 3250 4140 meritum
3293 4085 3563 4140 canonice
3587 4086 3821 4155 requiri.

2211 4174 2379 4247 Cujus
2409 4177 2663 4247 precibus
2687 4176 2839 4240 moti,
2875 4191 2973 4246 pro
3003 4175 3093 4230 tali
3125 4191 3183 4232 re
3208 4176 3262 4230 in
3283 4176 3388 4231 hac
3416 4177 3557 4231 urbe
3588 4175 3825 4233 fecimus

2212 4268 2533 4339 congregari
2582 4266 2889 4340 synodum,
2936 4276 2997 4322 ut
3044 4276 3469 4340 cognosceretur
3504 4268 3824 4337 bujusmodi

2212 4361 2514 4432 negotium.
2570 4358 2816 4430 Cumque
2870 4369 3019 4416 esset
3063 4371 3431 4433 congregata,
3490 4361 3688 4417 relicta
3745 4370 3826 4416 est

2211 4453 2470 4510 nimirum
2498 4452 2687 4523 petitio
2710 4450 2939 4508 Joannis
2961 4452 3239 4524 praesulis,
3267 4468 3332 4509 ac
3356 4454 3631 4510 sententia
3667 4469 3705 4508 a
3730 4464 3821 4509 tua

2213 4545 2418 4602 directa
2448 4543 2811 4601 fraternitate.
2838 4543 3046 4613 Quibus
3071 4546 3229 4601 nobis
3275 4546 3467 4615 eisque
3490 4546 3677 4601 visum
3712 4556 3817 4611 est,

2217 4654 2326 4696 non
2358 4640 2659 4696 secundum
2689 4639 3095 4695 sacratissimos
3119 4652 3383 4705 canones,
3406 4653 3586 4709 neque
3614 4655 3823 4695 secun-

521 4733 818 4791 Ecclesiam
845 4694 1081 4806 regredi,
1125 4734 1424 4791 scribentes
1444 4731 1561 4802 ejus
1608 4732 1801 4802 saepius
1831 4732 2111 4789 nominate
2138 4694 2191 4756 Β
2218 4732 2345 4788 dum
2372 4731 2618 4787 instituta
2644 4730 2865 4785 Patrum
2892 4745 3013 4786 esse
3040 4730 3230 4786 eadem
3280 4739 3434 4803 gesta
3468 4731 3823 4802 promulgata

522 4828 896 4901 metropolitac,
932 4837 991 4884 ut
1018 4843 1138 4900 quae
1158 4843 1256 4900 per
1280 4827 1684 4898 simplicitatem
1712 4827 1884 4899 egerit
1908 4827 1962 4882 in
1991 4826 2109 4897 ejus

520 4932 807 4992 personam
821 4928 1011 4976 contra
1024 4935 1292 4977 canonum
1308 4921 1735 4983 decreta,essent
1747 4935 1916 4976 vacua
1931 4928 1988 4975 et
2000 4920 2110 4975 ina-

524 5009 633 5065 nia.
650 5010 910 5067 Eumdem
938 5012 1120 5083 itaque
1147 5010 1432 5078 Joannem,
1447 5021 1509 5068 ut
1531 5011 1734 5068 dictum
1762 5020 1868 5079 est,
1886 5012 2105 5067 antisti~

525 5110 630 5159 tem
660 5111 857 5159 vestrae
884 5106 1099 5162 eximiae
1123 5106 1376 5161 cliaritati
1401 5120 1501 5177 per
1522 5106 1623 5161 has
1650 5114 1869 5161 nostras
1894 5089 2106 5161 litteras

524 5195 981 5263 commendantes,
1008 5197 1136 5253 hinc
1161 5197 1521 5266 absolvimus;
1548 5197 1616 5253 ad
1638 5205 1823 5252 vestra
1848 5197 2102 5252 nimirum

2218 4824 2482 4880 adversus
2511 4822 2969 4895 praenominatum
2999 4821 3277 4893 Lampeon
3306 4822 3569 4878 Ecclesiae
3601 4822 3822 4891 episcoo

2215 4931 2363 4987 pum.
2406 4913 2613 4971 Idcirco
2656 4915 2999 4971 decrevimus
3048 4930 3169 4971 eam
3215 4930 3316 4987 per
3362 4923 3566 4970 nostra:
3609 4930 3823 4984 prace-

2214 5011 2416 5081 ptionis
2445 5010 2824 5065 auctoritatem
2849 5024 2972 5066 esse
3005 5009 3221 5064 inanem
3249 5019 3307 5065 et
3334 5024 3604 5076 vacuam,
3635 5009 3824 5064 absol-

2214 5112 2401 5158 ventes
2424 5116 2549 5156 eum
2577 5100 2641 5156 ad
2665 5117 2820 5157 suam
2843 5102 3143 5158 Ecclesiam
3189 5116 3437 5158 remeare
3472 5118 3600 5157 cum
3629 5113 3822 5158 nostra

2212 5195 2572 5267 praeceptione
2618 5176 2713 5249 ad.
2740 5194 2991 5251 eumdem
3017 5193 3134 5263 ejus
3194 5193 3601 5265 metrOpolitam
3649 5193 3817 5250 facta.

526 5285 921 5343 ambulaturum
972 5289 1220 5360 vestigia,
1248 5298 1310 5345 ut
1355 5290 1550 5345 exinde
1610 5304 1800 5345 rursus
1829 5304 1951 5344 cum
1997 5290 2111 5345 suis
2205 5289 2438 5359 Ideoque
2467 5302 2533 5343 eo
2570 5287 2677 5342 illic
2703 5288 2770 5343 ad
2798 5295 2947 5342 tuam
2975 5286 3379 5342 fraternitatem
3441 5286 3819 5357 conjungente

522 5378 742 5448 scriptis
772 5393 896 5434 eum
941 5380 1225 5437 absolvere
1246 5380 1488 5449 festinet,
1520 5397 1829 5453 quaesumus
1859 5383 1927 5437 ad
1957 5396 2110 5437 suam

524 5468 843 5537 Ecclesiam,
878 5473 1320 5531 commendantes
1343 5490 1467 5531 eum
1492 5475 1690 5544 quibus
1718 5472 2115 5546 praevideritmt

525 5562 724 5621 illaesus
747 5566 940 5623 debeat
958 5580 1099 5623 esse.
1116 5565 1365 5624 Profecto
1378 5568 1521 5624 enim
1539 5583 1645 5623 una
1661 5583 1873 5624 mecum
1897 5567 2110 5624 cunctis

525 5655 716 5713 diebus
744 5659 869 5716 vitae
899 5675 1032 5725 suae,
1060 5669 1116 5716 et
1144 5660 1258 5731 ipse
1286 5678 1384 5733 pro
1409 5670 1602 5717 vestra:
1639 5662 2111 5719 excellentissime

529 5748 808 5808 cbaritatis
837 5754 1198 5824 prosperitate
1245 5770 1311 5810 ac
1352 5755 1692 5826 longaevitate
1731 5755 2114 5827 deprecabitur

531 5837 837 5897 Dominum.
870 5844 1005 5900 Data
1035 5845 1122 5902 die
1167 5859 1222 5901 vr
1266 5843 1384 5902 Kal.
1434 5844 1596 5900 Febr.
1673 5845 1969 5902 indictione
2016 5861 2111 5902 un-

528 5927 759 5994 desitae.

2213 5382 2263 5437 ei
2322 5382 2399 5436 ita
2443 5389 2770 5444 concurrat,
2816 5389 2877 5436 ut
2929 5395 3051 5436 cum
3102 5379 3297 5434 litteris
3349 5379 3825 5435 commendatitiis

2216 5473 2423 5529 domini
2453 5472 2899 5528 excellentissimi
2950 5471 3123 5528 Vaani
3162 5470 3257 5526 ﬁlii
3298 5470 3471 5526 nostri
3520 5471 3824 5542 imperialis

2217 5565 2542 5624 cubicularii
2566 5575 2622 5620 et
2642 5564 2963 5621 chartularii
2978 5564 3044 5620 ad
3060 5578 3214 5621 suam
3234 5563 3538 5619 Ecclesiam
3557 5578 3824 5635 prospere

2218 5666 2544 5715 revertatur.
2595 5657 2719 5713 Viva
2755 5658 2898 5713 enim
2925 5672 3056 5714 voce
3089 5673 3189 5729 pro
3212 5672 3310 5713 sua
3341 5671 3509 5712 eausa
3545 5657 3824 5713 subtiliter

2218 5762 2326 5810 tua:
2351 5752 2700 5820 fraternitati,
2719 5753 2844 5808 dum
2874 5752 2943 5808 ab
2970 5767 3034 5807 ea
3059 5750 3353 5822 requisitus
3372 5748 3560 5816 fuerit,
3576 5748 3821 5821 profectu

2217 5843 2501 5911 indicabit,
2540 5845 2834 5901 ostendens
2864 5845 2914 5900 ei
2943 5843 3220 5914 exemplar
3248 5842 3507 5914 prmeepti
3542 5843 3722 5898 nostri
3754 5842 3816 5896 ad

2219 5937 2533 6019 Cretensem
2562 5936 2962 6010 metropolitam
2982 5936 3196 5995 directi.
3221 5935 3541 6007 Propterea,
3566 5933 3813 6007 Sylvinus
