3988 6448
110 451 151 508 1
168 453 314 515 145
1335 447 1831 507 DECRETALIUM
1858 446 2264 507 COLLECTIO.
3311 447 3453 506 1M6

109 564 260 619 tibi
291 561 561 619 intimabit
589 560 768 616 omnia
788 559 1100 631 praedicata,
1124 575 1192 618 ne
1213 563 1430 619 modum
1450 563 1755 636 transgredi
1784 569 1831 628 Α
1861 563 2087 627 missum
2115 562 2370 618 delictum
2413 559 2596 617 divina
2642 560 2818 632 gratia
2858 558 3207 633 exstinguere
3252 560 3452 619 valeat.

108 652 474 712 litterarum
499 668 865 710 cernerentur.
896 655 1029 710 Data
1058 666 1120 711 ut
1148 671 1332 727 supra.
1703 718 1711 725 ,
1863 651 1923 710 Si
1974 653 2120 709 enim
2168 652 2301 708 tales
2326 651 2621 723 quaerimus
2649 650 2718 707 ad
2748 665 2934 707 sacros
2962 652 3183 708 ordines
3225 666 3451 723 promo-

179 772 588 868 EXEMPLAR
626 810 990 899 EPiS'i‘OLE
1027 813 1315 871 MARTINI
1373 813 1575 872 PAPA']
1623 813 1719 871 AD

775 906 1143 965 AMANDUM.

216 1023 598 1080 Dilectissimo
621 1021 778 1078 fratri
804 1020 1031 1079 Amano
1069 1020 1374 1079 quruvus.

217 1115 619 1173 Fraternitatis
642 1124 747 1172 tua:
775 1115 955 1171 studio
974 1115 1192 1187 pietatis
1210 1124 1528 1188 congestam
1557 1114 1758 1186 cpisto-

119 1202 188 1264 la
197 1226 268 1265 m
282 1210 662 1280 suscipientes,
678 1207 889 1264 animos
902 1218 1117 1264 nostros
1131 1208 1374 1265 relevare
1385 1210 1755 1282 cognoscitur.

124 1301 374 1374 Quippe
384 1301 660 1373 quoniam,
680 1299 843 1372 hujus
862 1301 1041 1356 saeculi
1053 1300 1369 1373 ﬂuctivagas
1383 1310 1547 1372 atque
1562 1300 1762 1357 transi-

129 1398 338 1453 tor-ias
366 1396 671 1466 despiciens
700 1394 1110 1462 oblectationes,
1150 1395 1240 1450 illa
1266 1412 1387 1466 quae
1413 1404 1677 1467 perpetua
1706 1404 1762 1451 et

130 1486 419 1543 sublimia
446 1485 586 1541 dona
616 1499 716 1556 pro
744 1484 975 1541 Doinino
1002 1486 1112 1542 Deo
1138 1494 1329 1541 nostro
1350 1486 1630 1558 obsequiis
1657 1485 1759 1542 tri-

125 1580 409 1636 buuntur
451 1587 705 1649 appetere
754 1587 962 1633 certum
1004 1587 1105 1634 est.
1156 1577 1236 1633 Ex
1281 1578 1548 1634 relatione
1601 1578 1766 1649 igitur

127 1672 319 1745 juxta
366 1680 611 1725 tenorem
660 1679 763 1724 tua:
827 1669 1189 1726 fraternitatis
1235 1670 1501 1741 epistolae,
1575 1668 1766 1726 latoris

1861 748 2100 814 vendos,
2131 747 2328 817 quibus
2352 743 2501 802 nulla
2532 761 2664 816 ruga
2685 785 2700 811 ,
2729 744 3045 816 nullumque
3110 745 3235 801 vitae
3263 754 3460 801 conta-

1862 836 2010 908 gium
2037 837 2370 910 praepediat,
2400 844 2607 908 quanto
2657 837 2862 907 magis,
2913 837 2958 893 si
3008 844 3133 907 post
3159 835 3458 893 ordinatio-

1866 952 1994 993 nem
2020 952 2175 992 suam
2201 936 2472 1007 quispiam
2504 936 2559 990 in
2596 933 2749 1004 lapsu
2796 933 3088 999 ceciderit,
3114 941 3168 988 et
3195 933 3459 1005 praevari-

1867 1027 2098 1084 cationis
2126 1035 2353 1098 peccato
2395 1023 2836 1096 deprehendatur
2880 1023 3186 1090 obnoxius,
3236 1023 3461 1080 omnino

1865 1117 2264 1192 prohibendum
2309 1125 2395 1173 est
2443 1132 2573 1195 cum.
2616 1115 2869 1176 manibus
2924 1113 3238 1181 lutulentis,
3297 1123 3461 1184 atque

1866 1210 2108 1284 pollutus
2132 1209 2455 1283 mysterium
2493 1217 2699 1266 nostrae
2742 1207 2936 1265 salutis
2981 1216 3255 1275 tractare;
3286 1206 3463 1278 sitque

1869 1302 2179 1374 hujusmodi
2206 1317 2423 1372 semper
2444 1300 2601 1371 juxta
2633 1316 2914 1358 sacrorum
2943 1316 3212 1357 canonum
3241 1299 3463 1356 decreta

1864 1395 1921 1452 in
1951 1396 2055 1452 hac
2083 1396 2193 1451 vita
2246 1396 2557 1467 depositus,
2594 1402 2656 1449 ut
2702 1394 2772 1450 ab
2824 1392 2919 1450 illo
2949 1393 3040 1464 qui
3078 1394 3277 1450 mentis
3321 1393 3462 1450 inte-

1866 1490 2016 1546 riora
2038 1496 2331 1555 scrutatur,
2360 1488 2678 1561 nullumque
2703 1488 2770 1545 de
2793 1488 2987 1544 ovibus
3008 1503 3199 1545 errare
3227 1502 3463 1559 congau—

1865 1580 1993 1648 det,
2025 1582 2151 1638 dum
2201 1581 2480 1652 aspexerit
2525 1580 2798 1636 sinceram
2829 1580 3211 1651 paenitentiam
3236 1579 3373 1649 ejus,
3407 1579 3462 1634 in

1868 1672 2097 1729 terribili
2141 1673 2350 1745 judicio
2381 1673 2581 1730 habeat
2626 1670 3064 1729 reconciliatum.
3097 1671 3327 1742 ideoque
3360 1670 3464 1726 ite-

130 1765 544 1838 praasentium,
569 1764 817 1820 laborum
835 1773 1047 1819 tuorum
1070 1771 1349 1821 certamen
1374 1763 1729 1834 cognovimus
1750 1804 1764 1829 ,
1795 1776 1842 1837 Β
1871 1781 1991 1821 rum
2019 1765 2305 1821 hortamur
2333 1764 2658 1820 charitatem
2705 1772 2854 1819 tuam
2875 1805 2889 1830 ,
2924 1763 3175 1834 exemplo
3218 1763 3336 1835 ejus
3370 1762 3463 1834 qui

133 1873 225 1914 ex
282 1859 481 1930 quibus
549 1857 788 1913 caelestis
841 1856 1032 1928 patriae
1099 1871 1373 1923 assensu,
1445 1856 1767 1913 humilitatis

136 1954 441 2010 mentibus
453 1961 617 2023 atque
640 1950 890 2007 contritis
911 1949 1252 2022 corporibus,
1278 1948 1433 2005 vobis
1456 1947 1764 2005 futurorum

146 2045 489 2117 gaudiorum
541 2043 819 2114 largienda
867 2051 996 2098 sunt
1040 2057 1286 2098 munera.
1336 2041 1475 2097 Nam
1520 2056 1646 2096 cum
1694 2040 1768 2097 sit

142 2137 298 2193 nulli
344 2135 736 2207 comparationi
782 2135 1006 2190 omnino
1073 2134 1465 2204 coazquandum
1533 2132 1681 2204 quod
1733 2147 1764 2187 a

144 2227 426 2285 Creatore
457 2236 645 2284 nostro
673 2242 773 2297 pro
804 2227 960 2282 bonis
998 2225 1238 2281 servitiis
1290 2235 1764 2297 recompensatur,

151 2323 300 2379 dum
338 2323 489 2379 brevi
513 2331 677 2393 atque
700 2336 870 2392 parvo
900 2319 1162 2391 temporis
1183 2320 1360 2390 spatio
1389 2319 1655 2375 finiuntur
1682 2320 1766 2375 la-

158 2416 375 2481 bores,
409 2431 545 2486 quos
570 2430 671 2486 pro
699 2415 993 2470 dilectione
1035 2414 1205 2484 ipsius
1232 2414 1596 2478 sustinemus,
1631 2428 1765 2469 con-

162 2509 502 2565 sideratione
529 2508 801 2580 refrigerii
848 2523 949 2562 nos
989 2515 1206 2576 oportet
1235 2506 1426 2562 libenti
1473 2506 1659 2564 animo
1687 2515 1768 2564 to-

155 2598 349 2656 lerare
373 2596 653 2670 praesentis
679 2598 803 2652 vita:
838 2597 1139 2669 angustias.
1171 2596 1280 2653 Sed
1308 2605 1573 2667 quantum
1611 2598 1768 2655 nobis

149 2690 413 2748 laborum
439 2702 741 2750 vestrorum
779 2692 1027 2764 operatio
1050 2706 1305 2764 magnam
1336 2690 1517 2765 gaudii
1545 2693 1768 2749 uberta-

154 2794 277 2841 tem
298 2786 527 2854 inducit,
554 2793 763 2842 tantum
786 2800 887 2856 pro
907 2784 1108 2841 duritia
1133 2784 1477 2841 sacerdotum
1502 2784 1681 2857 gentis
1704 2785 1768 2840 il-

145 2875 272 2933 lius
299 2878 663 2945 conterimur,
691 2878 836 2947 quod
866 2876 1184 2948 postpositis
1214 2876 1410 2933 salutis
1435 2892 1546 2933 suae
1571 2875 1767 2932 suﬂ'ra-

147 2971 289 3044 giis,
313 2980 478 3041 atque
509 2970 873 3039 redemptoris
898 2970 1073 3025 nostri
1099 2970 1325 3026 servitia
1346 2971 1765 3036 contemnendo,

143 3059 420 3118 vitiorum
469 3060 757 3118 factoribus
799 3061 1174 3131 ingravantur,
1222 3062 1422 3132 quibus
1452 3063 1522 3117 ad
1553 3076 1767 3133 prtepa-

1869 1874 1968 1930 pro
1991 1857 2149 1914 nobis
2176 1857 2292 1929 pati
2317 1865 2374 1912 et
2401 1857 2541 1913 mori
2562 1856 2751 1923 voluit,
2784 1865 3064 1928 promptos
3092 1870 3190 1911 vos
3228 1855 3282 1910 in
3331 1870 3464 1911 cun-

1868 1953 1972 2009 ctis
1997 1950 2117 2021 ejus
2140 1951 2381 2008 servitiis
2409 1964 2752 2022 permanere.
2782 1948 2971 2019 Neque
2993 1964 3094 2005 nos
3124 1949 3307 2021 pigeat
3332 1955 3467 2004 tem-

1868 2045 2089 2118 porales
2113 2046 2397 2101 cruciatus
2425 2059 2526 2116 pro
2553 2044 2756 2100 Christi
2782 2045 3003 2099 nomine
3032 2043 3335 2109 sustinere,
3366 2043 3465 2100 sed

1869 2138 2234 2194 emolumenta
2285 2136 2483 2194 futurae
2542 2137 3008 2195 remunerationis
3062 2135 3222 2207 hujus
3280 2135 3465 2193 saeculi

1867 2230 2188 2286 vexationes
2217 2230 2458 2285 tolerare
2503 2229 2887 2300 persuadeant.
2928 2227 3205 2300 Scriptum
3231 2242 3467 2299 namque

1869 2334 1953 2380 est
1983 2343 1995 2379 :
2029 2342 2047 2376 ι
2076 2323 2216 2392 Quid
2244 2324 2546 2380 retribuam
2578 2323 2811 2380 Domino
2838 2339 2937 2395 pro
2959 2322 3213 2379 omnibus
3241 2336 3361 2393 quae
3379 2337 3465 2378 rc-

1871 2415 2066 2471 tribuit
2110 2415 2280 2470 mihi?
2305 2414 2544 2471 Calicem
2575 2415 2831 2472 salutaris
2859 2415 3123 2487 accipiam
3142 2455 3157 2482 ,
3185 2424 3241 2471 et
3266 2427 3465 2472 nomen

1868 2505 2085 2564 Domini
2117 2508 2384 2564 invocabo
2414 2507 2593 2581 (Psal.
2623 2525 2748 2576 cxv,
2785 2508 2897 2582 12).
2933 2529 2952 2563 ι
2998 2508 3232 2564 Tantum
3257 2509 3404 2565 enim
3433 2524 3465 2564 a

1868 2600 2029 2656 nobis
2058 2599 2315 2673 exigitur,
2342 2609 2607 2671 quantum
2638 2616 2931 2672 possumus
2961 2598 3262 2657 famulatus
3291 2601 3466 2658 nostri

1868 2690 2134 2761 obsequio
2167 2692 2517 2747 commodare
2536 2733 2551 2759 ,
2582 2707 2815 2763 cumque
2840 2702 3037 2749 cuncta
3060 2733 3076 2760 ,
3101 2709 3223 2765 quae
3250 2709 3282 2749 a
3310 2692 3467 2750 nobis

1869 2783 1939 2837 ad
1961 2780 2354 2839 confortandos
2375 2784 2739 2841 fraternitatis
2760 2794 2958 2842 vestra:
2980 2785 3191 2841 animos
3214 2792 3468 2856 poterant

1868 2876 2198 2943 ministrari,
2230 2876 2500 2950 largiente
2522 2892 2774 2949 supernze
2816 2876 3118 2948 maiestatis
3143 2877 3464 2940 clementia.

1869 2968 2023 3025 vobis
2049 2967 2253 3024 fuerint
2287 2969 2478 3040 procul
2503 2970 2667 3027 dubio
2696 2970 3076 3038 manifestata;
3112 2978 3284 3026 restat
3312 2977 3373 3025 ut
3400 2969 3467 3026 de

1869 3059 2007 3124 aliis,
2040 3074 2161 3131 quae
2192 3076 2292 3117 nos
2315 3076 2415 3132 per
2438 3077 2536 3117 sua
2564 3062 2769 3134 scripta
2795 3062 3102 3130 consuluit,
3131 3060 3465 3118 fraternitati

146 3157 392 3213 randam
418 3155 673 3222 salutem,
712 3154 1154 3225 quandoquidem
1177 3162 1386 3209 tantum
1415 3168 1516 3211 nos
1540 3168 1763 3210 necesse
1790 3142 1836 3205 C
1865 3160 2065 3209 vestrae
2099 3154 2494 3225 significemus.
2527 3156 2816 3212 Credimus
2862 3158 3008 3213 enim
3040 3159 3107 3213 ad
3143 3172 3241 3214 vos
3270 3171 3467 3227 perve-

147 3259 249 3305 est
281 3248 606 3318 importunis
647 3245 1130 3318 prmiicationibus
1177 3244 1465 3300 imminere
1497 3254 1762 3315 quantum

146 3354 268 3400 nos
294 3340 549 3411 perfecta:
576 3336 964 3411 negotiationis
992 3338 1324 3394 creditorum
1346 3336 1503 3393 nobis
1534 3336 1761 3393 talento-

149 3450 288 3491 rum
314 3433 556 3504 duplicat
581 3431 899 3503 assignatio,
928 3439 1093 3501 atque
1117 3429 1420 3486 Dominicis
1442 3431 1671 3487 vocibus
1694 3430 1766 3487 ad

149 3525 569 3595 suscipiendam
594 3523 713 3595 ejus
738 3523 982 3593 requiem
1014 3520 1305 3595 persuadet
1335 3521 1589 3577 assertio.
1624 3520 1764 3592 Sug-
1810 3540 1815 3543 ί

151 3628 374 3690 gestum
418 3628 502 3675 est
549 3632 783 3688 namque
831 3616 991 3673 nobis
1018 3630 1084 3672 eo
1112 3615 1257 3686 quod
1288 3615 1633 3686 presbyteri,
1667 3630 1763 3670 seu

150 3712 408 3777 diaconi,
439 3712 641 3782 aliique
688 3709 1047 3768 sacerdotalis
1070 3707 1240 3765 ofﬁcii
1286 3716 1411 3779 post
1454 3722 1583 3764 suas
1610 3707 1761 3763 ordi-

151 3805 417 3861 nationes
442 3805 498 3859 in
529 3804 740 3875 lapsum
769 3802 1147 3874 inquinantur,
1178 3809 1235 3857 et
1271 3808 1560 3872 propterea
1590 3798 1762 3855 nimio

154 3910 401 3954 mcerore
444 3896 844 3951 fraternitatem
891 3894 1152 3966 astringi,
1199 3893 1447 3964 velleque
1490 3890 1764 3963 pastorale

155 3984 485 4056 obsequium
513 4000 613 4055 pro
641 3999 829 4040 eorum
873 3982 1186 4040 obedientia
1216 3983 1520 4054 deponere,
1573 3992 1629 4037 et
1674 3995 1765 4035 vo-

158 4077 435 4134 cationem
483 4077 829 4148 episcopatus
871 4074 1153 4131 laboribus
1197 4073 1431 4145 eligere,
1460 4081 1516 4128 et
1542 4072 1764 4129 silentio

157 4176 329 4237 atque
352 4167 465 4223 0tio
492 4167 661 4222 vitam
687 4167 914 4234 degere,
952 4179 1117 4235 quam
1144 4163 1202 4218 in
1231 4163 1318 4217 his
1345 4177 1465 4232 quae
1491 4163 1587 4217 tibi
1614 4178 1767 4218 com-

158 4260 334 4318 missa
360 4269 487 4316 sunt
511 4274 852 4331 permanere,
871 4258 1087 4315 dicente
1110 4256 1379 4331 Domino;
1405 4274 1423 4307 ι
1447 4256 1647 4312 Beatus
1669 4256 1762 4327 qui

159 4328 597 4428 perseveraverit
619 4370 790 4427 usque
816 4355 875 4410 in
902 4353 1066 4411 finem
1091 4351 1309 4425 (Matth.
1335 4328 1391 4418 κ’,
1419 4351 1534 4424 22).
1558 4370 1577 4404 ι
1608 4351 1762 4409 Unde

162 4463 403 4520 namque
433 4450 591 4505 beata
618 4448 1056 4518 perseverantia,
1090 4446 1195 4502 nisi
1223 4445 1291 4502 de
1318 4445 1522 4501 virtute
1552 4446 1762 4516 patien-

162 4540 287 4607 tiae,
339 4542 465 4612 quia
513 4541 816 4597 secundum
864 4539 1218 4611 apostolicam
1271 4538 1756 4611 praedicationem,
1792 4515 1840 4575 D

172 4653 194 4687 ι
221 4649 412 4691 omnes
430 4635 521 4705 qui
545 4634 819 4691 voluerint
848 4634 902 4688 in
929 4633 1149 4690 Christo
1167 4633 1258 4704 pie
1290 4633 1471 4689 vivere
1500 4648 1758 4703 persecu-

165 4724 342 4782 tiones
379 4726 661 4798 patiuntur
707 4723 793 4798 (ΙΙ
829 4723 966 4779 Tim.
993 4740 1076 4791 ιιι,
1110 4724 1222 4796 12).
1258 4744 1278 4777 ι
1305 4724 1560 4795 Ideoque,
1592 4723 1764 4781 frater

167 4820 521 4888 charissime,
566 4835 676 4875 non
724 4833 824 4875 vos
867 4816 1220 4873 afﬂictionum
1265 4817 1574 4874 amaritudo
1605 4833 1636 4872 a
1661 4818 1764 4889 piae

169 4911 366 4968 mentis
391 4919 589 4968 vestrae
614 4911 896 4983 proposito
928 4918 1174 4967 coarctet
1196 4910 1483 4977 incedere,
1514 4910 1764 4966 conside-

172 5019 299 5060 rans
325 5012 528 5075 quanta
558 5019 658 5075 pro
698 5003 1060 5071 absolutione,
1092 5004 1301 5071 nostri,
1345 5012 1402 5060 et
1445 5004 1765 5060 liberatione

171 5097 398 5155 Creator
458 5097 830 5169 Dominusque
889 5106 1077 5153 noster
1124 5097 1439 5169 pertulerit,
1501 5097 1765 5168 quibusve

173 5186 513 5245 contumeliis
549 5202 610 5243 se
640 5187 988 5244 afficiendum
1015 5188 1340 5255 tradiderit,
1368 5196 1429 5243 ut
1456 5202 1557 5244 nos
1588 5204 1619 5243 a
1649 5188 1765 5243 vin-

174 5278 308 5336 culis
336 5279 622 5351 potestatis
650 5278 932 5335 diabolicae
958 5279 1239 5335 liberaret.
1297 5278 1594 5349 Propterea
1639 5278 1763 5335 nul-

159 5364 384 5459 ;1atenus
455 5372 513 5427 in
562 5370 869 5441 hujusmodi
923 5381 1148 5441 peccato
1200 5369 1644 5441 delinquentibus
1692 5372 1763 5427 ad

167 5468 595 5538 destructionem
644 5480 916 5522 canonum
950 5464 1212 5521 exhibeas
1241 5465 1693 5535 compassionem.

166 5571 173 5621 ε
246 5561 378 5617 Nam
404 5560 498 5634 qui
526 5559 695 5618 semel
730 5568 851 5631 post
882 5573 1037 5615 suam
1065 5558 1467 5615 ordinationem
1512 5559 1571 5615 in
1614 5557 1767 5629 lapsu

166 5641 463 5739 teeriderit,
504 5654 761 5726 deinceps
801 5653 916 5726 jam
956 5653 1235 5725 depositus
1262 5652 1405 5721 erit,
1448 5652 1768 5726 nullumque

184 5749 400 5821 gradum
426 5745 717 5805 sacerdotii
757 5746 957 5818 poterit
985 5746 1249 5817 adipisci,
1297 5744 1393 5803 sed
1434 5744 1674 5803 sufficiat
1714 5745 1768 5802 ei

184 5839 650 5897 lamentationibus
681 5838 1001 5909 nutibusque
1040 5838 1308 5905 assiduis,
1341 5853 1627 5909 quousque
1669 5837 1764 5894 ad-

192 5936 400 6003 vixcrit,
434 5935 490 5992 in
522 5935 711 5993 eadem
744 5933 1067 6006 pmnitcnlia
1115 5932 1412 6005 perdurare
1439 5972 1454 5995 ,
1506 5939 1565 5986 ut
1614 5945 1765 5987 com-

1866 3244 2045 3312 nisse,
2071 3246 2347 3316 quomodo
2376 3247 2429 3301 in
2458 3249 2878 3305 conturbatione
2909 3257 3073 3304 rectae
3103 3248 3228 3305 ﬁdei
3252 3289 3267 3316 ,
3291 3258 3346 3305 et
3374 3264 3467 3305 ca-

1868 3330 2082 3387 tholicae
2113 3330 2374 3387 Ecclesiae
2403 3333 2834 3401 conculcatione,
2860 3342 2990 3390 ante
3011 3335 3112 3391 hos
3134 3333 3257 3405 plus
3282 3334 3466 3391 minus

1866 3423 2178 3495 quindecim
2209 3440 2406 3496 annos,
2433 3442 2462 3480 a
2496 3426 2711 3499 Sergio,
2744 3427 2883 3484 falso
2915 3427 3170 3500 episcopo
3198 3427 3466 3483 Constan-

1868 3516 2265 3587 tinopolitano,
2316 3519 2372 3573 in
2406 3518 2612 3577 auxilio
2640 3519 2875 3574 habente
2929 3529 3057 3575 tunc
3108 3519 3465 3592 imperantem

1866 3608 2180 3666 Heraclium
2201 3653 2215 3678 ,
2246 3613 2583 3669 exsecranda
2618 3621 2675 3668 et
2701 3612 3066 3669 abominanda
3095 3611 3322 3669 haeresis
3349 3610 3468 3683 pul-

1864 3702 2073 3771 lulavit,
2104 3712 2161 3759 et
2203 3704 2755 3775 Apollinaristarum,
2805 3713 2862 3761 et
2905 3703 3366 3769 Severianorum,
3411 3710 3468 3758 et

1864 3791 2416 3863 Eutichianistarum,
2447 3805 2609 3866 atque
2651 3794 3079 3852 Manichaeorum
3124 3810 3343 3852 errores
3372 3810 3467 3851 re-

1865 3897 2129 3957 novante;
2160 3905 2323 3961 quam
2347 3905 2630 3947 successor
2650 3889 2767 3961 ejus
2802 3890 3047 3962 Pyrrhus
3066 3891 3319 3961 idemque
3352 3888 3469 3962 epi-

1866 3997 2064 4053 scopus
2085 4024 2100 4051 ,
2130 3983 2222 4054 qui
2264 3984 2577 4040 ambitionis
2611 3983 2758 4040 fastu
2797 3982 3461 4056 Constantinopolitanam

1865 4079 2052 4134 sedem
2081 4079 2340 4151 arripuit,
2369 4080 2423 4135 in
2448 4078 2693 4136 deterius
2714 4079 2888 4135 auxit.
2912 4078 3021 4137 Pro
3048 4096 3155 4151 qua
3177 4096 3240 4137 re
3259 4080 3463 4152 sapius

1866 4171 2163 4241 apostolica
2211 4173 2368 4227 sedes
2417 4172 2901 4242 persuasionibus,
2935 4173 3464 4239 contestationibus,

1865 4270 2028 4333 atque
2057 4263 2521 4333 increpationibus
2546 4264 2798 4335 plurimis
2836 4266 3119 4321 admonuit
3150 4281 3245 4323 eos
3273 4274 3465 4337 quate-

1864 4352 2060 4413 nusab
2090 4349 2466 4421 hujuscemodi
2494 4368 2684 4410 errore
2710 4356 3061 4421 recederent,
3098 4364 3156 4412 et
3182 4358 3252 4412 ad
3273 4356 3459 4411 lumen

1864 4441 2082 4511 pietatis
2116 4458 2184 4498 ex
2211 4458 2320 4514 quo
2349 4442 2486 4513 lapsi
2516 4454 2644 4501 sunt
2674 4458 3005 4504 remearent.
3037 4447 3106 4502 Et
3130 4462 3239 4503 non
3286 4447 3460 4503 solum

1866 4534 1992 4605 quia
2025 4535 2130 4591 hoc
2158 4534 2343 4592 facere
2389 4536 2698 4595 nullatenus
2743 4540 3059 4603 voluerunt,
3106 4541 3202 4595 sed
3229 4549 3285 4595 et
3320 4555 3467 4597 nunc

1865 4640 2151 4681 successor
2207 4627 2326 4698 ejus
2377 4627 2578 4685 Paulus
2635 4637 2931 4687 temerator
2983 4630 3109 4686 fidei
3176 4631 3466 4703 episcopus

1864 4717 2505 4794 ConstantinOpolitanus
2549 4723 2699 4781 aliud
2744 4724 2977 4795 nequius
3021 4725 3353 4797 excogitavit
3403 4726 3458 4781 in

1864 4810 2181 4881 prtejudicio
2234 4814 2516 4871 catholicae
2559 4814 2684 4870 ﬁdei
2733 4829 3031 4881 conamen,
3065 4816 3219 4886 quasi
3260 4831 3384 4887 quae
3429 4830 3462 4870 a

1864 4905 2363 4975 praedecessoribus
2391 4908 2504 4963 suis
2544 4906 2803 4963 haeretice
2848 4908 3097 4978 exposita
3124 4905 3341 4963 fuerant
3372 4909 3467 4973 de;

1865 5004 2083 5055 struens
2105 5040 2120 5067 ,
2158 5007 2214 5055 et
2245 5000 2584 5072 imperialem
2628 5010 2814 5074 typum
2844 5001 3110 5072 sacrilego
3134 5015 3273 5057 ausu
3300 5001 3466 5057 totius

1864 5089 2083 5161 plenum
2136 5091 2378 5164 perﬁdiae
2426 5107 2459 5147 a
2503 5092 2932 5149 clementissimo
2978 5093 3227 5164 principe
3272 5101 3464 5149 nostro

1866 5182 1988 5240 ﬁeri
2015 5185 2312 5256 persuasit,
2363 5185 2416 5239 in
2460 5200 2569 5255 quo
2612 5185 3015 5257 promulgatum
3042 5193 3160 5251 est,
3190 5192 3254 5240 ut
3273 5198 3464 5239 omnes

1864 5277 2049 5350 populi
2070 5278 2366 5335 Christiani
2381 5278 2603 5334 credere
2624 5278 2970 5343 debuissent;
2990 5276 3289 5347 ideoquene
3308 5288 3464 5331 cesse

1868 5372 2158 5429 habuimus
2182 5412 2197 5436 ,
2225 5386 2294 5427 ne
2320 5386 2422 5442 pro
2451 5371 2685 5441 quadam
2718 5369 3042 5441 negligentia
3071 5378 3126 5424 et
3157 5367 3460 5424 animarum

1867 5463 2198 5519 detrimento
2234 5476 2357 5534 quae
2405 5461 2562 5517 nobis
2605 5460 2910 5516 commissae
2954 5467 3083 5515 sunt
3107 5457 3281 5528 culpae
3305 5464 3460 5512 reatu

1868 5555 2264 5627 astringamur,
2313 5560 2515 5608 coetum
2544 5550 2851 5625 generalem
2897 5551 3132 5606 fratrum
3157 5554 3214 5602 et
3250 5546 3460 5618 episco-

1865 5660 2063 5719 porum
2091 5651 2404 5701 nostrorum
2446 5642 2502 5698 in
2549 5642 2655 5698 hac
2688 5641 2936 5697 Romana
2976 5638 3197 5695 civitate
3235 5648 3468 5706 congre-

1866 5754 2015 5813 gare.
2046 5738 2289 5807 Quorum
2336 5735 2624 5809 praesentia
2645 5741 3068 5792 memoratorum
3089 5729 3465 5786 haereticorum

1872 5834 2145 5893 scelerosa
2170 5833 2480 5904 conscripta
2502 5829 2812 5887 examinata
2832 5836 2995 5899 atque
3016 5824 3291 5882 denudata
3312 5828 3463 5885 sunt,

1873 5937 1929 5987 et
1955 5927 2252 6001 apostolico
2272 5940 2552 5995 mucrone,
2574 5923 2906 5994 Patrumque
2927 5916 3334 5977 definitionibus
3357 5926 3465 5968 uno
