3988 6470
545 390 681 448 1147

1432 390 1726 452 APPEND.
1765 397 1858 453 AD
1893 396 2068 456 SA'St’Z.
2108 395 2200 454 IX.
2244 427 2313 440 —
2349 398 2605 458 lSlDORl
2634 398 3081 460 MERCATOBIS

3718 401 3849 460 ωδ

542 525 669 574 ore,
698 521 914 580 unoque
935 507 1131 579 spiritu
1163 509 1668 581 condemnavimus,
1687 518 1750 565 ut
1780 525 2135 582 agnoscentes
2161 518 2215 577 Α
2242 508 2461 582 (Matth.
2510 527 2624 579 xvi,
2662 511 2791 584 19),
2841 520 2897 567 et
2948 511 3215 583 praedicto
3264 511 3477 567 vicario
3531 521 3659 577 tuo,
3692 524 3847 584 atque

540 600 784 656 universi
811 615 1053 656 errorem
1074 641 1088 668 ,
1121 601 1212 671 qui
1244 600 1297 655 in
1328 601 1409 656 eis
1435 602 1767 669 continetur,
1800 618 1988 659 eorum
2022 603 2140 674 pol-

538 692 742 749 lutione
769 693 1075 750 nullatenus
1103 694 1458 751 maculentur.
1499 694 1655 752 Unde
1682 699 2026 770 praavidimus
2048 715 2139 755 vo-

539 785 743 841 lumina
772 797 1053 860 gestorum
1085 787 1427 860 synodalium
1459 789 1513 845 in
1550 791 1809 861 praesenti
1857 790 2011 847 vobis
2057 790 2140 847 di-

540 879 748 949 rigere,
784 897 890 937 una
920 896 1046 938 cum
1092 882 1335 955 encyclia
1378 892 1588 950 nostra,
1618 898 1687 939 ex
1718 899 1951 956 quorum
1994 883 2138 940 serie

536 972 718 1029 omnia
762 973 1035 1031 subtiliter
1073 976 1302 1048 potestis
1340 975 1649 1041 addiscere,
1685 985 1742 1031 et
1771 976 2028 1032 tenebras
2068 972 2137 1031 il-

536 1062 713 1121 lorum
762 1067 1050 1124 nobiscum
1088 1076 1151 1123 ut
1181 1068 1279 1125 filii
1326 1068 1464 1125 lucis
1509 1067 1881 1140 exstinguere.
1928 1067 2136 1125 Idcirco

536 1158 754 1215 studeat
782 1158 1101 1217 fraternitas
1129 1168 1218 1217 tua
1249 1161 1503 1217 omnibus
1532 1162 1724 1218 eadem
1755 1161 2131 1229 innotescere,

535 1260 597 1307 ut
614 1259 724 1307 tam
744 1252 1164 1310 abominandam
1181 1252 1434 1309 hzeresim
1456 1252 1740 1309 nobiscum
1755 1262 2129 1317 exsecrentur,

535 1361 807 1420 quamque
833 1364 945 1405 suae
972 1348 1165 1405 salutis
1191 1356 1532 1404 sacramenta
1568 1347 1852 1404 addiscere
1885 1346 2126 1414 valeant,

535 1450 701 1511 atque
758 1439 1006 1514 synodali
1064 1442 1415 1498 contentione
1467 1441 1710 1497 omnium
1764 1439 2028 1508 fratrum,
2080 1451 2136 1499 et

533 1531 981 1604 coepiscoporum
1024 1541 1339 1589 nostrorum
1384 1533 1623 1605 partium
1683 1532 1896 1591 illarum
1940 1532 2132 1590 effecta

535 1622 835 1679 secundum
878 1632 1124 1680 tenorem
1174 1622 1435 1698 encycliae
1483 1641 1515 1681 a
1560 1625 1718 1682 nobis
1764 1627 1984 1683 directae
2025 1642 2130 1682 una

544 1728 671 1770 cum
694 1714 1054 1787 scriptoribus
1077 1716 1276 1773 vestris
1303 1716 1506 1789 scripta
1528 1716 2131 1774 nobismetdestinanda

534 1805 948 1875 concelebrent,
990 1807 1382 1866 confirmantes
1411 1819 1576 1882 atque
1605 1810 2015 1868 consentientes
2045 1810 2128 1865 eis

532 1913 654 1970 quae
687 1916 786 1972 pro
830 1901 1137 1958 orthodoxa
1170 1903 1310 1971 fide,
1344 1913 1401 1960 et
1446 1904 1820 1961 destructione
1847 1905 2131 1961 haeretico«

531 2006 653 2048 rum
682 1996 920 2051 vesaniae
951 2010 1125 2068 nuper
1168 2007 1374 2054 exorta:
1403 2013 1434 2053 a
1470 1998 1628 2056 nobis
1658 2006 1863 2055 statuta
1892 2008 2049 2068 sunt;
2076 2007 2131 2057 et

531 2084 875 2158 Sigebertum
890 2090 1453 2161 praecellentissimum
1473 2091 1642 2148 filium
1659 2105 1929 2161 nostrum,
1946 2109 2129 2165 regem

529 2178 895 2249 Francorum,
914 2199 1013 2254 pro
1039 2201 1151 2241 suae
1169 2183 1601 2241 Christianitatis
1627 2186 1870 2243 remedio
1901 2187 2123 2244 consul-

531 2272 739 2328 tissime
782 2274 1080 2332 admonere
1108 2284 1273 2349 atque
1310 2277 1561 2348 precari,
1604 2277 1841 2349 dirigere
1870 2279 2027 2334 nobis
2058 2292 2122 2337 ex

530 2375 763 2436 corpore
792 2364 1021 2421 fratrum
1064 2376 1379 2423 nostrorum
1412 2367 1796 2424 dilectissimos
1823 2369 2123 2442 episcopos,

530 2456 621 2526 qui
673 2452 816 2514 sedis
860 2459 1170 2531 apostolicae
1214 2460 1506 2531 legatione,
1548 2460 1733 2517 divina
1783 2461 2126 2519 concedente

528 2551 936 2622 propitiatione,
966 2548 1119 2624 fungi
1147 2554 1396 2622 debeant,
1440 2563 1494 2611 et
1524 2570 1645 2627 quae
1676 2566 1867 2612 nostro
1895 2556 2125 2613 consilio

525 2654 746 2714 peracta
777 2652 1067 2701 suntcum
1118 2647 1205 2702 his
1237 2646 1586 2721 synodalibus
1629 2648 1877 2721 apicibus
1921 2648 2124 2705 nostris

530 2737 597 2792 ad
631 2738 1121 2796 clementissimum
1170 2742 1472 2814 principem
1516 2754 1765 2800 nostrum
1796 2745 1913 2801 sine
1961 2745 2124 2802 dubio

534 2839 817 2900 asportare
847 2831 1095 2899 valeant,
1126 2842 1190 2887 ut
1219 2844 1530 2891 nostrorum
1560 2834 1813 2893 laborum
1847 2839 2124 2908 particeps

528 2921 753 2978 effectus
799 2924 1068 2980 mercedis
1110 2926 1389 2981 cumulum
1437 2927 1664 2998 adipisci
1696 2927 1905 2995 valeat,
1939 2938 1993 2983 et
2038 2929 2122 2984 sui

528 3014 678 3085 regni
710 3022 1074 3085 protectorem
1092 3016 1340 3073 invenire
1361 3034 1506 3085 eum,
1525 3018 1678 3088 cujus
1697 3035 1861 3075 causa
1889 3017 2122 3091 ﬂagitari

529 3105 886 3176 dignoscitur.
921 3106 1035 3165 Hoc
1062 3124 1299 3181 namque
1327 3119 1382 3166 et
1411 3111 1466 3167 in
1514 3111 1632 3182 ejus
1669 3110 1900 3183 epistola
1926 3113 2123 3169 exhor-

528 3198 632 3252 tari
665 3214 787 3254 eum
817 3203 1194 3269 cognovimus.
1228 3202 1510 3276 Reliquias
1539 3220 1671 3261 vero
1710 3214 2028 3261 sanctorum
2056 3205 2121 3261 de

528 3291 724 3360 quibus
751 3293 1099 3365 praesentium
1130 3293 1273 3351 lator
1302 3310 1402 3352 nos
1432 3295 1714 3353 admonuit
1752 3295 1873 3352 dari
1912 3311 2121 3368 praece-

527 3380 724 3453 pimus.
773 3382 907 3439 Nam
956 3386 1172 3441 codices
1206 3384 1323 3456 jam
1372 3386 1635 3442 exinaniti
1681 3396 1808 3442 sunt
1854 3404 1885 3442 a
1933 3395 2121 3442 nostra

525 3470 878 3541 bibliotheca,
922 3483 977 3531 et
1018 3476 1164 3532 unde
1190 3476 1323 3534 dare
1369 3479 1420 3534 ei
1470 3478 1779 3536 nullatenus
1809 3479 2118 3536 habuimus.

527 3561 917 3624 Transcribere
941 3578 1121 3625 autem
1148 3587 1255 3626 non
1282 3572 1479 3641 potuit,
1504 3574 1765 3644 quoniam
1796 3570 2122 3627 festinanter

527 3655 594 3711 de
624 3658 728 3713 hac
751 3658 973 3716 civitate
995 3662 1177 3733 egredi
1210 3663 1538 3735 properavit.
1569 3662 1666 3720 His
1692 3665 1857 3737 igitur
1879 3665 1954 3720 ita
1984 3680 2121 3735 pra:-

529 3745 717 3805 libatis
738 3766 859 3820 quae
882 3767 911 3806 a
937 3752 1094 3808 nobis
1125 3769 1222 3824 per
1244 3755 1527 3827 epistolam
1556 3758 1712 3813 vobis
1737 3757 1940 3829 scripta
1971 3767 2115 3822 sunt,

526 3838 743 3898 effectui
775 3845 1086 3917 mancipare
1109 3845 1507 3903 fraternitatem
1546 3858 1783 3905 vestram
1814 3850 2115 3905 hortamur.

526 3932 670 3991 Deus
702 3944 754 3991 te
780 3936 1105 3994 incolumem
1139 3941 1433 4009 custodiat,
1467 3941 1818 3998 dilectissime
1852 3942 2042 3998 frater.

646 4075 811 4148 285
851 4077 1173 4135 DECRETA
1205 4076 1537 4135 GBEGORII
1573 4077 1776 4134 PAPE
1816 4077 1885 4134 Ill
1920 4079 2011 4134 ET

1123 4170 1351 4226 ZACHA
1360 4168 1521 4226 ΒΙΑΞ.

592 4301 653 4358 Ιιι
719 4303 936 4360 nomine
976 4302 1193 4361 Domini
1241 4303 1378 4371 Dei,
1447 4312 1503 4360 et
1569 4303 1870 4361 Salvatoris
1944 4304 2118 4362 nostri

517 4392 650 4453 Iesu
678 4392 904 4463 Christi,
939 4397 1239 4468 imperante
1268 4397 1484 4454 domino
1518 4397 1723 4465 Leone,
1760 4414 1790 4453 a
1822 4399 1933 4455 Deo
1961 4414 2118 4456 coro-

519 4497 651 4546 nato
680 4505 876 4562 magno
900 4489 1255 4561 imperatore,
1272 4505 1415 4545 anno
1430 4500 1608 4558 sexto,
1624 4500 1744 4562 post
1772 4490 2115 4546 consulatum

520 4578 657 4650 ejus,
700 4581 795 4637 sed
840 4591 897 4637 et
948 4580 1309 4637 Constantino
1364 4597 1561 4651 magno
1615 4582 1943 4653 imperatore
1997 4583 2113 4653 ejus

2240 603 2652 660 successoribus
2683 603 2803 675 ejus
2829 618 2929 675 per
2976 604 3161 659 omnia
3211 604 3506 672 exhibere;
3565 605 3673 660 sed
3703 618 3761 659 et
3804 607 3845 662 si

2238 710 2512 767 agnovero
2540 696 2811 752 antistites
2838 704 3028 752 contra
3068 697 3316 752 instituta
3348 696 3591 768 antiqua
3625 707 3842 752 sancio-

2239 802 2357 842 rum
2402 787 2624 842 Patrum
2672 788 3029 851 conversari,
3081 803 3209 843 cum
3238 787 3320 843 eis
3353 788 3571 842 nullam
3632 786 3843 844 habere

2238 880 2674 937 communionem
2718 889 2810 934 aut
2848 880 3308 951 conjunctionem,
3338 882 3433 936 sed
3463 880 3657 950 magis
3686 880 3731 934 si
3757 896 3843 934 va-

2236 973 2409 1039 luero,
2437 972 2726 1045 prohibere
2758 973 3094 1045 prohibeam,
3138 973 3186 1028 si
3235 973 3413 1029 minus
3452 972 3711 1029 fideliter
3748 972 3841 1027 Do-

2236 1066 2385 1122 mino
2428 1081 2551 1121 meo
2603 1064 2899 1136 apostolico
2956 1064 3299 1121 renuntiabo.
3350 1066 3513 1134 Quod
3558 1066 3612 1121 si
3664 1066 3833 1137 (qu-2;!

2237 1154 2419 1227 absit)
2476 1165 2666 1211 contra
2713 1156 2878 1227 hujus
2930 1156 3308 1226 permissionis
3364 1157 3580 1214 seriem
3644 1157 3831 1229 aliqua

2234 1244 2417 1303 facere
2448 1247 2691 1318 quolibet
2714 1247 2875 1302 modo
2915 1247 3001 1303 vel
3042 1248 3333 1303 occasione
3364 1258 3701 1315 tentavero,
3728 1264 3828 1305 rem

2233 1335 2481 1392 inveniar
2509 1338 2561 1392 in
2598 1345 2804 1395 {eterno
2823 1336 3032 1408 judicio
3068 1339 3329 1396 ultionem
3358 1341 3601 1395 Ananiae
3648 1351 3708 1396 et
3754 1339 3827 1396 Sa-

2232 1429 2402 1500 phirze
2432 1429 2570 1500 (Act.
2604 1443 2656 1495 v,
2708 1428 2862 1500 5-10)
2907 1430 3208 1498 incurram,
3241 1432 3333 1501 qui
3364 1432 3533 1487 vobis
3576 1433 3747 1487 etiam
3776 1434 3831 1486 de

2233 1520 2395 1575 rebus
2438 1520 2673 1590 propriis
2720 1514 2963 1575 fraudem
3020 1521 3201 1577 facere
3248 1522 3333 1577 vel
3389 1521 3598 1577 falsum
3657 1524 3832 1577 dicere

2230 1610 2690 1681 prtesumpserim.
2737 1609 2851 1666 Hoc
2900 1619 3079 1666 autem
3128 1612 3430 1667 indiculum
3468 1614 3830 1673 sacramenti,

2230 1720 2331 1777 ego
2364 1702 2672 1761 Bonifacius
2691 1705 2920 1777 exiguus
2945 1705 3233 1778 episcOpus
3258 1722 3426 1761 manu
3456 1709 3672 1777 propria
3696 1712 3831 1765 sub-

2232 1796 2450 1869 scripsi,
2479 1807 2644 1869 atque
2673 1798 2911 1868 positum
2950 1813 3112 1868 supra
3160 1800 3608 1855 sacratissimum
3637 1816 3829 1871 mrpus

2158 1884 2410 1956 Btuum,
2464 1897 2525 1945 ut
2580 1891 2834 1961 superius
2879 1890 3101 1963 legitur,
3154 1891 3267 1948 Deo
3316 1899 3502 1958 teste,
3558 1901 3618 1947 et
3658 1892 3831 1963 judice

2233 1979 2467 2050 praestiti
2517 1988 2924 2038 sacramentum
2950 2022 2967 2049 ,
3020 1982 3165 2053 quod
3215 1991 3272 2039 et
3323 1997 3673 2039 conservare
3720 1999 3831 2055 pro-

2235 2072 2412 2127 mitto.

2267 2204 2511 2277 Epistola
2531 2204 2773 2278 Gregorii
2788 2222 2940 2278 papae
2961 2205 3032 2262 ad
3054 2205 3401 2277 Bonifacius
3422 2207 3808 2279 Dresbgterll.

2305 2343 2619 2402 GREGOMUS
2635 2357 2826 2401 servus
2848 2359 3132 2401 servorum
3148 2345 3243 2402 Dei
3264 2343 3577 2402 BONIFACIO
3593 2345 3829 2418 religioso

2233 2440 2580 2511 presbytero.

2317 2528 2502 2603 Exigit
2573 2530 2920 2587 manifestata
2994 2530 3150 2588 nobis
3230 2532 3474 2601 religiosi
3574 2533 3825 2605 propositi

2233 2621 2312 2678 tui
2362 2622 2449 2693 pie
2508 2623 2564 2678 in
2624 2622 2843 2680 Christo
2886 2622 3169 2694 ﬂagrantis
3230 2626 3464 2683 intentio
3520 2636 3582 2683 et
3642 2643 3823 2699 appro-

2230 2714 2357 2770 bata
2405 2716 2771 2772 sincerissima
2802 2718 2927 2773 ﬁdei
2977 2726 3085 2774 tuae
3136 2718 3346 2790 perlata
3397 2719 3623 2785 relatio,
3665 2731 3729 2776 ut
3770 2724 3831 2777 ad

2231 2811 2692 2883 dispensationem
2722 2813 2875 2868 verbi
2921 2812 3090 2868 divini
3121 2812 3272 2882 cujus
3323 2830 3429 2885 per
3458 2815 3690 2887 gratiam
3733 2814 3829 2870 Dei

2230 2920 2415 2961 curam
2439 2905 2765 2976 gerimus,te
2792 2905 3167 2962 comministro
3195 2897 3440 2962 utamur.
3472 2907 3829 2980 Experientes

2230 3000 2457 3070 provide
2485 3008 2538 3055 te
2577 2999 2646 3055 ab
2672 2999 2903 3055 infantia
2930 3014 3117 3057 sacras
3160 3000 3377 3056 litteras
3413 3002 3682 3057 didicisse
3710 3017 3828 3071 pro-

2229 3093 2512 3165 fectusque
2555 3095 2791 3151 indolem
2839 3095 2907 3151 ad
2959 3104 3310 3166 augmentum
3362 3096 3571 3151 crediti
3617 3096 3829 3151 caelitus

2229 3186 2423 3243 talenti
2457 3197 2750 3259 prospectu
2776 3187 2943 3243 divini
2984 3189 3189 3243 amoris
3221 3188 3549 3255 extendere,
3580 3188 3829 3243 videlicet

2228 3282 2461 3354 gratiam
2503 3283 2847 3352 cognationis
2873 3282 3112 3339 caelestis
3143 3284 3350 3340 oraculi
3389 3285 3445 3339 in
3470 3283 3725 3341 laborem
3748 3300 3832 3340 sa-

2228 3374 2461 3431 lutifera:
2495 3375 2903 3448 praedicationis
2948 3376 3013 3431 ad
3061 3376 3522 3431 innotesccndum
3577 3376 3829 3448 gentibus

2225 3468 2519 3525 incredulis
2546 3469 2906 3524 ministerium
2951 3466 3076 3523 fidei
3116 3467 3345 3524 instanti
3374 3477 3584 3523 conatu
3631 3482 3831 3537 expen-

2225 3564 2376 3631 dere,
2409 3563 2745 3619 collzetamur
2772 3562 2899 3619 fidei
2934 3570 3058 3630 tute,
3091 3571 3147 3619 et
3188 3563 3468 3633 adjutores
3499 3577 3629 3617 esse
3679 3562 3827 3630 cupi-

2224 3672 2347 3712 mus
2391 3656 2579 3728 gratia:
2606 3661 2945 3726 praerogatze.
2979 3653 3189 3710 Idcirco
3219 3653 3312 3725 qui
3352 3653 3629 3724 praemissi
3664 3667 3826 3707 cona-

2225 3757 2311 3804 tus
2356 3748 2504 3818 pium
2556 3745 2810 3804 affectum
2842 3761 3014 3818 usque
3065 3744 3134 3801 ad
3174 3744 3488 3816 apostolica:
3520 3743 3674 3800 sedis
3719 3757 3827 3797 mo-

2222 3838 2376 3895 desta
2400 3839 2722 3910 przevisione
2749 3839 3049 3911 perduxisti
3080 3837 3486 3903 consultum,ut
3515 3837 3825 3905 membrana

2222 3947 2291 3988 ex
2315 3933 2558 3989 membro
2582 3932 2787 4005 preprii
2812 3932 3062 4003 corporis
3096 3940 3259 4003 caput
3289 3930 3583 4002 requirens
3613 3938 3823 3983 motum

2221 4028 2428 4085 mentis
2471 4030 2756 4100 probares,
2810 4028 3111 4100 capitisque
3158 4024 3387 4106 arbitrio
3429 4023 3722 4081 humiliter
3772 4038 3825 4077 se

2221 4122 2548 4178 submittens
2574 4120 2695 4191 ejus
2733 4118 3018 4176 directioni
3051 4118 3201 4190 justo
3248 4117 3466 4172 tramite
3492 4130 3824 4186 properans,

2220 4213 2483 4271 soliditati
2514 4212 2850 4285 compaginis
2876 4210 3159 4283 plenitudo
3186 4209 3413 4265 cxistas.
3460 4207 3591 4263 Ideo
3618 4209 3680 4261 in
3731 4220 3825 4260 no-

2220 4312 2368 4367 mine
2406 4307 2813 4365 indivisibilitcr
2851 4304 3133 4361 Trinitatis
3170 4319 3269 4373 per
3313 4302 3702 4358 inconcussam
3734 4314 3828 4351 au-

2219 4403 2528 4460 ctoritatem
2556 4400 2699 4455 beati
2722 4398 2869 4455 Petri
2897 4396 3267 4468 apostolorum
3312 4392 3616 4465 principis,
3670 4390 3825 4460 cujus

2229 4495 2493 4552 doctrinae
2545 4491 2877 4567 magisteriis
2928 4489 3335 4561 diSpensatione
3409 4486 3718 4556 fungimur,
3774 4492 3826 4537 et

2217 4585 2398 4643 locum
2430 4602 2600 4642 sacra:
2629 4584 2776 4640 sedis
2818 4582 3291 4645 administramus,
3322 4578 3659 4637 modestiam
3696 4586 3825 4629 tunc.

520 4672 632 4729 filio
658 4688 801 4729 anno
830 4681 1028 4744 quarto
1062 4673 1377 4729 indictionis
1429 4682 1618 4728 sextre.
1670 4672 1973 4738 Promitto,
2012 4690 2111 4747 ego
2138 4714 2191 4775 Β
2220 4680 2496 4752 religionis
2546 4676 2884 4733 instituimus
2910 4717 2924 4742 ,
2986 4684 3149 4745 atque
3202 4672 3556 4744 praecipimus
3583 4710 3599 4735 ,
3657 4677 3723 4722 ut
3773 4668 3823 4721 in

519 4762 831 4822 Bonifacius
866 4766 1038 4836 gratia
1068 4766 1161 4821 Dei
1192 4766 1499 4836 episcopus,
1537 4765 1710 4833 vobis,
1744 4766 1904 4821 beato
1949 4767 2110 4824 Petro

518 4856 883 4928 apostolorum
930 4858 1184 4930 principi,
1220 4858 1534 4927 vicarioque
1580 4866 1704 4925 tuo,
1746 4859 1907 4915 beato
1958 4875 2109 4932 papae

518 4945 821 5019 Gregorio,
878 4949 1391 5019 successoribusquc
1441 4948 1558 5021 ejus
1597 4965 1693 5020 per
1751 4949 2001 5018 Patrem,
2058 4963 2111 5009 et

516 5036 735 5107 Filium,
769 5050 825 5095 et
863 5036 1127 5111 Spiritum
1175 5049 1445 5109 sanctum,
1473 5038 1798 5097 Trinitatem
1836 5046 2081 5115 inscpara

517 5128 704 5196 bilem,
720 5133 896 5186 ethoc
920 5133 1348 5190 sacratissimum
1374 5148 1572 5206 corpus
1599 5142 1772 5201 tuum,
1789 5152 1874 5192 me
1894 5152 2108 5193 omnem

518 5223 702 5290 fidem,
729 5233 783 5278 et
806 5226 1100 5295 puritatem
1129 5237 1332 5283 sancta:
1360 5229 1486 5284 fidei
1518 5229 1803 5286 catholicm
1825 5231 2107 5298 exhibere,

516 5328 572 5375 et
600 5319 651 5373 in
680 5319 889 5373 unitate
909 5318 1149 5386 ejusdem
1179 5322 1326 5405 fidei,
1358 5322 1467 5379 Deo
1505 5332 1767 5395 operante
1795 5323 2106 5394 persistere,

518 5412 572 5468 in
599 5428 704 5484 qua
742 5408 1177 5469 Christianorum
1229 5416 1378 5472 salus
1430 5431 1550 5474 esse
1608 5419 1725 5474 sine
1757 5418 1922 5475 dubio
1967 5433 2111 5473 com-

516 5506 797 5578 probatur,
828 5504 974 5559 nullo
1004 5507 1162 5561 modo
1193 5522 1279 5562 me
1323 5517 1516 5564 contra
1557 5510 1822 5565 unitatem
1860 5525 2107 5566 commu-

518 5597 600 5654 nis
624 5605 679 5652 ct
714 5598 1038 5654 universalis
1064 5599 1338 5669 Ecclesiae,
1381 5603 1643 5659 suadente
1672 5605 1947 5675 quopiam,
1977 5620 2107 5659 con—

516 5690 740 5758 sentire,
772 5692 866 5748 sed
889 5702 948 5748 ut
974 5692 1109 5762 dixi,
1136 5692 1297 5750 fidem
1329 5704 1383 5751 et
1409 5695 1703 5766 puritatem
1737 5715 1911 5754 meam
1943 5708 2106 5769 atque

515 5795 842 5839 concursum
894 5785 1012 5854 tibi,
1056 5795 1112 5843 et
1142 5786 1470 5845 utilitatibus
1513 5796 1617 5846 tua:
1645 5790 1925 5859 Ecclesiae,
1956 5791 2043 5847 cui
2074 5807 2104 5845 a

517 5872 746 5930 Domino
788 5874 900 5932 Deo
949 5888 1194 5947 petcstas
1233 5879 1436 5952 ligandi
1468 5879 1822 5952 solvendique
1851 5881 1976 5937 data
2025 5891 2107 5940 est

1822 5996 1917 6027 'Ar‘cr

1830 6022 1839 6033 4.

2215 4774 2383 4829 verbo
2413 4770 2602 4844 gratia:
2634 4770 2727 4825 Dei
2758 4785 2865 4841 quo
2910 4767 3033 4840 igne
3069 4765 3376 4830 salutifero,
3404 4779 3571 4835 quem
3598 4762 3823 4817 mittere

2215 4865 2475 4921 Dominus
2505 4863 2652 4920 venit
2677 4863 2731 4917 in
2758 4870 2962 4917 terram
3004 4859 3156 4932 (Luc.
3190 4874 3289 4924 xu,
3321 4857 3414 4928 49)
3441 4899 3455 4923 ,
3485 4857 3706 4912 enitere
3728 4852 3819 4907 Juo

2216 4956 2347 5011 dmis
2389 4956 2456 5011 ad
2487 4963 2677 5026 gentes
2728 4954 3082 5024 quascunque
3118 4949 3457 5007 infidelitatis
3498 4962 3699 5003 errore
3730 4946 3823 5001 de-

2215 5058 2723 5120 tentasprOperare,
2748 5048 2861 5102 Deo
2885 5045 3467 5117 aunitenle,potueris,
3494 5044 3822 5113 mysterium

2214 5143 2365 5213 regni
2390 5141 2485 5196 Dei
2514 5156 2611 5211 per
2640 5141 3063 5196 insinuationem
3093 5139 3332 5194 nominis
3359 5136 3571 5192 Christi
3604 5134 3820 5190 Domini

2214 5236 2386 5291 nostri
2433 5235 2682 5291 veritatis
2725 5235 2979 5291 suasione
3031 5231 3305 5305 designes,
3338 5238 3393 5287 et
3421 5246 3524 5298 per
3566 5230 3821 5301 spiritum

2211 5327 2481 5394 veritatis,
2505 5334 2561 5383 et
2588 5325 2913 5394 dilectionis,
2943 5333 2999 5381 et
3025 5323 3333 5380 sobrietatis
3370 5321 3823 5393 prtedicationem

2214 5418 2500 5489 utriusque
2553 5415 2895 5473 Testamenti
2948 5417 3224 5473 mentibus
3276 5414 3514 5470 indoctis
3577 5427 3819 5470 consona

2214 5508 2429 5565 ratione
2488 5510 2859 5565 transfundas.
2927 5508 3279 5580 Disciplinam
3337 5505 3581 5577 denique
3634 5518 3821 5560 sacra-

2218 5601 2387 5657 menti
2425 5615 2588 5672 quam
2640 5602 2707 5656 ad
2754 5601 3049 5656 mittendos
3092 5600 3203 5655 Deo
3250 5599 3457 5670 praevio
3504 5597 3818 5652 credituros

2218 5704 2406 5754 tenere
2432 5699 2655 5754 studeas
2685 5712 2750 5752 ex
2779 5695 3012 5751 formula
3033 5693 3331 5753 officiorum
3370 5702 3583 5749 sancta:
3615 5701 3815 5746 nostrm

2216 5785 2530 5860 apostolicae
2575 5787 2721 5843 sedis
2756 5786 3132 5843 instructionis
3183 5792 3287 5841 tuae
3314 5784 3487 5857 gratia
3530 5781 3809 5854 przelibata

2215 5879 2465 5937 volumus
2487 5884 2556 5953 λιιι
2600 5878 2872 5937 intendas.
2907 5878 3061 5948 Quod
3102 5893 3233 5935 vero
3258 5875 3494 5933 actionis
3548 5880 3810 5944 suscepta
