3988 6432
128 457 157 510 1
175 452 296 512 149

1216 434 1705 498 DECRETALIUM
1735 430 2140 494 COLLECTIO.

3271 426 3411 487 1150

128 565 256 622 tibi
296 563 485 620 deesse
521 556 896 631 perspexeris,
928 554 1085 611 nobis
1108 563 1169 610 ut
1208 552 1448 610 valueris
1476 552 1733 608 intimare
1759 552 1815 613 Α
1837 548 1970 604 Item
2005 546 2222 609 epistola
2252 545 2489 631 Gregorii
2531 563 2681 631 pagi}:
2707 547 2775 630 ad
2802 547 3099 629 universum
3139 543 3335 601 clerum
3363 556 3411 602 et

127 655 396 713 curabis.
439 651 584 707 Bene
623 647 762 704 vale.
795 648 929 703 Data
965 646 1090 703 ldus
1117 645 1261 711 Maii,
1296 644 1598 717 imperante
1644 644 1735 697 do-

130 747 305 804 mino
334 743 582 817 piissimo
610 740 853 813 Augusto
889 736 1091 805 Leone,
1119 753 1150 792 a
1191 737 1303 793 Deo
1334 744 1594 793 coronato
1621 748 1736 788 ma-

132 854 265 910 gno
308 835 658 907 imperatore,
682 846 826 887 anno
850 826 884 884 3
914 826 1128 901 imperii
1171 826 1306 897 ejus,
1351 824 1645 881 indictione
1678 821 1733 877 2.

135 992 399 1068 Epistula
439 990 674 1063 ejusdem
713 985 787 1041 ad
805 982 1467 1068 ρρὶεεᾳροεεηητςδρνιενοε,
1499 995 1590 1035 seu
1616 977 1736 1033 dia-

464 1054 644 1127 conos,
670 1067 719 1115 et
746 1057 818 1113 ad
841 1054 1053 1112 cunctos
1080 1054 1426 1110 Christianos.

226 1218 564 1281 GBEGOMUS,
594 1226 783 1270 servus
822 1223 1101 1266 servorum
1127 1206 1246 1274 Dei,
1287 1203 1554 1260 universis
1582 1217 1737 1258 reve-

143 1310 501 1370 rendissimis
541 1316 597 1364 et
654 1301 1010 1359 sanctissimis
1054 1298 1314 1354 fratribus
1363 1295 1698 1367 coepiscopis
1723 1334 1740 1361 ,

142 1403 469 1476 religiosis,
520 1393 887 1469 presbyteris,
944 1405 1040 1447 seu
1090 1389 1442 1456 diaconibus,
1489 1384 1742 1458 gloriosis

147 1497 421 1561 ducibus,
449 1488 756 1565 magniﬁcis
787 1485 1065 1551 castaldis,
1107 1483 1426 1549 comitibus,
1467 1481 1631 1537 etiam
1657 1476 1743 1536 vel

147 1590 376 1648 cunctis
417 1582 742 1643 Christianis
789 1581 958 1637 Deum
1010 1577 1341 1635 timentibus.

228 1699 668 1759 Sollicitudinem
692 1695 915 1753 nimiam
961 1700 1214 1765 gerentes
1237 1706 1338 1763 pro
1376 1686 1745 1760 speculatione

145 1792 532 1863 credita,quia
548 1791 602 1846 in
616 1789 865 1845 umbram
885 1786 1077 1842 mortis
1097 1785 1309 1854 aliquas
1321 1790 1511 1854 gentes
1532 1781 1586 1837 in
1604 1778 1742 1836 Ger-

145 1886 356 1943 maniae
379 1882 642 1954 partibus,
673 1879 765 1936 vel
794 1878 951 1949 plaga
995 1875 1254 1932 orientali
1294 1873 1473 1930 Rheni
1502 1870 1740 1927 ﬂuminis

149 1977 389 2046 antiquo
410 1976 566 2030 hoste
589 1972 849 2028 suadente
869 1983 1077 2033 errare,
1100 1976 1156 2023 et
1173 1965 1328 2037 quasi
1353 1966 1454 2021 sub
1480 1964 1741 2034 religione

149 2070 469 2128 Christiana
517 2065 781 2120 idolorum
832 2061 1059 2118 cultum
1104 2074 1199 2115 eos
1243 2058 1451 2114 servire
1487 2054 1743 2127 cognovi-

156 2253 443 2316 habentes,
473 2263 574 2304 nec
601 2244 950 2316 baptismatis
978 2243 1123 2299 sacri
1162 2243 1308 2298 unda
1336 2249 1467 2297 sunt
1497 2239 1615 2304 loti,
1647 2239 1743 2295 sed

157 2339 565 2413 comparatione
589 2338 875 2394 brutorum
905 2334 1223 2390 animalium
1252 2333 1448 2404 pagani
1477 2332 1741 2390 factorem

160 2444 281 2489 non
295 2437 702 2501 recognoscunt,
717 2425 1030 2483 necessario
1046 2439 1143 2494 pro
1164 2431 1521 2501 utrorumque
1547 2421 1744 2477 illumi-

165 2522 392 2579 natione
410 2499 472 2577 ad
500 2517 903 2590 praedicandam
939 2524 1105 2573 rectae
1146 2499 1272 2571 ﬁdei
1298 2515 1525 2569 verbum
1550 2514 1745 2568 harum

163 2612 483 2684 portitorem
542 2608 884 2666 Bonifacium
950 2606 1466 2664 reverendissimum
1521 2604 1747 2659 fratrem

160 2714 414 2761 nostrum
468 2703 784 2774 episcopum
826 2701 968 2771 apud
1020 2700 1241 2755 easdem
1292 2706 1477 2767 partes
1511 2698 1747 2769 dirigere

158 2795 505 2861 studuimus,
554 2804 615 2849 ut
649 2803 705 2850 et
749 2794 844 2851 illa
887 2792 1233 2863 praedicando
1278 2791 1503 2847 verbum
1556 2790 1749 2847 salutis

150 2888 335 2945 vitam
382 2886 687 2957 provideat.
699 2885 1085 2955 sempiternam
1106 2924 1122 2951 ,
1163 2892 1221 2940 et
1248 2884 1292 2940 si
1320 2898 1459 2954 quos
1496 2882 1641 2938 forte
1664 2881 1750 2938 vel

156 2980 478 3049 ubicunque
506 2992 536 3032 a
566 2985 712 3033 recte
736 2976 861 3033 ﬁdei
909 2978 1130 3034 tramite
1159 2977 1434 3033 destitisse
1480 2991 1751 3047 cognove-
1826 3025 1831 3029 «

156 3073 261 3138 rit,
313 3079 411 3130 aut
440 3070 648 3124 astutia
686 3067 956 3127 diabolica
1017 3082 1306 3137 persuasos
1361 3081 1624 3124 erroneos
1665 3080 1751 3120 re-

154 3163 396 3236 pererit,
432 3163 693 3232 corrigat,
722 3170 887 3230 atque
940 3161 1025 3215 sui
1058 3160 1378 3216 educatione
1428 3163 1494 3214 ad
1532 3165 1748 3229 portum
1783 3167 1787 3171 '

155 3261 413 3324 reportet
457 3252 671 3318 salutis,
700 3265 905 3321 eosque
931 3264 999 3307 ex
1047 3249 1359 3320 apostolica:
1396 3249 1542 3305 sedis
1592 3245 1753 3316 hujus

157 3346 417 3402 doctrina
450 3343 727 3409 informet,
756 3351 813 3397 et
856 3342 909 3396 in
954 3340 1143 3396 eadem
1193 3339 1460 3396 catholica
1489 3339 1596 3395 ﬁde
1632 3355 1752 3410 per-

158 3451 393 3494 manere
438 3435 705 3490 instituat.
735 3433 836 3489 Cui
875 3434 1157 3489 hortamur
1176 3432 1249 3488 ob
1273 3447 1511 3488 amorem
1540 3432 1754 3489 Domini

159 3531 341 3590 nostri
370 3529 498 3587 Jesu
535 3529 777 3593 Christi,
825 3535 882 3584 et
927 3527 1292 3597 apostolorum
1337 3526 1455 3595 ejus
1504 3541 1756 3583 reveren-
1802 3542 1805 3547 '

162 3623 328 3689 tiam,
360 3630 419 3676 ut
445 3622 499 3676 in
525 3620 780 3677 omnibus
812 3618 1056 3674 solatiari
1094 3618 1305 3675 nisibus
1336 3619 1464 3675 totis
1487 3618 1753 3685 debeatis,

160 3729 407 3785 eumque
447 3713 503 3771 in
532 3713 752 3768 nomine
778 3710 906 3768 Jesu
950 3711 1157 3767 Christi
1189 3710 1482 3780 recipiatis,
1511 3720 1573 3766 ut
1622 3711 1757 3766 scri-

161 3815 323 3880 ptum
366 3805 543 3860 estde
586 3804 700 3860 suis
728 3802 1012 3873 discipulis
1044 3820 1059 3857 :
1093 3822 1113 3855 ι
1154 3801 1257 3870 Qui
1301 3818 1397 3858 vos
1427 3802 1640 3871 recipit,
1664 3814 1737 3855 mc
1778 3836 1799 3862 κ

164 3898 369 3967 recipit
402 3895 618 3967 (Matth.
650 3911 720 3961 .x,
740 3894 857 3966 40).
888 3913 906 3946 ι
929 3893 1289 3950 Providentes
1324 3894 1546 3964 insuper
1571 3886 1729 3947 neces

168 3989 321 4047 saria
354 3987 567 4043 itineris
606 3986 744 4057 ejus,
776 3985 1003 4040 comites
1033 3986 1336 4040 tribuentes
1377 3983 1559 4040 cibum
1591 3983 1756 4039 etiam

172 4095 244 4135 ac
293 4086 499 4152 potum,
532 4076 617 4131 vel
671 4077 715 4133 si
760 4090 867 4147 quo
912 4075 1121 4145 eguerit
1168 4074 1495 4146 largientes,
1548 4083 1608 4128 ut
1649 4089 1759 4129 uno

173 4174 364 4233 labere
388 4180 441 4228 et
482 4171 631 4226 socia
662 4169 941 4224 voluntate
975 4181 1109 4237 opus
1149 4165 1250 4221 sibi
1290 4167 1556 4235 creditum
1589 4167 1759 4235 pieta-

177 4264 271 4330 tis,
302 4272 359 4318 et
392 4261 664 4334 negotium
690 4258 901 4321 salutis,
935 4258 1213 4312 anuitente
1258 4258 1389 4321 Deo,
1419 4256 1757 4328 perﬁciatur,

178 4367 340 4428 atque
382 4354 602 4424 prsentia
649 4351 852 4408 laboris
890 4349 1170 4422 percipere
1198 4348 1547 4413 mereamini,
1580 4348 1757 4418 deque

181 4446 533 4506 conversione
583 4443 884 4498 errantium
938 4455 1151 4495 merces
1179 4438 1335 4494 vobis
1367 4438 1676 4495 ascribatur
1703 4439 1759 4494 in

181 4538 348 4595 etelis.
385 4537 442 4590 Si
473 4536 595 4605 quis
624 4534 806 4604 itaque
832 4531 959 4587 huic
988 4531 1084 4587 Dei
1109 4527 1317 4585 famulo
1366 4528 1434 4583 ad
1485 4528 1760 4584 illumina-

183 4632 382 4685 tionem
426 4626 668 4698 gentium
715 4625 783 4679 ab
830 4620 1125 4693 apostolica
1151 4630 1317 4691 atque
1361 4619 1629 4676 catholica
1659 4620 1755 4674 Dei

185 4718 419 4774 licclesia
475 4716 746 4771 destinato
795 4726 1077 4767 assensum
1122 4709 1207 4765 vel
1250 4725 1577 4765 concursum
1624 4725 1762 4781 pra:-

183 4808 360 4863 buerit
385 4847 401 4872 ,
440 4804 796 4860 exorantibus
833 4801 1204 4871 apostolorum
1257 4800 1593 4870 principibus
1641 4816 1763 4856 con-

183 4900 347 4956 sortia
380 4906 654 4953 mereatur
682 4903 993 4950 sanctorum
1026 4901 1081 4948 et
1110 4901 1410 4964 martyrum
1437 4890 1564 4946 Jesu
1609 4891 1767 4947 Chri-

183 4990 273 5045 sti.
316 4989 372 5043 Si
413 4989 532 5059 quis
560 5003 689 5042 vero
741 4986 907 5058 (quod
954 5001 1063 5041 non
1107 4986 1380 5055 optamus)
1427 4984 1763 5043 adversande

184 5079 300 5149 ejus
329 5078 625 5149 praepedire
670 5086 896 5133 conatus
921 5075 1087 5131 fuerit
1116 5074 1377 5138 laborem,
1411 5082 1507 5128 aut
1549 5080 1750 5128 contra-

186 5177 299 5230 rius
328 5173 599 5228 exstiterit
630 5170 934 5226 ministerio
961 5169 1062 5225 sibi
1093 5169 1326 5234 credito,
1357 5182 1765 5224 successorum-

189 5283 293 5339 que
323 5264 438 5333 ejus
474 5265 724 5319 eunidem
773 5262 1014 5318 laborem
1048 5262 1364 5317 intrantium
1401 5275 1468 5316 ex
1500 5259 1766 5315 sententia

137 5372 150 5386 ‘
191 5361 366 5416 divina
399 5356 756 5417 anathematis
790 5356 1009 5411 vinculo
1032 5354 1378 5426 percellatur,
1413 5362 1468 5409 et
1497 5363 1770 5424 perpetuae

193 5452 520 5511 damnationi
563 5451 863 5521 subjaceat.
908 5448 1054 5503 Bene
1095 5437 1294 5503 valete.
1334 5447 1467 5501 Data
1503 5445 1622 5500 Kal.
1662 5445 1769 5500 De-

193 5543 454 5608 cembris,
532 5543 835 5613 imperante
907 5539 1126 5595 domino
1208 5538 1453 5609 piissimo
1528 5538 1770 5608 Augusto

194 5635 389 5702 Leone,
425 5652 453 5689 a
493 5633 602 5689 Deo
644 5640 932 5696 coronato,
986 5645 1183 5699 magno
1231 5629 1578 5700 imperatore,
1630 5643 1771 5682 anno

195 5730 442 5800 septimo,
468 5729 561 5785 sed
585 5727 1016 5784 etConstantino
1051 5740 1248 5796 magno
1293 5725 1619 5795 imperatore
1654 5723 1773 5795 ejus

199 5824 325 5892 ﬁlio,
354 5839 493 5880 anno
521 5832 737 5893 quarto,
765 5822 816 5876 in
849 5820 1142 5876 indictione
1164 5826 1338 5874 sexta.

1786 4668 1840 4731 D

2343 617 2542 688 plebem
2588 617 2913 688 Thuringiw.

1907 729 2213 787 GIEGOBIUS
2243 728 2530 801 episcopus
2571 744 2763 785 servus
2793 744 3072 785 servorum
3098 727 3217 796 Dei,
3245 727 3413 794 clero,

1837 821 2040 889 ordini,
2087 828 2142 877 et
2181 820 2325 894 plebi
2357 821 2675 876 consistenti
2728 819 3015 891 Thuringi,
3049 818 3416 875 dilectissimis

1837 913 2002 979 ﬁliis,
2056 912 2110 967 in
2142 908 2371 969 Domino
2409 913 2662 969 salutem.
2714 912 3088 968 Probabilibus
3135 912 3418 969 desideriis

1837 1002 1973 1059 nihil
2022 1001 2303 1060 attulimus
2341 1002 2636 1069 tarditatis,
2668 1003 2893 1059 fratrem
2921 1003 3032 1075 jam
3064 1012 3113 1059 et
3145 1003 3417 1075 coepisco-

1837 1110 1969 1167 pum
2007 1103 2255 1151 nostrum
2292 1094 2629 1150 Bonifacium
2658 1094 2815 1150 vobis
2844 1094 3213 1150 ordinavimus
3242 1110 3399 1151 sacer

1841 1186 2043 1255 dotem,
2065 1186 2153 1243 cui
2185 1187 2433 1243 dedimus
2463 1187 2514 1242 in
2538 1188 2810 1243 mandatis
2846 1204 2914 1242 ne
2938 1204 3177 1258 unquam
3204 1188 3418 1244 ordina-

1842 1284 2019 1341 tiones
2039 1290 2334 1357 praesumat
2361 1283 2602 1351 illicitas,
2620 1299 2687 1338 ne
2712 1283 3012 1354 bigamnm,
3036 1293 3132 1338 aut
3146 1286 3237 1352 qui
3264 1284 3396 1356 virgi

1842 1375 2020 1447 ginem
2051 1392 2159 1432 non
2192 1386 2277 1432 est
2306 1376 2531 1431 sortitus
2580 1390 2832 1436 uxorem,
2865 1391 3043 1445 neque
3083 1376 3423 1442 illiteratum,

1841 1466 1930 1522 vel
1950 1467 2003 1521 in
2018 1465 2256 1537 qualibet
2270 1466 2514 1538 corporis
2534 1474 2687 1538 parte
2701 1464 2971 1531 vitiatum,
2988 1474 3081 1520 aut
3096 1465 3147 1520 in
3170 1468 3405 1538 pueniten

1844 1566 1931 1627 te,
1949 1560 2036 1617 vel
2064 1561 2250 1627 curiae,
2267 1568 2362 1615 aut
2388 1560 2611 1616 cuilibet
2637 1558 2931 1614 conditioni
2953 1559 3245 1614 obnoxium
3278 1567 3420 1614 nota-

1846 1659 2067 1722 tumque
2089 1654 2155 1707 ad
2183 1668 2371 1708 sacros
2393 1653 2613 1709 ordines
2643 1651 2926 1722 permittat
2947 1652 3227 1717 accedere,
3259 1651 3351 1706 sed
3381 1651 3424 1706 si

1846 1760 1983 1818 quos
2010 1744 2316 1816 hujusmodi
2344 1745 2483 1801 forte
2503 1745 2786 1815 repererit,
2801 1759 2908 1800 non
2928 1746 3125 1801 audeat
3146 1760 3424 1815 promove-

1845 1851 1927 1903 re,
1942 1836 2104 1893 Afros
2128 1838 2328 1908 passim
2346 1838 2412 1893 ad
2436 1837 2834 1893 ecclesiasticos
2853 1836 3071 1892 ordines
3099 1839 3411 1908 praetenden

1767 1944 1820 2007 Β
1846 1933 1947 2015 tes,
1966 1926 2114 1981 nulla
2141 1927 2353 1982 ratione
2378 1926 2659 1997 suscipiat,
2690 1927 2818 1997 quia
2844 1926 3011 1997 aliqui
3032 1940 3220 1982 eorum
3252 1927 3428 1982 Mani-

1848 2019 2008 2085 cbmi,
2029 2018 2194 2089 aliqui
2217 2017 2535 2089 rebaptizati
2561 2016 2755 2088 saepius
2783 2024 2909 2073 sunt
2936 2017 3166 2088 probati.
3192 2016 3427 2074 Ministe-

151 2108 781 2229 ζζὶεῗῖῐὲἆυᾶξῖγέὶξῖ
808 2108 1197 2224 ρῖἷῖιὲῖειιῖιῖ
1234 2108 1621 2222 suam
1637 2108 1742 2202 ὑεῖ
1788 2142 1813 2187 ’-
1848 2108 1937 2229 ἷίῗ.
1946 2117 2118 2229 ,ἶῖξὲῗῗ
2126 2108 3430 2229 3"??1‘1'3133'133‘“iil’flfiidﬁfiﬁi.fimi???

1848 2201 2178 2273 patrimonio
2223 2201 2466 2272 ejusdem
2495 2216 2601 2257 non
2649 2201 2896 2257 minuere
2937 2201 3154 2256 studeat
3199 2203 3292 2257 sed
3339 2218 3432 2258 au-

1850 2306 2016 2364 gere;
2047 2292 2115 2347 de
2142 2290 2353 2346 redditu
2384 2305 2513 2347 vero
2541 2290 2806 2360 ecclesiae,
2852 2289 2939 2346 vel
2979 2290 3254 2347 oblatione
3304 2292 3434 2348 lide-

1852 2386 2001 2452 lium,
2038 2394 2274 2455 quatuor
2319 2384 2483 2440 faciat
2533 2384 2843 2454 portiones,
2878 2398 3109 2454 quarum
3134 2400 3298 2439 unam
3328 2384 3433 2440 sibi

1852 2477 1967 2547 ipse
1994 2476 2244 2542 retineat,
2271 2476 2496 2532 alteram
2526 2476 2741 2532 clericis
2768 2491 2864 2547 pro
2890 2477 3184 2533 ofﬁciorum
3212 2493 3432 2533 suorum

1853 2568 2142 2624 sedulitate
2164 2568 2471 2623 distribuat.
2499 2567 2739 2623 Tertiam
2765 2569 3092 2639 pauperibus
3119 2580 3174 2625 et
3193 2569 3435 2641 peregri-

1853 2659 1960 2726 nis,
1988 2667 2238 2731 quartam
2260 2659 2647 2716 ecclesiasticis
2676 2661 2896 2717 fabricis
2919 2663 3132 2718 noverit
3153 2678 3434 2720 reservan-

1856 2752 2023 2818 dam,
2086 2752 2151 2807 de
2206 2753 2403 2822 quibus
2449 2753 2631 2809 divino
2672 2753 2779 2808 erit
2858 2754 3169 2809 redditurus
3234 2756 3438 2826 judicio

1856 2847 2145 2901 rationem.
2169 2844 2550 2901 Ordinationes
2575 2860 2705 2901 vero
2728 2847 3168 2918 presbyterorum
3200 2864 3295 2903 seu
3326 2848 3432 2903 dia-

1857 2952 2119 2993 conorum
2155 2952 2262 2992 nou
2311 2937 2415 2992 nisi
2460 2938 2663 3008 quarti,
2696 2937 2932 3009 septimi,
2966 2946 3021 2993 et
3071 2938 3265 2993 decimi
3296 2953 3440 2993 men-

1858 3033 1997 3088 sium
2013 3032 2257 3103 jejuuiis,
2285 3032 2382 3087 sed
2411 3040 2468 3086 et
2507 3032 2752 3103 ingressu
2776 3032 3255 3104 quadragesimali,
3280 3041 3442 3102 atque

1858 3122 2132 3177 mediante
2162 3136 2387 3192 vespere
2418 3120 2642 3177 Sabbati
2685 3123 2897 3178 noverit
2942 3123 3314 3179 celebrandas.
3342 3122 3443 3179 Sa-

1861 3216 2131 3273 crosancti
2158 3224 2339 3271 autem
2376 3216 2631 3286 baptismi
2671 3225 3075 3271 sacramentum
3104 3230 3211 3271 non
3256 3216 3358 3271 nisi
3385 3232 3441 3272 in

1780 3306 1828 3374 C
1858 3308 2105 3367 Paschali
2136 3307 2436 3364 festivitate
2462 3317 2518 3363 et
2558 3307 2885 3365 Pentecoste
2916 3308 3129 3364 noverit
3164 3322 3286 3363 esse
3305 3323 3444 3378 prce-

1860 3401 2116 3466 bendum,
2151 3399 2394 3471 exceptis
2431 3399 2517 3454 his
2540 3397 2655 3469 qui,
2688 3398 2879 3454 mortis
2926 3406 3154 3470 urgente
3179 3396 3441 3469 periculo,

1860 3512 1931 3558 ne
1983 3498 2038 3553 in
2087 3505 2353 3553 aeternum
2398 3503 2644 3567 pereant,
2696 3494 2896 3551 talibus
2931 3502 3144 3565 oportet
3193 3492 3445 3550 remediis

1862 3589 2164 3648 subvenire.
2212 3587 2347 3644 Huic
2393 3601 2524 3660 ergo
2574 3587 2719 3644 sedis
2756 3596 2959 3643 nostrae
3013 3595 3283 3657 praecepta
3329 3600 3444 3642 ser-

1862 3682 2011 3739 vanti
2041 3680 2249 3737 dev0tis
2276 3680 2473 3735 animis
2519 3679 2744 3749 obsequi
2787 3693 2885 3734 nos
2927 3686 3171 3749 oportet,
3210 3685 3268 3732 ut
3310 3675 3445 3750 irre-

1862 3773 2231 3846 prehensibile
2273 3771 2656 3843 placidumque
2683 3770 2778 3825 ﬁat
2813 3786 3012 3841 corpus
3054 3768 3309 3826 Ecclesia:
3348 3783 3447 3839 per

1863 3866 2152 3923 Dominum
2184 3873 2451 3927 nostrum,
2473 3863 2566 3933 qui
2590 3861 2723 3917 vivit
2747 3870 2803 3916 et
2833 3869 3026 3933 regnat
3055 3854 3178 3916 cum
3206 3860 3319 3916 Deo
3347 3857 3447 3914 Pa-

1866 3965 1947 4015 tre
1999 3958 2373 4028 omnipotente
2413 3965 2468 4013 et
2518 3953 2722 4026 Spiritu
2768 3963 2960 4011 sancto
2996 3964 3093 4025 per
3118 3952 3298 4009 omnia
3340 3968 3445 4009 sae-

1865 4051 1986 4110 cula
2046 4050 2387 4106 saeculorum.
2444 4048 2585 4102 Deus
2633 4060 2729 4101 vos
2778 4044 3075 4099 incolumes
3133 4043 3444 4108 custodiat,

1865 4142 2198 4200 dilectissimi
2259 4139 2374 4195 ﬁlii.
2431 4139 2567 4193 Data
2626 4136 2746 4192 Kal.
2822 4136 3089 4201 Deeemb,
3145 4135 3446 4204 imperante

1867 4237 2086 4293 domino
2127 4234 2376 4305 piissimo
2420 4232 2665 4302 Augusto
2699 4230 2903 4295 Leone,
2957 4244 2986 4283 a
3017 4230 3128 4284 Deo
3165 4236 3444 4294 coronalo,

1866 4343 2064 4398 magno
2114 4327 2441 4395 imperatore
2469 4364 2484 4389 ,
2540 4338 2683 4379 anno
2722 4323 2752 4377 7
2783 4363 2799 4389 ,
2847 4322 2940 4379 sed
2990 4332 3046 4379 et
3087 4322 3448 4378 Constantino

1867 4434 2063 4490 magno
2096 4417 2423 4487 imperatore
2449 4414 2565 4485 ejus
2611 4413 2745 4481 ﬁlio,
2774 4428 2918 4470 anno
2947 4412 3004 4482 4,
3047 4413 3345 4469 indictione
3392 4412 3444 4467 6.

1872 4574 2001 4630 Item
2035 4572 2142 4630 alia
2171 4570 2387 4644 epistola
2413 4568 2661 4644 Gregorii-
2684 4584 2833 4644 papa:
2861 4568 2930 4623 ad
2959 4566 3156 4623 clerum
3185 4577 3232 4623 et
3254 4566 3450 4639 plebem

2500 4640 2818 4710 Thuringite.

1940 4777 2083 4833 Viris
2114 4776 2415 4848 magniﬁcis
2456 4775 2580 4830 ﬁliis
2606 4774 2822 4830 Asuero
2844 4815 2857 4840 ,
2884 4772 3235 4839 Guonsaauo,
3275 4772 3450 4827 Murs-

1869 4885 1993 4938 πο,
2020 4871 2376 4936 ϐοΝτηΑιιεο,
2415 4870 2695 4934 Arvawo,
2737 4879 2791 4923 et
2821 4869 3070 4924 omnibus
3101 4868 3210 4925 Deo
3242 4868 3448 4923 dilectis

1870 4962 2160 5033 Thuringis
2204 4960 2453 5016 ﬁdelibus
2519 4960 2880 5026 Christianis,
2932 4960 3240 5016 GRECOBIUS
3290 4975 3445 5030 papa.

1941 5052 2271 5107 lnsinuatam
2296 5050 2448 5107 nobis
2473 5051 2757 5123 magniﬁce
2782 5052 2833 5106 in
2862 5050 3079 5107 Christo
3107 5050 3230 5105 ﬁdei
3259 5059 3451 5105 vestra:

1873 5148 2236 5204 constantiam
2267 5155 2644 5218 agnoscentes,
2694 5145 2835 5214 quod
2867 5144 3093 5216 paganis
3123 5143 3448 5213 compellen-

1877 5242 2018 5296 tibus
2041 5255 2138 5295 vos
2174 5240 2237 5293 ad
2286 5238 2427 5293 idola
2468 5238 2689 5293 colenda
2740 5235 2844 5292 ﬁde
2879 5236 3035 5305 plena
3065 5233 3452 5306 responderitis

1874 5332 2046 5401 magis
2093 5330 2231 5385 velle
2279 5328 2510 5383 feliciter
2558 5328 2714 5392 mori,
2748 5343 2908 5397 quam
2962 5326 3121 5382 ﬁdem
3180 5326 3342 5381 semel
3398 5324 3449 5377 iu

1874 5422 2089 5480 Christo
2119 5433 2396 5491 acceptam
2430 5420 2773 5491 aliquatenus
2799 5418 3027 5482 violare,
3062 5417 3224 5471 nimia
3269 5415 3452 5471 exsul-

1877 5515 2076 5569 tatione
2091 5511 2303 5582 repleti,
2324 5522 2504 5582 grates
2518 5512 2725 5566 debitas
2746 5510 3103 5582 persolvimus
3119 5508 3223 5561 Dco
3244 5514 3447 5571 nostro,

1873 5615 1922 5663 et
1985 5604 2330 5673 Redemptori
2375 5602 2928 5658 bonorumomninm
2980 5598 3241 5671 largitori.
3291 5596 3456 5667 Cujus

1874 5696 2046 5769 gratia
2079 5694 2399 5761 comitante,
2424 5709 2531 5753 vos.
2548 5693 2614 5747 ad
2644 5690 2869 5748 meliora
2895 5700 2947 5746 et
2969 5691 3180 5761 potiora
3204 5696 3456 5759 optamus

1873 5787 2155 5859 proﬁcere,
2190 5796 2243 5843 et
2275 5787 2342 5842 ad
2369 5785 2796 5842 conﬁrmandum
2830 5783 2952 5837 ﬁdei
2978 5790 3179 5837 vestrae
3210 5778 3457 5851 proposi-

1876 5891 1983 5934 t-zm
2012 5891 2206 5934 Sancte
2231 5902 2238 5931 τ
2262 5879 2341 5933 mli
2366 5876 2672 5946 apostolica:
2695 5873 2960 5943 religiosis
2987 5872 3257 5928 mentibus
3282 5870 3461 5925 adhae-
