3988 6430
557 372 690 429 H51

1395 369 1687 427 APPEND.
1722 371 1815 426 AD
1847 369 2000 429 διίΕο
2030 370 2125 427 1X.
2152 367 2501 427 -—lSlDORl
2539 368 2991 431 MERCATORIS

3700 379 3839 435 1ιῖιέ

552 504 706 554 rcrc,
756 493 846 554 ct,
890 496 1064 558 .prout
1114 502 1250 558 opus
1301 490 1608 560 poposcerit
1648 504 1817 546 sacrae
1857 489 2135 561 religionis
2162 496 2215 555 Α
2245 506 2265 540 ι
2305 488 2560 560 quoniam
2604 503 2772 560 prope
2818 497 2903 545 est
2944 503 3172 560 regnum
3200 488 3298 546 Dei
3327 489 3483 563 (Luc.
3509 497 3783 567 111,51),
3818 519 3835 550 ο

553 594 583 634 a
630 586 926 634 memorata
970 587 1158 634 sancta
1206 579 1335 635 sede
1388 581 1685 652 apostolica
1732 582 1963 653 spiritali
2018 597 2136 638 om-

551 671 700 726 nium
739 670 977 727 fidelium
1003 680 1179 727 matre
1211 672 1461 728 solatium
1492 690 1770 745 quaerere,
1815 675 1955 732 sicut
1980 675 2137 731 decet

551 764 691 820 ﬁlios
719 765 1032 821 cohaeredes
1071 765 1227 837 regni
1253 780 1284 822 a
1328 764 1495 837 regali
1543 776 1786 838 parente.
1834 767 2135 823 Ministerio

548 871 762 927 quoque
788 858 1072 929 praesentis
1117 856 1307 915 fratris
1340 859 1649 915 charissimi
1680 859 1941 916 Bonifacii
1972 875 2134 930 quem

548 950 615 1004 ad
641 964 740 1004 vos
771 958 1147 1005 consecratum
1190 950 1502 1021 episcopum
1531 950 1585 1005 in
1624 950 1771 1007 Sorte
1793 951 2135 1024 praedicatio-

546 1038 631 1093 nis
658 1039 1051 1094 destinavimus
1070 1039 1385 1110 apostolicis
1416 1040 1849 1097 institutionibus
1873 1039 2134 1096 informa-

545 1138 658 1185 tum
685 1171 700 1197 ,
742 1133 811 1187 ad
865 1131 1239 1188 instruendam
1290 1131 1453 1195 fidem
1500 1142 1742 1189 vestram
1788 1134 1844 1188 in
1879 1132 2135 1191 omnibus

543 1221 832 1289 volumus,
879 1230 934 1278 et
975 1223 1261 1278 hortamur
1313 1222 1628 1280 obedientes
1678 1223 1727 1279 ei
1782 1224 2131 1291 consentire,

544 1310 614 1367 ad
659 1310 1115 1383 complementum
1157 1311 1213 1367 in
1253 1310 1485 1369 Domino
1543 1321 1739 1368 vestrae
1796 1312 2132 1369 salvationis.

648 1422 784 1479 Item
821 1424 1045 1495 epistola
1087 1421 1345 1513 Gregorii.
1378 1441 1530 1498 papa:
1575 1426 1645 1479 ad
1686 1424 2023 1496 Thuringios.

612 1539 924 1596 Gnsconws
957 1554 1149 1596 servus
1184 1553 1467 1597 servorum
1516 1540 1615 1596 Dei
1652 1540 1908 1597 universo
1932 1537 2132 1612 populo

540 1632 986 1704 Thuringiorum.

611 1722 870 1778 Dominus
898 1721 1056 1779 Jesus
1083 1722 1335 1779 Christus
1368 1721 1538 1779 Filius
1563 1723 1680 1791 Dei,
1705 1724 1847 1780 Deus
1876 1738 2038 1781 verus
2062 1724 2130 1779 de

538 1814 675 1871 caelo
695 1816 1000 1882 descendit,
1014 1814 1192 1872 factus
1208 1817 1372 1873 homo
1394 1825 1478 1873 est
1493 1832 1592 1886 pro
1612 1817 1788 1885 nobis,
1808 1818 1917 1889 pati
1932 1825 1987 1873 et
2007 1833 2128 1873 cru-

536 1903 680 1976 cifigi
702 1904 954 1977 dignatus
973 1914 1075 1972 est,
1104 1917 1158 1961 et
1185 1906 1447 1975 sepultus,
1471 1908 1630 1962 tertia
1659 1908 1745 1964 die
1777 1909 2076 1965 resurrexit
2095 1924 2126 1962 a

534 1993 789 2061 mortuis,
804 2003 860 2049 et
872 1994 1117 2051 ascendit
1132 1995 1187 2050 in
1202 1996 1392 2063 cmlos,
1406 1996 1684 2068 discipulis
1698 1998 1861 2053 etiam
1877 1998 1990 2054 suis
2003 2013 2128 2053 san-

535 2084 640 2140 ctis
654 2086 913 2155 apostolis
927 2087 1004 2141 ait
1023 2103 1037 2141 :
1061 2104 1079 2137 ι
1099 2086 1323 2153 Euntes,
1342 2089 1532 2144 docete
1554 2104 1745 2145 omnes
1758 2097 1943 2160 gentes
1955 2090 2130 2160 bapti-

534 2182 724 2228 zantes
745 2189 839 2230 eos
859 2174 914 2229 in
928 2176 1147 2232 nomine
1166 2174 1364 2243 Patris,
1380 2177 1594 2243 etFilii,
1613 2186 1669 2232 et
1691 2177 1925 2248 Spiritus
1946 2179 2125 2234 sancti

540 2264 760 2336 (Matth.
778 2281 973 2332 xxvm,
993 2266 1104 2339 l9).
1135 2286 1153 2316 ι
1167 2267 1285 2337 Ipso
1298 2268 1441 2323 enim
1458 2269 1804 2325 credentibus
1820 2270 1873 2325 in
1890 2270 2126 2327 sevitam

532 2365 792 2413 mternam
811 2358 1060 2428 promisit
1073 2358 1257 2430 (Joan.
1275 2375 1359 2426 ιιι,
1377 2359 1489 2431 56).
1508 2359 1799 2432 Cupientes
1815 2377 1944 2434 ergo
1960 2378 2056 2419 vos
2072 2364 2125 2419 in

532 2458 852 2519 perpetuum
876 2450 1156 2505 nobiscum
1181 2452 1415 2522 gaudere
1437 2452 1526 2506 ubi
1552 2452 1676 2509 finis
1697 2453 1875 2509 nullus
1894 2463 1998 2522 est,
2027 2469 2128 2510 nec

534 2542 838 2608 tribulatio,
860 2557 961 2598 nec
1007 2541 1188 2613 aliqua
1215 2544 1539 2611 amaritudo,
1584 2545 1678 2601 sed
1710 2545 1883 2617 gloria
1923 2548 2126 2617 sempi-

532 2638 710 2698 terna,
731 2631 851 2686 ideo
864 2630 1090 2687 fratrem
1105 2641 1348 2687 nostrum
1366 2633 1772 2688 sanctissimum
1787 2634 2122 2691 Bonifacium

530 2724 846 2794 episcopum
873 2724 1015 2794 apud
1041 2739 1137 2780 vos
1161 2725 1479 2792 direximus,
1517 2734 1576 2781 ut
1601 2742 1698 2783 vos
1726 2728 1920 2783 debeat
1951 2729 2126 2799 bapti-

530 2831 677 2883 zare,
718 2825 774 2873 et
817 2818 977 2873 fidem
1015 2817 1217 2874 Christi
1259 2820 1453 2875 docere
1474 2828 1531 2875 et
1560 2820 1628 2874 ab
1654 2835 1842 2875 errore
1883 2820 1951 2874 ad
1979 2820 2123 2874 viam

529 2910 723 2966 salutis
750 2910 1033 2977 reducere,
1060 2920 1119 2966 ut
1146 2911 1375 2968 salutem
1407 2913 1677 2979 habeatis,
1704 2922 1760 2968 et
1780 2912 1947 2967 vitam
1965 2921 2124 2967 aeter-

530 3016 676 3057 nam.
738 3001 847 3059 Sed
897 3018 994 3059 vos
1047 3004 1098 3059 ei
1145 3005 1200 3059 in
1246 3005 1498 3061 omnibus
1545 3007 1794 3074 obedite,
1835 3015 1890 3063 et
1939 3006 2119 3076 sicut,

529 3093 749 3151 Patrem
790 3104 1037 3152 vestrum
1098 3097 1249 3153 illum
1304 3100 1568 3156 honorate
1594 3141 1609 3169 ,
1647 3110 1705 3157 et
1743 3103 1809 3158 ad
1868 3101 1984 3172 ejus
2022 3102 2120 3157 do-

529 3188 763 3244 ctrinam
817 3189 981 3247 corda
1032 3200 1218 3247 vestra
1271 3193 1566 3260 inclinate,
1631 3194 1757 3264 quia
1802 3193 1951 3249 illum
2013 3209 2120 3249 non

526 3292 629 3350 pro
667 3279 821 3335 lucro
868 3280 1052 3351 aliquo
1085 3283 1369 3353 temporali
1400 3284 1772 3354 conquirendo
1797 3284 2117 3351 direximus,

529 3372 625 3427 sed
649 3356 748 3442 pro
780 3372 934 3428 luem
976 3373 1281 3430 animarum
1329 3384 1634 3431 vestrarum
1676 3378 1818 3447 apud
1848 3392 1946 3433 vos
1995 3392 2119 3433 eum

529 3463 779 3520 misimus
807 3483 820 3519 :
845 3466 1053 3537 diligite
1087 3482 1218 3539 ergo
1257 3467 1562 3535 Dominum,
1604 3477 1658 3523 et
1684 3469 1738 3524 in
1765 3470 1985 3525 nomine
2006 3468 2121 3547 ejus

527 3553 861 3626 baptismum
915 3557 1203 3629 suscipite,
1247 3559 1376 3629 quia
1406 3559 1664 3616 Dominus
1708 3561 1850 3616 Dens
1899 3569 2118 3629 noster,

531 3648 676 3717 quod
706 3648 895 3703 oculus
918 3649 1155 3705 hominis
1187 3665 1465 3722 nunquam
1493 3651 1658 3718 vidit,
1683 3666 1784 3707 nec
1817 3652 1869 3707 in
1897 3667 1993 3707 cor
2021 3653 2120 3708 ho-

527 3742 691 3798 minis
740 3745 1004 3808 ascendit,
1056 3746 1385 3816 praaparavit
1428 3745 1778 3817 diligentibus
1807 3760 1866 3800 se
1912 3744 1965 3814 (Ι
1991 3743 2116 3800 Cor.

526 3848 590 3900 ιι,
618 3829 701 3905 9).’
737 3832 857 3890 iam
881 3836 1118 3892 recedite
1147 3852 1176 3890 a
1200 3837 1366 3909 286
1396 3837 1552 3893 malis
1581 3838 1869 3909 cperibus,
1897 3845 1953 3892 et
1976 3836 2120 3908 agite

524 3926 811 3991 benc,non
838 3928 1078 3983 adoretis
1109 3928 1277 3995 idola,
1305 3944 1407 3983 nec
1428 3928 1721 3985 immoletis
1749 3943 1964 3995 carnes,
1989 3929 2118 3998 quia

526 4016 785 4075 Dominus
815 4035 923 4075 non
970 4021 1163 4090 recipit
1198 4022 1321 4075 ista.
1361 4021 1467 4076 Sed
1510 4022 1564 4076 in
1609 4022 1890 4085 omnibus,
1924 4037 2119 4077 secun-

527 4106 655 4161 dum
706 4110 850 4178 quod
898 4126 997 4167 vos
1032 4110 1203 4166 frater
1254 4119 1441 4167 noster
1487 4112 1800 4168 Bonifacius
1853 4113 2114 4180 docuerit,

527 4198 835 4264 Observato,
872 4207 929 4253 et
960 4199 1123 4271 agite,
1164 4207 1220 4255 et
1249 4200 1384 4255 salvi
1429 4202 1584 4258 eritis
1606 4241 1621 4269 ,
1654 4213 1710 4260 et
1736 4218 1833 4259 vos
1860 4244 1875 4270 ,
1926 4213 1983 4259 et
2018 4202 2118 4259 ﬁlii

524 4289 691 4345 vestri
722 4290 776 4344 in
808 4291 1218 4361 sempiternum.
1268 4293 1455 4350 Facite
1504 4310 1634 4365 ergo
1683 4305 1737 4352 et
1774 4297 1993 4352 domum
2024 4295 2116 4352 ubi

524 4389 579 4435 et
632 4381 747 4451 ipse
785 4379 951 4437 Pater
991 4391 1173 4439 vester
1222 4384 1416 4439 debeat
1461 4385 1729 4453 habitare,
1758 4395 1814 4442 et
1842 4387 2115 4444 Ecclesias

523 4473 613 4527 ubi
645 4475 888 4531 debeatis
916 4490 1101 4542 orare,
1133 4484 1193 4530 ut
1216 4477 1360 4533 Deus
1390 4479 1546 4534 vobis
1590 4479 1864 4552 indulgeat
1890 4489 2115 4552 peccata

524 4577 722 4636 vestra,
753 4578 809 4626 et
834 4569 998 4626 donet
1035 4572 1191 4628 vobis
1223 4572 1389 4627 vitam
1416 4584 1753 4645 perpetuam.

700 4702 838 4759 Item
871 4705 1094 4772 epistola
1129 4703 1371 4778 Gregorii
1396 4723 1550 4777 papaz
1576 4707 1647 4763 ad
1672 4707 1931 4768 Saxones.

592 4812 904 4875 Gascomus
936 4835 1075 4891 papa
1106 4821 1359 4878 universo
1389 4821 1587 4893 populo
1616 4824 1907 4895 provincia:
1930 4825 2109 4885 Saxo-

524 4925 673 4964 num.

609 5019 630 5054 ι
694 5001 1046 5075 Sapientibus
1111 5014 1166 5062 et
1250 5006 1631 5079 insipientibus
1705 5008 1918 5066 debitor
1988 5026 2110 5067 sum

522 5096 698 5173 (Rom.
731 5101 904 5172 1,”),
941 5120 959 5154 ι
995 5101 1191 5171 fateor,
1225 5104 1557 5172 charissimi,
1586 5122 1606 5156 (
1634 5104 1817 5161 volens
1843 5121 1939 5163 vos
1972 5107 2113 5163 scire

522 5192 736 5262 qualem
751 5193 1169 5252 sollicitudinem
1191 5196 1425 5252 habeam
1444 5213 1543 5268 pro
1554 5197 1709 5254 vobis
1732 5196 1868 5269 (Col.
1896 5214 1958 5265 ιι,
1986 5200 2065 5271 1),
2088 5220 2107 5253 ι

520 5294 575 5342 et
595 5300 694 5357 pro
718 5286 805 5342 his
828 5287 920 5357 qui
945 5288 1167 5343 verbum
1197 5289 1595 5345 exhortationis
1619 5289 1742 5345 fidei
1764 5288 1890 5346 Jesu
1912 5290 2113 5349 Christi

523 5386 900 5449 susceperunt,
925 5386 980 5433 et
1001 5380 1093 5449 qui
1121 5381 1298 5437 adhuc
1325 5382 1629 5452 suscepturi
1656 5390 1806 5450 sunt,
1836 5390 1895 5438 ut
1921 5397 2114 5440 conso-

520 5471 703 5529 lentur
732 5474 897 5531 corda
919 5480 1121 5540 vestra,
1150 5474 1414 5531 instructa
1445 5475 1499 5530 in
1525 5477 1812 5547 charitate,
1836 5486 1890 5534 et
1918 5478 1973 5533 in
1995 5494 2113 5534 om-

520 5585 620 5626 nes
658 5571 878 5628 divitias
924 5570 1275 5642 plenitudinis
1320 5571 1648 5640 intellectus,
1679 5573 1733 5628 in
1781 5575 2111 5648 agnitionem

522 5665 769 5736 mysterii
806 5664 901 5721 Dei
946 5664 1131 5720 Patris
1175 5660 1304 5721 Jesu
1344 5663 1549 5721 Christi
1579 5684 1600 5719 ι
1634 5675 1694 5721 ut
1732 5666 1810 5722 ait
1859 5667 2112 5740 egregius

521 5754 833 5827 Apostolus,
869 5776 889 5811 ι
938 5758 995 5813 in
1025 5773 1133 5829 quo
1172 5765 1301 5814 sunt
1327 5771 1516 5814 omnes
1544 5758 1786 5815 thesauri
1827 5762 2111 5832 sapientiae

522 5854 581 5907 et
617 5848 857 5906 scientia:
880 5850 1180 5908 absconditi
1212 5850 1401 5922 (lbid.,
1447 5849 1526 5922 2).
1559 5868 1578 5904 ι
1614 5852 1729 5909 Hoc
1753 5862 1930 5910 autem
1967 5854 2106 5921 dico,

2237 590 2295 636 ut
2327 598 2349 633 ι
2382 596 2544 638 nemo
2577 596 2677 638 vos
2700 582 2938 651 decipiat
2964 581 3194 653 amplius
3220 584 3277 639 in
3297 585 3614 643 subtilitate
3637 604 3841 647 sermo-

2235 688 2363 728 num
2393 672 2530 746 (σοι.
2555 691 2628 741 ιι,
2658 674 2713 746 4)
2747 692 2766 727 ι
2787 683 2880 729 aut
2915 674 2969 730 in
2993 691 3314 747 quocunque
3341 680 3572 737 metallo
3596 693 3841 741 vestram

2236 763 2469 820 salutem
2498 766 2756 835 quaeratis
2787 765 3230 823 adorantesidola
3256 785 3421 827 manu
3444 771 3625 840 facta,
3651 790 3839 845 aurea,

2235 866 2511 927 argentea,
2562 873 2722 924 aerea,
2774 858 3007 929 lapidea,
3032 861 3116 916 vel
3141 862 3209 918 de
3243 878 3578 938 quacunque
3612 873 3839 927 materia

2234 945 2399 1014 facta,
2426 949 2519 1019 qui
2550 948 2781 1008 falsifico
2810 951 3028 1008 nomine
3055 967 3087 1008 a
3110 957 3338 1027 paganis
3355 960 3835 1033 antiquituqu

2235 1039 2309 1095 dii
2344 1041 2520 1096 vocali
2573 1050 2723 1108 sunt,
2771 1042 2827 1098 in
2876 1044 3072 1114 quibus
3115 1045 3387 1104 daemones
3426 1049 3701 1108 habitare
3752 1068 3837 1109 ω-

2234 1139 2477 1187 scuntur.
2500 1151 2520 1184 ι
2540 1131 2808 1200 Quoniam
2830 1149 3021 1191 omnes
3048 1136 3124 1192 dii
3143 1138 3382 1208 gentium
3405 1141 3695 1196 (immania
3722 1156 3831 1198 su

2235 1217 2409 1291 (Psal.
2440 1238 2561 1290 xcv,
2588 1223 2669 1294 5),
2703 1243 2721 1276 ι
2756 1231 2818 1278 ut
2841 1225 2919 1280 ait
2941 1223 3208 1296 Propheta
3242 1244 3258 1281 :
3297 1246 3317 1279 ι
3355 1227 3634 1287 Dominus
3658 1244 3823 1287 antu

2233 1310 2402 1365 cmlos
2421 1309 2551 1367 fecit
2571 1311 2760 1384 (Ιὸἰά.)
2788 1331 2810 1367 ι
2837 1311 3158 1385 Quicunque
3185 1325 3369 1372 autem
3387 1318 3445 1374 in
3468 1320 3639 1376 vobis
3658 1335 3834 1379 susse

2232 1410 2432 1471 perunt
2455 1400 2736 1459 Christum
2768 1404 3057 1462 Dominum
3102 1417 3370 1479 nostrum,
3402 1412 3462 1467 in
3486 1412 3618 1483 ipso
3651 1415 3834 1471 ambu-

2231 1492 2345 1549 lent
2393 1494 2646 1564 radicati,
2686 1504 2743 1552 et
2779 1498 3212 1570 superadificati,
3260 1510 3318 1557 et
3363 1503 3683 1562 conﬁrmati
3710 1508 3833 1576 fide,

2238 1602 2258 1636 ι
2296 1585 2634 1645 abundantes
2663 1589 2719 1644 in
2758 1591 3056 1673 gratiarum
3089 1593 3330 1662 actione,
3356 1596 3547 1653 videte
3589 1614 3657 1655 ne
3702 1600 3832 1671 quis

2229 1692 2330 1735 vos
2367 1680 2604 1752 decipiat
2644 1681 2877 1752 amplius
2918 1698 3018 1754 per
3059 1685 3489 1758 philosophiam,
3518 1700 3575 1745 et
3604 1691 3830 1749 inanem

2232 1769 2505 1826 fallaciam
2538 1771 2676 1842 (Col.
2710 1789 2775 1841 ιι,
2824 1773 2969 1847 6-8).
3001 1794 3022 1828 ι
3064 1777 3370 1836 Astntiores
3402 1790 3537 1837 sunt
3567 1784 3713 1837 enim
3737 1784 3832 1840 lilii

2154 1864 2203 1924 Β
2230 1862 2601 1942 tenebrarum,
2623 1878 2787 1934 quam
2808 1863 2904 1919 ﬁlii
2934 1863 3072 1921 lucis
3096 1866 3252 1938 (Luc.
3284 1885 3401 1938 xvi,
3425 1872 3509 1942 8).
3540 1866 3827 1939 Discedite,

2231 1933 2348 2018 filii,
2382 1953 2450 2008 ab
2478 1933 2745 2009 idolorum
2771 1955 2983 2012 cultura
3010 1956 3061 2027 (I
3087 1933 3210 2013 Cor.
3238 1976 3297 2027 ι,
3334 1933 3545 2034 14),ἐι
3569 1933 3825 2031 accedite,

2230 2055 2285 2101 et
2312 2046 2539 2103 adorate
2566 2047 2852 2104 Dominum
2880 2049 3047 2105 Deum
3074 2061 3320 2109 nostrum
3349 2056 3449 2126 qui
3480 2054 3625 2113 fecit
3642 2059 3825 2115 emtum

2229 2148 2285 2194 et
2320 2147 2542 2207 terram,
2570 2156 2722 2197 mare
2765 2149 2821 2197 et
2855 2142 3040 2197 omnia
3078 2158 3198 2214 qua:
3236 2145 3293 2200 in
3336 2147 3422 2202 eis
3461 2156 3601 2203 sunt
3650 2151 3825 2223 (Apoc.

2228 2245 2340 2296 xrv,
2371 2230 2448 2302 7),
2482 2238 2537 2286 et
2560 2231 2740 2287 vultus
2781 2234 2949 2288 vestri
2990 2247 3101 2289 non
3129 2235 3481 2305 erubescent,
3512 2255 3671 2295 unus
3694 2242 3825 2295 enim

2227 2319 2490 2377 Dominus
2530 2323 2832 2392 hominum,
2859 2326 3164 2395 volucrum,
3193 2331 3648 2401 quadrupedum,
3676 2343 3736 2390 et
3759 2336 3827 2404 pi-

2229 2411 2451 2493 scium_¢
2483 2414 2575 2482 qui
2599 2421 2684 2469 est
2708 2413 3030 2473 benedictus
3064 2417 3120 2472 in
3151 2419 3349 2475 saecula
3374 2422 3723 2478 saeculorum
3752 2422 3822 2493 (Il

2228 2491 2352 2555 Cor.
2375 2489 2456 2570 ιί,
2479 2502 2593 2575 51).
2622 2522 2643 2556 ι
2680 2504 2991 2576 Exspoliate
3015 2522 3146 2581 ergo
3169 2519 3413 2568 veterem
3445 2489 3824 2581 hominem,et

2226 2593 2433 2650 induite
2457 2594 2735 2652 Christum
2783 2614 3006 2669 novum,
3057 2600 3393 2673 deponentes
3421 2607 3649 2674 omnia,
3680 2608 3823 2673 iram,

2226 2685 2672 2758 indignationem,
2702 2690 2987 2761 malitiam,
3020 2693 3449 2765 blasphemiam,
3474 2707 3703 2770 turpem
3732 2715 3828 2754 ser-

2225 2794 2441 2836 monem
2466 2783 2633 2838 nolite
2654 2784 2721 2840 de
2740 2800 2835 2841 ore
2854 2794 3037 2843 vestro
3057 2789 3362 2859 producere
3384 2790 3538 2857 (Col.
3564 2808 3648 2856 ιιι,
3662 2793 3826 2864 8-10).

2231 2890 2251 2924 ι
2283 2872 2366 2928 Ab
2399 2874 2667 2932 idolorum
2696 2879 2843 2934 cultu
2891 2881 3150 2948 recedite,
3185 2884 3212 2935 ι’
3235 2882 3348 2952 jam
3371 2885 3532 2940 enim
3573 2886 3827 2957 advespe-

2224 2964 2392 3019 rascit
2418 2965 2554 3021 dies.
2586 2965 2765 3024 Nolite
2783 2983 2904 3027 esse
2930 2971 3094 3027 otiosi
3122 2960 3339 3043 (Hatth.
3356 2990 3471 3041 xx,
3512 2974 3598 3047 6),
3620 2977 3718 3033 sed
3736 2994 3827 3048 po-

2228 3054 2336 3110 tius
2363 3059 2665 3127 operamini
2706 3074 2844 3131 opus
2883 3061 3110 3131 bonum,
3140 3071 3201 3119 ut
3237 3063 3502 3123 Christus
3536 3069 3753 3125 habitet
3778 3070 3827 3125 in

2223 3152 2401 3208 vobis.
2446 3172 2465 3205 ι
2493 3154 2562 3210 Ει
2587 3157 2949 3228 quodcunque
2972 3157 3151 3214 facitis
3165 3159 3222 3215 in
3235 3162 3429 3229 verbo,
3459 3173 3561 3219 aut
3587 3166 3644 3220 in
3668 3179 3829 3235 opere

2148 3238 2195 3303 C
2226 3244 2280 3299 in
2306 3246 2526 3301 nomine
2557 3246 2771 3303 Domini
2804 3250 2977 3306 nostri
3018 3248 3149 3307 Jesu
3172 3251 3377 3309 Christi
3410 3256 3603 3325 facite,
3628 3259 3826 3326 gratias

2223 3348 2447 3408 agentes
2476 3340 2586 3395 Deo
2616 3348 2671 3394 et
2697 3340 2844 3397 Patri
2883 3358 2983 3415 per
3023 3344 3197 3415 ipsum
3232 3346 3367 3418 (Col.
3407 3365 3491 3415 ιιι,
3525 3352 3637 3421 17).
3669 3371 3691 3403 ι
3724 3351 3825 3406 Re-

2224 3439 2480 3500 spuentes
2513 3431 2833 3502 gentilitatis
2864 3443 3068 3490 sectam
3090 3477 3105 3501 ,
3140 3437 3373 3494 scientes
3402 3455 3503 3497 vos
3529 3440 3698 3497 Deum
3729 3444 3826 3498 ha-

2222 3521 2353 3577 bere
2396 3522 2449 3576 in
2499 3523 2673 3581 cmlis.
2735 3523 2980 3582 Orationi
3036 3528 3303 3585 instantes
3333 3531 3477 3603 (Act.
3534 3549 3615 3604 vr,
3646 3534 3731 3605 4),
3760 3534 3825 3589 ad

2223 3618 2496 3675 Christum
2521 3636 2617 3676 cor
2645 3620 2868 3693 erigite,
2892 3624 3151 3693 quoniam
3189 3642 3421 3699 magnus
3448 3637 3534 3683 est
3562 3629 3826 3685 Dominus

2224 3722 2413 3770 noster
2432 3721 2488 3769 et
2521 3713 2808 3771 laudabilis
2844 3716 3006 3773 nimis
3032 3727 3090 3773 et
3131 3720 3390 3777 terribilis
3436 3736 3607 3792 super
3630 3738 3825 3779 omnes

2224 3806 2354 3863 deos
2376 3806 2551 3880 (Psal.
2579 3824 2703 3877 xcv,
2730 3809 2808 3882 4),
2840 3829 2859 3863 ι
2897 3810 3130 3881 quivult
3157 3825 3348 3869 omnes
3373 3813 3564 3870 salvos
3601 3815 3748 3883 fieri,
3774 3824 3826 3871 et

2223 3897 2293 3953 ad
2316 3899 2649 3970 agnitionem
2677 3902 2924 3958 veritatis
2948 3902 3301 3974 pervenire(I
3318 3903 3455 3960 Tim.
3478 3922 3545 3971 ιι,
3578 3906 3697 3973 Δ),›
3725 3909 3823 3963 hoc

2224 3999 2406 4046 autem
2439 4007 2778 4063 commoneo,
2809 3993 3025 4063 fratres,
3051 4005 3111 4051 ut
3150 3998 3461 4069 quicunque
3487 3999 3735 4056 voluerit
3757 4016 3819 4056 ex

2222 4082 2375 4137 vobis
2416 4082 2482 4137 ad
2513 4082 2787 4139 Christum
2820 4087 3088 4154 converti,
3114 4086 3263 4144 nullo
3290 4088 3453 4144 modo
3480 4105 3608 4145 eum
3632 4091 3822 4161 prohi-

2223 4172 2430 4242 beatis;
2465 4191 2641 4245 neque
2664 4178 2774 4232 vim
2801 4178 2853 4233 ei
2876 4178 3093 4236 faciatis
3113 4180 3384 4251 sculptilia
3406 4184 3665 4250 adorare,
3692 4186 3820 4256 quia

2224 4266 2472 4324 Christus
2506 4270 2621 4338 ipse
2648 4269 2909 4327 Dominus
2935 4272 3071 4327 vivit
3097 4288 3220 4329 cum
3247 4272 3359 4330 Deo
3379 4273 3543 4331 Patre
3567 4277 3821 4348 omnipo-

2220 4366 2372 4417 tente
2394 4361 2450 4416 in
2475 4362 2686 4418 unitate
2713 4361 2949 4434 Spiritus
2968 4366 3143 4422 sancti
3167 4382 3267 4438 per
3287 4368 3470 4423 omnia
3494 4369 3703 4425 saecula
3729 4385 3823 4424 εω-

2221 4452 2466 4508 culorum
2486 4494 2499 4519 ,
2528 4454 2721 4510 Amen.
2753 4453 3094 4525 Charissimi,
3133 4458 3346 4515 fidelem
3389 4460 3742 4529 ministrum,
3770 4474 3823 4518 et

2221 4557 2544 4600 conservum
2572 4545 2695 4601 misi
2728 4546 2796 4602 ad
2847 4562 2943 4604 vos
2974 4547 3312 4605 Bonifacium
3349 4549 3599 4619 fratrem,
3635 4563 3701 4608 et
3736 4571 3824 4610 co-

2140 4620 2197 4683 D
2222 4635 2537 4706 episcopum
2568 4650 2773 4704 meum,
2826 4638 2894 4693 ad
2934 4639 3041 4695 hoc
3070 4640 3246 4710 ipsum
3278 4649 3338 4697 ut
3376 4654 3679 4714 cognoscat
3703 4660 3823 4715 qua:

2220 4729 2365 4785 circa
2418 4744 2516 4785 vos
2558 4740 2721 4798 sunt,
2753 4738 2808 4786 et
2847 4733 3159 4789 consoletur
3203 4737 3367 4792 corda
3413 4749 3599 4792 vestra
3653 4752 3823 4795 certae

2218 4822 2613 4879 exhortationis
2644 4825 2814 4881 verbo
2850 4827 2905 4881 in
2932 4825 3150 4883 Christo
3178 4827 3307 4885 Jesu
3343 4829 3577 4888 Domino
3602 4844 3817 4898 nostro,

2223 4920 2280 4965 ut
2307 4926 2336 4965 a
2369 4912 2638 4970 diabolica
2664 4913 2858 4971 fraude
2885 4915 3119 4982 liberati,
3156 4921 3477 4977 mereamini
3505 4923 3821 4994 adoptionis

2218 5000 2346 5059 filiis
2374 5005 2675 5076 aggregari,
2702 5016 2758 5061 et
2782 5016 2840 5062 ut
2864 5007 2932 5062 ab
2961 5018 3164 5064 aeterna
3200 5011 3553 5070 damnatione
3574 5013 3818 5082 liberati,

2220 5095 2387 5151 vitam
2417 5098 2665 5155 habeatis
2697 5110 2979 5156 aeternam.

2294 5187 2431 5245 Item
2456 5191 2676 5261 epistola
2695 5193 2929 5263 ejusdem
2950 5194 3022 5249 ad
3047 5192 3388 5264 Bonifacium
3416 5197 3749 5271 ερὶδεοριιηι.

2295 5283 2769 5343 Reverendissimo
2817 5296 2874 5343 et
2920 5290 3271 5345 sanctissimo
3317 5289 3478 5348 fratri
3521 5294 3819 5354 Bonnam

2219 5377 2539 5449 coepiscopo
2567 5376 2876 5436 Gusconws
2904 5395 3095 5436 servus
3117 5395 3400 5437 servorum
3423 5384 3546 5441 Dei.

2292 5468 2525 5527 Credita:
2537 5472 2922 5543 speculationis
2934 5472 3295 5531 sollicitudine
3307 5479 3572 5546 permoti,
3590 5496 3818 5553 evange

2218 5562 2323 5620 lica
2338 5579 2552 5637 quoque
2571 5566 2909 5624 institutione
2921 5583 3029 5639 qua
3040 5567 3149 5624 ait:
3170 5587 3190 5621 ι
3211 5566 3509 5628 Obsecrate
3523 5572 3816 5631 Dominum

2219 5657 2433 5724 messis,
2459 5665 2519 5712 ut
2540 5656 2722 5727 ejiciat
2749 5656 3030 5729 cperarios
3055 5657 3108 5713 in
3131 5672 3366 5716 messem
3392 5675 3555 5717 suam
3577 5664 3736 5736 (Luc.
3758 5682 3813 5731 x,

2218 5748 2298 5822 2).
2343 5769 2363 5803 ›
2402 5750 2572 5806 Tuam
2612 5751 2837 5822 proinde
2895 5751 3252 5807 reverendam
3296 5751 3707 5811 fraternitatem
3748 5756 3811 5810 ad

2219 5844 2574 5901 imitationem
2590 5843 2977 5916 apostolorum,
2991 5850 3053 5898 ut
3066 5841 3297 5899 Domino
3312 5841 3543 5915 iubente
3559 5846 3809 5915 praeconii
