3988 6428
141 304 311 364 ΞΞΞΞ

1338 299 1830 362 DECRETALIIEM
1867 301 2269 360 COLLECTIO.

3304 309 3440 366 HM

147 433 332 490 sunt;
379 443 397 477 ι
433 435 632 482 euntes
683 424 975 499 prmdicate
1015 423 1362 496 Evangeliuni
1397 424 1543 496 regni
1580 440 1594 479 :
1636 437 1758 494 gra-
1788 436 1833 492 Α
1864 419 1916 473 in
1957 418 2078 475 talis
2101 419 2413 475 commercii
2456 417 2611 476 lucro
2652 434 2777 476 cum
2827 427 2939 477 tota
2981 420 3284 493 plaudimus
3337 427 3438 482 Ec-

149 514 243 570 tis
259 516 563 587 accepistis,
585 519 753 590 gratis
774 520 898 573 date
921 514 1138 588 (Matth.
1162 532 1217 580 x,
1239 516 1296 581 7,
1319 515 1374 586 8)
1397 516 1758 585 rin‘partibus

150 605 559 678 Ilesperiarum
611 609 676 664 ad
727 607 1174 664 illuminationem
1223 605 1527 662 Germania?
1580 605 1758 676 gentis

151 698 223 752 in
259 700 453 754 umbra
487 701 678 755 mortis
704 699 941 756 sedentis
977 698 1130 770 (Luc.
1166 714 1208 765 I,
1238 699 1327 768 79)
1360 698 1595 768 dirigere
1622 712 1760 767 pne-

151 790 428 854 vidimus,
463 789 672 846 lucrum
704 791 829 846 inde
863 800 921 844 ut
964 799 1252 860 apportare
1299 789 1549 854 deberes,
1603 788 1756 858 quasi

150 897 362 937 servus
385 881 475 936 ille
501 882 570 936 de
601 881 817 953 negotio
842 880 1051 945 talenti,
1078 881 1218 936 sicut
1267 881 1530 950 scriptum
1559 889 1662 944 est,
1698 878 1759 934 li»

150 971 273 1025 (Ius
307 971 356 1025 iu
382 969 568 1026 futuro
596 971 804 1026 auctori
851 971 1046 1026 asserit
1068 971 1175 1025 Deo
1213 969 1426 1025 fecisse.
1451 968 1606 1036 Quod
1631 969 1758 1039 quia

149 1077 233 1115 ex
271 1062 600 1117 obedientize
632 1077 855 1117 munere
884 1061 1245 1117 ministeﬁum
1276 1061 1429 1116 verbi
1479 1061 1758 1117 cernimus

150 1151 413 1216 adolere,
444 1160 501 1206 et
541 1151 943 1222 praedicationis
981 1151 1254 1222 prmeouio
1279 1149 1533 1222 populum
1561 1149 1757 1205 inlide-

149 1241 306 1304 Iem,
339 1252 400 1296 ut
431 1241 736 1304 innotuisti,
781 1241 1086 1296 audivimus
1117 1243 1386 1307 ccuverti,
1420 1240 1630 1295 Domini
1665 1255 1760 1309 po-

161 1333 361 1388 tentia:
389 1334 593 1405 gratias
621 1331 936 1398 referentes,
975 1341 1034 1387 ut
1063 1334 1179 1403 ipse
1206 1349 1236 1388 a
1272 1348 1381 1404 quo
1411 1334 1609 1388 bonum
1635 1348 1759 1402 pro-

156 1427 319 1482 cedit
348 1425 492 1498 (lac.
525 1442 561 1488 t,
591 1427 704 1499 17),
729 1435 785 1481 et
823 1427 892 1482 ad
919 1427 1252 1499 agnitionem
1295 1425 1412 1482 vult
1435 1441 1624 1481 omnes
1663 1442 1758 1481 ve-

149 1520 295 1575 nire
320 1519 568 1574 veritatis
591 1518 642 1591 (Ι
674 1519 808 1574 Tim.
836 1535 896 1584 ιι,
920 1519 1000 1591 4),
1034 1520 1131 1574 tibi
1163 1530 1439 1590 optamus,
1471 1529 1532 1574 ut
1560 1535 1758 1590 coope-

159 1619 326 1664 retur
347 1620 404 1666 et
448 1625 478 1664 ιι
503 1611 742 1667 tenebris
765 1611 834 1665 ad
860 1611 1034 1666 lucem
1065 1610 1320 1680 populum
1351 1610 1500 1664 illum
1524 1625 1635 1664 sua:
1664 1624 1757 1679 po-

161 1701 360 1756 tentiae
385 1701 739 1772 inspiratione
756 1702 978 1757 reducat
1003 1700 1054 1772 (Ι
1071 1698 1218 1754 Petr.
1251 1715 1314 1766 ιι,
1341 1699 1417 1771 9).
1447 1699 1583 1754 Hinc
1613 1700 1758 1754 enim

1861 509 2048 565 clesia.
2088 509 2225 565 I-Iinc
2246 508 2370 578 jure
2410 510 2502 567 tibi
2540 511 2680 566 sacri
2715 511 2860 581 pallii
2890 512 3190 569 direximus
3218 531 3436 584 munus,

1861 601 2004 670 quod
2015 600 2157 656 beati
2182 599 2325 655 Petri
2352 601 2580 672 apostoli
2594 603 2916 659 auctoritate
2933 603 3232 676 sdscipiens
3245 607 3438 663 indua-

1863 693 1958 757 ris,
1989 698 2150 761 atque
2194 691 2337 747 inter
2387 693 2819 764 archiepiscopus
2869 713 3006 752 unus
3065 697 3173 754 Deo
3218 709 3441 757 auctore

1860 782 2205 853 praecipimus
2227 791 2288 836 ut
2311 784 2607 839 censeatis.
2640 785 2886 852 Qualiter
2908 789 3052 842 enim
3081 804 3146 844 eo
3178 797 3349 847 utaris
3369 807 3433 847 ex

1862 875 2117 928 mandato
2138 874 2433 946 apostolico
2461 875 2782 933 informatus
2803 893 3113 949 cognosces,
3134 881 3206 936 ita
3229 893 3287 937 ut
3308 883 3434 939 dum

1864 966 2148 1021 missarum
2177 966 2440 1022 solemnia
2466 969 2629 1039 geris,
2662 969 2745 1026 vel
2773 973 3084 1042 episcopum
3119 985 3169 1029 te
3199 978 3440 1048 contige-

1862 1056 1933 1110 rit
1969 1070 2323 1122 consecrare,
2374 1058 2464 1113 illo
2494 1063 2863 1116 tantummodo
2890 1071 3130 1132 tempore
3155 1080 3221 1120 eo
3247 1069 3438 1121 utaris.

1863 1147 2000 1215 Quia
2039 1164 2173 1204 vero
2201 1151 2410 1217 turbas,
2441 1151 2653 1206 Domini
2684 1153 2855 1224 gratia
2885 1155 2938 1208 in
2969 1155 3169 1210 eisdem
3199 1159 3446 1227 partibus

1861 1240 1929 1293 ad
1968 1249 2172 1294 rectam
2203 1241 2364 1295 (idem
2385 1242 2664 1297 asseruisti
2685 1256 3006 1310 conversas,
3035 1247 3259 1315 nequire
3288 1255 3339 1302 te
3355 1262 3442 1303 oe-

1862 1343 2084 1386 currere
2107 1330 2360 1387 omnibus
2387 1347 2451 1388 ea
2476 1348 2598 1402 qua:
2627 1334 2817 1389 salutis
2839 1344 2964 1390 sunt
2991 1337 3324 1406 impendere,
3353 1346 3448 1391 aut

1863 1420 2137 1487 intimare,
2169 1437 2292 1478 cum
2323 1420 2438 1490 jam
2464 1423 2624 1494 longe
2653 1425 2867 1494 lateque
2895 1426 3070 1496 gratia
3101 1427 3304 1482 Christi
3327 1426 3446 1496 ejus

1864 1513 1997 1568 fides
2047 1515 2105 1570 in
2146 1515 2251 1570 illis
2295 1515 2543 1584 partibus
2587 1527 2943 1587 propagetur,
2989 1517 3334 1587 praecipimus
3388 1527 3450 1572 ut

1853 1603 2009 1674 juxta
2041 1620 2322 1660 sacrorum
2347 1619 2621 1660 canonum
2654 1616 2876 1672 statuta,
2909 1608 2998 1663 ubi
3034 1607 3320 1662 multitudo
3346 1621 3449 1661 ex-

1865 1696 2038 1749 crevit
2065 1695 2323 1761 fidelium,
2341 1711 2409 1750 ex
2425 1696 2610 1766 vigore
2635 1688 2948 1766 apostolicze
2972 1697 3115 1751 sedis
3143 1696 3340 1750 debeas
3361 1710 3451 1748 oro

162 1791 332 1847 vobis
354 1806 565 1847 meroes
587 1792 804 1861 cupiosa
826 1791 1122 1856 credimus,
1145 1791 1288 1860 quod
1308 1790 1377 1844 ab
1394 1789 1762 1859 omnipotente
1797 1797 1836 1855 Β
1866 1787 2058 1843 dinare
2079 1788 2399 1858 episcopos;
2425 1789 2518 1858 pia
2548 1797 2725 1844 tamen
2748 1789 3226 1860 contemplatione,
3255 1796 3315 1844 ut
3341 1805 3447 1844 non

162 1883 405 1938 Domino
433 1883 738 1938 aseribatur
766 1883 820 1938 in
843 1882 997 1938 ccelis
1023 1881 1240 1954 (Matth.
1268 1897 1322 1946 v,
1355 1881 1466 1952 l2).
1499 1900 1518 1933 ι
1554 1881 1762 1936 Βοιιιιιιι

157 1973 324 2028 enim
370 1982 682 2040 certamen,
711 1991 732 2025 ι
789 1974 835 2028 si
891 1973 1352 2043 perseveraveris,
1408 1972 1586 2043 possis
1637 1988 1761 2027 cum

163 2065 439 2137 Apostolo
467 2065 681 2122 dicere:
714 2087 732 2119 ι
766 2067 1006 2131 Certavi,
1035 2083 1254 2123 cursum
1277 2067 1672 2133 consummavi,
1705 2069 1765 2121 ti-

163 2156 298 2210 dem
321 2156 531 2210 servavi
559 2156 643 2227 (Il
687 2155 824 2211 Tim.
857 2173 930 2223 tv,
964 2156 1039 2228 7).
1075 2177 1095 2210 ι
1131 2157 1235 2212 Sed
1268 2166 1326 2211 ut
1349 2173 1606 2212 coronam
1641 2173 1765 2227 per-

169 2247 354 2317 cipias
385 2246 584 2302 laboris
620 2248 832 2304 insiste.
859 2249 1156 2304 .Pollieetur
1178 2249 1321 2304 enim
1352 2250 1492 2304 Deus
1519 2263 1766 2317 perseve-

178 2338 430 2394 rantibus
460 2339 512 2392 in
535 2338 648 2394 line
675 2339 930 2405 salutem,
963 2355 1066 2394 nec
1093 2350 1144 2395 te
1182 2341 1342 2395 mina:
1371 2349 1630 2405 terreant,
1669 2354 1767 2394 nec

179 2425 440 2494 dejiciaut
469 2439 726 2495 terrores,
763 2431 858 2486 sed
887 2431 1047 2486 lixam
1076 2432 1127 2486 in
1165 2432 1276 2486 Deo
1298 2441 1486 2488 tenens
1518 2432 1767 2486 liduciaut

192 2520 441 2575 veritatis
456 2522 676 2576 verbum
692 2521 977 2578 denuntia.
1009 2523 1126 2576 Erit
1145 2523 1290 2576 enim
1302 2538 1370 2576 ex
1399 2521 1669 2589 adjutorio
1689 2521 1772 2575 di-

188 2609 315 2662 vino
333 2610 623 2678 perfectio,
659 2621 866 2666 tantum
890 2612 962 2666 sit
995 2613 1194 2666 bonum
1226 2613 1280 2666 in
1313 2611 1588 2666 voluntate
1612 2626 1765 2682 opus.

174 2697 590 2768 lgiturquantos
614 2701 681 2756 ab
697 2715 884 2756 errore
912 2700 1273 2768 converteris,
1303 2701 1771 2774 syllabarnm‘tna-

175 2805 304 2844 rum
350 2793 619 2846 recensito
663 2802 810 2848 textu
840 2796 1214 2865 cognovimus,
1263 2794 1374 2851 laeti
1417 2796 1611 2850 uberes
1661 2795 1771 2849 Deo

169 2879 390 2948 gratias
412 2889 658 2950 agentes,
684 2883 750 2937 de
770 2883 922 2938 lucro
942 2885 1246 2940 animarum
1262 2885 1614 2942 exsultamus.
1643 2883 1771 2939 Por-

167 2985 238 3024 ro
259 2985 360 3039 pro
391 2969 646 3041 episcopo
676 2973 765 3028 illo
808 2975 900 3043 qui
937 2991 1081 3030 nunc
1104 2991 1274 3046 usque
1298 2978 1506 3032 desidia
1535 2977 1768 3047 quadam

171 3062 236 3114 in
269 3062 460 3116 eadem
501 3071 662 3132 gente
704 3065 1111 3132 prmdicationis
1141 3067 1368 3122 verbum
1409 3067 1767 3122 disseminare

1868 1878 2092 1933 vilescat
2137 1880 2373 1949 dignitas
2413 1880 2771 1950 episcopatus.
2809 1880 3188 1951 Presbyterum
3219 1895 3452 1950 namque

1868 1986 2027 2040 quem
2072 1972 2347 2041 praterito
2393 1973 2672 2028 asset-nisti
2722 1988 2864 2028 anno
2904 1973 2971 2027 ad
3021 1988 3119 2028 nos
3145 1973 3452 2036 advenisse,

1869 2071 2160 2131 nostroque
2194 2062 2395 2133 judicio
2439 2063 2608 2118 fuisse
2654 2079 2683 2117 a
2731 2064 2844 2118 suis
2889 2063 3114 2120 nefariis
3141 2064 3450 2118 absolutum

1868 2154 2172 2210 actionibus
2201 2154 2418 2220 credas,
2449 2171 2626 2226 neque
2657 2156 2813 2210 nobis
2842 2155 3212 2210 confessiones
3243 2155 3454 2225 aliquas

1872 2244 2020 2309 fecit,
2049 2260 2149 2300 nec
2180 2261 2210 2300 a
2241 2245 2420 2311 nobis,
2447 2255 2507 2299 ut
2530 2260 2658 2300 suos
2685 2245 2904 2316 expleat
2931 2245 3136 2310 Iibitus,
3172 2245 3452 2301 absolutus

1867 2344 1973 2400 est,
1999 2336 2095 2390 sed
2126 2336 2175 2390 si
2209 2351 2332 2391 eum
2365 2337 2539 2392 errori
2568 2337 2832 2401 deditum,
2861 2337 3006 2392 hunc
3029 2336 3342 2408 apostolicae
3369 2352 3454 2391 se-

1869 2427 1952 2482 dis
1979 2427 2188 2495 vigore,
2219 2436 2282 2482 ἰιι
2325 2427 2479 2496 juxta
2520 2437 2831 2484 sanctorum
2861 2443 3128 2484 canonum
3161 2441 3449 2484 censuram

1869 2519 2112 2590 corrigas
2149 2521 2510 2589 przecipimus,
2542 2529 2598 2576 et
2629 2521 2907 2587 emendes,
2941 2521 3024 2576 vel
3070 2522 3116 2576 si
3145 2537 3282 2592 quos
3325 2521 3358 2575 fi
3379 2535 3404 2565 ι

1872 2618 2015 2665 tasse
2041 2610 2177 2666 tales
2221 2610 2513 2667 inveneris.
2546 2611 2636 2667 Ille
2661 2611 2831 2677 enim,
2869 2611 3154 2683 presbyter
3181 2627 3324 2675 sum,
3351 2614 3448 2668 ait.

1869 2701 2356 2758 Commendatitias
2388 2704 2527 2773 apud
2559 2703 2737 2757 lilium‘
2760 2711 3004 2758 nostrum
3034 2702 3282 2757 Carolum
3310 2703 3450 2758 litte-

1871 2807 1961 2848 ras
2007 2794 2254 2863 expetiit.
2297 2793 2508 2849 Nullam
2561 2795 2634 2850 illi
2681 2782 2850 2850 aliam'
2869 2797 3242 2852 concessimus
3284 2797 3456 2852 licen-

1873 2886 2026 2949 tiam,
2054 2902 2213 2954 quem
2244 2887 2403 2940 vitari
2434 2887 2477 2942 si
2509 2902 2674 2956 prave
2703 2897 3057 2943 conversatur
3077 2903 3200 2943 cum
3231 2888 3455 2960 reliquis

1854 2978 2137 3043 volumus,
2165 2979 2492 3048 eosdemque
2515 2993 2658 3048 quos
2685 2995 2714 3032 a
2743 2979 2968 3050 paganis
3001 2979 3304 3050 baptizatos
3333 2996 3455 3036 esse

1874 3069 2176 3132 asseruisti,
2210 3069 2256 3124 si
2309 3070 2384 3122 ita
2433 3071 2665 3125 habetur
2695 3079 2753 3124 ut
2781 3072 2958 3125 denuo
2992 3072 3236 3140 baptizes
3266 3072 3319 3127 in
3354 3089 3454 3126 no~

167 3152 515 3224 neglexerat,
543 3163 597 3210 et
618 3173 762 3212 nunc
791 3158 892 3213 sibi
925 3167 1153 3229 partem,
1182 3161 1332 3230 quasi
1363 3161 1415 3215 in
1439 3162 1761 3231 parochiam
1793 3151 1836 3210 C
1872 3157 2015 3211 mine
2042 3157 2327 3213 Trinitatis
2357 3161 2698 3214 mandamus.
2730 3160 2940 3215 Interea
2968 3171 3236 3232 agrestem
3269 3165 3452 3218 cabal-

167 3243 458 3312 defendat,
489 3245 685 3303 Carolo
715 3249 1170 3306 excellentissimo
1193 3251 1302 3305 lilio
1328 3261 1536 3318 nostro,
1565 3261 1766 3307 uteum

167 3347 494 3405 compescat
523 3340 838 3404 suadentes,
867 3342 1109 3409 paternis
1139 3341 1335 3397 litteris
1374 3343 1690 3412 scripsimus
1715 3352 1771 3398 et

171 3427 475 3491 credimus,
517 3430 660 3498 quod
688 3430 793 3485 hoc
823 3432 993 3486 vetari
1025 3433 1322 3502 praecipiat.
1369 3432 1489 3502 Ipse
1518 3448 1646 3487 vero
1675 3449 1769 3502 0p-

177 3525 440 3584 portuue,
473 3517 781 3586 importune
807 3519 1103 3588 praedicare
1127 3536 1246 3590 qua:
1273 3532 1394 3578 sunt
1418 3522 1628 3588 salutis,
1661 3537 1769 3577 non

175 3611 401 3664 desinas
429 3610 514 3682 (ΙΙ
549 3611 683 3665 Tim.
713 3628 787 3676 tv,
821 3612 898 3681 2).
943 3612 1112 3684 Igitur
1133 3613 1424 3684 Thuringis
1454 3623 1508 3668 et
1537 3614 1767 3670 Germa-

177 3701 290 3756 nia:
319 3703 515 3773 populo
541 3720 604 3759 ea
631 3720 752 3771 quae
795 3705 866 3759 ad
913 3705 1108 3759 animae
1151 3707 1448 3776 respiciunt
1479 3707 1767 3762 utilitatem

178 3801 241 3845 et
275 3793 501 3846 salutem
529 3793 770 3848 scribere
799 3810 904 3848 non
923 3795 1233 3860 omisimus,
1259 3796 1401 3852 inter
1416 3796 1522 3850 alia
1551 3807 1610 3851 ut
1641 3812 1772 3852 con-

182 3891 400 3936 struant
429 3884 702 3955 episcopia
753 3894 805 3940 et
837 3886 1108 3941 Ecclesias
1138 3886 1376 3941 condant
1406 3885 1765 3956 injungentes.

179 3974 478 4043 lpseenim
519 3977 610 4046 qui
642 3959 748 4032 non
777 3977 889 4031 vult
914 3987 1141 4033 mortem
1169 3979 1502 4047 peccatoris,
1535 3979 1628 4033 sed
1658 3993 1772 4032 ma-

181 4068 267 4138 gis
292 4078 348 4120 ut
374 4077 743 4135 convertatur,
775 4079 828 4124 et
859 4071 1007 4124 vivat
1049 4070 1270 4141 (Ezech.
1305 4087 1498 4133 χχχιιι,
1531 4072 1640 4140 ll),
1667 4071 1773 4126 erit

181 4160 436 4216 omnibus
459 4162 684 4218 daturus
709 4162 1099 4217 incrementum
1129 4161 1179 4234 (1
1198 4162 1319 4217 Cor.
1346 4179 1423 4225 Ill,
1444 4147 1520 4233 Ἰ).
1546 4163 1686 4217 Deus
1719 4172 1770 4216 te

189 4251 516 4307 incolumem
533 4254 824 4308 custodiat.
841 4254 974 4310 Data
999 4255 1172 4323 pridie
1203 4253 1382 4326 Nonas
1403 4253 1656 4308 Deccmb.
1675 4253 1772 4306 im-

187 4355 412 4414 perante
433 4345 651 4400 domino
667 4347 916 4417 piissimo
945 4346 1188 4418 Augusto
1211 4346 1388 4402 Leone
1410 4360 1440 4399 a
1479 4346 1589 4400 Deo
1617 4360 1772 4400 coro-

187 4447 338 4501 nato,
363 4451 559 4507 magno
579 4438 931 4508 imperatore,
959 4455 1100 4493 anno
1129 4440 1194 4504 8;
1225 4437 1320 4494 sed
1339 4447 1398 4493 et
1411 4436 1770 4492 Constantino

1869 3246 1977 3300 lum
2032 3247 2346 3316 aliquantos‘
2382 3249 2674 3319 adjunxisti
2715 3251 3017 3315 comedere,
3076 3251 3362 3322 plerosque
3392 3263 3451 3307 et

1869 3339 2243 3394 domesticum.
2269 3339 2381 3394 Hoc
2403 3352 2740 3410 nequaquam
2770 3343 2886 3397 fieri
2917 3344 3187 3413 deinceps,
3217 3347 3449 3400 sanctis-

1869 3429 2029 3493 sime,
2055 3430 2221 3495 sinas,
2246 3429 2434 3496 frater,
2460 3432 2554 3486 sed
2569 3433 2765 3502 quibus
2785 3435 3020 3502 potueris
3055 3436 3182 3500 Deo,
3201 3435 3446 3503 juvante,

1877 3519 2050 3574 modis
2083 3535 2180 3589 per
2208 3523 2388 3576 omnia
2431 3537 2733 3592 compesce,
2770 3533 2825 3579 et
2853 3526 3065 3595 dignam
3109 3528 3188 3582 eis
3226 3529 3449 3582 indicite

1868 3609 2265 3677 paniteutiam.
2292 3611 2628 3667 lininuudum
2645 3621 2726 3668 est
2750 3615 2893 3668 enim
2910 3625 3070 3684 atque
3094 3620 3449 3675 exsecrabile.

1870 3698 1976 3753 Pro
2003 3701 2328 3758 obeuntibus
2379 3705 2576 3774 quippe
2632 3706 2967 3762 consuluisse
2999 3711 3352 3778 dignosceris,
3401 3713 3450 3767 si

1869 3789 2030 3844 liceat
2058 3791 2360 3848 oblationes
2389 3792 2606 3849 otierre.
2637 3794 2836 3851 Sancta
2889 3798 2968 3852 sic
3011 3808 3156 3854 tenet
3182 3799 3446 3868 Ecclesia,

1871 3889 1928 3934 ut
1955 3883 2182 3952 quisque
2210 3899 2308 3953 pro
2336 3885 2449 3940 suis
2475 3887 2702 3942 mortuis
2729 3902 2853 3942 vere
2899 3887 3223 3944 Christianis
3257 3890 3453 3946 offerat

1869 3973 2168 4030 oblationes
2185 4016 2199 4041 ,
2222 3983 2382 4046 atque
2403 3979 2684 4049 presbyter
2697 3991 2882 4034 eorutn
2899 3984 3214 4037 memoriam
3263 3981 3450 4039 faciat.

1871 4064 1938 4119 Et
1982 4067 2230 4134 quamvis
2267 4084 2456 4124 omnes
2495 4071 2732 4139 peccatis
2771 4064 3168 4143 st'ibjaceamus,
3200 4079 3454 4147 congruit

1874 4167 1930 4210 ut
1955 4159 2212 4212 sacerdos
2239 4174 2337 4228 pro
2361 4163 2590 4216 mortuis
2617 4163 2904 4220 catholicis
2930 4167 3246 4222 memoriam
3286 4168 3452 4224 faciat

1871 4254 1926 4300 et
1983 4247 2304 4312 intercedat,
2365 4265 2470 4305 non
2528 4261 2707 4307 tamen
2768 4269 2868 4323 pro
2933 4256 3142 4324 impiis,
3198 4260 3450 4328 quamvis

1870 4337 2163 4392 Christiani
2219 4337 2440 4405 fuerint,
2489 4341 2593 4395 tale
2618 4343 2748 4411 quid
2795 4359 2957 4415 agere
2997 4347 3197 4402 licebit.
3228 4347 3360 4402 Nam
3393 4361 3454 4404 et

1872 4442 1966 4482 eos
1993 4430 2085 4498 qui
2114 4445 2174 4484 se
2199 4430 2634 4488 dubitantfuisse
2662 4435 2966 4505 baptizatos
2991 4453 3060 4491 an
3086 4454 3212 4503 non,
3246 4440 3325 4494 vel
3356 4441 3448 4510 qui

187 4543 382 4598 magno
404 4529 856 4602 imperatoreejus
871 4530 1004 4596 ﬁlio,
1019 4546 1160 4585 anno
1180 4529 1765 4600 quig.i0,in(|iciio..e8_
1804 4509 1844 4564 Π
1876 4535 1905 4572 a
1937 4521 2255 4590 presbytero
2299 4519 2416 4576 Jovi
2447 4533 2738 4588 mactante,
2765 4535 2816 4580 et
2859 4509 3450 4594 innnolatitiascarnes

223 4618 462 4690 Epistola
499 4620 740 4692 Gregorii
768 4639 920 4692 papa:
942 4622 1012 4676 ad
1049 4622 1387 4692 Bonifacium
1415 4622 1728 4692 episcopum.

261 4711 732 4766 Iteverendissimo
778 4723 832 4767 et
878 4713 1223 4768 sanctissimo
1274 4712 1428 4766 fratri
1481 4711 1768 4768 Bomncno

187 4803 504 4873 coepiscopo
549 4803 617 4857 ad
656 4802 1105 4857 illuminationem
1146 4802 1323 4868 gentis
1348 4801 1654 4857 Germania:
1683 4803 1763 4857 vel

186 4895 607 4964 circumquaque
664 4895 717 4948 in
774 4895 964 4950 umbra
1005 4894 1196 4947 mortis
1243 4894 1581 4949 morantibus
1609 4892 1760 4961 (Luc.

185 4997 222 5043 ι,
249 4981 360 5052 79),
386 4981 636 5052 gentibus
659 4983 710 5037 in
725 4997 910 5038 errore
930 4983 1241 5038 constitutis
1262 4984 1330 5038 ab
1345 4983 1446 5038 hac
1466 4983 1762 5053 apostolica

186 5073 280 5128 Dei
302 5072 542 5129 Ecclesia
567 5074 793 5141 directo,
814 5073 1123 5131 ϐιιεοοιιιυε
1136 5089 1326 5130 servus
1341 5090 1621 5130 servorum
1648 5075 1760 5129 Dei.

257 5162 448 5236 Magna
481 5179 580 5220 nos
625 5165 814 5220 habuit
852 5166 1165 5236 gratulatio,
1209 5165 1366 5222 lectis
1411 5167 1766 5222 sanctissima:

183 5251 542 5309 fraternitatis
582 5263 685 5310 tuae
723 5255 938 5320 litteris,
977 5271 1098 5312 cum
1141 5257 1196 5313 in
1241 5257 1342 5322 eis,
1372 5259 1569 5313 relecta
1601 5260 1764 5322 serie,

186 5345 375 5400 fuisset
416 5355 689 5416 repertum
717 5347 933 5402 Domini
963 5348 1135 5403 nostri
1163 5347 1290 5404 Jesu
1333 5349 1536 5406 Christi
1589 5351 1763 5421 gratia

186 5439 444 5514 plurimos
471 5453 520 5497 te
548 5457 578 5496 a
607 5443 908 5512 gentilitate
931 5451 1184 5498 eterrore
1209 5445 1276 5498 ad
1296 5458 1439 5498 verae
1470 5445 1591 5499 fidei
1615 5445 1766 5515 agni-

191 5516 384 5585 lienem
403 5532 757 5586 convertisse.
776 5531 927 5598 Quod
956 5532 1080 5601 quia
1109 5532 1287 5586 divina
1313 5533 1649 5588 institutione
1672 5535 1762 5590 do-

190 5636 371 5676 cemur
398 5623 450 5676 in
488 5622 779 5692 parabolis,
814 5620 901 5676 cui
924 5622 1164 5690 quinque
1187 5622 1386 5677 talenta
1415 5624 1622 5678 credita
1647 5623 1761 5678 fue-

193 5719 326 5777 rant,
361 5713 464 5768 alia
493 5713 729 5783 quinque
752 5711 920 5768 fuisse
950 5713 1217 5768 lucratum
1251 5712 1466 5786 (Hau/1.
1501 5732 1624 5783 xxv,
1648 5716 1764 5787 20),

543 5829 818 5890 ΡΑτιιοι.
865 5827 1121 5889 CXXX.

1875 4618 2148 4675 vescente,
2201 4620 2261 4664 ut
2295 4610 2699 4682 rebaptizentur
2727 4616 3089 4684 prtccipimus.
3129 4617 3451 4688 Progeniem

1874 4716 2001 4756 vero
2048 4716 2200 4774 suam
2240 4719 2511 4772 quemque
2539 4720 2708 4774 usque
2745 4709 2812 4759 ad
2842 4708 3126 4774 septimam
3156 4711 3450 4766 observare

1868 4790 2215 4847 decernimus
2261 4794 2684 4860 generationem.
2743 4796 2829 4860 Et,
2863 4798 2924 4851 'si
2959 4797 3210 4863 valueris,
3245 4779 3446 4866 devita‘,

1873 4901 1938 4938 ne
1987 4885 2220 4952 amplius
2260 4885 2348 4940 cui
2403 4886 2659 4941 mulieres
2707 4887 2944 4944 obierint
2997 4889 3205 4944 duabus
3253 4891 3452 4946 debeat

1867 4977 2124 5046 copulari.
2161 4975 2235 5031 De
2277 4976 2362 5031 his
2397 4991 2526 5032 vero
2548 4976 2779 5034 dicimus
2807 4979 2898 5048 qui
2937 4988 3164 5049 patrem,
3195 4991 3445 5047 matrem,

1868 5065 2112 5132 fratrem,
2143 5079 2236 5123 aut
2279 5082 2519 5124 sororem
2568 5071 2884 5134 occiderint,
2919 5082 2978 5126 ut
3023 5081 3134 5128 toto
3172 5075 3295 5128 vitae
3337 5092 3447 5131 sua:

1871 5167 2109 5228 tempore
2131 5173 2326 5228 corpus
2356 5173 2459 5213 non
2487 5161 2782 5229 suscipiant
2816 5161 3153 5218 Dominicum
3183 5166 3284 5221 nisi
3311 5177 3444 5221 tern-

1871 5264 2000 5318 pore
2035 5250 2213 5305 exitus
2264 5265 2364 5319 pro
2415 5251 2631 5307 viatico.
2661 5253 2984 5308 Abstineant
3010 5256 3170 5310 etiam
3201 5273 3281 5321 se,
3325 5268 3378 5311 et
3415 5273 3447 5311 a

1869 5344 2050 5399 carnis
2098 5346 2460 5410 comestioue,
2510 5354 2566 5399 et
2591 5356 2718 5416 potu
2752 5347 2882 5412 vini,
2915 5348 3087 5403 donec
3114 5350 3440 5416 advixerint,

1862 5432 2108 5503 jejuneut
2136 5436 2450 5501 secundam,
2480 5445 2729 5506 quartam
2756 5449 2809 5492 et
2834 5447 3042 5493 sextarii
3070 5438 3254 5502 ferias,
3288 5451 3346 5494 ut
3369 5443 3448 5496 sic

1871 5528 2077 5596 possint
2103 5527 2399 5583 detinentes
2420 5529 2622 5586 diluere
2650 5531 2995 5585 commissum
3021 5531 3213 5585 scelus.
3244 5531 3375 5586 Nam
3391 5544 3445 5586 et
3467 5581 3472 5586 .

1873 5622 2128 5676 hocinter
2143 5621 2244 5674 alia
2260 5621 2649 5692 discrimenagi
2669 5623 2720 5676 in
2738 5624 3090 5692 praesentibus
3113 5623 3216 5678 illis
3237 5624 3441 5685 dixisti.

1871 5713 2012 5782 quod
2054 5713 2270 5782 quidam
2299 5728 2365 5767 ex
2407 5713 2652 5768 fidelibus
2685 5715 2750 5767 ad
2796 5714 3176 5767 imnmlandum
3225 5716 3445 5783 paganis

3131 5828 3206 5887 37
