3988 6424
537 286 675 348 H55

1313 276 1604 334 APPEND.
1644 277 1744 332 AD
1776 274 1952 333 διες.
1995 275 2087 332 IX.
2120 293 2192 318 -ι
2225 274 2478 335 [SIDORI
2518 275 2960 334 MERCATORIS

3683 278 3823 336 HM

427 465 434 470 _
532 417 630 460 sua
657 397 973 464 venundant
1004 394 1294 466 mancipia,
1330 393 1436 450 hoc
1479 401 1540 448 ut
1586 405 1914 462 magnopere
1954 363 2134 446 corri-‘
2155 404 2202 464 Α
2229 389 2532 446 faciendam
2588 392 2696 448 Deo
2747 391 2956 461 plebem
3012 392 3308 464 perfectam
3359 393 3516 465 (Luc.
3572 413 3638 462 t,
3691 398 3786 469 l7)
3815 442 3828 458 ,

373 5947 452 5966 ιιι-η...

374 5982 445 6006 ’Ἧι

533 507 660 567 gere
681 492 898 558 debeas,
927 489 1113 554 frater,
1131 487 1504 551 admonemus,
1526 501 1624 542 nec
1643 485 1790 542 sinas
1819 484 1938 542 fieri
1959 485 2116 541 ultra.

535 585 728 642 Scelus
753 585 897 638 enim
921 589 1080 638 estet
1111 579 1383 650 impietas.
1413 579 1506 635 Eis
1531 591 1661 651 ergo
1683 577 1774 649 qui
1799 578 1903 634 hoc
1933 592 2123 648 perpe—

535 685 818 733 traverunt
855 672 1087 730 similem
1131 669 1418 728 homicidae
1465 671 1672 730 indices
1723 668 2118 740 pmnitentiam.

530 770 600 824 At
641 768 857 839 quoties
899 765 1212 837 episcopum
1240 765 1677 829 consceraveris,
1727 763 1834 818 duo
1883 761 1968 817 vel
2012 771 2122 816 tres

531 857 856 913 conveniant
887 865 1064 912 tecum
1105 854 1368 926 episcopi,
1409 863 1469 908 ut
1499 853 1609 909 Deo
1646 853 1716 909 sit
1738 861 1952 923 gratum
1979 851 2121 921 quod

529 947 759 1018 geritur,
785 955 840 1002 et
869 947 948 1002 eis
993 945 1442 1002 convenientibus
1473 945 1715 1015 ipsisque
1755 943 2119 1013 prtesentibus

529 1057 836 1108 consecres.
862 1040 990 1097 iitec
1019 1048 1092 1108 te,
1121 1038 1294 1096 frater
1320 1037 1666 1104 charissime,
1693 1035 1982 1108 diligenter
2005 1049 2122 1090 ser-

527 1150 660 1190 vare
698 1135 972 1200 volumus,
1023 1141 1080 1192 et
1114 1132 1294 1190 studio
1331 1129 1550 1201 pietatis
1585 1139 1821 1201 ereptum
1845 1127 2122 1199 negotium

534 1226 730 1283 salutis
780 1239 1105 1296 exsequere,
1147 1231 1210 1279 ut
1251 1223 1336 1278 de.
1361 1222 1513 1278 lucro
1560 1229 1841 1292 apportata
1874 1219 2058 1274 valeas
2089 1233 2121 1272 a

528 1319 759 1376 Domino
789 1317 900 1372 Deo
947 1325 1134 1372 nostro
1169 1314 1474 1370 mercedem
1520 1312 1802 1382 percipere
1833 1311 1885 1366 in
1917 1319 2120 1366 aeterna

532 1408 892 1464 beatitudine.
949 1405 1295 1476 Privileginm
1350 1418 1481 1460 vero
1529 1401 1686 1471 juxta
1736 1403 1882 1473 quod
1939 1401 2122 1473 petisti

533 1494 818 1562 facientes,
846 1495 932 1550 his
971 1495 1216 1566 junctum
1263 1493 1590 1558 direximus,
1634 1501 1887 1563 optantes
1924 1499 1976 1546 te
2014 1490 2122 1545 Do-

529 1586 663 1640 mini
710 1584 805 1640 Dei
855 1583 1024 1640 nostri
1056 1582 1308 1653 praesidio
1333 1583 1398 1637 de
1423 1581 2120 1637 conversioneerrantium

533 1676 754 1732 Christo
776 1676 890 1731 Deo
922 1683 1110 1730 nostro
1128 1673 1504 1744 plenissimum
1532 1680 1698 1744 atque
1727 1671 1994 1743 integrum
2023 1685 2120 1740 ap-

2225 484 2572 555 prmsentium
2603 484 2926 555 portitorem
2973 485 3279 542 litterarum
3325 487 3710 555 Bonifacium,
3747 508 3833 546 re-

2225 577 2672 632 vcrendissimutn
2705 575 2930 632 fratrem
2959 587 3205 635 nostrum
3227 593 3293 634 ac
3313 582 3708 651 coepiscopum
3739 597 3830 638 or.

2223 669 2418 724 dinans
2443 670 2510 726 ad
2537 684 2634 725 vos
2663 684 2836 740 usque
2873 670 3199 738 destinavit,
3229 687 3463 744 eumque
3493 675 3750 744 regulam
3777 686 3832 729 et

2225 777 2470 818 normam
2513 761 2827 832 apostolico:
2859 772 2917 818 et
2945 763 3229 819 catholica:
3265 764 3386 820 fidei
3417 765 3700 821 Romana:
3744 769 3830 820 cui

2224 854 2334 912 Deo
2384 863 2609 912 auctore
2647 855 2990 911 deservimus
3036 855 3297 911 Ecclesiae
3331 857 3575 912 edocens
3603 857 3829 920 direxit.

2223 955 2278 1004 et
2310 956 2430 1018 post
2465 956 2769 1017 temporum
2797 948 2993 1018 spatia,
3028 948 3294 1003 orationis
3315 963 3500 1014 causa,
3534 949 3610 1002 ad
3637 948 3828 1001 limina

2222 1037 2507 1095 beatorum
2537 1038 2848 1109 Principum
2881 1038 3254 1109 apostolorum
3290 1054 3409 1094 sese
3442 1040 3823 1110 praesentavit,

2223 1139 2279 1186 et
2304 1145 2425 1200 qua:
2451 1130 2519 1185 ad
2544 1130 2773 1186 salutem
2806 1131 3111 1186 animarum
3143 1132 3434 1202 pertinent,
3464 1149 3496 1186 a
3549 1133 3721 1187 nobis
3741 1148 3826 1216 ex.-

2222 1221 2401 1292 poscit
2430 1221 2624 1287 imbui,
2655 1236 2777 1288 nos,
2810 1221 2920 1278 Deo
2954 1221 3194 1289 favente,
3224 1233 3281 1278 ut
3307 1239 3463 1279 sacra
3491 1230 3660 1279 docet
3687 1223 3828 1279 Scri-

2223 1322 2406 1384 ptura,
2437 1328 2562 1368 eum
2591 1314 2912 1377 edocentes,
2943 1314 3008 1368 ad
3040 1329 3156 1381 vos,
3185 1315 3521 1380 cbarissimi,
3551 1326 3828 1371 remeatu-

2226 1421 2368 1470 rum,
2395 1404 2749 1470 absolvimus,
2787 1406 3071 1462 hortantes
3099 1422 3196 1462 vos
3223 1408 3275 1461 in
3305 1407 3562 1472 Domino,
3582 1417 3645 1461 ut
3667 1408 3821 1478 digne

2224 1501 2536 1570 suscipiatis
2560 1500 2629 1555 ab
2659 1516 2726 1556 eo
2756 1500 2979 1556 verbum
3009 1501 3426 1566 exhortationis,
3456 1511 3516 1557 et
3545 1503 3828 1572 episcOpos

2224 1591 2309 1647 vel
2333 1594 2704 1664 presbyteros,
2745 1608 2885 1662 quos
2919 1593 3036 1662 ipse
3073 1593 3406 1648 ordinaverit
3434 1608 3540 1662 per
3579 1594 3823 1663 apostoli-

2225 1697 2348 1738 cam
2372 1683 2476 1738 sibi
2499 1683 2682 1737 datam
2705 1683 3089 1739 auctoritatem
3145 1684 3198 1738 in
3225 1683 3492 1739 Ecclesia:
3525 1685 3824 1738 ministerio

532 1776 750 1838 portare
777 1765 1009 1820 lucrum.
1041 1765 1185 1820 Deus
1209 1773 1262 1820 te
1301 1763 1632 1820 incolumem
1663 1763 1954 1829 custodiat,
1971 1775 2122 1818 reve-

2229 1773 2527 1844 recipiatis,
2551 1782 2606 1828 et
2627 1787 2764 1842 quos
2792 1774 2976 1830 forsan
3007 1774 3286 1830 deviantes
3309 1775 3589 1829 invenerit
3618 1790 3648 1828 a
3675 1786 3826 1829 recte

530 1857 858 1912 rendissitne
887 1855 1077 1911 frater.

529 1965 818 2025 Hucusaue
852 1965 1137 2038 Gregorius
1178 1983 1210 2019 a
1245 1965 1416 2038 primo
1443 1964 1724 2038 secundus.
1751 1963 1892 2019 Hinc
1921 1961 2119 2036 Grego-

992 2039 1102 2092 rius
1141 2055 1172 2089 a
1200 2037 1428 2090 secundo
1449 2037 1660 2106 junior.

598 2130 910 2184 CREGORIUS
926 2127 1232 2197 episcopus,
1249 2142 1441 2182 servus
1454 2139 1736 2182 servorum
1752 2125 1866 2191 Dei,
1884 2123 2120 2180 dilectis-

529 2224 681 2279 simis
699 2224 854 2277 nobis
870 2223 1123 2277 omnibus
1142 2221 1436 2292 episcopis,
1462 2220 1865 2277 venerabilibus
1889 2219 2118 2291 presby-

531 2316 702 2380 teris,
751 2314 1022 2384 religiosis
1056 2313 1345 2368 abbatibus
1392 2313 1635 2368 outnium
1689 2311 2116 2382 provinciarum.

603 2425 623 2456 σ
661 2406 888 2460 Domino
943 2413 1272 2474 cooperante
1321 2411 1376 2458 et
1423 2417 1732 2459 sermonem
1761 2401 2120 2458 confirmante

529 2497 725 2569 (Marc.
761 2513 850 2552 xvt
873 2537 886 2562 ,
909 2496 1024 2568 20),
1057 2515 1074 2548 ι
1107 2511 1350 2566 praesens
1375 2495 1750 2552 sanctissimus
1764 2494 1865 2560 vir,
1899 2492 2117 2550 Bonifa-

527 2590 660 2652 cius,
687 2587 857 2643 frater
887 2603 950 2643 ac
993 2587 1348 2657 coepiscopus
1390 2595 1593 2651 noster,
1626 2585 1850 2641 verbum
1873 2584 2121 2640 veritatis

526 2679 668 2738 sicut
709 2693 739 2732 a
795 2678 1197 2748 praedecessore
1247 2685 1436 2731 nostra
1485 2682 1686 2730 sancta:
1726 2673 2121 2729 recordationis

525 2770 790 2843 Gregorio
816 2768 1046 2840 praesule
1067 2769 1121 2824 in
1153 2768 1262 2822 illis
1289 2767 1532 2838 partibus
1561 2766 1760 2822 missus
1783 2764 1960 2819 fuerat
1981 2781 2121 2835 prte-

527 2865 710 2922 dicare
739 2863 964 2919 verbum
1011 2861 1106 2916 Dei
1147 2869 1274 2931 post
1319 2859 1550 2914 multum
1578 2857 1860 2928 temporis,
1892 2855 2120 2912 Domino

529 2967 864 3030 cooperante
890 2955 1169 3012 anhelanti
1196 2953 1488 3018 desiderio,
1533 2951 1798 3008 orationis
1844 2965 2028 3018 causa,
2054 2950 2122 3006 li-

527 3057 767 3111 minibus
823 3053 996 3108 sacris
1047 3051 1334 3108 beatorum
1384 3047 1689 3119 principum
1752 3045 2120 3116 apostolorum

2223 1864 2346 1920 fidei
2375 1865 2615 1930 tramite,
2664 1880 2757 1920 seu
2793 1866 3056 1920 canonica
3090 1867 3362 1933 doctrina,
3387 1881 3607 1937 eosque
3651 1866 3821 1936 probi-

2227 1955 2426 2019 buerit,
2456 1971 2488 2010 a
2523 1955 2679 2011 vobis
2708 1955 2858 2010 nullo
2902 1955 3063 2010 modo
3094 1956 3448 2027 impediatur,
3489 1968 3550 2013 et
3579 1958 3730 2027 quod
3757 1958 3824 2011 eis

2231 2049 2540 2120 impositum
2590 2047 2754 2104 fuerit
2794 2048 3101 2106 obediendo
3154 2059 3377 2120 propter
3419 2053 3602 2107 Deum
3666 2051 3824 2107 etisd-

2222 2141 2400 2208 piant.
2443 2139 2578 2195 Nam
2601 2140 2691 2210 qui
2722 2149 3017 2196 temerator
3061 2141 3332 2196 exstiterit
3366 2142 3436 2196 ad
3464 2142 3823 2197 obedientium

2224 2231 2435 2302 sibiipsi
2465 2232 2872 2287 damnationem
2926 2233 3186 2302 acquirit,
3235 2248 3331 2288 vos
3353 2245 3568 2297 autem,
3623 2235 3822 2288 charis-

2222 2322 2369 2388 simi,
2397 2323 2489 2392 qui
2517 2322 2570 2376 in
2595 2322 2814 2379 nomine
2833 2323 3040 2378 Christi
3070 2325 3334 2394 baptizati
3360 2327 3517 2390 estis,
3549 2327 3824 2381 Christus.

2223 2415 2476 2470 induistis
2498 2413 2644 2485 (Gal.
2676 2431 2761 2480 ιιι,
2789 2414 2918 2484 ε’),
2955 2416 3226 2470 abstinete
3270 2427 3324 2472 et
3372 2418 3680 2486 prohibete
3715 2434 3826 2472 vos-

2227 2505 2488 2575 metipsos
2535 2507 2605 2560 ab
2651 2508 2799 2560 ontni
2845 2506 3002 2575 culpa
3058 2521 3393 2577 paganorum
3450 2523 3562 2563 non
3623 2517 3824 2562 tantum

2223 2597 2585 2667 vosmetipsos
2604 2598 2964 2668 corrigentes,
2997 2597 3329 2664 charissimi,
3359 2599 3457 2654 sed
3487 2607 3547 2652 et
3587 2599 3828 2654 subditos

2221 2695 2453 2744 vestros.
2489 2688 2709 2744 Divinos
2737 2698 2918 2744 autem
2946 2689 3029 2744 vel
3059 2690 3367 2761 sortilegos,
3393 2691 3668 2745 sacrificia
3689 2707 3831 2743 mor-

2225 2789 2439 2834 tuorum
2465 2778 2548 2833 vel
2573 2777 2840 2845 lucorum,
2869 2779 2953 2833 vel
2983 2779 3212 2834 fontium
3258 2781 3518 2851 auguria,
3549 2781 3624 2834 vel
3649 2780 3821 2850 phila-

2222 2871 2414 2939 cteria,
2448 2871 2531 2926 vel
2555 2871 2922 2926 iucautatores
2943 2880 2997 2926 et
3019 2870 3312 2937 venefiCos,
3340 2872 3393 2927 id
3415 2882 3525 2936 est,
3560 2873 3833 2926 maleﬁcos

2223 2969 2279 3016 et
2305 2960 2715 3017 observationes
2766 2960 3080 3031 sacrilegas,
3136 2976 3258 3031 quae
3298 2961 3354 3016 in
3399 2964 3608 3017 vestris
3638 2962 3833 3016 ﬁnibus

2224 3055 2344 3111 fieri
2370 3055 2637 3120 solebant,
2677 3055 2902 3112 omnino
2952 3065 3294 3126 respuentes,
3354 3066 3471 3112 tota
3515 3058 3726 3113 mentis
3757 3058 3832 3110 in-

529 3149 674 3204 l’etri
719 3157 775 3202 et
805 3143 955 3199 Pauli
986 3141 1408 3215 praesontandus
1443 3138 1684 3196 advenit.
1727 3136 1830 3205 Qui
1878 3135 2119 3206 perfecta

2229 3149 2472 3206 tentione
2509 3151 2576 3203 ad
2614 3148 2904 3207 Dominunt
2939 3151 3348 3215 convertimini,
3405 3151 3590 3221 ipsum
3624 3153 3830 3214 timeie,

527 3241 774 3294 oratione
806 3239 873 3293 ad
918 3244 1202 3308 acceptum
1233 3235 1472 3291 laborem
1500 3232 1694 3305 angelo
1729 3231 1944 3288 Domini
1976 3246 2116 3303 prae-

528 3333 711 3386 \iante
739 3347 767 3384 a
800 3329 956 3385 nobis
983 3337 1067 3385 est
1095 3326 1394 3383 absolutus.
1431 3325 1530 3381 Cui
1551 3333 1730 3380 vestra
1758 3324 1999 3380 omnium
2030 3323 2115 3378 di-

526 3423 685 3478 lectio
732 3437 827 3477 seu
864 3419 1190 3484 reverentia,
1219 3425 1275 3473 et
1309 3416 1636 3486 religiositas
1662 3425 1886 3486 propter
1912 3414 2117 3470 Christi

529 3527 769 3568 amorem
803 3509 1080 3578 juvatuina
1124 3507 1433 3577 impendere
1460 3504 1770 3577 dignemini,
1802 3504 1966 3574 287
1989 3504 2117 3558 dum

530 3614 584 3662 et
606 3602 902 3674 agnoscitis
924 3615 1046 3670 quae
1081 3599 1343 3654 Dominus
1365 3604 1549 3652 noster
1577 3595 1733 3651 Jesus
1759 3595 2007 3650 Christus
2037 3594 2120 3648 in—

533 3684 673 3768 quit,
715 3696 902 3751 dicens
933 3711 945 3746 :
981 3693 1084 3760 Qui
1113 3691 1423 3761 susceperit
1467 3689 1784 3759 prophetam
1816 3689 1868 3742 in
1902 3686 2122 3741 nomine

528 3790 829 3860 prophetae,
846 3785 1151 3841 mercedem
1176 3784 1449 3855 prophetia
1467 3783 1724 3853 accipiet;
1751 3790 1803 3836 et
1824 3781 1914 3851 qui
1939 3794 2125 3836 susce-

528 3882 672 3952 perit
711 3880 916 3949 justum
948 3878 1002 3932 in
1039 3877 1259 3932 nomine
1293 3875 1449 3947 justi,
1479 3874 1784 3931 mercedem
1819 3873 1948 3944 justi
1979 3873 2123 3930 acci-

525 3974 640 4044 piet
669 3972 884 4042 (Matth.
920 3989 974 4037 it,
1006 3972 1119 4042 41).
1152 3970 1221 4024 Ει
1275 3970 1320 4024 si
1382 3967 1609 4024 forsitan
1645 3967 1773 4036 quis
1815 3981 1883 4021 ex
1924 3965 2124 4022 vestris

531 4066 796 4120 ministris
845 4079 968 4120 sese
1013 4064 1132 4132 ipso
1179 4060 1526 4117 sanctissimo
1567 4059 1684 4114 viro
1724 4059 1779 4113 in
1819 4058 2124 4114 ministerio

532 4155 925 4210 exhortatiOnis
939 4162 1144 4208 sancta:
1164 4150 1558 4220 catholicaque
1580 4149 1704 4205 fidei
1729 4149 2019 4222 adiungere
2031 4165 2124 4204 vo-

530 4245 715 4310 luerit,
771 4243 917 4300 nullo
969 4242 1129 4299 modo
1170 4240 1528 4312 prohibeatis,
1572 4241 1904 4296 cbarissimi.
1958 4239 2124 4311 Magis

531 4348 712 4393 autem
757 4351 1080 4390 concursum
1114 4334 1372 4404 praebete,
1402 4340 1460 4388 et
1499 4350 1566 4389 ex
1606 4341 1790 4388 vestro
1811 4333 1936 4389 ovili
1967 4334 2123 4403 adju-

530 4440 677 4483 tores
723 4428 770 4482 ci
823 4427 1042 4482 tribuite
1087 4427 1178 4495 qui
1227 4426 1435 4495 possint
1476 4439 1573 4494 per
1597 4424 1690 4480 Dei
1722 4425 1952 4496 gratiam
1980 4423 2125 4480 suffi-

532 4524 741 4578 cienter
782 4521 1031 4592 gentibus
1074 4520 1384 4575 ministrare
1419 4521 1645 4574 verbum
1689 4517 2114 4588 prtedicationis,
2148 4497 2197 4557 Ῑ)

530 4624 592 4667 ut
636 4612 992 4682 omnipotenti
1035 4613 1146 4666 Deo
1189 4620 1376 4666 nostro
1417 4612 1629 4665 animas
1659 4609 2024 4674 lucrifaciaut,
2057 4618 2118 4664 ut

525 4715 580 4760 et
625 4713 804 4760 vestra
835 4705 1200 4759 communitas
1228 4704 1351 4758 boni
1379 4703 1560 4774 operis
1588 4702 1888 4772 portionem
1923 4703 2116 4758 sortia-

526 4807 636 4862 tur,
660 4805 822 4866 atque
853 4795 927 4850 illi
953 4800 1265 4849 mereantur
1288 4795 1622 4850 Dominicam
1654 4808 1840 4850 vocem
1889 4793 2076 4848 audire
2102 4811 2113 4847 :

532 4889 640 4944 Vos
665 4890 756 4959 qui
785 4887 1152 4957 dereliquistis
1174 4888 1356 4942 omnia
1380 4896 1436 4942 et
1455 4886 1626 4942 secuti
1649 4888 1782 4942 estis
1805 4902 1911 4951 me,
1940 4895 2122 4940 centu-

530 4983 676 5050 plum
695 4982 996 5052 accipietis,
1011 4989 1065 5035 et
1083 4981 1248 5034 vitam
1263 4989 1521 5035 aeternam
1540 4979 1884 5050 possidebitis
1901 4977 2116 5049 (Matth.

527 5087 620 5128 κη
639 5111 652 5136 ,
680 5071 792 5140 29).
824 5072 966 5127 Bene
995 5071 1188 5126 valete.

952 5182 1186 5253 fc'pistoia
1231 5181 1467 5254 Gregorii
1524 5202 1693 5254 papa.

596 5273 907 5330 GREGOBIUS
922 5289 1054 5344 papa
1074 5275 1340 5329 universis
1352 5275 1704 5345 optimatibus
1717 5285 1768 5330 et
1785 5275 1982 5348 populo
1995 5292 2120 5348 pro-

525 5364 826 5421 vinciarum
851 5354 1176 5430 Germaniae,
1202 5365 1494 5437 'fhuringis
1513 5375 1565 5420 ct
1588 5365 1799 5428 Tiresis,
1825 5377 1878 5422 ct
1900 5365 2120 5422 Bortba-

529 5457 626 5520 ris,
653 5466 709 5511 ct
734 5454 1014 5520 Nistrcsis,
1033 5453 1360 5520 Uncdredis,
1381 5464 1435 5508 et
1462 5455 1714 5525 Lognais,
1750 5455 2044 5520 Sudnodis,
2066 5467 2121 5510 et

528 5546 800 5601 Graiieitis
831 5546 912 5601 vel
957 5544 1208 5600 omnibus
1240 5546 1292 5599 in
1321 5546 1573 5600 orientali
1605 5547 1756 5616 plaga
1787 5547 2119 5602 cons:itulis.

595 5637 864 5705 Quoniam
927 5638 1294 5708 prmdecessor
1356 5632 1542 5694 noster
1611 5649 1811 5694 sancite
1874 5640 2126 5695 recorda-

530 5729 692 5786 tionis
741 5728 1034 5802 Gregorius
1089 5731 1328 5803 przesul,
1383 5741 1512 5786 ntttu
1583 5732 1764 5788 divino
1795 5738 1992 5789 'tnotus
2057 5732 2123 5788 ad

2223 3241 2446 3296 adorato
2479 3249 2534 3296 et
2560 3241 2938 3306 honorificate,
2972 3250 3286 3297 sanctorum
3347 3243 3639 3297 memoriis
3680 3258 3827 3297 corn-

2221 3333 2580 3398 municantes,
2611 3341 2672 3386 ut
2700 3334 2777 3387 ait
2799 3333 3091 3405 Apostolus
3120 3333 3296 3403 (Rom.
3322 3349 3420 3400 xu,
3455 3333 3569 3406 15).
3598 3335 3656 3390 Si
3690 3336 3829 3389 enim

2227 3427 2360 3482 fides
2377 3435 2580 3493 vestra,
2599 3426 2830 3482 Domino
2846 3427 3080 3493 dicente,
3101 3427 3262 3482 fuerit
3279 3435 3336 3480 ut
3350 3442 3590 3497 granum
3605 3427 3830 3496 sinapis,

2223 3519 2417 3576 dicetis
2459 3519 2628 3574 monti
2661 3519 2806 3583 huic,
2838 3517 3101 3572 Transfer
3124 3527 3178 3574 et
3215 3518 3588 3573 transferetur
3611 3516 3828 3588 (Matth.

2223 3631 2358 3682 xvtt,
2399 3613 2509 3687 i9).
2554 3615 2672 3684 ipse
2713 3615 2858 3669 enim
2902 3614 3163 3670 Dominus
3209 3623 3265 3670 et
3318 3613 3578 3670 Salvator
3624 3623 3828 3673 noster,

2222 3705 2379 3762 Jesus
2409 3705 2684 3770 Christus,
2712 3704 2766 3759 in
2799 3719 2898 3760 suo
2923 3719 3080 3760 sacro
3109 3703 3323 3773 eloquio
3351 3705 3554 3774 inquit,
3595 3705 3787 3758 dicens
3813 3720 3826 3754 :

2229 3814 2250 3849 ι
2285 3797 2488 3868 Diliges
2513 3797 2800 3852 Dominum
2827 3797 2996 3852 Deum
3027 3806 3177 3852 tuum
3205 3812 3269 3852 ev
3297 3807 3411 3852 toto
3436 3796 3608 3852 corde
3634 3806 3754 3862 tuo,
3783 3807 3831 3848 et

2224 3908 2292 3948 ex
2330 3901 2442 3950 tota
2484 3895 2665 3948 anima
2711 3906 2825 3960 tua,
2873 3903 2929 3948 ct
2978 3910 3043 3950 ex
3084 3902 3190 3949 tota
3226 3893 3426 3948 virtute
3480 3903 3571 3946 tua
3611 3892 3826 3962 (Matth.

2227 3999 2360 4050 χχιι,
2393 3983 2506 4057 57),
2547 4003 2566 4037 ι
2616 3993 2672 4039 et
2713 3985 2909 4040 iterum
2947 4003 2960 4040 :
3017 4004 3034 4037 σ
3065 3985 3166 4053 Qui
3205 3999 3292 4040 me
3335 3984 3625 4040 confessus
3675 3985 3826 4038 fuerit

2227 4089 2410 4130 coram
2433 4073 2766 4141 itominibus,
2789 4085 2846 4130 et
2865 4090 2966 4146 ego
2989 4074 3291 4130 contltebor
3315 4087 3440 4128 eum
3463 4088 3659 4129 coram
3679 4073 3828 4127 Patre

2229 4181 2350 4222 meo
2391 4166 2484 4236 qui
2517 4177 2601 4222 est
2635 4168 2688 4221 in
2721 4166 2878 4222 caelis
2925 4165 3146 4238 (Manli.
3177 4181 3232 4230 ι,
3261 4164 3374 4230 3‘2).
3411 4184 3430 4216 ι
3469 4165 3630 4222 Unde
3685 4173 3740 4220 et
3781 4167 3826 4216 in

2229 4259 2336 4316 alio
2368 4258 2488 4315 loco
2525 4259 2774 4330 promisit
2815 4259 3002 4314 dicens
3033 4277 3046 4312 :
3095 4276 3112 4308 ι
3145 4257 3521 4328 Quodcunque
3563 4257 3830 4328 petieritis

2228 4353 2447 4409 Patrem
2481 4353 2534 4408 in
2567 4354 2787 4408 nomine
2818 4367 2941 4408 meo
2973 4351 3064 4408 fiet
3089 4351 3246 4407 vobis
3287 4350 3474 4421 (Joan.
3511 4367 3632 4415 xrv,
3669 4351 3776 4420 i3).
3807 4369 3826 4402 ι

2234 4444 2298 4499 Et
2324 4446 2518 4500 iterum
2547 4462 2560 4498 :
2600 4464 2617 4496 ι
2647 4443 2822 4499 Pctite
2845 4453 2899 4498 et
2929 4443 3228 4512 accipietis,
3252 4443 3480 4512 qumrite
3502 4454 3563 4497 et
3595 4443 3831 4497 invenie~

2229 4536 2317 4602 tis,
2352 4535 2560 4606 pulsate
2590 4546 2644 4591 et
2675 4535 2950 4606 aperietur
2971 4535 3143 4592 vobis.
3170 4534 3359 4591 Omnis
3380 4537 3529 4590 enim
3563 4537 3659 4606 qui
3682 4536 3829 4604 petit,

2229 4627 2461 4698 accipit:
2495 4636 2548 4682 ct
2573 4628 2662 4697 qui
2695 4627 2910 4698 quaerit,
2940 4628 3176 4684 invenit:
3209 4638 3262 4684 et
3288 4628 3528 4698 pulsanti
3556 4631 3833 4699 aperietur

2230 4719 2382 4790 (Luc.
2418 4735 2493 4785 ιι,
2531 4720 2586 4784 9,
2621 4719 2728 4792 i0).
2767 4739 2786 4773 ι
2820 4718 2887 4774 Et
2916 4733 3031 4784 vos,
3060 4720 3385 4782 charissimi,
3424 4721 3595 4777 facite
3624 4721 3831 4776 fructus

2229 4811 2442 4882 dignos,
2460 4819 2515 4864 ttt
2541 4811 2593 4864 in
2621 4809 2706 4864 dic
2730 4810 2998 4866 adventus
3030 4809 3240 4866 Domini
3265 4811 3440 4865 nostri
3473 4811 3607 4867 Jesu
3632 4812 3831 4866 Christi

2230 4904 2472 4959 sidereas
2501 4904 2815 4957 mereamini
2841 4903 3064 4973 adipisci
3093 4904 3423 4959 mansiones.
3453 4902 3605 4960 Bene
3637 4905 3829 4960 valete.

2532 4994 2662 5049 Item
2689 4994 2907 5065 epistola
2931 4995 3066 5049 beati
3092 4994 3332 5065 Gregorii
3353 5013 3528 5066 paptr.

2299 5085 2676 5141 Dilectissimis
2705 5083 2862 5140 nobis
2891 5083 3015 5140 filiis
3046 5086 3097 5139 in
3146 5087 3426 5158 provincia
3453 5085 3831 5155 Bajoarinrum

2231 5179 2612 5235 ctAlamannia
2633 5179 2963 5234 constitutis.
2990 5178 3179 5243 Jecco,
3209 5181 3456 5247 Letoost,
3481 5181 3763 5249 “IDOLTO,
3787 5197 3834 5239 et

2229 5273 2506 5337 Pinarum,
2535 5273 2763 5328 SEVADA-I
2793 5269 3106 5328 Caesonius
3128 5289 3284 5345 papa.

2299 5365 2574 5421 Catholica
2592 5373 2646 5420 et
2669 5375 2978 5420 sanctorum
3003 5365 3224 5420 Patrum
3243 5365 3398 5434 jubet
3423 5373 3751 5436 auctoritas,
3782 5383 3836 5426 ut

2228 5459 2310 5516 bis
2324 5460 2374 5515 itt
2391 5469 2534 5515 anno
2547 5475 2644 5530 pro
2657 5459 2828 5515 salute
2841 5459 3020 5529 populi
3037 5459 3328 5514 Christiani
3343 5475 3436 5515 seu
3451 5464 3834 5518 exhortatimic

2227 5553 2532 5624 adOptionis
2550 5553 2778 5606 filiorum
2796 5549 3073 5623 synodalia
3090 5548 3318 5605 debeant
3333 5550 3629 5619 celebrari,
3647 5568 3703 5610 et
3719 5573 3832 5611 cau-

2229 5660 2409 5700 sarnm
2447 5646 2834 5702 canonicarum
2858 5643 3187 5700 examinatio
3208 5647 3516 5714 provenire,
3546 5659 3608 5702 ut
3631 5651 3828 5704 unicui-

2227 5751 2351 5806 que,
2380 5747 2541 5808 prout
2563 5739 2857 5795 necessitas
2880 5737 3206 5809 poposcerit,
3233 5737 3320 5809 pia
3348 5738 3680 5800 educatione
3707 5743 3826 5798 sub-
