3988 6426
208 321 342 376 1137

1417 297 1905 371 ΒΕΕΒΕΤΛΜΗΜ
1935 313 2334 373 consono.

3350 319 3488 376 H58

205 434 476 488 veniatur.
499 430 668 495 Jnde,
697 414 989 487 secundum
1015 430 1800 502 Apostolidoctrinam,adino-
1827 460 1872 516 Α
1903 438 2012 484 tam
2043 427 2330 483 barbaram
2380 425 2594 498 gentem
2640 425 2764 498 plus
2793 426 2971 499 placet
3015 444 3177 501 quam
3219 430 3488 490 districtio

208 540 331 590 nco,
363 533 418 580 et
441 524 633 579 hortor
661 539 786 587 vos,
834 524 1160 585 charissimi.
1219 539 1316 594 per
1369 523 1797 578 misericordiam

208 616 328 680 Dei,
377 623 438 670 ut
482 614 641 683 digne
676 614 965 669 ambuletis
995 615 1277 670 vocatione
1315 631 1419 686 qua
1451 615 1624 670 vocati
1666 615 1798 668 estis

206 706 427 778 (Ephes.
464 721 538 772 tv,
584 706 660 776 1),
707 713 765 758 ut
802 705 1160 760 ministerium
1216 718 1455 761 vestrum
1501 704 1797 777 perfectum

207 800 281 854 sit
313 812 498 854 coram
545 797 675 852 Deo.
728 795 1106 866 Opportunum
1136 812 1369 867 namque
1399 807 1483 852 est
1513 812 1609 852 vos
1641 810 1800 852 nosse

207 891 438 946 fratrem
455 903 520 944 ac
545 888 924 959 coepiscOpum
958 896 1280 958 prasentem
1315 887 1678 954 Bonifacium,
1705 903 1801 943 no-

203 991 378 1038 stram
407 991 462 1037 et
496 990 747 1052 agentem
781 980 974 1046 vicem,
1008 996 1133 1036 cum
1173 981 1334 1051 digno
1385 990 1442 1036 et
1479 980 1661 1035 debito
1705 980 1802 1034 bo-

207 1087 345 1128 nore
371 1087 470 1144 pro
498 1070 701 1126 Christi
741 1071 960 1126 nomine
999 1073 1301 1139 suscipere,
1342 1079 1397 1124 et
1436 1070 1799 1125 ministerium

207 1166 640 1222 ecclesiasticum
680 1179 803 1218 cum
856 1162 959 1218 fide
1012 1163 1283 1218 catholica
1334 1163 1632 1217 secundmn
1672 1177 1800 1216 nor-

209 1241 358 1313 uiam
387 1264 444 1309 et
474 1269 678 1310 morem
710 1264 955 1308 sanctum
983 1253 1266 1308 catholica:
1296 1262 1350 1308 et
1374 1252 1680 1324 apostolica:
1709 1253 1801 1308 Dei

209 1346 490 1411 Ecclesia,
516 1345 623 1409 cui,
651 1344 1018 1400 misericordia
1044 1344 1138 1399 Dei
1163 1343 1544 1415 praeveniente,
1570 1358 1804 1412 praeesse

210 1438 482 1501 videmur,
515 1435 656 1491 sicut
681 1435 977 1505 apostolica
1009 1435 1335 1489 auctoritate
1367 1449 1396 1488 a
1449 1435 1604 1489 nobis
1639 1434 1805 1489 desti-

210 1538 375 1584 natus
397 1537 498 1590 est,
530 1527 600 1582 ab
639 1541 705 1581 eo
733 1525 1094 1596 suscipientes
1143 1524 1432 1594 dignanter
1472 1524 1719 1587 teneatis,
1751 1533 1806 1578 et

208 1617 538 1690 gentilitatis
589 1617 754 1672 ritum
793 1626 850 1672 et
885 1616 1188 1671 doctrinam
1222 1615 1304 1671 vel
1329 1615 1659 1670 venientium
1687 1614 1806 1669 Bri-

212 1719 427 1774 tonum,
455 1709 540 1764 vel
577 1708 838 1763 falsorum
872 1707 1219 1764 sacerdotum
1255 1707 1659 1772 haereticorum,
1691 1707 1805 1763 sive

1900 534 2162 584 consurre,
2192 518 2596 573 concedendum
2626 526 2712 574 est
2741 527 2800 572 ut
2833 529 2955 589 post
2985 531 3231 590 quartam
3259 537 3486 593 genera-

1901 611 2102 666 tionem
2134 610 2449 680 jungantur.
2502 607 2636 662 Nam
2672 610 2815 680 quod
2845 611 3092 679 posuisti,
3123 612 3267 682 quod
3297 615 3342 669 si
3371 629 3488 670 mu-

1901 700 2002 756 lier
2040 699 2355 754 infirmitate
2382 707 2634 767 correpta
2687 715 2794 753 non
2823 700 3052 756 valuerit
3079 702 3320 758 debitum
3367 705 3487 760 viro

1904 793 2150 856 reddere,
2176 793 2304 863 quid
2331 789 2449 868 ejus
2501 791 2665 848 faciat
2687 790 2910 864 jugalis,
2943 795 3142 850 bonum
3168 806 3312 852 esset
3334 797 3377 852 si
3409 799 3489 854 sic

1901 893 2268 954 permaneret,
2327 893 2385 937 ut
2425 884 2766 940 abstinentia:
2792 896 3023 941 vacaret.
3053 887 3162 943 Sed
3207 889 3332 958 quia
3385 891 3487 946 hoc

1905 989 2221 1044 magnorum
2251 982 2354 1038 est,
2389 975 2476 1029 ille
2496 975 2584 1045 qui
2614 991 2672 1030 se
2697 992 2801 1030 non
2832 979 3032 1046 poterit
3057 980 3358 1046 continere,
3387 997 3490 1037 nu-

1903 1068 1998 1123 bat
2024 1068 2212 1137 magis,
2251 1084 2357 1122 non
2393 1077 2569 1124 tamen
2617 1069 2842 1125 subsidii
2890 1087 3048 1143 opem
3092 1075 3375 1130 subtrahat
3419 1079 3488 1134 ab

1904 1160 1991 1214 illa
2016 1160 2101 1214 cui
2134 1158 2416 1214 infirmitas
2440 1161 2718 1230 prtepedit,
2747 1171 2803 1216 et
2827 1178 2929 1218 non
2957 1166 3288 1222 detestabilis
3335 1168 3490 1238 culpa

1903 1249 2159 1305 excludit.
2197 1249 2272 1304 De
2309 1251 2630 1320 presbytero
2662 1266 2812 1314 vero,
2863 1253 2950 1307 vel
2981 1254 3205 1324 quilibet
3235 1258 3491 1313 sacerdos

1905 1355 1935 1392 a
1961 1341 2156 1410 popqu
2187 1349 2492 1404 accusatus,
2548 1341 2595 1395 si
2638 1344 2772 1397 certi
2821 1360 2925 1399 non
2958 1344 3159 1403 fuerint
3183 1355 3368 1412 testes,
3398 1351 3492 1420 qui

1905 1430 2122 1484 crimini
2170 1430 2319 1484 illato
2347 1432 2649 1500 approbent
2674 1435 2954 1490 veritatem
2977 1437 3353 1507 jusjurandum
3386 1443 3494 1496 erit

1907 1521 1959 1575 in
1989 1521 2186 1585 medio,
2235 1532 2293 1576 et
2325 1522 2472 1577 illum
2530 1532 2722 1578 testem
2764 1526 3004 1596 proferat
3055 1530 3120 1584 de
3171 1531 3493 1588 innocentirc

1907 1627 2018 1667 suae
2075 1615 2332 1682 puritate,
2394 1632 2413 1666 ι
2465 1616 2552 1670 cui
2605 1617 2745 1671 nuda
2795 1626 2853 1673 et
2901 1630 3088 1689 aperta
3139 1633 3266 1678 sunt
3311 1626 3494 1679 omnia

1909 1703 2097 1772 (Hebr.
2130 1721 2204 1770 iv,
2241 1707 2360 1776 15),
2403 1726 2421 1759 ι
2465 1707 2653 1778 sicque
2702 1721 2916 1766 maneat
2958 1713 3010 1768 in
3053 1718 3270 1787 proprio
3300 1718 3490 1788 gradu.

209 1801 512 1866 adulteros,
563 1809 656 1855 attt
681 1802 1040 1872 undecunque
1073 1800 1184 1855 sint
1210 1808 1498 1856 renuentes
1524 1815 1588 1856 ac
1614 1801 1801 1870 prolti-
1835 1821 1878 1881 Β
1910 1794 2045 1851 Nam
2082 1797 2150 1851 de
2183 1797 2401 1852 homine
2431 1798 2522 1867 qui
2551 1816 2580 1852 ίι
2615 1801 2872 1869 νοηῑίῧϐθ
2901 1804 3256 1861 conﬁrmatus
3308 1806 3492 1872 fuerit.

216 1895 412 1950 bentes
436 1893 724 1962 abjiciatis,
758 1901 814 1949 et
835 1902 893 1947 nt
915 1893 1171 1963 populum
1195 1891 1349 1947 vobis
1371 1907 1399 1944 a
1425 1892 1532 1948 Deo
1552 1894 1805 1948 commis-

212 2002 340 2043 sum
379 1987 484 2058 piis
515 1987 973 2042 admonitionibus
1016 1986 1312 2051 edoceatis,
1361 1995 1416 2040 et
1445 2002 1474 2040 a
1523 1987 1806 2042 sacriliciis

215 2086 559 2134 mortuorum
591 2079 812 2134 omnino
837 2079 1108 2141 devitetis,
1143 2087 1199 2132 et
1238 2075 1395 2146 juxta
1424 2077 1566 2148 quod
1595 2076 1806 2132 fueritis

214 2191 248 2229 a
276 2174 540 2245 praedicto
571 2183 770 2229 nostro
796 2173 1184 2228 consacerdote
1222 2173 1421 2239 edocti,
1471 2173 1544 2227 ita
1579 2172 1808 2228 catholi-

215 2281 339 2320 cam
369 2273 423 2319 et
446 2265 797 2334 apostolicam
821 2263 1125 2318 doctrinam
1149 2271 1416 2329 tenentes,
1453 2264 1681 2319 Domino
1698 2263 1808 2319 Deo

217 2365 275 2411 et
296 2355 561 2410 Salvatori
590 2363 774 2410 nostro
799 2355 1012 2425 placere
1041 2355 1326 2410 festinetis.
1362 2355 1428 2410 Et
1452 2355 1503 2410 in
1527 2371 1634 2425 quo
1657 2355 1809 2412 vobis

223 2449 346 2502 loco
380 2447 444 2500 ad
498 2446 818 2502 celebranda
852 2444 1079 2500 concilia
1119 2446 1412 2500 convenire
1441 2445 1806 2510 mandaverit,

227 2536 506 2605 sive'juxta
542 2536 862 2598 Danubium,
913 2535 1029 2590 sive
1082 2536 1134 2590 in
1162 2535 1380 2590 civitate
1430 2537 1692 2605 Augusta,
1722 2537 1811 2590 vel

223 2628 528 2699 ubicunque
549 2626 892 2696 iudicaverit,
915 2644 1012 2698 pro
1035 2629 1250 2681 nomine
1273 2626 1472 2682 Christi
1497 2628 1668 2698 parati
1689 2643 1810 2683 esse

221 2720 598 2783 inveniamini,
640 2728 908 2790 quatenus
944 2733 1336 2789 cognoscamus
1377 2734 1472 2788 per
1505 2717 1621 2785 ejus
1654 2733 1809 2772 aian-

219 2813 403 2866 datum
431 2813 496 2866 de
522 2822 702 2866 vestro
729 2820 1018 2876 conventu,
1048 2821 1107 2866 ut
1135 2813 1187 2866 in
1217 2812 1357 2866 diem
1383 2812 1642 2866 adventus
1656 2809 1811 2864 Chri-

217 2905 290 2959 sti
320 2903 443 2958 Jesu
475 2920 596 2958 cmn
628 2902 804 2958 fructu
825 2905 949 2959 boni
967 2906 1146 2976 operis
1171 2913 1294 2959 ante
1321 2903 1438 2973 ejus
1470 2904 1704 2960 tribunal
1723 2923 1813 2959 as-

218 2995 422 3048 sistere
478 3007 804 3056 mereamur,
855 2993 1141 3047 dicentes:
1201 3011 1217 3044 t
1248 2993 1387 3048 Ecce
1416 3009 1514 3048 nos
1551 3003 1606 3048 et
1658 2994 1810 3063 pueri

219 3101 360 3156 quos
387 3085 579 3140 dedisti
606 3083 779 3147 nobis,
822 3083 1045 3138 Domine
1075 3082 1260 3154 (Hebr.
1293 3099 1350 3147 ll,
1379 3083 1490 3152 l5),
1518 3103 1536 3135 ι
1565 3099 1668 3138 non
1691 3099 1812 3152 per-

1907 1885 2085 1941 denuo
2108 1886 2182 1940 illi
2207 1887 2331 1941 talis
2365 1889 2643 1943 reiteratio
2678 1891 3009 1959 prohibenda
3050 1901 3151 1948 est.
3194 1894 3250 1948 ln
3300 1897 3495 1952 missa-

1907 1993 2027 2031 rum
2049 1977 2324 2033 solemniis
2349 1979 2748 2035 observandum
2770 1993 2857 2037 est
2876 1984 3018 2052 quod
3035 1984 3293 2042 Dominus
3313 1996 3498 2044 noster

1905 2068 2064 2126 Jesus
2084 2071 2335 2127 Christus
2371 2074 2573 2129 sanctis
2617 2075 2730 2130 suis
2763 2075 2953 2130 tribuit
2977 2077 3292 2148 discipulis:
3336 2099 3356 2134 ι
3391 2081 3496 2137 Ae-

1905 2163 2051 2231 cepit
2080 2178 2316 2232 namque
2353 2163 2602 2230 calicem,
2651 2175 2706 2220 et
2747 2167 2894 2220 dedit
2918 2167 2999 2222 eis
3024 2169 3248 2225 dicens:
3284 2170 3382 2226 llic
3409 2181 3496 2229 est

1907 2253 2048 2308 calix
2081 2251 2213 2307 Novi
2248 2254 2584 2310 'l‘estameuti
2631 2258 2682 2310 in
2717 2272 2835 2311 meo
2860 2261 3141 2329 sanguine,
3195 2261 3296 2316 hoc
3333 2263 3496 2319 facite

1907 2345 2334 2414 quotiescunque
2364 2347 2578 2402 sumitis
2605 2347 2822 2419 (Matth.
2849 2365 2998 2414 xxvr,
3028 2351 3121 2418 27,
3150 2354 3262 2424 ‘28).
3291 2374 3308 2406 ι
3345 2354 3496 2411 Unde

1907 2450 2203 2504 congruunt
2241 2452 2344 2491 non
2389 2447 2472 2492 est
2513 2438 2648 2493 duos
2691 2439 2772 2492 vel
2825 2458 2935 2496 tres
2962 2443 3158 2499 calices
3201 2446 3255 2500 in
3297 2446 3493 2503 altario

1907 2541 2112 2596 ponere
2159 2541 2282 2580 cum
2338 2529 2626 2583 missarum
2679 2530 2941 2586 solemnia
2993 2534 3359 2592 celebrantur.
3421 2539 3498 2595 De

1909 2615 2267 2672 immolatitiis
2299 2627 2480 2673 autem
2503 2619 2644 2674 escis
2667 2621 2983 2678 consuluisti
3008 2625 3050 2679 si
3077 2641 3104 2678 a
3130 2625 3376 2683 fidelibus
3400 2645 3494 2684 suo

1909 2705 2227 2774 perductum
2259 2707 2425 2762 fuerit
2455 2708 2682 2763 viviticze
2712 2711 2890 2766 crucis
2921 2713 3133 2783 signum
3170 2717 3255 2770 edi
3280 2717 3494 2785 liceret,

1911 2813 1980 2851 an
2011 2812 2140 2863 non,
2189 2799 2316 2854 illud
2338 2799 2531 2854 sufﬁcit
2565 2804 2908 2871 respondere,
2958 2807 3100 2876 quod
3126 2807 3318 2876 beatus
3349 2810 3494 2880 Apo-

1911 2888 2083 2943 stolus
2105 2889 2264 2944 dicit:
2299 2910 2317 2942 ι
2349 2889 2406 2946 Si
2430 2893 2549 2960 quis
2580 2893 2780 2948 dixerit
2801 2896 2942 2965 quod
2972 2899 3072 2952 hoc
3095 2899 3495 2957 immolatitium

1909 2985 2019 3042 est,
2049 2978 2215 3034 nolite
2242 2983 2403 3036 edere
2439 2992 2657 3052 propter
2685 3000 2808 3039 eum
2842 2987 2933 3054 qui
2967 2987 3242 3055 indicavit,
3276 3004 3331 3046 et
3368 3008 3497 3061 pro-

1917 3075 2038 3136 pter
2066 3071 2453 3125 conscientiam
2487 3073 2541 3143 (Ι
2563 3075 2686 3128 Cor.
2724 3093 2753 3129 κ
2775 3118 2788 3140 ,
2815 3077 2927 3141 28).
2971 3099 2988 3131 ι
3024 3080 3287 3137 Addidisti
3319 3086 3498 3142 adhuc

222 3176 464 3230 didimus
490 3191 556 3230 ex
587 3176 666 3230 eis
703 3190 1031 3245 quemquam
1057 3173 1239 3246 (Joan.
1270 3190 1422 3242 xvm,
1454 3175 1532 3245 9),
1562 3183 1619 3228 ut
1643 3185 1696 3229 et
1716 3191 1811 3230 vos
1836 3173 1884 3236 (ἶ
1917 3156 2058 3225 (ἰυοά
2087 3159 2132 3212 εί
2173 3167 2330 3227 Pal"
2363 3160 2445 3214 νει
2472 3173 2642 3216 "me"
2671 3166 2840 3218 “lium
2874 3167 3146 3238 ﬁlimnquc
3177 3172 3317 3226 intra
3345 3186 3494 3243 δορια

226 3264 564 3321 Dominicam
612 3280 803 3320 vocem
843 3265 1032 3320 audire
1087 3265 1426 3329 mereamini,
1486 3266 1799 3320 dicentem:

233 3376 251 3408 α
289 3357 498 3422 Venite,
546 3355 812 3412 benedicti
861 3356 1040 3412 Patris
1094 3358 1223 3421 mei,
1271 3357 1527 3428 percipite
1587 3373 1810 3428 regnum

226 3449 371 3517 quod
400 3448 548 3502 vobis
577 3459 826 3519 paratum
867 3457 952 3504 est
990 3450 1058 3504 ab
1092 3449 1302 3520 origine
1352 3449 1535 3528 mutuli
1592 3449 1807 3520 (illaulr.

227 3554 352 3602 xxv,
382 3539 493 3609 3-5).
530 3560 547 3591 ι
583 3539 726 3594 Bene
753 3539 945 3594 valete.

534 3629 772 3698 Epistola
795 3630 1028 3699 ejusdem
1059 3631 1127 3684 ad
1155 3631 1508 3700 Bonifacium.

303 3721 774 3776 Reverendissimo
829 3731 884 3776 et
934 3723 1277 3778 sanctissimo
1321 3721 1474 3777 fratri
1520 3722 1808 3778 BONIFACIO

227 3812 570 3882 coepiscopo,
607 3812 938 3884 Cosconius,
983 3827 1174 3868 servus
1205 3829 1486 3868 servorum
1522 3813 1637 3868 Dei.

302 3903 721 3958 Desiderabilem
751 3905 881 3958 mihi
905 3920 934 3956 a
972 3913 1021 3958 te
1053 3905 1247 3960 missus
1280 3905 1480 3960 Denual
1527 3906 1810 3975 religiosus

226 3997 513 4068 presbyter
536 3995 714 4052 attulit
739 3995 1006 4060 nuntium,
1035 4011 1156 4050 cum
1180 3989 1236 4051 te
1265 3999 1518 4067 sospitem
1543 4004 1807 4063 narravit,

226 4097 286 4142 et
303 4087 354 4140 in
381 4086 696 4150 ministerio,
723 4101 820 4155 pro
844 4101 951 4155 quo
974 4085 1168 4140 missus
1190 4101 1249 4140 es
1271 4085 1480 4140 favente
1501 4088 1627 4151 Deo,
1652 4090 1812 4160 proti-

226 4188 354 4230 cere
376 4175 659 4230 nuntiavit.
687 4175 888 4230 Detulit
913 4175 1078 4230 etiam
1104 4191 1134 4230 a
1163 4183 1216 4230 te
1244 4175 1437 4230 missas
1466 4177 1695 4242 litteras,
1722 4180 1809 4234 ubi

230 4267 482 4322 indicasti
509 4267 648 4337 quod
677 4282 806 4338 ager
832 4267 1166 4333 Dominicus,
1191 4269 1281 4338 qui
1312 4268 1544 4324 incultus
1568 4269 1809 4340 jacebat,

227 4366 287 4410 et
319 4357 594 4428 spinarum
641 4357 844 4411 aculeis
869 4372 936 4412 ex
966 4357 1279 4412 infidelitate
1303 4359 1564 4429 riguerat,
1595 4375 1812 4416 vomere

230 4455 340 4501 tua:
367 4446 625 4502 doctrina:
646 4456 925 4512 exarante,
954 4463 1138 4503 semen
1173 4449 1317 4502 verbi
1347 4451 1601 4519 suscepit,
1631 4459 1683 4504 et
1713 4449 1814 4503 fer-

1913 3252 2227 3305 monasterii
2262 3253 2315 3306 in
2347 3253 2585 3308 infantue
2605 3257 2763 3312 annis
2784 3258 2884 3312 sub
2910 3262 3142 3330 regulari
3177 3265 3498 3320 tradiderint

1911 3339 2218 3410 disciplina,
2245 3353 2429 3398 utrmn
2462 3345 2718 3402 liceateis
2741 3359 3024 3419 postquam
3057 3353 3357 3422 pubertatis
3389 3356 3493 3410 im-

1912 3432 2176 3502 pleverint
2225 3450 2396 3490 annos
2444 3440 2663 3508 egredi,
2716 3450 2769 3495 et
2826 3444 3172 3502 matrimonio
3219 3448 3493 3518 copulare.

1914 3527 2027 3583 Hoc
2061 3530 2285 3586 omnino
2316 3533 2642 3598 devitamus,
2693 3536 2823 3604 quia
2859 3537 3012 3594 nefas
3045 3549 3151 3605 est,
3208 3550 3268 3595 ut
3297 3542 3496 3598 oblatis

1912 3639 1941 3676 a
1981 3625 2295 3692 parentibus
2343 3625 2451 3682 Deo
2505 3627 2629 3701 filiis
2674 3629 2966 3701 voluptatis
3020 3634 3169 3690 frena
3221 3635 3492 3692 laxentur.

1912 3712 2202 3769 Enimvero
2219 3717 2478 3784 quosdam
2511 3719 2812 3788 baptizatos
2841 3724 3044 3794 absque
3068 3727 3493 3798 interrogatione

1911 3804 2138 3874 symboli
2195 3807 2265 3860 ab
2292 3807 2550 3863 adulteris
2582 3811 2912 3881 presbyteris
2953 3824 3007 3868 ct
3053 3816 3286 3888 indignis
3315 3817 3493 3874 fassus

1910 3909 1986 3949 es.
2006 3895 2061 3949 ln
2094 3897 2177 3950 bis
2207 3906 2294 3950 tua
2314 3897 2532 3954 dilectio
2561 3909 2739 3955 teneat
2768 3904 3047 3973 antiquum
3070 3923 3278 3964 morem
3311 3911 3493 3966 Eccle-

1913 3989 2028 4052 size,
2059 3989 2183 4057 quia
2208 3990 2451 4060 quisquis
2485 3993 2536 4045 in
2567 3995 2782 4050 nomine
2812 3994 3004 4060 Patris,
3031 4009 3086 4054 et
3118 4000 3258 4066 Filii,
3289 4012 3344 4057 et
3370 4001 3494 4075 Spi-
3533 3984 3554 3992 ‘

1911 4079 2050 4133 ritus
2087 4080 2259 4134 sancti
2294 4081 2598 4149 baptizatus
2623 4092 2706 4138 est
2729 4085 2944 4156 (Matth.
2975 4105 3166 4157 xxvm,
3197 4093 3304 4164 l9),
3337 4095 3493 4150 reba-

1911 4170 2104 4238 ptizari
2128 4171 2349 4225 minimc
2368 4173 2542 4229 liceat.
2571 4174 2684 4230 Non
2713 4177 2856 4231 enim
2882 4179 2934 4232 in
2969 4183 3187 4237 nomine
3219 4185 3495 4255 baptizan-

1914 4259 2001 4322 tis,
2034 4259 2127 4313 sed
2175 4261 2226 4314 in
2269 4262 2485 4316 nomine
2517 4263 2803 4320 Trinitatis
2857 4267 3016 4336 huius
3054 4274 3242 4340 gratia:
3291 4276 3490 4331 donum

1911 4356 2171 4423 percepit.
2210 4355 2276 4408 Et
2321 4366 2568 4412 teneatur
2611 4361 2752 4427 quod
2791 4364 3083 4430 Apostolus
3115 4369 3190 4420 ait
3234 4385 3247 4421 :
3283 4387 3303 4419 ‹
3342 4370 3492 4426 Unus

1915 4443 2076 4507 Dens,
2110 4461 2216 4499 una
2261 4446 2417 4511 fides,
2474 4463 2637 4502 unum
2693 4449 2955 4521 baptisma
3006 4455 3222 4526 (Ep/tes.
3255 4474 3330 4521 tv,
3359 4461 3436 4530 5').
3469 4485 3486 4513 ο

231 4540 384 4594 tilem
424 4553 655 4594 messem
681 4539 903 4608 protulit
944 4539 1232 4595 ﬁdelitatis.
1293 4539 1350 4593 ln
1376 4541 1578 4594 eisdem
1615 4540 1812 4596 litteris
1837 4521 1886 4580 Ῑ)
1915 4533 2224 4588 Βοειτίιιθιῐι
2253 4550 2382 4590 Vero
2409 4537 2705 4604 spiritalem
2737 4541 2931 4596 lalibus
2954 4521 3268 4612 studiosius,
3300 4559 3360 4602 ut
3389 4521 3488 4604 im-

228 4628 555 4701 quibusdam
585 4629 954 4684 subnexuistis
1001 4629 1284 4700 capitulis,
1317 4631 1642 4686 sciscitando
1669 4646 1806 4700 qua-

234 4725 361 4780 liter
409 4731 591 4778 teneat
633 4723 716 4778 vel
764 4723 956 4777 doceat
998 4725 1111 4778 haec
1147 4734 1335 4779 sancta
1379 4724 1670 4794 apostolica
1704 4724 1812 4780 Ro-

235 4830 394 4871 mana
424 4815 685 4869 Ecclesia.
711 4813 858 4868 Bene
886 4815 1024 4869 nosti
1051 4816 1200 4879 satis,
1229 4817 1351 4885 quia
1381 4816 1568 4870 beatus
1592 4829 1810 4885 aposto-

233 4909 320 4962 lus
341 4907 533 4962 Petrus
554 4916 607 4962 et
633 4908 977 4976 episcopatus
1007 4907 1325 4976 principium
1343 4908 1566 4961 exstitit.
1599 4907 1662 4960 Et
1688 4922 1813 4962 con-

233 4999 433 5054 sulenti
465 4999 557 5053 tibi
586 4999 650 5054 de
678 5007 816 5053 statu
861 4999 1112 5054 Ecclesiae
1151 5015 1255 5054 non
1280 5015 1345 5054 ex
1376 5000 1528 5055 nobis
1566 5000 1716 5069 quasi
1744 5015 1810 5055 ex

237 5092 412 5152 nobis,
438 5091 531 5145 scd
556 5091 670 5160 ejus
693 5091 887 5160 gratia,
919 5108 936 5142 t
964 5091 1054 5160 qui
1093 5091 1264 5159 aperit
1291 5107 1351 5146 os
1378 5095 1682 5160 mntumfet
1714 5091 1810 5146 lin-

233 5198 369 5250 guas
396 5183 679 5236 infantium
711 5182 836 5236 facit
866 5184 1096 5238 disertas
1125 5184 1273 5254 (Sap.
1301 5201 1356 5248 χ,
1379 5185 1493 5256 21),
1534 5205 1550 5237 ι
1581 5187 1812 5256 qualiter

240 5283 424 5327 tenere
454 5273 652 5328 debeas
701 5275 976 5343 apostolici
1013 5275 1212 5346 vigoris
1261 5277 1504 5330 doctrina
1557 5278 1787 5332 dicimus

237 5366 404 5437 Igitur
431 5367 482 5420 in
506 5367 695 5436 primis
718 5366 1012 5437 legebatur,
1065 5375 1123 5420 ut
1171 5376 1336 5437 quota
1379 5369 1662 5437 progenies
1689 5383 1805 5437 pro-

239 5456 559 5525 pinquorum
615 5456 958 5510 matrimonio
1004 5456 1302 5526 copuletur.
1374 5456 1612 5510 Dicimus
1667 5460 1810 5527 quod

238 5556 551 5615 Oportnerat
594 5548 808 5616 quidem
852 5548 1087 5616 quandiu
1129 5563 1186 5600 se
1217 5555 1515 5616 agnoscunt
1554 5545 1810 5601 allinitate

239 5637 568 5705 propinquos
596 5637 661 5690 ad
695 5636 850 5704 hujus
881 5637 1080 5707 copulat
1125 5652 1230 5690 non
1277 5639 1534 5691 accedere
1576 5639 1810 5693 societa-

241 5735 369 5776 tem.
410 5725 512 5778 Sed
544 5726 666 5794 quia
709 5727 1055 5796 temperantia
1092 5726 1282 5796 magis,
1333 5735 1387 5780 et
1413 5727 1715 5796 prmscrtim
1755 5729 1806 5780 in

1910 4627 2113 4695 pertias
2151 4629 2537 4686 demandamus
2579 4649 2594 4685 :
2641 4647 2742 4701 pro
2788 4635 3024 4702 parvulis
3058 4652 3186 4694 vero
3210 4641 3356 4710 quia
3391 4658 3490 4712 pa-

1911 4718 2155 4773 rentibus
2179 4721 2439 4776 subtracti
2471 4731 2616 4788 sunt,
2650 4734 2704 4778 et
2726 4740 2792 4777 an
2819 4724 3077 4795 baptizati
3111 4741 3255 4796 sunt,
3286 4748 3353 4786 an
3381 4750 3488 4789 non

1914 4813 2186 4883 ignorant,
2215 4815 2314 4870 hos
2344 4825 2403 4868 ιιι
2435 4815 2709 4884 baptizare
2735 4817 2931 4873 debeas
2953 4823 3248 4877 secundum
3269 4823 3485 4881 Patrum

1915 4903 2286 4969 traditionem,
2322 4906 2366 4960 si
2404 4921 2508 4960 non
2533 4906 2696 4962 fuerit
2721 4910 2811 4979 qui
2841 4911 3174 4976 testificetur,
3209 4895 3350 4972 ratio
3385 4935 3484 4989 po-

1912 4995 2034 5050 scit.
2072 4994 2321 5066 Leprosis
2375 5006 2574 5063 autem,
2624 5000 2667 5054 si
2695 5001 2879 5058 fldeles
2925 5003 3216 5062 Christiani
3263 5007 3485 5078 fuerint,

1916 5087 2178 5142 Dominici
2209 5092 2448 5158 corporis
2475 5098 2529 5145 et
2573 5092 2847 5160 sanguinis
2892 5097 3232 5166 participatio
3275 5101 3484 5158 tribua-

1914 5187 2025 5244 tur,
2049 5194 2170 5233 cum
2199 5181 2346 5234 sanis
2373 5190 2550 5234 antem
2579 5186 2882 5238 communia
2905 5185 3184 5242 celebrare
3204 5203 3482 5263 negentur.

1911 5269 2166 5337 Adjecisti
2203 5271 2367 5325 etiam
2397 5273 2540 5341 quod
2578 5274 2621 5328 si
2661 5274 2884 5342 pest.fer
2922 5279 3136 5334 morbu.
3212 5292 3306 5336 aut
3334 5300 3480 5338 mor—

1913 5360 2090 5414 talitas
2118 5361 2169 5414 in
2206 5360 2465 5425 ecclesia,
2505 5363 2588 5418 vel
2636 5367 2976 5421 monasteriis
3018 5369 3312 5440 irrepserit,
3345 5390 3482 5444 quos

1915 5452 2142 5506 necdum
2191 5453 2364 5523 tetigit
2393 5468 2421 5507 a
2453 5455 2565 5510 loco
2603 5450 2812 5526 fugiunt
2844 5459 3106 5515 evitantes
3163 5465 3478 5532 periculum,

1915 5542 2054 5597 unde
2089 5541 2295 5597 fatuum
2331 5543 2433 5599 hoc
2461 5546 2690 5600 videtur.
2722 5547 2836 5601 Non
2867 5551 3010 5604 enim
3042 5552 3479 5624 valetquisquain

1917 5635 2008 5688 Dei
2039 5633 2274 5706 effugere
2323 5653 2508 5691 manus
2585 5639 2642 5695 In
2679 5639 2838 5695 finem
2877 5644 3101 5712 epistola
3145 5649 3480 5711 continebat,

1916 5729 2062 5808 quod
2089 5737 2216 5784 sunt
2243 5728 2463 5806 quidam
2507 5731 2813 5802 presbyteri
2838 5749 2930 5788 seu
2957 5735 3190 5796 eniscooi
3217 5737 3269 5790 in
3301 5738 3483 5792 multis
