3988 6428
603 274 739 329 “59

1414 274 1707 332 APPEND.
1746 278 1842 354 AD
1873 276 2050 335 SA'ZC.
2102 278 2194 335 IX.
2232 307 2301 320 -—
2338 277 2587 337 ιςιοοῐιι
2628 278 3069 340 MERCATORIS

3720 295 3821 353 {itali

600 387 745 444 vitiis
773 386 990 454 irretiti,
1040 402 1274 458 quorum
1322 389 1432 445 vita
1470 390 1523 444 in
1565 407 1623 447 se.
1658 391 1788 462 ipsis
1824 393 2189 450 sacerdotium
2220 400 2267 460 Α
2297 395 2453 460 sime,
2476 394 2720 452 docendo
2736 412 2830 452 cos
2850 406 3091 453 sanctam
3107 396 3448 453 catholicam
3469 409 3521 457 et
3542 406 3820 474 apostolicam

599 482 855 540 maculat.
898 482 966 538 Et
1003 481 1049 539 si
1080 482 1173 539 tibi
1202 482 1391 539 liceret
1441 500 1566 540 cum
1593 487 1675 542 eis
1704 487 1865 543 edere
1890 496 1978 542 aut
2014 488 2181 558 loqui,

599 574 705 630 nisi
742 575 964 631 coerciti
988 572 1231 651 fuerint,
1279 574 1510 631 dicimus
1543 587 1603 632 ut
1634 577 1751 645 bos
1784 593 1851 633 ex
1889 579 2185 649 apostolica

599 666 923 721 auctoritate
949 664 1322 735 redarguendo
1345 664 1660 734 admoneas,
1687 675 1743 723 et
1769 668 1837 722 ad
1863 668 2182 724 munditiam

600 754 982 811 ecclesiastica:
1035 754 1337 826 disciplinae
1372 756 1616 813 reducas.
1664 756 1731 812 Et
1761 758 2028 829 siquidem
2058 760 2186 815 obe—

599 845 817 911 dierint,
856 844 1141 901 salvabunt
1183 845 1395 901 animas
1436 861 1587 919 suas,
1634 847 1851 917 et‘ipse
1881 851 2184 906 mercedem

600 938 841 995 lucratus
866 953 947 1005 es,
977 946 1372 994 verumtamem
1405 939 1817 997 collocutionem
1844 949 1900 996 et
1944 956 2185 997 mensam

597 1015 940 1083 communem
970 1042 1093 1083 cum
1123 1028 1205 1084 eis
1230 1042 1393 1101 agere
1436 1043 1543 1085 non
1578 1045 1817 1088 recuses.
1859 1031 2189 1113 Plerumque

596 1118 861 1190 contingit
882 1127 944 1175 ut
969 1135 1104 1190 quos
1128 1120 1396 1176 correctio
1422 1121 1721 1193 disciplina:
1744 1124 1925 1179 tardos
1956 1124 2083 1179 facit
2117 1124 2185 1179 ad

592 1207 996 1283 percipiendam
1025 1209 1273 1265 veritatis
1300 1225 1571 1280 normam,
1624 1213 1998 1269 conviviorum
2028 1215 2186 1270 sedu-

597 1301 748 1366 litas,
792 1311 847 1356 et
872 1303 1169 1358 admonitio
1210 1288 1403 1359 blanda
1439 1306 1506 1359 ad
1543 1306 1686 1361 viam
1736 1306 1996 1377 perducat
2019 1307 2187 1378 justi-

599 1398 706 1452 tim.
769 1397 1003 1469 ldipsum
1040 1408 1223 1453 autern
1272 1406 1327 1451 et
1379 1400 1431 1452 iu
1483 1398 1587 1454 illis
1614 1399 1930 1469 proceribus
1971 1401 2062 1470 qui
2096 1401 2189 1455 tibi

597 1487 925 1558 adjutorium
956 1494 1237 1558 pnestant,
1275 1488 1573 1543 observare
1603 1489 1844 1555 debebis.
1906 1488 2050 1554 llaec,
2076 1488 2190 1544 fra-

2285 487 2544 544 Romanae
2565 489 2712 545 sedis
2734 490 3101 556 traditionem,
3122 499 3187 545 ut
3221 489 3586 551 illuminentur
3613 499 3761 568 rudes,
3784 518 3822 560 οι

2284 576 2426 630 viam
2447 575 2640 632 salutis
2656 586 2894 645 teneant,
2916 594 3014 647 per
3033 594 3200 649 quam
3223 581 3512 651 possintad
3526 593 3702 642 eterna
3721 606 3821 661 με.

2286 664 2392 719 mia
2407 668 2707 735 pervenire.
2720 668 3072 740 Presbyteros
3085 686 3244 736 vero,
3261 686 3402 740 quos
3415 672 3602 729 ibidem
3615 681 3818 749 reperisti,

2287 751 2333 810 si
2365 752 2624 826 incogniti
2661 758 2888 825 fuerint,
2924 760 3057 815 illia
3099 762 3307 832 quibus
3340 763 3537 821 fuerint
3556 767 3824 837 ordinatim

2288 848 2509 905 dubium
2557 861 2643 907 est
2686 866 2779 908 eos
2833 854 3117 924 episcopos
3185 854 3365 911 fuisse
3429 871 3596 914 annon
3637 862 3714 932 qui
3757 881 3820 921 eos

2287 940 2700 1009 ordinaverunt,
2730 944 2775 998 si
2807 947 2962 1001 bona:
2989 935 3254 1013 actionis,
3276 958 3335 1003 et
3357 949 3599 1006 catholici
3630 954 3712 1008 viri
3735 969 3822 1012 sunt

2290 1032 2390 1103 ipsi
2451 1035 2776 1107 presbyteri,
2825 1043 2880 1091 et
2927 1036 2978 1091 in
3031 1037 3350 1095 ministerio
3395 1040 3588 1097 Christi
3628 1046 3819 1118 omnique

2291 1122 2412 1195 lege
2444 1136 2631 1182 sancta
2660 1128 2862 1195 edocti,
2886 1129 3019 1199 apti,
3052 1130 3122 1184 ab
3141 1132 3411 1202 episcopo
3436 1150 3532 1189 suo
3558 1136 3818 1195 benedictio-

2292 1229 2413 1269 nem
2465 1216 2875 1287 presbyteratus
2924 1220 3251 1290 suscipiant,
3305 1232 3363 1277 et
3386 1228 3816 1294 consecreutur,'et

2290 1303 2372 1359 sic
2402 1305 2705 1362 ministerio
2742 1321 2898 1364 sacro
2929 1308 3245 1380 fungantur.
3296 1311 3376 1366 Illi
3425 1330 3545 1370 vero
3570 1318 3649 1386 qui
3696 1320 3817 1389 bapti-

2293 1397 2397 1450 zati
2430 1406 2557 1453 sunt
2584 1413 2681 1467 per
2710 1399 3077 1455 diversitatem
3110 1410 3161 1458 et
3212 1403 3622 1461 declinationem
3662 1408 3814 1481 lingua-

2296 1503 2414 1541 rum
2460 1489 2802 1560 gentilitatis,
2852 1500 3030 1546 tamen
3062 1494 3191 1562 quia
3247 1494 3303 1548 in
3356 1497 3566 1551 nomine
3606 1497 3812 1554 Trinitatis

597 1588 681 1632 ter
711 1577 1055 1641 cltarissinte,
1082 1592 1150 1632 ex
1178 1576 1489 1648 apostolicae
1526 1578 1672 1633 sedis
1704 1579 1888 1648 vigore
1910 1580 2193 1649 scripsisse
2295 1576 2554 1647 baptizati
2585 1589 2730 1645 sunt,
2770 1592 2985 1651 oportet
3011 1598 3106 1639 eos
3128 1600 3230 1654 per
3258 1602 3459 1641 manus
3502 1587 3806 1659 impositiouem

598 1668 900 1736 sufficiant,
929 1670 995 1725 de
1025 1669 1607 1740 reliquoimplorantcs
1631 1669 2188 1734 misericordiamDei,
2297 1676 2354 1723 et
2416 1669 2561 1724 sacri
2609 1671 2922 1729 chrismatis
2980 1675 3298 1731 unctionem
3356 1677 3666 1733 confirmari.
3711 1680 3803 1734 Nam

596 1770 655 1815 ut
690 1746 781 1830 qui
828 1770 878 1841 te
934 1762 1039 1816 iliis
1094 1761 1147 1815 in
1197 1761 1506 1832 regionibus
1548 1762 1666 1817 vice
1712 1770 1895 1818 nostra
1940 1777 2008 1817 ex
2054 1777 2186 1833 apo-
2216 1753 2264 1812 B
2297 1755 2468 1813 Vivilo
2492 1759 2776 1831 episcopus
2812 1778 2840 1816 a
2891 1765 3049 1820 nobis
3077 1767 3370 1823 ordinatus
3398 1777 3500 1824 est.
3532 1769 3630 1823 Etsi
3666 1771 3805 1841 aliquid

600 1852 792 1907 stolica
824 1831 1151 1907 auctoritate
1180 1831 1442 1923 peragere
1484 1851 1632 1918 fecit,
1681 1859 1736 1906 et
1763 1852 1816 1905 in
1846 1866 2072 1922 opacam
2089 1831 2194 1906 sil-
2291 1848 2509 1904 excedit
2533 1860 2689 1905 extra
2737 1854 3057 1910 canonicam
3091 1856 3364 1927 regulam,
3412 1859 3543 1915 doce
3579 1870 3629 1913 et
3659 1831 3805 1930 corrige

601 1959 724 1998 vam
760 1943 964 2000 lumina
1010 1943 1257 1999 veritatis
1292 1932 1388 2015 per
1415 1958 1478 2000 os
1509 1952 1658 1998 tuum
1682 1942 1885 1999 micare
1913 1944 2194 2015 praedesti-
2290 1953 2414 1994 eum
2436 1939 2591 2009 juxta
2631 1942 2888 2023 Romana:
2937 1942 3199 2004 Ecclesiae
3252 1950 3615 2017 traditionem,
3643 1969 3802 2024 quam:

596 2038 771 2103 navit,
816 2038 1188 2109 opitulationis
1232 2052 1344 2094 sua:
1379 2038 1949 2093 misericordissimum
1991 2040 2217 2095 tribuat'
2291 2034 2448 2089 nobis
2497 2037 2773 2107 accepisti.
2826 2040 2901 2093 De
2943 2041 3177 2096 concilio
3230 2058 3363 2098 vero
3390 2084 3405 2107 ,
3454 2043 3662 2112 utjuxta
3685 2046 3800 2115 ripam

594 2129 1013 2195 incrementum,
1054 2137 1325 2199 quatenus
1366 2129 1432 2184 de
1482 2127 1667 2184 fructu
1714 2129 1929 2198 operis,
1969 2137 2025 2183 et
2074 2129 2190 2199 ipso

592 2218 776 2274 valcas
801 2220 1024 2290 praemia
1047 2219 1350 2290 percipere,
1377 2227 1434 2274 et
1474 2218 1684 2274 veniam
1712 2228 2061 2290 peccatorum
2102 2221 2188 2275 in-

594 2310 805 2365 venire.
839 2307 979 2365 Deus
1002 2319 1052 2364 te
1074 2308 1401 2364 incolumem
1422 2308 1713 2375 custodiat,
1739 2308 2185 2365 reverendissime

594 2400 784 2454 frater.
813 2400 948 2455 Data
992 2399 1200 2456 decimo
1238 2398 1355 2454 Kal.
1400 2399 1711 2455 Decembris
1761 2400 2063 2471 imperante
2086 2403 2187 2457 Do.

590 2474 738 2546 mino
767 2491 1011 2562 piissimo
1056 2492 1319 2564 Augusto,
1352 2491 1533 2548 Leone
1559 2509 1589 2547 ει
1632 2493 1742 2548 Deo
1764 2502 2027 2550 coronato
2070 2511 2185 2551 ma-

590 2597 697 2652 gno
722 2569 1083 2652 imperatore,
1126 2597 1269 2638 anno
1309 2581 1519 2637 decimo
1568 2582 1778 2653 imperii
1818 2582 1957 2653 ejus,
2004 2582 2098 2640 sed
2129 2574 2183 2640 et

591 2676 950 2731 Constantino
979 2692 1172 2746 magno
1198 2676 1548 2747 imperatore,
1589 2678 1737 2750 regni
1778 2675 1896 2747 ejus
1921 2694 2064 2734 anno
2092 2694 2181 2735 se-

590 2758 789 2838 ptimo,
822 2768 1116 2825 indictione
1143 2767 1373 2842 decima.

804 2856 939 2913 Item
968 2858 1186 2929 epistola
1211 2859 1448 2930 ejusdem
1487 2861 1556 2914 ad
1581 2860 1942 2931 Bonlfaclum.

662 2949 1224 3023 Iteverendissimo‘et
1272 2951 1617 3008 sanctissimo
1656 2952 1817 3008 fratri
1861 2952 2177 3020 Bostracro,

590 3039 918 3105 Caesonius,
972 3055 1163 3097 servus
1190 3055 1470 3097 servorum
1503 3042 1621 3099 Dei.

2291 2126 2519 2182 Danubii
2554 2128 2752 2186 debeas
2805 2131 3084 2190 celebrare
3134 2146 3327 2190 nostra
3358 2136 3495 2202 vice,
3541 2138 3802 2208 przecipinuu

2291 2217 2615 2275 fraternitati
2656 2229 2759 2276 tum
2795 2224 3093 2294 apostolica
3138 2226 3475 2283 anetoritate
3519 2227 3686 2284 ibidem
3704 2244 3797 2298 pra-

2288 2311 2484 2367 sentari
2518 2353 2532 2377 ,
2583 2324 2639 2368 et
2700 2315 3017 2385 inquantum
3061 2317 3333 2375 Dominus
3404 2320 3494 2375 tibi
3540 2320 3663 2375 vires
3693 2321 3799 2374 dede-

2289 2402 2384 2467 rit,
2431 2403 2729 2472 praedicare
2774 2407 2996 2463 verbum
3023 2409 3219 2467 salutis
3261 2426 3333 2467 ne
3359 2425 3552 2475 cesses,
3579 2420 3630 2465 nt
3669 2410 3795 2480 religio

2284 2488 2592 2546 Christiana
2639 2493 2692 2546 in
2726 2495 2946 2572 nomine
2974 2495 3189 2552 Domini
3239 2507 3454 2553 crescat
3476 2505 3530 2553 et
3554 2496 3795 2569 multiplice-

2289 2587 2396 2632 tur.
2427 2578 2539 2635 Nec
2586 2582 2730 2636 enim
2777 2583 3002 2641 habebis
3045 2585 3359 2655 licentiam,
3410 2588 3584 2650 frater,
3612 2602 3688 2657 pro
3709 2585 3791 2656 jure

2283 2667 2446 2738 coepti
2482 2668 2685 2725 laberis
2737 2672 2789 2727 itt
2830 2688 2938 2729 uno
2980 2677 3182 2731 morari
3230 2676 3375 2744 loco,
3412 2678 3507 2732 sed
3545 2676 3792 2732 conﬁrmatis

2282 2760 2536 2816 cordibus
2589 2760 2816 2819 fratrum
2862 2774 2917 2820 et
2961 2767 3212 2823 omnium
3266 2767 3523 2832 fidelium,
3568 2766 3642 2837 qui
3676 2766 3785 2818 rudes

2281 2862 2410 2908 sunt
2458 2853 2510 2909 in
2549 2855 2654 2911 illis
2699 2856 2972 2929 Hesperiis
3010 2861 3290 2930 partibus,
3338 2860 3427 2916 ubi
3479 2860 3563 2915 tibi
3608 2858 3786 2912 Dominus

2281 2946 2555 3015 aperuerit
2603 2948 2743 3003 viam
2788 2949 2980 3007 salutis
3032 2952 3342 3022 praedicare
3384 2966 3486 3006 non
3523 2949 3786 3009 desistas,et

2284 3035 2376 3093 ubi
2426 3036 2604 3093 locum
2655 3040 2926 3096 inveneris
2953 3044 3329 3098 necessarium
3381 3042 3643 3098 secundum
3675 3052 3783 3093 cauo-

661 3131 911 3188 Doctoris
928 3133 1168 3188 omnium
1186 3134 1429 3206 gentium
1445 3135 1647 3208 egregii
1666 3135 1816 3192 Pauli
1832 3139 2182 3208 apostolivox
2211 3114 2254 3176 Ο
2288 3130 2467 3186 Micam
2510 3131 2776 3202 regulam.
2807 3134 3090 3206 episcopos
3121 3137 3318 3192 ordina
3367 3151 3432 3191 ex
3482 3144 3638 3190 nos!"
3679 3143 3782 3187 τίων

588 3232 675 3281 est
690 3225 919 3282 dicentis
938 3242 950 3281 :
971 3246 988 3277 ι
1011 3224 1367 3296 Diligentibus
1386 3227 1671 3283 Dominum
1693 3228 1875 3283 omnia
1894 3244 2183 3301 cooperan-

593 3327 681 3373 tur
704 3317 756 3372 in
785 3317 983 3373 bonum
1006 3316 1179 3389 (Rom.
1210 3333 1326 3383 vttt,
1351 3317 1464 3390 28).
1488 3338 1507 3372 ι
1534 3320 1906 3389 Aguoscentes
1924 3321 2106 3392 itaque
2128 3323 2181 3377 in

589 3407 814 3481 syllabis
829 3407 1182 3479 fraternitatis
1199 3418 1301 3464 tua:
1318 3425 1436 3479 qua:
1453 3409 1734 3465 innotuisti
1757 3419 1865 3465 tam
1882 3411 1948 3467 de
1964 3412 2183 3469 Germa-

589 3502 694 3555 nite
706 3500 982 3571 gentibus,
1002 3516 1138 3573 quas
1154 3516 1249 3556 sua
1263 3502 1464 3573 pietate
1482 3501 1624 3558 Deus
1636 3512 1823 3558 noster
1836 3503 1902 3560 de
1916 3512 2183 3574 potestate

587 3579 1120 3669 paganorum'ass
1147 3591 1422 3656 liberavit,
1454 3600 1509 3648 et
1538 3594 1607 3648 ad
1628 3603 1846 3649 centum
1871 3593 2181 3677 millialani-

589 3698 706 3739 tuas
745 3682 799 3737 in
829 3683 952 3738 sinu
983 3692 1186 3739 sanctze
1234 3678 1423 3740 matris
1450 3684 1728 3751 Ecclesize,
1773 3694 1865 3741 tuo
1895 3687 2181 3744 conamine

587 3784 645 3829 ct
676 3774 874 3840 Caroli,
908 3775 1169 3846 principis
1205 3774 1538 3832 Francorqu
1588 3786 1882 3848 aggregare
1924 3775 2180 3848 dignatus

588 3873 696 3930 est,
723 3865 817 3920 sed
848 3872 903 3919 et
935 3864 989 3919 in
1015 3863 1388 3934 Bajoariorum
1416 3865 1719 3936 provincia,
1755 3880 1875 3936 quae
1902 3881 1933 3920 a
1972 3878 2025 3921 te
2057 3876 2178 3923 acta

526 3970 543 3979 ί
587 3964 734 4023 sunt,
764 3965 1137 4027 agnoscentes,
1176 3956 1352 4011 datori
1389 3957 1627 4012 omnium
1657 3958 1923 4013 bonorum
1954 3959 2179 4015 Domino

587 4047 699 4102 Deo
728 4059 936 4114 nostro,
968 4048 1208 4103 extensis
1235 4046 1304 4102 ad
1330 4047 1527 4103 cretum
1555 4047 1769 4117 palmis,
1805 4038 2010 4119 gratias
2034 4060 2179 4104 retu-

586 4136 768 4209 limus,
802 4141 891 4208 qui
932 4136 1156 4204 januatn
1205 4136 1590 4192 misericordia:
1610 4146 1666 4192 et
1710 4138 1933 4208 pietatis
1976 4139 2031 4195 in
2071 4139 2177 4196 illis

586 4228 832 4303 partibus
865 4226 1160 4297 Hesperiis,
1207 4226 1275 4282 ad
1330 4226 1760 4297 cognoscendam
1809 4230 1953 4284 viam
1983 4229 2175 4286 salutis

590 4320 790 4378 OSlittm
854 4321 1241 4376 misericordia:
1298 4322 1551 4390 aperuit,
1604 4330 1662 4378 et
1710 4322 1860 4379 misit
1922 4325 2172 4396 angelum

587 4427 742 4466 suum
773 4413 860 4483 qui
889 4412 1361 4483 prteparavitviam
1386 4420 1530 4466 tuam
1570 4418 1698 4467 ante
1725 4421 1776 4468 te
1793 4412 1950 4485 (Mal.
1981 4429 2066 4480 ιιι,
2092 4415 2165 4484 1),

585 4503 687 4573 ipsi
727 4514 810 4559 est
835 4504 1002 4575 gloria
1029 4505 1078 4559 in
1110 4503 1303 4559 sarcula
1326 4503 1668 4559 satculorum.
1691 4504 1884 4561 Amen.

654 4593 844 4664 Igitur,
893 4595 1021 4664 quia
1077 4594 1322 4650 indicasti
1374 4594 1682 4666 perrexisse
1738 4604 1788 4649 te
1839 4597 1907 4650 ad
1958 4605 2173 4667 gentem

587 4680 976 4750 tlaj‘oariorum,
1026 4683 1296 4739 invenisse
1332 4698 1427 4739 eos
1455 4693 1609 4739 extra
1639 4683 1884 4739 ordinem
1916 4686 2176 4742 ecclesia-

586 4774 781 4827 sticum
814 4775 1076 4839 viventes,
1123 4774 1250 4830 dum
1296 4775 1579 4845 episcopos
1629 4790 1737 4830 non
1794 4775 2067 4832 habebant
2118 4778 2172 4833 in

2283 3231 2338 3277 ct
2373 3224 2727 3293 apostolicam
2781 3236 2946 3296 atque
3007 3227 3342 3284 catholicam
3395 3225 3688 3281 traditionem
3721 3231 3781 3272 eus

2285 3321 2471 3369 tenere
2519 3315 2793 3372 edocebis.
2850 3317 2929 3372 Ex
2984 3317 3089 3373 hoc
3128 3319 3283 3374 enim
3330 3329 3565 3388 magnum
3592 3306 3780 3365 mercedis

2282 3408 2562 3478 praemium
2593 3410 2688 3464 tibi
2721 3411 3072 3481 praeparabis,
3102 3412 3366 3482 quoniam
3389 3400 3776 3476 omnipotentilleo

2282 3508 2467 3554 nostro
2504 3482 2670 3556 facies
2698 3501 2907 3570 plebem
2930 3502 3253 3573 perfectam.
3272 3502 3386 3557 Non
3414 3500 3594 3572 pigeat,
3617 3489 3779 3548 dilectis

2281 3589 2417 3644 sime
2452 3588 2642 3653 frater,
2697 3590 2888 3646 itinera
2935 3607 3161 3661 carpere
3207 3607 3402 3665 aspera
3429 3598 3479 3646 et
3504 3588 3707 3645 diversa.
3741 3587 3778 3627 ιιι

2279 3679 2588 3736 Christiana
2628 3680 2762 3737 fides
2800 3682 2958 3754 longe
2988 3681 3204 3754 lateque
3256 3693 3347 3739 tuo
3373 3677 3624 3738 conamine
3649 3681 3779 3727 exten-

2279 3771 2459 3826 datur.
2487 3773 2761 3843 Scriptum
2794 3789 3029 3845 namque
3054 3785 3138 3830 est
3169 3789 3185 3829 :
3221 3795 3242 3828 ι
3277 3775 3432 3842 Arcta
3454 3772 3700 3836 elangusta
3721 3757 3775 3809 \‘h

2279 3872 2364 3919 est
2388 3880 2507 3934 quae
2536 3865 2679 3920 ducit
2713 3864 2779 3920 ad
2810 3867 2974 3922 vitam
3019 3862 3240 3939 (.llauh’.
3273 3884 3382 3930 vn,
3418 3863 3518 3935 ll).
3559 3878 3575 3910 ι
3609 3855 3777 3947 Operti?

2282 3955 2483 4025 itaque,
2529 3953 2720 4023 frater,
2752 3957 2955 4013 bonum
2985 3938 3121 4029 opus
3147 3960 3296 4030 quod
3321 3952 3542 4028 cmpisti,
3580 3956 3627 4001 ut
3648 3944 3688 3997 in
3716 3938 3771 3992 die

2276 4045 2482 4101 Christi
2530 4045 2626 4102 Dei
2679 4048 2850 4103 nostri
2909 4048 3171 4106 merearis
3221 4051 3422 4114 dicere,
3472 4045 3597 4098 inter
3632 4040 3772 4088 mlum

2275 4144 2587 4193 sanctorum
2638 4137 2996 4208 probabilium
3048 4138 3274 4195 Patrum
3328 4136 3567 4194 assistens
3596 4146 3606 4156 ·
3635 4144 3649 4173 ι
3676 4120 3771 4214 Etcf

2278 4240 2379 4297 ego
2425 4234 2480 4282 et
2515 4226 2668 4297 pueri
2708 4243 2844 4298 quos
2889 4228 3080 4283 dedisti
3112 4228 3272 4293 mihi,
3317 4241 3417 4282 non
3446 4214 3689 4309 perdidici
3713 4217 3771 4309 ⁸ειι

2276 4338 2606 4394 quemquam
2644 4321 2820 4391 (Rom.
2860 4337 2935 4390 tt,
2986 4322 3098 4394 15).
3146 4341 3164 4397 ι
3211 4323 3280 4378 Ει
3308 4323 3543 4405 iterum;
3572 4329 3587 4360 ι
3612 4306 3769 4405 Dauniae

2276 4414 2514 4484 quinque
2550 4413 2749 4469 talenta
2794 4414 3060 4468 tradidisti
3113 4415 3273 4479 mihi,
3315 4425 3434 4467 erce
3473 4403 3564 4459 alia
3598 4399 3768 4467 quinque

2275 4503 2685 4572 superlucratns
2731 4518 2851 4558 sunt
2899 4502 3116 4573 (Matth.
3162 4520 3292 4569 xxv,
3329 4498 3438 4568 20).
3482 4514 3500 4547 ι
3541 4488 3598 4544 Ut
3639 4485 3767 4579 ευιξεθ·

2276 4604 2508 4666 quenter
2555 4596 2815 4650 merearis
2856 4610 3042 4652 vocent
3085 4596 3300 4651 Domini
3348 4590 3523 4648 audire
3560 4579 3762 4635 dicentis:

2284 4704 2303 4738 ι
2353 4686 2499 4758 Euge
2542 4701 2698 4741 serve
2747 4684 2889 4741 bone
2941 4696 2996 4741 et
3042 4685 3257 4753 fidelis,
3293 4683 3415 4755 quia
3464 4686 3603 4744 sui)er
3646 4668 3762 4759 Ρ³¹¹Ῠ³

2278 4778 2425 4833 fuisti
2464 4779 2655 4843 fidelis,
2687 4793 2849 4847 supra
2897 4778 3064 4835 multa
3109 4788 3161 4836 te
3207 4777 3534 4835 constituam,
3578 4760 3758 4847 intra}u

585 4866 887 4934 provincia,
944 4865 1047 4920 nisi
1100 4880 1289 4931 unum,
1330 4838 1558 4922 nomine
1608 4864 1822 4932 Vivilo,
1870 4882 2027 4936 quem
2079 4884 2180 4924 nos
2282 4870 2535 4942 gaudium
2587 4838 2791 4923 domini
2839 4870 2911 4924 tui
2943 4868 3129 4943 (Ibid.,
3171 4870 3285 4943 25).
3326 4887 3343 4919 ι
3386 4865 3512 4920 Deus
3543 4863 3585 4907 le
3619 4838 3760 4943 ί¹ι⁰⁰¹ξ¹ς

584 4965 711 5010 ante
734 4965 945 5026 tempus
963 4955 1367 5020 ordinavimus;
1390 4966 1444 5011 et
1468 4957 1594 5026 quia
1615 4971 1737 5026 cum
1765 4972 1987 5013 assensu
2009 4958 2178 5014 Otilo—

583 5045 668 5101 nis
695 5043 847 5100 ducis
863 5047 1177 5101 corumdem
1202 5045 1571 5115 Bajoariormn
1590 5061 1682 5102 seu
1701 5048 2019 5118 optimatum
2044 5063 2173 5119 pro.-

580 5137 774 5193 viuciae
818 5137 980 5205 illius,
1012 5148 1123 5195 tres
1157 5139 1292 5195 alios
1329 5140 1615 5195 ordinasse
1659 5141 1945 5212 episcopos
1969 5181 1985 5206 ,
2028 5151 2085 5197 et
2114 5142 2165 5195 in

580 5240 814 5307 quatuor
851 5241 1033 5301 partes
1069 5233 1466 5302 provinciarum
1499 5233 1644 5288 illam
1674 5232 1923 5301 divisisti,
1967 5233 2022 5289 id
2060 5243 2164 5300 est,

582 5325 635 5378 in
671 5334 904 5394 quatuor
949 5325 1253 5395 parochias,
1303 5334 1363 5379 ut
1391 5325 1762 5397 unusquisque
1788 5340 1941 5381 suam
1972 5325 2167 5380 habeat

516 5430 535 5435 -
580 5416 922 5486 parochiam,
962 5417 1098 5471 bene
1127 5425 1181 5471 et
1235 5417 1367 5471 satis
1406 5417 1701 5486 prudenter
1740 5414 2018 5486 peregisti,
2051 5414 2166 5470 fra-

582 5517 686 5571 ter,
729 5506 1064 5576 etquoniam
1104 5506 1455 5575 apostolicam
1486 5506 1901 5576 praeceptionem
1949 5519 2015 5560 ex
2065 5519 2167 5559 no-

580 5608 693 5654 stra
740 5600 857 5655 vice
910 5597 1165 5670 implesti,
1215 5605 1271 5654 et
1318 5599 1458 5655 sicut
1506 5597 1599 5653 tibi
1647 5597 2041 5668 praecepimus,
2093 5594 2166 5649 ita

580 5694 856 5768 peregisti.
908 5693 1094 5765 itaque
1145 5707 1254 5750 non
1307 5692 1543 5768 desinas,
1591 5689 1780 5757 frater,
1832 5686 2170 5783 revercndis-

2281 4934 2404 5013 men
2443 4957 2730 5024 custodiat,
2779 4934 3434 5014 reverendissime'fratcr.
3477 4947 3589 5002 υθιῆ
3621 4934 3757 5024 quam

2280 5047 2401 5103 Kal.
2430 5022 2724 5112 Novemb,
2750 5046 3056 5118 imperante
3099 5047 3315 5104 domino
3351 5038 3566 5116 piissimo
3588 5022 3759 5121 Αυξξιείθ

2278 5140 2479 5207 Leone,
2508 5138 2720 5209 imperii
2742 5117 2858 5207 ejus
2882 5154 3024 5194 anno
3049 5138 3305 5196 vicesimo
3321 5133 3484 5192 tertio,
3503 5121 3581 5180 sed
3600 5127 3642 5171 et

2273 5229 2536 5292 ειειιιιὶυο.
2578 5208 2776 5299 magno
2820 5228 3170 5299 imperatore,
3202 5228 3316 5300 ejus
3364 5222 3479 5283 tilio,
3517 5221 3632 5267 anno
3653 5208 3752 5255 nce-

2272 5319 2432 5384 sitno,
2462 5318 2752 5372 indictione
2775 5316 2828 5373 8.

2450 5407 2688 5479 Epistola
2724 5407 2992 5479 Bonifacii
3019 5412 3090 5465 ad
3125 5410 3426 5467 Zachariam
3451 5406 3644 5486 papam.-

2341 5501 2569 5558 Domino
2626 5501 2988 5566 charissima,
3045 5506 3242 5560 summi
3287 5494 3585 5576 pontiﬁcatus
3630 5488 3669 5528 ιιι

2270 5594 2518 5665 praedito,
2568 5594 2685 5648 viro
2736 5593 3071 5670 apostolico,
3112 5594 3434 5661 luctuum,
3479 5569 3745 5637 Βοδιηοιυεν

2268 5703 2459 5751 servus
2510 5702 2790 5744 servorum
2843 5686 2958 5740 Dei.
3120 5692 3123 5693 '

3673 5463 3745 5520 fuit
