3894 5320
57 180 166 237 illi!
1187 175 1681 238 DECRBTALIUM
1721 180 2123 241 COLLEC'I‘IO.
2803 227 2806 229 λ
3160 198 3182 252 l
3200 195 3298 252 l62

112 293 448 360 Conﬁtemur,
472 295 688 351 domine
712 305 884 368 pater,
907 303 1031 369 quia
1054 308 1335 369 postquam
1361 307 1456 367 per
1476 311 1610 350 nun-
1640 299 1685 357 Α
1716 296 2022 366 apostolicae
2044 299 2187 354 sedis
2216 315 2337 355 eum
2365 303 2664 360 canonibus
2684 306 3072 364 ecclesiasticis
3100 322 3300 381 praesto

54 385 145 438 tios
165 383 450 440 referentes
479 387 804 458 audivimus,
827 392 968 461 quod
998 391 1317 446 venerandae
1339 389 1610 444 memoria:

51 474 357 542 apostolatus
385 479 549 532 vestri
587 481 972 550 praedecessor,
1003 481 1296 553 Gregorius
1317 522 1331 547 ,
1372 479 1611 552 pontifex

51 565 336 633 apostolicae
354 567 518 634 sedis,
542 570 812 639 ergastulo
837 575 1080 642 corporis
1104 573 1400 639 absolutus,
1423 573 1488 628 ad
1513 574 1614 630 Do-

49 654 234 710 minum
251 657 519 727 migravit,
539 661 796 730 majorem
815 663 1074 731 Iretitiam,
1100 674 1152 721 et
1173 665 1345 735 majus
1357 667 1612 737 gaudium

50 745 191 801 nobis
213 762 314 801 non
344 749 662 815 audivimus,
694 763 748 807 et
771 757 1048 825 suspensis
1074 756 1140 810 ad
1172 757 1373 812 aethera
1397 758 1612 828 palmis,

48 836 150 890 Deo
170 838 366 906 gratias
389 840 614 910 egimus,
631 858 792 912 quam
818 833 960 914 quod
982 846 1300 903 clementem
1322 849 1615 919 paternita-

47 927 399 999 tcmjvestram
423 930 717 988 altissimus
739 935 956 990 Arbiter
971 937 1232 992 canonica
1251 937 1375 1008 jura
1403 954 1614 1011 regere,

44 1026 93 1071 et
118 1021 420 1087 apostolica“:
490 1024 634 1078 sedis
682 1027 1043 1097 gubernacula
1092 1039 1277 1086 tenere
1322 1031 1612 1088 concessit.

44 1108 151 1179 Ego
182 1126 279 1164 non
323 1111 501 1178 aliter,
533 1131 694 1185 quam
744 1125 804 1172 ut
852 1127 979 1174 ante
1009 1121 1237 1192 vestigia
1266 1133 1442 1178 vestra
1467 1125 1616 1195 geni-

43 1199 316 1268 culantes,
373 1204 578 1261 intimis
626 1209 856 1264 subnixo
917 1209 1218 1281 ﬂagitamus
1259 1216 1510 1283 precibus
1558 1226 1617 1271 ut

41 1287 177 1343 sicut
242 1294 698 1360 prmdecessorum
745 1309 1051 1355 vestrorum
1127 1319 1225 1372 pro
1293 1307 1618 1362 auctoritate

41 1380 207 1435 sancti
237 1381 380 1438 Petri
407 1387 624 1455 pietatis
652 1391 796 1444 servi
831 1393 1007 1447 devoti
1048 1403 1102 1448 et
1141 1395 1338 1450 subditi
1369 1397 1617 1468 discipuli

39 1470 254 1538 fuimus,
291 1477 371 1530 sic
397 1485 452 1531 et
481 1489 678 1535 vestrae
723 1482 940 1550 pietatis
984 1485 1124 1540 servi
1153 1487 1466 1544 obedientes
1491 1491 1619 1546 sub-

40 1565 128 1618 diti
163 1567 398 1638 subjure
427 1573 687 1627 canonico
717 1573 830 1628 lieri
874 1590 1199 1646 mereamur,
1236 1589 1484 1650 optantes
1529 1598 1618 1638 ea-

1715 386 1916 442 habere
1954 389 2131 459 cupio.
2168 388 2222 444 Si
2256 391 2511 448 invenero
2543 394 2686 451 inter
2715 395 2834 452 illos
2857 397 3132 464 diacones,
3163 417 3300 470 quos

1715 478 2016 546 nominant,
2069 480 2159 550 qui
2207 497 2236 535 a
2270 483 2496 552 pueritia
2549 500 2646 540 sua
2699 501 2916 558 semper
2965 489 3019 543 in
3073 492 3299 560 stupris,

1715 584 1931 640 semper
1963 570 2015 625 in
2055 571 2352 638 adulteriis,
2400 585 2457 630 et
2489 575 2540 630 in
2589 578 2840 634 onmibus
2883 595 3100 651 semper
3147 598 3302 652 spur-

1716 659 1860 715 citiis
1902 660 2069 715 vitam
2121 662 2400 730 ducentes,
2450 666 2550 721 sub
2577 667 2668 722 tali
2697 670 3008 728 testimonio
3035 681 3304 729 venerunt

1716 747 1782 802 ad
1811 748 2176 817 diaconatum,
2227 761 2284 807 et
2327 754 2487 811 modo
2538 755 2590 810 in
2639 757 2926 814 diaconatu
2974 761 3306 818 concubinas

1717 849 1967 910 quatuor,
1998 843 2080 897 vel
2118 844 2394 916 quinque,
2425 847 2508 902 vel
2546 849 2726 919 plures
2755 861 2914 907 noctu
2945 853 3001 908 in
3035 853 3176 910 lecto
3207 854 3305 909 Ita-

1716 931 1927 999 bentes,
1978 933 2328 1006 Evangelium
2364 945 2544 994 tamen
2583 941 2784 1012 legere,
2831 951 2886 998 et
2935 943 3192 1000 diaconos
3247 960 3308 1001 se

1717 1023 1996 1080 nominare
2048 1041 2157 1082 non
2207 1028 2553 1096 erubescunt,
2606 1047 2706 1087 nec
2738 1041 3005 1101 metuunt,
3054 1045 3110 1091 et
3137 1036 3216 1091 sic
3251 1035 3308 1090 in

1719 1111 1913 1169 talibus
1958 1113 2180 1171 incestis
2204 1117 2272 1172 ad
2299 1117 2545 1174 ordinem
2574 1122 2979 1193 presbyteratus
3005 1124 3306 1191 venientes,

1717 1202 1892 1258 oflieio
1921 1203 2227 1275 fungentes,
2255 1207 2441 1263 dicunt
2462 1224 2520 1266 se
2543 1226 2639 1281 pro
2663 1212 2858 1283 populo
2877 1213 3228 1279 intercedere,
3255 1222 3311 1269 et

1717 1309 1907 1351 sacras
1941 1297 2241 1354 oblationes
2260 1298 2476 1367 offerre,
2502 1302 2811 1368 novissime,
2842 1304 2984 1374 quod
3019 1304 3169 1375 pejus
3205 1316 3307 1372 est,

1723 1385 1825 1441 sub
1860 1387 2057 1443 talibus
2104 1390 2431 1446 testimoniis
2473 1407 2571 1462 per
2603 1394 2800 1464 gradus
2842 1396 3082 1466 singulos
3123 1411 3312 1453 ascen-

1721 1479 1950 1543 dentes,
2011 1480 2332 1536 ordinantur
2386 1491 2442 1538 et
2498 1485 2848 1540 nominantur
2919 1487 3198 1559 episcopi,
3254 1497 3314 1544 ιιι

1721 1568 1998 1635 habeant,
2053 1581 2380 1642 prmceptum
2433 1559 2487 1630 et
2530 1574 2898 1647 conscriptum
2971 1579 3314 1636 auctoritatis

41 1657 286 1713 tholicam
317 1661 474 1715 ﬁdem
500 1705 514 1729 ,
561 1674 613 1718 et
643 1666 899 1721 unitatem
945 1669 1201 1726 Romanae
1225 1672 1477 1730 Ecclesia:
1505 1690 1620 1730 ser-

1733 1666 1924 1714 vestrm
1952 1662 2080 1730 quid
2112 1663 2178 1719 de
2221 1663 2421 1720 talibus
2449 1665 2741 1732 deiiniatis,
2784 1677 2841 1723 et
2869 1684 2966 1739 per
2991 1685 3315 1741 responsum

39 1750 210 1804 vando
262 1752 493 1807 dilatare
525 1797 539 1817 ,
589 1765 645 1811 et
697 1768 1146 1831 quantuscunque
1210 1767 1491 1822 audientes
1535 1767 1617 1823 vel

42 1840 332 1912 discipulos
369 1844 422 1897 in
456 1845 559 1899 ista
606 1848 873 1919 legatione
901 1853 1030 1906 mihi
1066 1855 1204 1910 Deus
1234 1857 1620 1925 donaverit,ad

39 1934 395 1991 obedientiam
443 1942 749 2009 apostoltcze
793 1945 936 2000 sedis
988 1947 1219 2004 invitare
1263 1958 1316 2004 et
1361 1949 1623 2008 inclinare

47 2041 149 2077 non
221 2043 397 2084 cesso.
487 2030 716 2088 Necesse
789 2053 1004 2107 quoque
1059 2040 1321 2096 habemus
1385 2043 1625 2099 indicare

48 2121 350 2186 paternitati
382 2131 574 2178 vestrze
617 2126 740 2194 quia
771 2144 867 2198 per
910 2129 1000 2183 Dei
1031 2131 1282 2200 gratiam,
1319 2131 1625 2191 Germania:

53 2212 256 2280 populis
301 2214 694 2287 aliquantulum
748 2223 1024 2290 percussis
1072 2222 1156 2278 vel
1200 2227 1480 2290 correctis,
1517 2237 1626 2284 tres

53 2303 412 2362 ordinavimns
447 2308 750 2380 episcopos,
790 2319 842 2365 et
886 2312 1216 2382 provinciam
1272 2314 1325 2369 in
1378 2325 1487 2370 tres
1533 2333 1628 2386 pa-

51 2394 665 2464 rochias‘discrevimus,
705 2411 758 2454 et
789 2399 877 2455 illa
913 2402 1013 2456 tria
1064 2403 1258 2474 oppida
1308 2403 1420 2460 sive
1461 2407 1626 2461 urbes

44 2483 98 2536 in
163 2488 356 2554 quibus
423 2491 700 2544 constituti
766 2500 822 2546 et
884 2494 1118 2548 ordinati
1183 2503 1352 2560 sunt,
1414 2495 1632 2566 scriptis

37 2577 384 2634 auctoritatis
416 2589 608 2636 vestrm
650 2582 978 2648 conﬁrmari,
1024 2592 1078 2638 et
1126 2586 1356 2640 stabiliri
1400 2601 1628 2656 precan-

37 2674 146 2728 tes,
200 2666 612 2725 desideramus:
675 2687 835 2726 unam
885 2687 1006 2728 esse
1053 2675 1233 2729 sedem
1285 2676 1630 2745 episcopatus

30 2757 385 2814 decrevimus
427 2761 478 2815 in
521 2762 748 2818 castello
793 2765 934 2833 quod
967 2764 1164 2820 dicitur
1194 2766 1554 2837 Vivozaburg,
1583 2778 1637 2822 et

27 2847 266 2905 alteram
320 2853 372 2906 in
421 2855 616 2923 oppido
657 2856 798 2923 quod
831 2856 1141 2911 nominatur
1183 2856 1495 2928 Buraburg,
1528 2867 1638 2914 ter-

25 2941 167 2995 tiam
215 2943 272 2998 in
325 2943 444 3000 loco
482 2947 572 3015 qui
625 2947 824 3002 dicitur
869 2948 1217 3020 Erpesfryod,
1259 2950 1352 3020 qui
1395 2949 1494 3004 fttit
1524 2949 1634 3019 jam

20 3034 162 3088 olim
216 3036 369 3092 urbis
397 3054 732 3110 paganorum
783 3042 1130 3096 rusticorum.
1189 3041 1314 3096 Haec
1363 3042 1463 3098 tria
1517 3044 1634 3100 loca

15 3125 263 3195 propria
286 3127 472 3182 charta
511 3137 566 3184 et
583 3131 905 3185 auctoritate
928 3131 1259 3202 apostolatus
1279 3133 1443 3188 vestri
1482 3135 1639 3190 robo-

7 3216 135 3269 rari
188 3227 255 3272 et
294 3219 606 3275 conﬁrmari
654 3221 941 3293 diligenter
971 3223 1324 3292 postulamus,
1353 3233 1433 3290 ut,
1461 3224 1504 3279 si
1533 3224 1636 3280 Do.

9 3301 230 3368 minus
285 3312 554 3378 voluerit,
611 3326 708 3382 per
763 3313 1142 3368 auctoritatem
1207 3322 1262 3368 et
1308 3325 1638 3385 przeceptum

3 3404 213 3461 sancti
283 3403 472 3470 Petri,
530 3404 864 3474 jussionibus
916 3405 1226 3473 apostolicis
1280 3404 1514 3463 fundata:
1585 3415 1641 3464 et

0 3495 306 3552 stabilitas
332 3493 442 3547 sint
465 3501 576 3547 tres
613 3493 664 3547 in
690 3493 998 3549 Germania:
1024 3494 1356 3564 episcopales
1377 3497 1555 3561 sedes,
1586 3507 1643 3554 et

0 3601 67 3644 nt
114 3571 480 3659 praesentes,
531 3586 614 3640 vel
660 3585 852 3640 futurae
882 3587 1258 3658 generationes
1291 3603 1394 3642 non
1437 3603 1642 3658 praesu-

0 3689 180 3736 mant
244 3679 329 3731 vel
381 3678 670 3747 parochias
717 3692 1063 3747 corrumpere
1117 3678 1203 3734 vel
1261 3678 1461 3736 violare
1505 3696 1642 3750 pra:-

0 3784 268 3845 eeptum
301 3769 610 3839 apostolica:
636 3769 797 3824 sedis.
829 3768 1021 3823 Notum
1067 3769 1317 3826 similiter
1342 3771 1414 3826 sit
1457 3780 1639 3842 pater-

0 3866 188 3921 iitati
253 3871 450 3916 vestra:
497 3860 638 3930 quod
687 3859 1100 3928 Carlomannus,
1149 3863 1254 3918 dux
1285 3863 1638 3931 Francorum,

0 3979 89 4018 ne
130 3958 494 4016 accersitum
528 3957 594 4012 ad
621 3973 679 4012 se
716 3957 922 4028 rogavit
953 3958 1006 4012 in
1039 3967 1192 4028 parte
1221 3957 1368 4028 regni
1406 3955 1644 4011 Franco-

0 4069 164 4116 arm,
205 4063 349 4120 quae
385 4049 438 4102 in
492 4062 590 4101 sua
630 4056 713 4103 est
743 4055 1044 4116 potestate,
1073 4047 1335 4119 synodum
1376 4046 1638 4116 incipere,

0 4153 408 4212 :ongregare,
437 4145 490 4191 et
517 4137 765 4205 promisit
789 4151 847 4191 se
871 4137 936 4190 de
958 4137 1325 4191 ecclesiastica
1360 4135 1639 4206 religione,

0 4251 125 4304 [me
155 4231 309 4300 j‘am
335 4228 496 4298 longo
527 4236 787 4298 tempore,
819 4226 868 4280 id
893 4237 996 4291 est,
1025 4243 1129 4282 non
1155 4227 1329 4281 minus
1358 4243 1517 4297 quam
1545 4242 1643 4298 per

0 4325 330 4396 exaginta
361 4321 446 4376 vel
479 4321 814 4390 septuaginta
845 4334 1034 4384 annos,
1065 4319 1268 4373 calcata
1298 4327 1353 4372 et
1380 4319 1639 4389 dissipata
1675 4359 1720 4416 ο

0 4423 120 4484 nit,
166 4413 409 4482 aliquid
440 4412 712 4482 corrigere
725 4421 777 4466 et
799 4411 1091 4466 emendare
1105 4410 1258 4464 velle.
1276 4408 1637 4481 Quapropter,

0 4513 7 4566 i
53 4511 229 4570 hoc,
297 4503 410 4558 Deo
457 4502 754 4571 inspirante
781 4541 795 4568 ,
838 4501 1107 4556 veraciter
1145 4499 1372 4568 implere
1412 4500 1644 4554 voluerit

0 4601 362 4660 rmsilium,
392 4605 446 4651 et
473 4604 798 4666 praeceptum
831 4603 1034 4649 sanetae
1054 4601 1247 4648 vestrae
1279 4593 1638 4656 auctoritatis,

0 4700 13 4753 Ι
76 4702 196 4752 est
225 4735 245 4759 ,
291 4689 605 4757 apostolicae
655 4685 1047 4742 sedislhabere
1092 4693 1146 4739 et
1185 4698 1374 4753 sapere
1449 4684 1638 4739 debeo.

6 4786 218 4845 ranci
293 4781 470 4846 enim,
522 4789 583 4836 ut
636 4779 880 4835 seniores
933 4779 1157 4842 dicunt,
1203 4777 1489 4848 plusquam
1547 4792 1644 4848 per

0 4891 246 4950 tmpus
296 4872 574 4940 octoginta
626 4884 892 4924 annorum
925 4869 1186 4938 synodum
1237 4882 1342 4922 non
1375 4870 1642 4931 fecerunt,

0 4988 71 5029 τε
120 4961 657 5034 archiepiscopum
691 4961 1021 5026 habuerunt,
1054 4972 1154 5013 nec
1194 4957 1451 5017 Ecclesiae
1480 4975 1642 5014 cano-

8 5081 92 5120 ca
159 5061 345 5130 jura
387 5053 574 5112 alicubi
614 5052 911 5107 fundabant
947 5053 1030 5107 vel
1086 5053 1437 5109 renovabant.
1488 5053 1642 5108 Modo

0 5171 178 5215 "em
244 5145 500 5205 maxima
551 5164 625 5205 ex
683 5155 833 5215 parte
869 5161 966 5216 per
1015 5145 1281 5209 civitates,
1312 5147 1644 5219 episcopales

1 5254 138 5306 des
209 5237 459 5297 tradita:
504 5248 643 5300 sunt
677 5237 855 5300 laicis,
903 5238 1109 5307 cupidis
1137 5235 1202 5288 ad
1231 5241 1641 5306 possidendum,

1723 1751 2077 1820 apostolicum
2104 1755 2519 1824 convincantur,
2562 1767 2616 1813 et
2648 1770 2948 1831 arguantur
2969 1771 3313 1838 peccatores.

1725 1839 1790 1895 Et
1816 1842 2164 1898 inveniuntur
2186 1847 2408 1917 quidam
2459 1850 2601 1906 inter
2642 1867 2737 1906 eos
2766 1852 3039 1923 episcopi,
3066 1855 3159 1924 qui
3189 1853 3316 1908 licet

1725 1931 1905 1986 dicant
1927 1947 1984 1987 se
2006 1932 2326 1991 fornicarios
2348 1937 2431 1990 vel
2453 1940 2726 1996 adulteros
2748 1958 2855 1997 non
2880 1958 2998 1998 esse
3017 1985 3032 2008 ,
3069 1945 3162 2000 sed
3186 1954 3314 1998 sunt

1726 2023 1950 2090 ebriosi,
1981 2037 2034 2078 et
2064 2025 2324 2084 incuriosi
2350 2031 2429 2084 vel
2454 2041 2762 2097 venatores,
2789 2043 2842 2089 et
2865 2037 2954 2106 qui
2983 2043 3222 2106 pugnant
3263 2037 3315 2089 in

1727 2117 1966 2171 exercitu
2013 2120 2228 2186 armati,
2273 2130 2326 2174 et
2355 2123 2633 2179 effundunt
2659 2126 2873 2196 propria
2908 2143 3067 2182 manu
3095 2129 3318 2200 sangui-e

1728 2221 1848 2260 nem
1880 2207 2178 2276 hominum,
2206 2211 2318 2266 sive
2343 2227 2698 2282 paganorum,
2721 2217 2833 2271 sive
2863 2217 3315 2274 Christianorum.

1730 2299 1794 2352 Et
1838 2300 1962 2369 quia
2010 2314 2198 2356 servus
2234 2312 2290 2358 et
2318 2303 2524 2375 legatus
2562 2308 2870 2374 apostolicae
2905 2310 3050 2365 sedis
3079 2324 3197 2365 esse
3231 2311 3318 2364 di-

1731 2406 1980 2460 gnoscor,
2024 2402 2079 2448 et
2125 2411 2290 2450 unum
2345 2398 2418 2451 sit
2457 2397 2704 2464 verbum,
2755 2414 2931 2454 meum
2981 2401 3096 2465 hic,
3128 2408 3184 2455 et
3227 2415 3322 2455 ve-

1733 2491 1908 2538 strum
1965 2486 2082 2550 ibi,
2144 2488 2188 2542 si
2240 2489 2518 2562 contingat
2562 2490 2936 2559 adajudicium
2981 2493 3320 2550 auctoritatis

1733 2587 1960 2644 vestrm,
2012 2587 2071 2633 ιιι
2102 2581 2306 2650 pariter
2351 2583 2547 2638 missos
2598 2585 2911 2654 dirigamus.
2958 2583 3223 2640 Praeterea
3255 2585 3323 2640 de

1738 2689 1842 2727 una
1885 2690 1941 2728 re
1988 2684 2042 2729 et
2091 2677 2377 2732 consilium
2408 2695 2674 2749 quaerere,
2723 2691 2776 2736 et
2821 2681 3088 2737 licentiam
3135 2691 3323 2752 petere

1738 2780 1958 2820 necesse
1993 2765 2169 2821 habeo
2193 2807 2207 2832 ,
2257 2783 2321 2823 eo
2351 2769 2492 2838 quod
2520 2774 2842 2827 venerandae
2875 2774 3147 2828 memoria:
3188 2787 3326 2842 prm-

1737 2852 1988 2908 deeessor
2030 2863 2227 2922 vester,
2254 2857 2393 2912 sicut
2437 2859 2684 2924 audistis,
2716 2861 2766 2914 in
2809 2863 3094 2930 praesentia
3147 2871 3326 2916 vestra

1743 2945 1873 2999 mihi
1924 2948 2179 3018 praecepit
2222 2958 2283 3002 ιιι
2309 2951 2685 3021 presbyterum
2727 2961 2847 3021 post
2888 2953 3092 3007 obitum
3121 2968 3321 3016 meum,

1747 3033 1856 3090 Deo
1886 3034 2098 3089 volente
2123 3076 2138 3100 ,
2190 3036 2242 3092 in
2279 3037 2648 3094 ecclesiastico
2705 3040 3005 3094 ministerio
3055 3039 3322 3102 heredem

1744 3134 1797 3180 et
1824 3140 2193 3182 successorem
2237 3129 2566 3183 constituere
2613 3128 2886 3195 deberem,
2918 3139 2972 3185 et
3013 3131 3116 3186 hoc
3165 3130 3323 3196 mihi,

1743 3218 1788 3271 si
1821 3216 1914 3271 Dei
1945 3217 2200 3275 voluntas
2245 3227 2349 3285 est,
2388 3219 2580 3290 placet,
2613 3221 2705 3276 sed
2730 3222 2889 3278 modo
2912 3221 3097 3278 dubito
3143 3231 3199 3277 et
3227 3237 3325 3278 ne-

1745 3308 1879 3372 scio,
1906 3307 1948 3362 si
1997 3307 2110 3363 fieri
2141 3310 2330 3378 possit,
2357 3311 2479 3379 quia
2503 3319 2686 3380 postea
2716 3310 2883 3366 frater
2911 3311 3051 3366 illius
3092 3327 3328 3366 avuncu-

1745 3395 1853 3450 lum
1894 3396 2048 3451 ducis
2089 3397 2424 3454 Francorum
2460 3400 2678 3466 occidit,
2711 3408 2765 3456 et
2805 3401 2980 3455 adhuc
3020 3402 3331 3472 ignoramus

1743 3487 1976 3558 qualiter
2012 3490 2114 3545 ista
2147 3491 2416 3547 discordia
2461 3493 2733 3562 paciﬁeari
2766 3503 2821 3549 et
2851 3494 2991 3548 finiri
3025 3493 3219 3549 valeat.
3258 3494 3329 3550 Et

1744 3580 1970 3636 obsecro
2001 3589 2061 3637 ut
2103 3583 2443 3639 auctoritatis
2489 3593 2684 3640 vestrae
2728 3585 2959 3640 licentiae
2990 3585 3080 3649 sit,
3115 3592 3174 3638 ut
3205 3599 3334 3642 cum

1746 3670 1974 3726 consilio
2022 3687 2303 3728 servorum
2357 3673 2452 3729 Dei
2526 3674 2593 3730 de
2655 3675 2757 3730 ista
2819 3674 3083 3729 electione
3137 3673 3332 3733 faciam

1745 3763 1886 3831 quod
1936 3763 2091 3818 nobis
2129 3763 2181 3817 in
2228 3779 2514 3820 commune
2560 3781 2657 3837 pro
2687 3765 2806 3821 Deo.
2840 3775 2895 3821 et
2936 3781 3034 3836 pro
3076 3765 3334 3832 Ecclesia:

1746 3855 2002 3920 utilitate,
2041 3856 2122 3911 vel
2162 3856 2338 3912 fructu
2369 3858 2598 3930 spiritali
2630 3867 2686 3914 et
2715 3858 3027 3914 defensione
3054 3859 3335 3930 religionis

1746 3949 2006 4018 optimum
2038 3965 2156 4005 esse
2202 3951 2448 4006 videatur
2470 3993 2485 4016 ,
2513 3961 2572 4007 ut
2600 3967 2922 4006 consensum
2956 3961 3194 4008 vestrum
3235 3951 3332 4005 ha-

1747 4039 1903 4094 beam
1952 4039 2018 4094 de
2049 4042 2150 4095 hoc
2199 4039 2379 4096 facere
2417 4042 2561 4112 quod
2606 4043 2870 4112 optimum
2898 4059 3018 4099 esse
3057 4043 3334 4106 videatur,

1747 4134 1880 4187 mibi
1911 4131 2178 4202 inspirare
2205 4133 2457 4205 dignetur
2496 4134 2659 4200 Deus,
2695 4135 2824 4205 quia
2865 4136 2967 4190 hoc
2991 4135 3334 4193 nonvidetur

1747 4242 1906 4296 posse
1949 4225 2087 4291 fieri,
2139 4226 2184 4281 si
2233 4228 2539 4283 contrarius
2583 4229 2833 4297 princeps
2883 4228 3076 4283 fuerit.
3119 4226 3340 4282 Interea

1748 4331 1993 4386 quaerere
2037 4325 2093 4371 et
2141 4317 2476 4389 interrogare
2519 4319 2863 4389 paternitatis
2907 4328 3102 4375 vestrze
3150 4320 3332 4374 consi-

1747 4407 1878 4462 lium
1939 4408 2113 4462 debeo
2167 4409 2232 4462 de
2283 4410 2516 4478 quadam
2567 4408 2926 4472 confusione,
2985 4421 3040 4466 et
3075 4409 3341 4472 seandalo

1747 4497 2170 4566 praedicationis,
2217 4514 2334 4566 quze
2363 4515 2534 4570 nuper
2575 4499 2642 4551 ad
2685 4514 2782 4553 vos
2811 4500 3064 4564 veniens,
3099 4505 3341 4580 mentem

1748 4603 1986 4648 vestram
2033 4593 2418 4658 conturbavit,
2461 4603 2516 4651 et
2559 4592 2935 4649 sacerdotibus
2971 4590 3337 4652 Ecclesiarum

1747 4683 2137 4741 verecundiam
2171 4685 2495 4750 incutiebat,
2526 4683 2661 4754 quia,
2679 4684 2854 4746 laicus
2883 4688 3103 4758 quidam
3134 4699 3352 4752 magna:

1749 4789 1998 4844 personae
2028 4775 2094 4828 ad
2135 4792 2233 4831 nos
2261 4777 2489 4834 veniens
2526 4775 2746 4831 dicebat
2786 4780 2888 4834 sibi
2922 4780 2989 4834 ab
3035 4772 3358 4846 apostolicus

1748 4868 1894 4924 sedis
1938 4865 2194 4939 pontifice
2220 4908 2234 4930 ,
2277 4881 2485 4925 saneta:
2521 4868 2802 4923 memoriae
2840 4870 3099 4940 Gregorio
3124 4907 3139 4932 9
3172 4864 3363 4918 ἀπίδω

1749 4954 1918 5015 fuisse
2000 4957 2274 5010 licentiam
2351 4969 2416 5014 ut
2485 4958 2540 5013 in
2616 4959 3024 5015 matrimonium
3085 4951 3368 5020 'accillerel

1748 5053 1966 5110 viduam
1997 5051 2245 5108 avunculi
2277 5054 2387 5120 sui,
2437 5069 2557 5126 quae
2597 5059 2652 5104 et
2681 5053 2799 5122 ipsa
2847 5057 2956 5115 fuit,
2991 5067 3130 5110 uxor
3165 5062 3374 5102 conso-

1749 5143 1916 5212 brini,
1944 5155 1999 5201 et
2030 5142 2142 5206 illa,
2189 5142 2277 5196 illo
2323 5146 2567 5208 vivente,
2616 5142 2876 5205 discessit
2924 5149 2990 5204 ab
3034 5161 3134 5205 eo,
3172 5147 3227 5193 et
3274 5135 3379 5194 isti

1749 5235 1870 5294 viro
1909 5239 1998 5309 qui
2031 5250 2174 5289 nunc
2201 5250 2319 5290 eam
2354 5241 2606 5309 accipere
2627 5234 2948 5297 desiderans
2984 5229 3386 5310 affirmatysibi.

3798 30 3799 51 1

3806 370 3807 383 1

3806 394 3807 403 1

3808 554 3811 567 Ι

3808 627 3810 642 Ι

3808 653 3823 679 1

3809 679 3812 694 l

3809 725 3825 762 Ξ

3811 765 3816 780 ι

3811 823 3816 858 i

3824 1064 3825 1073 η

3822 1078 3825 1097 l

3822 1233 3826 1242 .

3830 1376 3831 1399 1

3834 1520 3835 1529 η

3836 1636 3837 1645 η

3838 1672 3839 1681 η

3838 1696 3841 1705 ι

3840 1732 3841 1743 1

3846 1962 3847 1975 1

3854 2250 3855 2263 1

3858 2464 3861 2473 ,
