3988 6426
619 404 762 461 Ηϐἷο

1415 398 1708 456 arcano.
1749 397 1841 451 AD
1874 395 2051 481 sic.
2092 397 2183 453 ix.
2225 429 2294 439 —
2331 398 2587 461 tsmont
2624 405 3069 466 MFJtCATOBlS

3690 423 3779 479 ιιει

618 520 808 577 stolica
852 519 979 576 sede
1016 519 1117 576 sibi
1145 517 1377 574 afﬁrmat
1411 535 1531 576 esse
1558 536 1899 585 concessum,
1933 521 2077 592 quod
2108 538 2214 577 non
2246 524 2291 585 Α
2320 521 2638 588 direximus,
2678 538 2785 579 non
2813 525 2936 593 quia
2977 525 3133 596 digna
3165 534 3292 581 sum
3323 530 3615 598 paternitate
3645 549 3781 599 vestra,

618 613 1013 671 aestimavimus
1060 627 1269 677 verum,
1302 600 1429 684 quia
1476 615 1734 687 synodus,
1777 624 1832 671 et
1864 616 2129 682 Ecclesia,
2159 616 2214 672 in

618 724 723 778 qua
772 713 931 761 natus
974 714 1029 761 et
1076 707 1314 761 nutritus
1360 705 1480 772 fui,
1512 707 1565 761 id
1612 716 1720 774 est,
1767 708 1821 762 in
1855 708 2215 762 transmarina

623 797 888 861 Saxonia,
916 795 1295 864 Lugdunensis
1314 797 1553 869 synodus
1581 798 1634 853 in
1667 799 1859 870 primis
1879 815 1907 854 a
1939 798 2221 872 discipulis

620 887 798 944 sancti
827 886 1098 956 Gregorii,
1132 887 1183 943 id
1213 897 1327 953 est,
1349 890 1670 960 Augustino,
1701 890 2015 959 Laurentio,
2040 890 2215 956 Justo,

624 978 849 1046 Milleto,
898 980 1348 1052 archiepiscopis,
1376 983 1669 1038 constituta
1694 990 1750 1038 et
1798 984 2047 1039 ordinata
2090 982 2215 1051 fuit,

622 1070 789 1126 talem
835 1069 1085 1140 copulam
1144 1080 1199 1126 et
1226 1073 1631 1127 matrimonium
1655 1073 1953 1128 maximum
2018 1072 2220 1141 scelus,

621 1171 680 1217 et
709 1162 998 1229 incestum,
1052 1172 1108 1220 et
1154 1164 1415 1221 horribile
1463 1162 1767 1238 ﬂagitium,
1817 1170 1872 1221 et
1914 1164 2222 1223 damnabile

621 1259 892 1331 piaculum
923 1259 1040 1315 ﬁeri
1069 1276 1137 1317 ex
1167 1261 1491 1316 auctoritate
1516 1269 1719 1317 sanctae
1763 1257 2057 1331 Scriptum
2077 1258 2222 1330 judi-

622 1350 846 1407 cabant.
913 1349 1255 1423 Quapropter
1322 1353 1627 1421 paternitas
1688 1360 1871 1408 vestra
1937 1350 2099 1420 hujus
2143 1349 2221 1409 rei

625 1445 914 1501 veritatem
954 1438 1115 1503 nobis
1141 1446 1384 1502 indicare
1414 1461 1517 1502 non
1548 1446 1872 1516 dedignetur
1896 1486 1911 1511 ,
1938 1452 1999 1499 ut
2039 1443 2224 1500 Eccle-

626 1538 724 1593 t‘tite
747 1538 1149 1604 sacerdotibus,
1173 1537 1258 1592 vel
1283 1538 1481 1608 populo
1506 1536 1817 1592 Christiano
1845 1535 1970 1591 inde
1995 1538 2225 1591 scanda-

630 1626 705 1691 la,
738 1627 825 1682 vel
872 1626 1192 1693 schismata,
1225 1626 1313 1681 vel
1342 1627 1464 1682 novi
1495 1642 1713 1683 errores
1760 1642 1865 1681 non
1896 1626 2144 1681 oriantur
2172 1631 2228 1680 et

630 1729 1012 1775 concrescant.
1040 1720 1106 1775 Et
1147 1719 1274 1791 quia
1304 1719 1553 1775 carnales
1578 1720 1845 1784 homines,
1874 1718 2077 1781 idiotae,
2100 1716 2229 1772 Ala-

629 1813 845 1877 manni,
877 1812 960 1867 vel
1005 1810 1310 1883 Bauguarvi
1338 1854 1353 1879 ,
1384 1812 1468 1866 vel
1493 1810 1709 1878 Franci,
1739 1812 1783 1868 si
1825 1809 1979 1881 juxta
2000 1804 2005 1808 ’
2027 1810 2227 1865 Roma-

2318 617 2413 671 sed
2445 632 2543 688 pro
2570 618 2771 674 indicio
2824 619 3110 675 charitatis
3137 629 3193 676 et
3217 621 3517 679 obedienlite
3552 626 3780 693 devotionis,

2318 709 2369 765 id
2397 723 2501 775 est,
2534 710 2815 767 vuillosam
2845 727 3032 779 unam,
3060 722 3113 768 et
3135 715 3343 785 argenti
3379 725 3429 770 et
3450 718 3554 771 auri
3580 721 3782 776 tantillum.

2316 799 2550 857 Dextera
2581 800 2794 857 Domini
2819 812 3153 875 protegente,
3192 803 3501 861 incolumem
3523 807 3783 874 valete,etin

2319 889 2540 947 Christo
2567 891 2836 964 proﬁcere
2855 893 3247 951 beatitudinem
3274 907 3495 952 vestram
3514 897 3562 954 in
3584 898 3784 972 ἰοειιίωῶ-

2321 999 2444 1038 nem
2481 984 2691 1039 dierum
2718 992 2987 1053 optamus.

2324 1076 2327 1081 ’
2393 1072 2470 1128 Te
2497 1073 2641 1129 Deus
2662 1073 2923 1131 altitonus
2953 1083 3141 1131 sancta
3171 1084 3454 1131 conservet
3491 1076 3538 1131 iu
3581 1077 3671 1133 ade
3691 1079 3784 1134 sedis

2322 1165 2635 1237 apostolicae
2684 1177 2953 1223 rectorem
3008 1168 3062 1222 in
3115 1175 3360 1237 tempora
3419 1166 3578 1237 longa,
3617 1168 3787 1223 mellilla:

2323 1258 2537 1327 gratum
2585 1257 2801 1330 populis
2845 1257 3088 1315 doctrina
3144 1273 3245 1327 per
3285 1259 3485 1327 orbem,
3533 1256 3790 1328 Perﬁciatqnc

2324 1347 2435 1405 Deo
2462 1348 2684 1422 dignum
2710 1350 2797 1421 pia
2829 1350 3005 1422 gratia
3045 1349 3273 1406 Christi.
3328 1348 3593 1420 Splendida
3628 1350 3790 1419 perﬁciat

2323 1438 2524 1496 ﬂorens
2576 1456 2673 1497 sua
2729 1442 2927 1514 gaudia
2990 1440 3184 1508 Mater,
3232 1450 3393 1512 atque
3441 1442 3606 1499 domus
3653 1441 3789 1497 Domini

2325 1531 2539 1589 lzetetur
2566 1532 2724 1606 plebe
2756 1534 3031 1590 secunda.

2639 1625 2882 1697 Epistola
2928 1623 3210 1680 Zacharim
3252 1625 3320 1680 ad
3364 1624 3582 1679 Wittam.
3700 1696 3707 1703 ἢ

2400 1717 2762 1775 Dilectissimo
2788 1719 2946 1775 nobis
2970 1717 3191 1774 Wrru:
3213 1727 3412 1789 sanctae
3432 1715 3646 1773 Ecclesia
3660 1716 3790 1770 Barba-

2333 1826 2481 1866 ranm
2507 1811 2813 1867 ZACIIARIAS
2833 1826 2992 1882 papa.

630 1919 758 1957 nam
788 1902 978 1959 urbem
1019 1902 1222 1973 aliquid
1253 1904 1434 1960 facere
1458 1903 1715 1969 viderint,
1745 1918 1811 1958 ex
1856 1901 1943 1957 his
1962 1900 2205 1973 peccatis,

2212 1942 2218 1962 ,
2252 1891 2299 1952 B
2397 1895 3787 1971 Dominocooperauteetsermonemconﬁrmantewm.

633 2006 756 2065 quae
789 2010 890 2052 nos
914 1996 1295 2067 prohibemus,
1318 1996 1527 2052 licitum
1550 2006 1606 2051 et
1634 2010 1953 2052 concessum
1980 2010 2012 2048 a
2048 2007 2234 2049 sacer-

634 2086 851 2143 dotibus
896 2102 1017 2143 esse
1061 2095 1294 2158 putant,
1339 2095 1394 2143 et
1448 2088 1575 2143 dum
1630 2087 1787 2143 nobis
1842 2084 2233 2157 improperium

636 2177 923 2247 deputant,
953 2178 1057 2233 sibi
1096 2176 1409 2234 scandalum
1446 2178 1571 2233 vita:
1597 2176 1892 2246 accipiunt,
1924 2175 2064 2231 sicut
2091 2173 2235 2229 ailir-

637 2280 793 2328 mant
817 2283 881 2327 se
905 2272 1104 2327 vidisse
1136 2272 1293 2326 annis
1337 2270 1563 2341 singulis
1610 2271 1662 2325 in
1709 2269 1955 2325 Romana
1996 2267 2151 2331 urbe,
2182 2275 2237 2322 et

631 2362 790 2433 juxta
843 2362 1143 2419 Ecclesiam
1191 2363 1365 2420 sancti
1420 2362 1605 2427 Petri,
1662 2361 1715 2416 in
1762 2361 1852 2417 die
1901 2359 1985 2414 vel
2035 2367 2271 2439 nocte,_

638 2457 859 2526 quando
895 2455 1120 2512 Kalend.
1156 2454 1402 2513 Januarii
1451 2456 1679 2520 intrant,
1729 2468 2063 2527 paganorum
2108 2468 2242 2508 con-

641 2548 931 2605 suetudine
985 2548 1187 2605 choros
1253 2548 1454 2604 ducere
1501 2562 1597 2620 per
1630 2545 1837 2618 plateas
1874 2553 1930 2601 et
1970 2544 2240 2602 acclama-

641 2641 821 2697 tiones
847 2642 959 2696 ritu
980 2642 1283 2712 gentilium,
1311 2650 1364 2696 et
1408 2641 1750 2697 cautaliones
1776 2639 2072 2710 sacrilegas
2098 2638 2240 2694 cele-

641 2733 827 2798 brare,
856 2743 911 2788 et
932 2749 1147 2790 mensas
1169 2734 1258 2789 illa
1281 2734 1369 2789 die
1392 2733 1474 2788 vel
1501 2744 1656 2789 nocte
1672 2732 1901 2802 dapibus
1914 2746 2167 2796 onerare,
2187 2738 2244 2785 et

642 2821 851 2877 nullum
901 2823 966 2879 de
1012 2823 1175 2879 domo
1208 2839 1304 2879 sua
1357 2824 1556 2894 ignem,
1584 2822 1669 2878 vel
1718 2822 2130 2886 ferramentum,
2158 2819 2244 2877 vel

646 2911 851 2985 aliquid
889 2914 1159 2971 commodi
1191 2915 1369 2970 vicino
1419 2931 1518 2971 suo
1547 2922 1809 2986 prtestare
1840 2904 2019 2969 veller
2047 2913 2246 2969 Dicunt

645 3017 864 3073 quoque
893 3018 954 3058 se
983 3001 1183 3060 vidisse
1228 3004 1303 3059 ibi
1353 3005 1609 3062 mulieres
1646 3018 1859 3077 pagano
1909 3003 2017 3060 ritu
2053 3003 2245 3075 phyla-

646 3096 819 3151 eteria
846 3105 899 3152 et
928 3096 1212 3169 ligaturas,
1236 3108 1291 3154 et
1321 3099 1374 3154 in
1401 3100 1659 3163 brachiis,
1692 3109 1747 3154 et
1775 3098 2027 3155 cruribus
2054 3097 2247 3170 ligatas

645 3187 872 3254 habere,
916 3198 969 3246 et
1013 3189 1227 3260 publice
1265 3191 1333 3247 ad
1367 3191 1706 3247 vendendum
1736 3190 1953 3246 venales
1987 3191 2054 3245 ad
2097 3204 2240 3244 com-

2337 2010 2448 2055 xvr,
2474 1993 2567 2065 20)
2592 1994 2658 2048 ad
2681 1994 3010 2049 dilatandam
3026 1990 3448 2047 Christianitatis
3468 1989 3611 2061 legem
3625 1987 3787 2041 etortb-

2336 2084 2490 2140 doxte
2506 2084 2628 2139 ﬁdei
2653 2084 2948 2149 tramitem,
2968 2083 3036 2138 ad
3062 2081 3365 2138 docendum
3380 2080 3521 2150 juxta
3541 2079 3653 2148 quod
3668 2074 3788 2146 pardi-

2337 2184 2427 2232 cat
2448 2185 2635 2231 sancta
2654 2176 2767 2231 lucc
2784 2175 3049 2241 Romana,
3065 2174 3155 2230 cui
3182 2174 3293 2229 Deo
3313 2182 3519 2228 auctore
3531 2169 3788 2241 praesidem“.

2336 2248 2580 2321 Ecclesia
2603 2265 2834 2320 innotuit
2861 2264 3017 2321 nobis
3047 2263 3422 2320 sanctissimus
3443 2279 3500 2316 ac
3522 2258 3788 2315 reverendus

2340 2372 2465 2412 mus
2482 2356 2650 2411 frater
2667 2363 2723 2411 et
2743 2355 3096 2426 coepiscopus
3118 2365 3327 2419 noster,
3343 2349 3791 2416 Bonifacius,nupem

2339 2447 2645 2505 decrevisse
2667 2455 2723 2502 et
2747 2446 3030 2503 ordinasse
3053 2448 3108 2501 in
3130 2444 3431 2503 Germania:
3449 2442 3647 2513 partibus
3663 2438 3789 2507 episco-

2340 2540 2491 2612 Ρίιιθε
2512 2539 2693 2606 sedes.
2718 2539 2809 2593 υὺί
2838 2550 3036 2610 pmeSt
3058 2548 3244 2593 vestra
3267 2535 3491 2599 dilectio,
3512 2528 3791 2602 ctprovincial

2343 2634 2397 2688 in
2421 2643 2534 2690 tres
2554 2632 2802 2688 divisisse
2834 2631 3153 2703 parochias;
3207 2646 3315 2700 quo
3339 2627 3537 2699 cognito
3561 2639 3650 2679 cum
3671 2633 3789 2690 mgna

2343 2726 2703 2783 exsultatione
2733 2724 2975 2780 extensis
3003 2722 3070 2777 ad
3103 2722 3286 2776 sidera
3332 2718 3529 2790 palmis,
3564 2708 3789 2769 illuminatori

2343 2828 2399 2874 et
2419 2819 2596 2874 datori
2611 2818 2853 2873 onmium
2874 2816 3167 2878 bonorum,
3186 2812 3422 2884 Domino
3447 2809 3544 2865 Deo
3561 2816 3603 2864 et
3617 2797 3787 2860 Salutori

2345 2922 2534 2967 nostro
2563 2908 2690 2965 Jesu
2717 2908 2939 2964 Christo
2979 2907 3190 2977 gratias
3219 2906 3449 2976 egimus,
3481 2901 3560 2970 qui
3592 2896 3791 2951 tacitum-

2344 3016 2449 3074 que
2475 3018 2640 3058 unum
2671 3001 2889 3073 (Eplies.
2922 3015 2985 3065 tl,
3020 2998 3131 3070 14).
3174 2996 3460 3069 Flagitavit
3502 3000 3639 3046 autrm
3659 2980 3791 3039 attollit

2342 3110 2445 3171 pro
2470 3095 2583 3149 suis
2634 3092 2858 3166 syllabis
2904 3091 3017 3164 jam
3049 3090 3231 3146 dictus
3268 3085 3606 3144 sanctissimus
3636 3077 3707 3171 vir.
3732 3083 3792 3171 per

2348 3162 2699 3257 imostolicam
2724 3162 3106 3242 auctoritatem
3140 3192 3355 3238 vestras
3394 3168 3651 3234 conﬁrmari

646 3250 949 3351 parandum
998 3250 1122 3337 aliis
1166 3280 1383 3337 oﬁ‘erre.
1414 3282 1545 3349 Qum
1573 3285 1755 3339 omnia
1807 3298 1873 3338 eo
1901 3282 2044 3352 quod
2091 3280 2163 3336 ibi
2210 3296 2241 3335 a
2271 3253 2315 3315 δ
2346 3250 2453 3333 Pro
2490 3292 2601 3347 quo
2624 3284 2680 3331 et
2705 3291 2806 3330 nos
2834 3273 3046 3332 ardenti
3076 3273 3297 3336 animo,
3337 3277 3387 3324 et
3426 3265 3584 3322 divino
3615 3250 3792 3352 iuveni“.
3880 3266 3881 3281 ‘

655 3374 986 3440 carnalibus,
1016 3384 1071 3431 et
1105 3376 1492 3447 insipientibus
1528 3376 1804 3441 videntur,
1834 3376 1995 3431 nobis
2025 3375 2114 3432 hic
2140 3374 2245 3430 im-

649 3465 966 3535 properiun‘t
1010 3473 1066 3520 et
1107 3467 1555 3537 impedimentum
1584 3466 1989 3537 prmdicationis
2057 3475 2114 3522 et
2150 3466 2248 3522 do-

651 3544 843 3609 ctrina!
861 3555 1168 3625 perﬁciunt.
1188 3556 1265 3611 De
1288 3556 1483 3613 talibus
1502 3557 1578 3612 ait
1596 3556 1907 3626 Apostolus,
1925 3556 2243 3627 increpans:

652 3646 820 3719 289
848 3667 867 3700 ι
908 3648 1033 3704 Dies
1055 3649 1381 3716 observatis,
1420 3660 1476 3705 et
1503 3659 1769 3720 tempora.
1813 3651 2002 3706 Timeo
2035 3665 2102 3706 ne
2131 3651 2249 3707 sine

654 3755 819 3796 causa
847 3739 1207 3797 laboraverim
1224 3742 1277 3797 in
1299 3741 1645 3814 vobis(Psal.
1661 3759 1736 3809 IV,
1762 3742 1848 3807 10,
1870 3742 1980 3815 ll).
2004 3762 2023 3796 ι
2047 3742 2249 3799 Etsan-

655 3842 777 3890 ctus
798 3834 1134 3906 Augustinus
1168 3836 1303 3891 dixit
1336 3854 1349 3890 :
1376 3834 1512 3890 Nam
1551 3837 1642 3906 qui
1672 3836 1950 3906 praedictis
1978 3835 2157 3901 malis,
2192 3834 2246 3890 id

653 3934 763 3992 est,
777 3928 980 3992 carnis,
997 3938 1051 3983 et
1072 3928 1294 3993 divinis,
1308 3937 1361 3981 et
1378 3927 1742 3999 aruspicibus,
1765 3927 1849 3983 vel
1870 3926 2244 3999 phylacteriis,

656 4028 713 4073 et
740 4018 860 4074 aliis
885 4019 1215 4089 quibuslibet
1279 4020 1523 4089 auguriis
1551 4019 1863 4085 crediderit,
1892 4019 1989 4075 etsi
2013 4016 2245 4090 jejunet,

655 4108 761 4165 etsi
809 4118 969 4173 oret,
1018 4108 1121 4163 etsi
1176 4108 1381 4181 iugiter
1419 4110 1488 4165 ad
1546 4109 1806 4166 ecclesias
1860 4119 2085 4175 currat,
2142 4110 2246 4166 etsi

658 4201 841 4273 largas
886 4200 1261 4271 eleemosyuas
1293 4200 1481 4267 faciat,
1532 4201 1633 4258 etsi
1663 4194 2045 4272 corpusculum
2089 4218 2247 4259 suum

660 4294 717 4350 in
764 4295 914 4351 omni
952 4293 1243 4351 atllictione
1288 4296 1642 4369 cruciaverit,
1690 4296 1826 4352 nihil
1876 4296 1925 4354 ei
1979 4297 2245 4368 proderit,

659 4387 899 4458 quandiu
922 4388 1203 4457 sacrilegia
1226 4388 1314 4444 illa
1329 4405 1436 4444 non
1454 4390 1751 4461 reliquerit.
1778 4390 1912 4446 Nam
1928 4392 1973 4447 si
1999 4391 2132 4447 istas
2154 4407 2247 4462 pa-

660 4480 851 4551 ganias
876 4483 1180 4550 paternilas
1202 4491 1381 4537 vestra
1424 4481 1497 4538 ibi
1528 4483 1582 4538 in
1617 4484 1865 4539 Romana
1898 4485 2032 4539 urbe
2060 4484 2247 4555 prohi-

659 4569 864 4634 buerit,
889 4578 943 4625 et
971 4570 1073 4625 sibi
1121 4572 1451 4638 mercedem,
1480 4580 1535 4627 et
1563 4573 1721 4629 nobis
1745 4574 2040 4629 maximum
2070 4573 2250 4645 profe-

664 4668 810 4714 etum
827 4659 880 4715 in
908 4662 1153 4717 doctrina
1176 4663 1544 4718 ecclesiastica
1561 4664 1824 4735 perﬁciet.
1844 4664 2093 4736 Episcopi
2116 4682 2252 4737 quo-

664 4764 770 4820 que
797 4759 853 4807 et
874 4751 1178 4824 presbyteri
1227 4754 1440 4823 generis
1488 4752 1843 4819 Francorum,
1890 4754 1982 4822 qui
2036 4753 2256 4812 fuerunt

668 4841 926 4911 adulteri,
958 4852 1017 4900 et
1060 4843 1422 4900 fornicatores
1468 4845 1747 4912 acerrimi,
1794 4860 1933 4915 quos
1978 4845 2033 4901 in
2084 4847 2253 4917 gradu

665 4934 1031 5007 episcopatus,
1061 4937 1147 4992 vel
1182 4939 1526 5009 presbyterii.
1556 4937 1971 5000 fornicationum
2001 4938 2098 4994 ﬁlii
2140 4940 2257 4995 nati

666 5038 925 5099 arguunt,
950 5030 1292 5086 reveuieutes
1324 5031 1390 5085 ab
1420 5031 1719 5101 apostolica
1737 5031 1887 5099 sede,
1930 5031 2123 5088 dicunt
2151 5033 2255 5089 sibi

667 5117 973 5175 Romanum
1001 5121 1311 5194 pontiﬁcem
1349 5122 1621 5178 licentiam
1652 5122 1869 5180 dedisse
1895 5123 2257 5180 ministerium

670 5209 978 5281 episcopale
1002 5210 1054 5265 in
1088 5211 1331 5267 Ecclesia
1364 5210 1697 5269 ministrare.
1732 5212 1880 5281 Quos
1911 5224 2103 5271 contra
2129 5230 2260 5272 con-

671 5301 971 5369 tendimus,
999 5303 1124 5373 quia
1155 5306 1504 5375 apostolicam
1535 5308 1717 5363 sedem
1765 5321 2109 5378 nequaquam
2136 5302 2263 5363 con4

672 5402 757 5448 tra
789 5393 1010 5450 decreta
1035 5409 1305 5451 canonum
1331 5397 1635 5453 audivimus
1653 5397 1948 5467 iudicasse.
1994 5398 2122 5454 Hcec
2142 5414 2262 5454 om-

671 5488 787 5553 nia,
817 5480 1043 5545 domine
1067 5489 1412 5557 cbarissime,
1455 5500 1743 5564 propterea
1774 5490 1930 5548 vobis
1967 5500 2094 5547 nota
2125 5489 2261 5546 faci-

668 5598 818 5649 mus,
839 5593 901 5639 ut
920 5593 1116 5641 vestra:
1137 5586 1476 5641 auctoritatis
1499 5599 1816 5658 responsum
1878 5583 2077 5641 talibus
2133 5584 2263 5640 dare

668 5678 961 5747 possimus,
1010 5687 1070 5734 ut
1114 5695 1213 5750 per
1269 5677 1536 5733 cautelam
1578 5685 1773 5734 vestrae
1821 5678 2086 5734 doctrina:
2134 5691 2265 5733 oves

670 5763 930 5821 Ecclesiae
965 5781 1072 5822 non
1102 5769 1454 5843 seducautur,
1484 5769 1577 5824 sed
1608 5768 1718 5838 lupi
1758 5782 1986 5838 rapaces
2008 5767 2263 5824 commoti

672 5868 730 5918 et
754 5860 995 5933 superati
1022 5840 1513 5933 pereantluterea
1546 5860 1866 5918 munuscula
1922 5875 2085 5932 parva
2115 5859 2274 5917 vobis.
2379 5854 2527 5910 mine
2573 5851 2853 5938 elaborate
2883 5862 2981 5935 pro
3026 5838 3371 5931 ﬁdeChr'tsli.

2347 3378 2412 3426 a‘c
2442 3344 2767 3425 auctoritate
2788 3366 2932 3423 beati
2957 3365 3130 3431 Petri,
3157 3360 3510 3436 apostolorum
3529 3344 3793 3445 principis}?

2348 3465 2473 3520 data
2515 3472 2595 3519 est
2627 3478 2659 3517 a
2698 3461 2813 3517 Deo
2857 3468 2913 3516 et
2966 3458 3255 3515 Salvatore
3301 3462 3475 3510 nostro
3510 3446 3614 3502 .lesu
3657 3436 3793 3495 Citrile

2345 3557 2546 3630 ligandi
2585 3554 2934 3624 solvendique
2970 3558 3221 3622 potestas
3251 3544 3469 3620 (Matth.
3492 3554 3586 3601 va,
3614 3530 3689 3630 l9)

2347 3626 2485 3708 cata
2527 3646 2806 3704 hominum
2850 3645 2904 3699 in
2953 3643 3095 3699 caelo
3138 3651 3197 3698 et
3255 3642 3306 3696 in
3344 3648 3500 3700 terra,
3533 3626 3793 3708 conlimwniﬁ

2349 3705 2514 3811 atque
2545 3738 2746 3795 solidas
2788 3747 3109 3806 permanere
3154 3742 3367 3789 vestras
3406 3705 3793 3811 ερίεοονιιθδξθῗέ

2348 3794 2646 3896 sancimus,
2677 3829 3085 3891 interdicentes,
3126 3825 3309 3896 ipsius
3347 3813 3579 3893 principis
3615 3794 3791 3896 aposloit)‘

2348 3942 2470 3982 rum
2520 3893 2846 3979 auctoritate
2875 3936 2904 3975 a
2944 3893 3204 3989 praesenti
3252 3913 3492 3971 omnibus
3535 3912 3579 3959 et
3604 3893 3795 3953 infamias

2349 4015 2745 4090 generationes,
2775 4021 2835 4068 ut
2876 4010 3058 4067 nullus
3084 4008 3284 4065 audeat
3325 4012 3501 4061 contra
3526 3989 3792 4090 callide?

2350 4080 2519 4167 stram
2540 4080 3143 4163 venirerordiuationem
3170 4115 3294 4171 quae
3321 4096 3562 4180 dignanw‘

2350 4212 2467 4258 stra
2502 4198 2864 4272 praeceptione
2894 4195 2949 4249 in
2981 4193 3139 4249 vobis
3181 4190 3324 4245 facta
3351 4194 3449 4249 est,
3486 4176 3633 4236 ethoc
3656 4157 3792 4272 militi:

2352 4259 2562 4357 centes,
2592 4298 2651 4344 ut
2677 4259 2858 4344 nullus
2888 4286 3090 4341 audeat
3125 4281 3282 4353 juxta
3322 4281 3599 4337 sanctorum
3621 4259 3795 4357 and“?

2352 4386 2723 4449 traditionem,
2759 4397 2826 4438 ex
2874 4380 2980 4435 alio
3011 4378 3327 4449 episcOpatu
3377 4367 3553 4479 ibide'm

2354 4487 2446 4533 aut
2465 4447 2721 4532 ordinare
2738 4447 3071 4544 episcopum,
3096 4447 3220 4540 post
3246 4472 3469 4522 νϐεῑτίιίη
3491 4455 3548 4510 de
3569 4451 3648 4504 hoc

2355 4570 2750 4633 evocationem,
2770 4529 2874 4621 nisi
2908 4529 2954 4619 is
2990 4562 3083 4633 qui
3128 4553 3624 4633 apostolicae,an

2358 4661 2464 4717 illis
2487 4621 2845 4730 potestatibus
2868 4621 3281 4725 praesentaverit
3303 4646 3480 4735 viceni-

2358 4708 2463 4717 η..-
2487 4708 2737 4730 τμη-ψ-
2762 4708 2796 4710 ν-
2824 4708 2837 4711 τ
2869 4708 2883 4725 .
3566 4723 3575 4734 .
3782 4724 3796 4735 .

2357 4751 2583 4808 alterius
2626 4745 2917 4820 parochias
2948 4742 3224 4805 invadere,
3276 4745 3368 4793 aut
3400 4728 3629 4838 Ecclesms
3662 4708 3797 4838 5:12;;

2348 4845 2489 4899 itere
2512 4805 2831 4912 pnestttuat.
2864 4836 3023 4901 Nam,
3072 4833 3217 4903 quod
3271 4843 3370 4885 non
3398 4805 3778 4912 credimtts,.$:|n:l:‘:

2358 4935 2447 4991 ille
2474 4892 2635 4988 furerit
2677 4930 2770 5001 qui
2815 4936 3005 4984 contra
3054 4926 3197 4980 hanc
3241 4928 3460 4977 vestram

2363 5025 2655 5083 temerario
2694 4986 2835 5076 ausu
2880 5019 3065 5075 venire
3113 5010 3415 5071 tentaverit,
3465 4986 3795 5110 scutarii";

2363 5119 2458 5193 Dei
2481 5115 2689 5189 indicio
2718 5109 3084 5167 anathematis
3107 5105 3319 5164 vinculo
3344 5110 3455 5156 esse
3489 5081 3795 5209 inuetitum;

2363 5172 2501 5281 quis.
2530 5221 2660 5262 vero
2701 5203 2997 5276 apostolica
3036 5196 3336 5295 servaverit
3376 5172 3797 5295 prmceptnainimb:

2363 5267 2506 5357 mam
2540 5306 2702 5354 recta:
2813 5293 3131 5350 orthodoxa?
3153 5289 3273 5347 ﬁdei
3312 5281 3462 5339 fuerit
3492 5267 3794 5382 suffiit:

2365 5390 2693 5449 nedictionis
2743 5386 2975 5459 gratiam
3006 5391 3384 5454 consequatur.
3413 5373 3480 5427 De
3498 5352 3795 5476 ωεῖιίωςξιιὲ

2371 5496 2457 5541 tus
2484 5482 2721 5537 divinam
2743 5440 3028 5549 vrogamus
3075 5473 3424 5531 clementiam,
3462 5468 3512 5516 ut
3535 5440 3792 5577 conti???bﬁ

2713 5574 2726 5577 _
2973 5570 2985 5577 .
3355 5570 3366 5577 ι
3397 5550 3637 5577 η-...ζηιιαι
3766 5556 3771 5565 ⁸

2372 5577 2689 5632 corroboret
2713 5574 2816 5628 hoc
2844 5570 2988 5641 quod
3018 5577 3271 5640 operatus
3295 5570 3373 5619 est
3397 5543 3793 5662 beluinis.

2466 5630 2710 5725 charitas
2742 5630 3070 5734 Ben-gratia
3117 5671 3174 5716 et
3200 5674 3301 5730 pax
3328 5663 3440 5716 rem
3564 5630 3727 5736 misr:

2377 5771 2582 5816 vestro.
2610 5710 2955 5813 Sanctissimi
2981 5762 3037 5809 et
3062 5710 3389 5808 dileciissimi
3423 5730 3567 5791 nobis.

3398 5841 3448 5895 et
3477 5822 3531 5881 ad
3548 5797 3794 5895 utinm“
