3988 6422
139 412 296 469 H65

1317 431 1804 494 nscasrauuu
1839 395 2238 498 comem.

3192 511 3201 518 -
3259 477 3397 537 H66

134 541 271 631 ego?
296 526 682 598 perficiendum
713 532 1007 607 decertate,
1032 550 1092 599 ut
1116 552 1172 600 et
1197 561 1318 602 cum
1349 550 1563 621 egregio
1581 550 1725 621 Apo-
1755 571 1808 631 Α
1833 550 2076 611 diffusam
2106 569 2137 611 a
2166 571 2225 612 se
2245 530 2497 629 gratiam,
2529 567 2587 615 ut
2616 559 2669 616 in
2698 560 2904 617 unitate
2947 561 3091 625 ﬁdei,
3116 568 3171 623 et
3196 550 3397 623 invin-

128 610 297 666 stole
329 619 645 676 mereamini
674 621 856 681 dicere
885 644 899 681 :
930 645 949 680 ι
971 629 1176 687 Bonum
1204 610 1728 706 certamenvccrtavi,
1755 610 1808 631 ﬂ
1831 648 1952 706 culo
1998 651 2148 721 pacis
2201 610 2503 721 ambuletis,
2531 663 2587 710 et
2628 675 2647 708 ι
2678 655 2749 711 sit
2781 655 3037 726 splendor
3064 654 3273 715 Domini
3301 654 3397 713 Dei

136 712 377 800 cursum
402 713 798 781 consummavi,
833 715 994 774 fidem
1022 726 1254 781 servavi.
1293 727 1367 782 De
1390 728 1619 803 reliquo,
1646 745 1732 785 re-

128 788 332 882 posita
353 801 436 847 est
465 794 595 851 mihi
625 812 822 857 corona
851 804 1102 877 iustitiae,
1148 828 1310 882 quam
1363 788 1553 874 reddet
1596 788 1728 874 mihi

134 875 421 976 BOIDIPUS
446 883 501 939 in
538 885 687 944 illum
717 891 1054 964 diemjustus
1090 875 1256 970 iudex
1288 904 1374 975 (11
1409 905 1545 960 Tim.
1570 921 1641 972 tv,
1671 909 1725 976 8,

136 965 234 1066 8)ἶ
256 988 279 1024 ι
311 970 622 1033 Salutantes
643 993 740 1038 vos
755 983 807 1037 in
834 986 1061 1045 Domino
1088 965 1268 1049 valere
1294 965 1564 1066 optamus.
1582 965 1728 1055 Bene

136 1057 352 1116 valete.
381 1062 516 1121 Data
550 1065 670 1125 Kal.
713 1073 934 1144 Aprilis,
979 1080 1279 1151 imperante
1325 1057 1545 1144 domino
1582 1087 1727 1144 Con-

130 1152 635 1252 stantinotmagno
669 1162 1016 1237 imperatore,
1065 1186 1207 1229 anno
1235 1173 1329 1242 24,
1369 1175 1583 1248 imperii
1613 1176 1730 1252 ejus

136 1254 299 1296 anno
331 1243 388 1307 2,
413 1244 706 1308 indictione
733 1263 904 1312 sexta.
1445 1243 1464 1248 ”
1592 1311 1601 1316 .

257 1332 501 1404 Epistula
527 1337 805 1402 lacuaria
840 1348 912 1403 ad
940 1348 1272 1424 Bonifacium
1301 1356 1619 1428 episcopum.

219 1423 700 1517 [tererendissimo
741 1448 796 1495 et
824 1423 1170 1504 sanctissimo
1209 1423 1389 1517 fratri,
1438 1449 1728 1509 Boumelo

124 1516 473 1590 .coepiseOpo
511 1521 835 1598 Zacnamts,
867 1548 1055 1592 servus
1084 1554 1369 1596 servorum
1399 1540 1516 1598 Dei.

224 1604 481 1681 Virgilius
499 1624 554 1671 et
568 1616 861 1695 .Sodomus,
886 1626 986 1682 viri
1011 1628 1267 1701 religiosi,
1292 1634 1433 1704 apud
1456 1630 1730 1703 Bajoario—

140 1711 271 1753 rum
299 1703 632 1770 provinciam
662 1711 936 1785 degentes,
972 1720 1087 1777 suis
1116 1722 1256 1792 apud
1286 1703 1386 1780 nos
1422 1724 1618 1782 litteris
1644 1726 1727 1782 usi

126 1799 299 1886 sunt,
340 1809 441 1865 per
465 1812 604 1868 quas
644 1803 1052 1879 intimaverunt,
1089 1816 1233 1886 quod
1285 1824 1374 1873 tua
1425 1820 1726 1876 reverenda

1831 742 2000 796 nostri
2040 757 2203 813 super
2243 759 2343 799 nos
2383 743 2554 815 (Psal.
2600 761 2822 811 Lxxnx,
2871 744 2956 816 i7)
2992 764 3010 805 ρ
3062 743 3400 815 dilectissimi

1831 829 1982 893 mihi,
2016 837 2070 885 et
2114 830 2398 887 abundans
2429 833 2603 907 gratia
2631 833 2780 903 pacis
2810 842 2866 890 et
2906 832 3211 901 charitatis,
3240 842 3299 888 nt
3323 832 3401 886 si-

1773 943 1783 955 α
1831 920 1897 973 tis
1921 934 2085 976 unum
2111 936 2307 993 corpus
2330 923 2592 993 spiritalis
2622 929 2808 980 matris
2842 934 3040 980 vestra
3076 933 3279 1001 sanctae
3304 939 3398 978 ca-

1831 1006 2043 1063 tholicae
2077 1017 2131 1063 et
2157 1011 2465 1080 apostolica:
2493 1012 2584 1068 Dei
2620 1012 2893 1079 Ecclesiae,
2924 1010 2980 1069 in
3012 1010 3141 1083 qua,
3171 1011 3283 1067 Deo
3305 1027 3401 1067 au-

1828 1112 1978 1159 ctore
2015 1114 2068 1163 et
2091 1105 2439 1178 dispositore,
2469 1110 2717 1181 quamvis
2758 1120 2908 1166 tanto
2950 1109 3167 1180 fastigio
3193 1111 3400 1166 viribus

1829 1192 1985 1267 longe
2016 1194 2268 1267 impares,
2292 1213 2614 1268 praesumus,
2634 1199 2920 1270 implentes
2961 1200 3092 1258 illud
3115 1200 3401 1270 prepheti-

1730 1286 1731 1291 “
1828 1299 1950 1340 cum
1975 1285 2178 1343 dictum
2212 1306 2226 1343 :
2270 1306 2290 1340 ι
2322 1288 2461 1346 Ecce
2485 1305 2645 1361 quam
2674 1290 2895 1354 bonum,
2923 1300 2979 1346 et
3008 1306 3169 1361 quam
3205 1289 3404 1360 jucun-

1828 1373 1954 1432 dum
1996 1378 2260 1446 habitare,
2315 1379 2513 1437 fratres
2544 1381 2596 1436 in
2622 1397 2789 1437 unum
2819 1380 2992 1453 (Psal.
3021 1397 3234 1447 cxxxu,
3266 1381 3341 1451 i).
3376 1399 3395 1435 ι

1828 1464 2040 1523 Etenim
2086 1476 2141 1523 et
2194 1469 2239 1524 si
2293 1484 2394 1539 pro
2438 1470 2650 1526 itineris
2698 1469 3034 1541 longitudine
3088 1485 3405 1541 quanquam.

1827 1571 2056 1629 corpore
2088 1574 2273 1615 sumus
2308 1561 2584 1619 absentes.
2614 1560 2670 1616 in
2714 1561 2919 1635 Spiritu
2945 1572 3126 1619 tamen
3154 1559 3400 1615 dilectio-

1827 1646 1913 1701 nis
1939 1661 2151 1716 semper
2171 1662 2358 1704 sumus
2385 1650 2539 1705 vobis
2561 1659 2875 1720 praesentes,
2921 1649 3182 1705 habentes
3223 1663 3320 1703 vos
3342 1647 3401 1711 in

1827 1737 2125 1795 visceribus
2168 1740 2388 1807 nostris,
2430 1750 2486 1796 et
2539 1742 2756 1798 assidue
2797 1750 3036 1809 orantes,
3078 1750 3137 1795 ut
3180 1740 3321 1796 Deus
3348 1747 3419 1835 et.

1828 1826 2089 1885 Dominus
2116 1839 2302 1887 noster
2328 1829 2483 1888 Jesus
2508 1831 2756 1889 Christus
2793 1833 2961 1888 multo
3004 1831 3234 1903 amplius
3274 1846 3403 1886 con-

1040 1877 1047 1879 .
1829 1877 2088 1885 _-----__-
2116 1877 2293 1887 πη--.
2329 1877 2483 1888 -..ην
2512 1877 2756 1889 mu.-.“
2793 1877 2959 1888 ......-.,
3004 1877 3234 1903 .....,..._-
3278 1877 3376 1886 η.-

139 1877 464 1947 ίτθίθηθίίθδ
484 1890 571 1949 eis
594 1894 896 1969 ῖηὶιιηιςθτει
942 1877 1280 1963 ChriSliallOS
1327 1909 1504 1964 denuo
1551 1911 1726 1981 bapli-
1754 1911 1803 1974 B
1831 1916 2009 1974 ﬁrmet
2032 1921 2193 1977 corda
2226 1930 2421 1988 vestra,
2448 1930 2503 1979 et
2530 1924 2846 1980 corroboret
2871 1924 2925 1979 in
2967 1921 3400 1978 exhortationem

140 1985 296 2067 pare.
328 1979 485 2047 Quod
530 1987 836 2057 audientes,
881 1993 1044 2051 nimis
1084 1995 1284 2053 fuimus
1316 1979 1649 2067 conturbati,
1674 2009 1729 2057 et

139 2063 201 2118 iu
227 2067 644 2133 adtitirationem
672 2083 960 2150 quamdam
992 2086 1294 2152 incidimus,
1325 2089 1369 2143 si
1391 2063 1644 2156 habetur,
1669 2100 1730 2148 ut

141 2164 357 2222 dictum
377 2176 477 2222 est.
499 2167 819 2230 Retulerunt
854 2176 1052 2249 quippe
1077 2181 1221 2250 quod
1242 2179 1406 2237 fuerit
1450 2183 1504 2238 in
1539 2185 1729 2240 eadem

142 2258 432 2329 provincia
477 2264 751 2334 sacerdos,
780 2268 871 2336 qui
920 2268 1171 2326 Latinam
1218 2271 1453 2344 linguam
1513 2276 1731 2346 penitus

145 2350 455 2421 ignorabat,
493 2361 550 2409 et
595 2355 722 2410 dum
768 2358 1095 2430 baptizaret,
1142 2365 1391 2421 nesciens
1417 2364 1594 2422 Latini
1624 2367 1731 2423 elo-

149 2440 292 2510 quii,
319 2441 611 2516 infringens
648 2446 905 2520 linguam,
928 2452 1133 2509 diceret
1157 2471 1173 2509 :
1210 2454 1435 2525 Baptizo
1465 2464 1520 2513 te
1548 2458 1604 2513 in
1631 2474 1731 2516 no-

148 2530 302 2587 mine
329 2532 528 2601 Patria,
565 2546 621 2594 et
650 2538 810 2607 Filia,
837 2549 895 2597 et
923 2541 1128 2614 Spiritu
1158 2556 1369 2614 sancta,
1400 2562 1466 2604 ac
1494 2563 1594 2620 per
1625 2552 1729 2608 hoe

149 2632 241 2677 tua
294 2624 607 2686 fraternitas
634 2632 998 2690 consideravit
1043 2637 1404 2709 reliaptizarc.
1436 2639 1566 2710 Sed,
1597 2657 1726 2700 san-

144 2715 388 2774 ctissime
429 2718 620 2789 frater,
641 2724 687 2780 si
715 2724 806 2782 ille
827 2727 919 2797 qui
968 2729 1288 2799 baptizavit,
1327 2748 1436 2788 non
1481 2749 1728 2792 errorem

143 2805 519 2877 introducens,
570 2822 665 2870 aut
708 2814 980 2885 haeresim,
1010 2820 1107 2876 sed
1140 2836 1237 2892 pro
1278 2824 1393 2878 sola
1424 2824 1727 2896 ignorantia

143 2897 407 2955 Romamn
454 2901 740 2963 locutionis
779 2906 1121 2979 infringcndo
1156 2912 1416 2984 linguam,
1453 2925 1512 2971 ut
1537 2932 1725 2989 supra,

141 2984 248 3045 fati
282 3002 493 3054 sumus,
530 2990 811 3063 baptizans
856 2996 1102 3065 dixisset,
1150 3017 1256 3058 non
1281 3019 1570 3075 possumus
1597 2984 1728 3064 con;

136 3075 375 3142 sentire,
402 3084 463 3131 ut
487 3077 663 3135 denuo
707 3081 1074 3153 baptizentur,
1105 3089 1256 3157 quia,
1297 3099 1388 3145 tua
1417 3094 1559 3161 quod
1589 3095 1728 3151 bene

135 3177 484 3238 compertum
530 3171 695 3231 habet
766 3185 954 3232 sancta
1013 3176 1352 3249 fraternitas,
1414 3183 1727 3257 quicunque

135 3257 454 3328 baptizatus
488 3260 650 3318 fuerit
682 3265 751 3322 ab
780 3266 1068 3333 haireticis,
1100 3271 1155 3327 in
1182 3274 1402 3330 nomine
1438 3274 1637 3341 Patris,
1669 3286 1726 3334 et
1751 3262 1798 3327 Ο

134 3346 297 3413 Filii,
320 3358 376 3404 et
398 3348 636 3421 Spiritus
675 3357 869 3420 sancti,
902 3359 1051 3414 nullo
1066 3361 1224 3418 modo
1259 3365 1586 3437 rebaptizari
1636 3369 1730 3423 de.

142 3440 266 3506 bet,
299 3440 393 3496 sed
441 3457 538 3512 per
581 3446 751 3502 solam
812 3464 1008 3506 manus
1058 3454 1458 3525 impositionem
1508 3460 1730 3532 purgari

134 3531 326 3588 debet.
355 3532 514 3604 Nam,
536 3541 873 3599 sanctissime
896 3542 1081 3612 frater,
1105 3547 1150 3603 si
1168 3548 1238 3603 ita
1262 3558 1365 3617 est,
1394 3559 1454 3607 ut
1477 3553 1632 3609 nobis
1646 3569 1730 3611 re-

141 3621 316 3677 latum
328 3632 433 3690 est,
446 3641 552 3683 non
568 3631 798 3701 amplius
809 3648 839 3688 a
862 3642 914 3690 te
928 3634 1036 3692 illis
1054 3638 1415 3707 praedicentur
1428 3642 1701 3713 hujumodi
1712 3688 1728 3712 ,

134 3713 247 3770 sed
273 3715 535 3775 utPatres
567 3722 742 3777 sancti
777 3723 977 3782 docent
1003 3736 1057 3783 et
1073 3730 1394 3799 praedicant,
1426 3741 1516 3789 tua
1531 3738 1730 3793 sancti.

145 3812 236 3860 tas
254 3808 464 3863 studeat
484 3824 828 3869 conservare.
858 3815 999 3873 Deus
1016 3827 1072 3873 te
1094 3820 1417 3879 incolumem
1440 3827 1725 3893 custodiat,

143 3898 601 3958 reverendissime
651 3901 840 3961 frater.
898 3906 1032 3964 Data
1069 3910 1189 3966 Kal.
1225 3912 1378 3978 Julii,
1431 3916 1730 3987 imperante

142 3988 366 4045 domino
412 3992 657 4062 piissimo
697 3996 944 4066 Augusto
987 3999 1365 4072 Constantino,
1415 4022 1445 4062 a
1495 4008 1604 4064 Deo
1631 4025 1729 4065 eo-

145 4089 362 4141 renato,
389 4097 586 4155 magno
624 4084 980 4171 imperatore,
1023 4108 1166 4149 anno
1233 4096 1325 4163 26,
1372 4097 1584 4171 imperii
1611 4100 1728 4172 ejus

144 4186 290 4228 anno
312 4186 527 4245 quarto,
559 4177 851 4237 indictione
880 4193 1075 4254 quarta
1104 4186 1333 4245 decima.

278 4274 409 4330 Item
430 4279 651 4347 epistola
675 4281 909 4352 ejusdem
942 4286 1013 4340 ad
1038 4288 1307 4361 episcopos
1345 4291 1596 4350 diversos.

220 4361 592 4425 Dilectissimis
614 4372 789 4438 nobis,
816 4373 1156 4434 Rscmrmno
1175 4380 1592 4456 Rothomagensi
1614 4386 1731 4456 epi-

145 4468 329 4524 scopo,
353 4455 638 4515 Ηιιιιιειιτο
659 4461 1005 4522 Ambianensi
1029 4468 1307 4542 episeopo,
1332 4474 1589 4532 θεοειτο
1611 4455 1730 4533 Bel-

146 4546 417 4604 lovacensi
466 4553 739 4623 episcopo,
774 4554 1021 4614 Πειεεεο
1070 4559 1399 4620 Novionensi
1449 4568 1724 4639 episcopo,

149 4636 436 4695 Fuscrntco
457 4640 747 4713 Tungieusi
769 4648 1043 4720 episcOpo,
1069 4652 1240 4708 Dawn
1281 4636 1590 4724 Spitonensi
1613 4636 1727 4729 epi-

146 4744 328 4800 scopo,
350 4731 608 4792 Emenso
630 4735 1090 4797 Chardomenensi
1112 4745 1384 4815 episcopo,
1407 4747 1728 4805 Τιιειιυιιιιι-

148 4834 221 4873 no
244 4819 622 4882 Cameracensi
661 4828 938 4900 episcopo,
969 4830 1261 4889 Buncsano
1282 4834 1725 4896 Wizarbnrnensi

148 4913 419 4985 episcopo,
448 4917 773 4978 Gsasssnno
815 4921 1158 4985 Laudunensi
1190 4927 1464 4999 episeopo,
1501 4929 1728 4992 Romae

150 5003 399 5063 Meldeusi
452 5011 724 5081 episcopo,
753 5013 1063 5072 AsiLoLeno
1090 5015 1400 5075 Coloniensi
1444 5021 1722 5093 episcopo,

150 5093 331 5154 ilsnno
359 5099 742 5175 Strahurgensi
771 5107 1046 5178 episcopo,
1079 5116 1134 5164 et
1164 5111 1379 5167 caeteris
1412 5114 1723 5171 amantissi-

153 5192 253 5247 mis
292 5194 579 5265 episcopis,
643 5200 998 5272 presbyteris,
1046 5211 1103 5258 et
1144 5204 1313 5261 etiam
1380 5206 1722 5276 diaconibus,

150 5285 463 5357 cunctisque
474 5289 798 5347 ortholosis
824 5293 1189 5351 Ecclesiarum
1226 5298 1322 5353 Dei
1352 5298 1567 5356 clericis
1596 5316 1727 5372 apo-

153 5374 389 5431 stolicam
445 5378 752 5439 doctrinam
812 5386 1142 5452 tenentibus,
1194 5388 1497 5447 Zacuaams
1546 5393 1725 5448 divina

153 5469 318 5537 gratia
363 5472 625 5541 praiditus
674 5477 985 5547 apostolicis
1038 5480 1185 5535 sedis
1224 5481 1488 5551 pontifex,
1532 5501 1727 5541 servus

154 5567 322 5615 autem
350 5577 630 5619 servorum
660 5564 781 5633 Dei,
814 5566 865 5622 in
900 5568 1130 5627 Domino
1160 5572 1389 5627 salutem
1420 5574 1569 5629 dicit.

218 5650 431 5710 Gratias
473 5671 576 5727 ago
620 5657 731 5716 Deo
774 5660 920 5717 Patri
950 5663 1345 5736 omnipotenti,
1396 5678 1451 5724 et
1499 5670 1731 5727 Domino

155 5746 273 5803 Iesu
293 5748 510 5806 Christo
536 5752 699 5807 unico
725 5751 864 5809 Filio
890 5752 1030 5822 ejus,
1061 5764 1115 5810 et
1137 5755 1363 5828 Spiritui
1391 5768 1603 5824 sancto,
1635 5762 1726 5832 qui

158 5842 322 5897 vestra
357 5841 598 5899 omnium
638 5841 807 5901 corda
846 5843 1180 5905 inflammare
1216 5847 1469 5920 dignatus
1508 5858 1592 5906 est
1635 5863 1731 5924 per

1828 2007 2105 2081 Evangelii
2154 2010 2208 2067 in
2232 2012 2542 2083 ministerio
2588 2028 2697 2084 quo
2752 2011 3058 2085 fungimini,
3099 2018 3161 2066 ut
3197 2007 3403 2066 credita

1827 2102 1983 2158 vobis
2019 2102 2167 2174 plebs
2206 2106 2405 2161 vestris
2448 2107 2554 2176 piis
2601 2106 3062 2162 admonitionibus
3090 2145 3106 2171 ,
3155 2112 3403 2175 amatore

1830 2189 1960 2257 Deo,
2019 2208 2050 2247 a
2090 2191 2349 2250 diabolica
2396 2193 2585 2251 fraude
2621 2195 2870 2260 liberata,
2919 2193 3067 2250 salva
3119 2192 3399 2264 persistat,

1828 2297 2032 2353 vosque
2058 2285 2377 2341 mereamini
2404 2286 2471 2342 de
2495 2300 2684 2342 eorum
2728 2286 3013 2342 animabus
3054 2286 3109 2341 in
3134 2283 3222 2340 die
3241 2282 3403 2338 Chri-

1829 2377 1897 2432 sti
1923 2386 2214 2446 apportare
2257 2377 2488 2434 lucrum.
2519 2378 2791 2452 Scriptum
2829 2378 3025 2450 quippe
3067 2384 3195 2433 est:
3239 2395 3257 2429 ‹
3283 2373 3404 2430 Filii

1829 2464 2126 2533 sapientiae,
2169 2466 2408 2524 Ecclesia
2442 2467 2736 2538 iustorum,
2763 2478 2820 2524 et
2842 2468 2990 2524 natio
3025 2483 3239 2530 eorum,
3274 2464 3405 2523 obe-

1830 2553 2031 2611 dientia
2061 2566 2116 2614 et
2144 2558 2388 2616 charitas
2442 2558 2633 2632 (Eccli.
2676 2575 2762 2628 ιιι,
2811 2560 2886 2633 1).
2924 2579 2944 2614 ι
2994 2558 3232 2616 Obsecro
3276 2571 3406 2628 ergo

1829 2659 1949 2713 vos,
1974 2648 2276 2705 charissimi
2322 2648 2450 2717 mei,
2479 2656 2539 2705 ut
2578 2649 2738 2722 digne
2785 2649 3072 2706 ambuletis
3115 2647 3404 2704 vocatione

1829 2753 1936 2808 qua
1956 2740 2132 2797 vocati
2166 2742 2315 2810 estis,
2339 2750 2401 2798 ut
2426 2743 2582 2798 decet
2602 2750 2821 2798 sanctos
2843 2757 2966 2798 cum
2988 2741 3158 2797 multa
3189 2741 3407 2810 sapien-

1832 2830 1927 2897 tia,
1976 2842 2359 2902 supportantes
2404 2833 2644 2889 invicem
2701 2834 2757 2890 in
2820 2832 3113 2900 charitate,
3188 2830 3409 2888 solliciti

1828 2938 2048 2982 servare
2077 2927 2337 2983 unitatem
2364 2925 2600 2997 Spiritus
2626 2925 2679 2982 in
2706 2925 2924 2983 vinculo
2952 2925 3121 2997 pacis,
3182 2933 3238 2982 et
3270 2924 3404 2979 cha-

1830 3017 2007 3072 ritatis
2029 3017 2246 3089 (Ephes.
2273 3034 2350 3085 iv,
2376 3018 2489 3089 i3),
2519 3017 2646 3088 quia
2682 3036 2703 3070 ι
2736 3018 2858 3073 finis
2891 3016 3146 3089 praecepti
3168 3016 3410 3072 charitas
3462 3085 3471 3103 .

1827 3118 1914 3166 est
1940 3110 2008 3165 de
2035 3110 2196 3165 corde
2225 3125 2365 3180 puro
2400 3119 2456 3166 et
2479 3110 2810 3166 conscientia
2848 3110 3014 3175 bona,
3063 3116 3118 3165 et
3165 3108 3271 3162 fide
3294 3122 3400 3161 non

1828 3200 1954 3258 ficta
1972 3200 2022 3274 (ι
2042 3200 2177 3256 Tim.
2200 3200 2333 3275 1,5).
2360 3220 2380 3255 ι
2409 3200 2703 3257 Gaudeoin
2726 3200 2901 3267 vobis,
2928 3199 3258 3265 charissimi,
3281 3214 3412 3268 quo-

1832 3292 1978 3348 niam
2004 3292 2138 3349 fides
2164 3300 2358 3356 vestra,
2388 3300 2444 3348 et
2467 3290 2649 3348 unitas
2689 3304 2820 3363 erga
2865 3305 2967 3346 nos
3008 3290 3245 3361 pretiosa
3302 3297 3403 3350 est,

1830 3390 1886 3440 et
1921 3383 2205 3440 manifesta
2228 3399 2334 3439 non
2370 3381 2545 3440 solum
2572 3397 2761 3439 coram
2817 3381 2951 3448 Deo,
2995 3381 3089 3436 sed
3117 3379 3281 3436 etiam
3308 3393 3404 3435 θος

1831 3490 1947 3531 ram
1979 3476 2232 3532 omnibus
2275 3473 2609 3539 hominibus,
2641 3472 2769 3530 dum
2800 3473 2867 3528 ad
2898 3471 3165 3527 fautorem
3210 3476 3265 3524 et
3292 3482 3409 3522 ma-

1830 3569 2057 3641 gistrum
2085 3578 2323 3625 vestrum
2345 3583 2376 3622 a
2404 3565 2515 3623 Deo
2539 3565 2915 3632 constitutum,
2942 3563 3157 3619 beatum
3185 3568 3407 3630 aposto-

1831 3659 2005 3715 lorum
2052 3658 2378 3730 principem,
2423 3655 2667 3723 Petrnm,
2694 3652 3082 3726 benignissima
3124 3650 3406 3705 voluntate

1829 3753 2077 3812 conversi
2107 3752 2260 3809 estis.
2290 3749 2602 3806 Laudabilis
2627 3747 2758 3804 ﬁdes
2792 3755 2971 3803 vestra
2996 3754 3048 3801 et
3073 3744 3210 3800 bona
3240 3742 3401 3803 fama,

1828 3843 2083 3914 quoniam
2152 3861 2175 3895 r
2217 3841 2450 3913 idipsum
2511 3839 2704 3911 sapitis
2754 3838 2899 3910 quod
2952 3843 3164 3907 oportet
3215 3846 3410 3903 sapere

1830 3934 2012 4008 (Rom.
2038 3950 2141 4002 xu,
2166 3932 2243 4007 5).
2284 3952 2303 3986 ι
2347 3932 2415 3988 Et
2437 3947 2607 3998 nunc,
2667 3928 2781 3986 Deo
2837 3936 3181 4003 cooperante,
3212 3933 3294 3980 est
3319 3939 3417 3995 ag-

1828 4039 2046 4105 gregata
2094 4029 2359 4086 sanctitas
2405 4035 2592 4082 vestra
2648 4033 2847 4082 nostra!
2896 4020 3143 4079 societati
3200 4020 3419 4123 in-uno

1827 4122 2083 4195 pastorali
2147 4121 2296 4178 ovili.
2362 4120 2430 4175 Et
2488 4127 2575 4175 est
2636 4117 2793 4174 nobis
2847 4131 2990 4172 unus
3052 4122 3258 4186 pastor,
3315 4117 3421 4182 qui‘

1827 4228 1859 4269 ιι
1935 4220 2155 4284 pastore
2210 4220 2492 4281 pastorum
2553 4208 2783 4264 Domino
2860 4205 2971 4262 Deo
3020 4212 3076 4260 et
3131 4202 3417 4259 Salvatorc

1827 4313 2016 4361 nostro
2042 4303 2168 4360 Iesu
2199 4302 2438 4367 Christo,
2465 4302 2725 4372 princeps
2744 4298 3115 4371 apostolorum
3143 4304 3198 4350 et
3221 4301 3408 4349 noster

1830 4394 2022 4451 doctor
2067 4400 2154 4448 est
2215 4391 2515 4447 institutus.
2562 4388 2788 4445 Habetis
2832 4389 3017 4457 itaque
3058 4396 3245 4441 nostra
3293 4382 3413 4436 vice

1830 4484 1898 4540 ad
1928 4483 2358 4541 confirmandam
2388 4481 2734 4538 dilectionem
2781 4488 3043 4543 vestram,
3084 4484 3138 4531 et
3175 4475 3425 4531 collaho~

1755 4576 2058 4669 Drandum
2114 4574 2267 4630 vobis
2313 4574 2366 4628 in
2415 4572 2710 4645 Evangelia
2766 4570 2967 4626 Christi
3006 4566 3414 4623 sanctissimum

1832 4684 1895 4725 ac
1927 4667 2439 4724 reverendissimum
2470 4664 2830 4726 Bonifacium,
2864 4661 3088 4719 fratrem
3140 4667 3412 4723 nostrum,
3500 4732 3503 4735 γ

1832 4760 2327 4831 archiepiscopum,
2353 4757 2663 4828 apostolicae
2698 4754 2842 4811 sedis
2865 4752 3095 4823 legatum
3144 4761 3197 4808 et
3241 4752 3415 4805 vicem

1834 4859 2077 4907 nostram
2100 4857 2546 4920 prmntantem.
2593 4845 2678 4903 Sit
2719 4859 2851 4915 ergo
2885 4841 3190 4898 constantia
3228 4848 3417 4942 vestra

1835 4942 2098 4998 adversus
2158 4939 2536 4995 contentiones
2571 4950 2762 4991 eorum
2807 4934 2898 5004 qui
2926 4934 3153 4988 adversa
3175 4934 3421 5001 sapiunt,-

1836 5041 1893 5086 et
1922 5045 2171 5101 nonquae
2215 5029 2309 5105 Dei
2336 5036 2463 5085 sunt
2507 5027 2708 5099 (Mare;
2763 5040 2883 5091 vui,
2912 5024 3034 5096 5'5),
3083 5032 3138 5078 ct
3172 5024 3278 5078 crit
3309 5021 3417 5075 fur-

1830 5123 1935 5177 tior
1960 5130 2113 5193 petra
2167 5120 2473 5177 constantia
2528 5128 2734 5185 vestra,
2781 5119 2924 5175 sicut
2964 5118 3235 5185 scriptum
3285 5123 3368 5169 est
3399 5131 3426 5167 τι

1834 5233 1852 5265 ι
1897 5211 1977 5268 Ne
2008 5212 2301 5268 timueritis
2343 5212 2412 5266 ab
2448 5212 2549 5276 eis,
2600 5225 2780 5281 neque
2828 5207 3146 5264 terreamiui
3196 5220 3226 5260 a
3276 5204 3421 5261 facie

1830 5319 2018 5361 comm
2049 5304 2144 5375 qui
2166 5318 2367 5374 corpus
2386 5303 2661 5369 occidunt,
2684 5302 2923 5357 animam
2951 5310 3132 5355 autem
3155 5312 3259 5352 non
3294 5311 3419 5366 pos—

1832 5405 1958 5452 sunt
1982 5396 2250 5452 occidere.
2291 5415 2311 5447 ι
2338 5393 2521 5461 «Quod
2562 5403 2745 5449 autem
2785 5394 2838 5446 in
2869 5406 3001 5446 aure
3029 5389 3248 5451 auditis,
3273 5402 3417 5460 pras-

1834 5486 2012 5542 dicate
2055 5486 2110 5540 in
2162 5483 2389 5551 lumine,
2426 5485 2584 5549 illum.
2626 5483 2882 5538 timentes
2940 5481 3031 5550 qui
3074 5486 3254 5550 potest
3297 5493 3425 5532 eor—

1836 5574 2277 5648 pusetanimam
2327 5574 2600 5637 occidere,
2657 5582 2715 5627 et
2760 5573 2977 5627 mittere
3012 5570 3067 5624 in
3116 5568 3426 5638 gehennam.

1839 5672 2054 5743 (Matth.
2109 5687 2166 5738 ι,
2198 5670 2288 5737 26,
2314 5669 2430 5741 98).
2471 5691 2490 5723 ι
2527 5669 2748 5725 Fratres
2789 5668 2918 5732 mei,
2949 5669 3001 5722 in
3055 5679 3223 5721 carne
3305 5679 3423 5716 am-

1840 5763 2089 5821 ludantes
2121 5805 2136 5827 ,
2225 5778 2330 5823 non
2416 5763 2716 5818 secundum
2794 5774 3018 5815 carnem
3099 5758 3419 5812 militamus.

1845 5877 1862 5909 ι
1901 5859 2063 5913 Arma
2088 5856 2233 5913 enim
2282 5856 2487 5913 militiae
2519 5866 2715 5913 nostra!
2756 5869 2864 5909 non
2908 5852 3167 5918 carnalia,
3205 5849 3296 5915 sed
3327 5864 3424 5919 pos
