3988 6436
651 377 782 433 il'i

1497 385 1788 443 ᾸΡΡΕΝῙ).
1822 381 1913 449 AD
1952 377 2126 435 SEC.
2157 374 2236 430 IX.

2340 404 2352 421 .
2390 374 2639 433 ιδιυοιιι
2676 376 3121 444 MERCATORIS
3704 399 3788 456 ιιω

649 496 817 554 tentia
868 497 982 559 Deo
1018 501 1089 557 ad
1119 499 1544 559 destructionem
1587 478 1978 565 munitionum,
2009 493 2234 552 consilia
2263 497 2315 557 Α
2340 500 2766 572 rumprincipes
2802 500 3217 574 conjungentem
3258 519 3419 576 usque
3458 508 3519 564 ad
3556 525 3788 583 pagath

646 593 989 646 destruentes
1052 599 1110 646 et
1187 607 1403 647 omnem
1451 592 1831 649 exaltationem
1881 592 2231 651 extollentem

648 692 708 731 se
754 678 1015 735 adversus
1065 680 1350 736 scientiam
1411 681 1526 747 Dei,
1559 682 1613 736 in
1657 682 2029 755 captivitatem
2084 682 2234 739 redi-

647 775 835 838 gentes
873 784 1088 825 omnem
1123 770 1479 839 inteilectum,
1506 782 1562 829 et
1581 789 1799 833 omnem
1850 774 2234 844 cogitationem

648 860 705 913 in
734 848 1056 935 obsequium
1079 860 1299 920 Christi'
1318 866 1675 936 perducentes
1702 864 1786 937 (11
1810 863 1934 921 Cor.
1966 881 2023 931 ι,
2048 864 2186 935 4,5).
2211 883 2231 918 ι

650 946 731 1003 De
762 961 989 1029 caetero,
1034 953 1684 1032 ‘fratreskconfortamini
1739 955 1793 1011 in
1846 956 2075 1012 Domino
2101 957 2235 1013 etin

648 1028 889 1111 potentia
928 1028 1266 1102 fortitudinis
1290 1028 1425 1115 ejus.
1459 1047 1571 1102 Pax
1601 1047 1757 1103 vobis
1779 1046 1947 1102 multa
1969 1056 2024 1102 et
2055 1046 2236 1118 gratia

650 1148 683 1187 a
720 1132 832 1189 Deo
865 1143 920 1189 et
948 1133 1178 1192 Domino
1218 1148 1407 1193 nostro
1458 1137 1587 1194 Jesu
1620 1138 1839 1193 Christo
1872 1138 2232 1193 ministretur.

647 1223 1043 1295 Amplectimur
1066 1236 1124 1284 ct
1145 1230 1475 1296 osculamur,
1509 1247 1573 1287 ac
1600 1230 1645 1287 si
1679 1241 1973 1301 praesentes
1995 1232 2235 1287 charita-

649 1327 756 1372 tem
801 1327 1039 1377 vestram
1071 1322 1123 1377 in
1152 1322 1418 1380 unitatem
1468 1323 1725 1395 Spiritus,
1756 1325 1809 1379 in
1844 1324 2058 1381 vinculo
2083 1325 2237 1397 pacis

648 1419 705 1463 et
733 1411 1026 1469 charitatis
1046 1413 1271 1479 Christi,
1305 1416 1447 1471 Deus
1493 1432 1588 1474 vos
1620 1414 1915 1472 incolumes
1942 1416 2244 1485 custodiat,

651 1499 991 1559 dilectissimi
1020 1505 1178 1569 nobis

1073 1598 1329 1671 Ejusdem
1356 1603 1427 1657 ad
1451 1602 1817 1675 Bonifacium.

716 1685 1208 1751 Revercndissimo'
1234 1704 1289 1747 et
1332 1694 1677 1751 sanctissimo
1721 1694 1914 1762 fratri,
1945 1696 2237 1758 BONll-‘ACIO

652 1781 992 1863 coepiscopo,
1026 1784 1328 1843 lacrumas
1352 1828 1367 1855 ,
1405 1803 1596 1844 servus
1638 1804 1918 1844 servorum
1947 1789 2065 1845 Dei.

2336 592 2573 658 fines,et
2607 593 2662 648 in
2694 602 2878 664 partes
2906 592 3351 653 Germanicarum
3373 599 3611 667 gentium,
3630 603 3694 658 ubi
3713 617 3792 662 ante

2335 684 2958 757 praedicasti,_qualenus
2984 684 3053 740 ibi
3082 685 3270 741 sedem
3299 688 3700 759 metrupolitanam
3717 710 3790 763 per-

2336 786 2500 848 petuo
2552 784 2793 847 tempore
2844 776 3045 833 habere
3096 776 3339 843 debeas,
3395 787 3449 833 ut
3499 780 3604 836 inde
3646 793 3793 840 ceteros

2335 869 2631 941 episcopos
2648 869 2716 924 ad
2745 856 2887 924 viam
2920 869 3217 925 instrueres
3242 870 3576 937 rectitudinis,
3597 883 3641 929 et
3660 887 3744 943 post
3762 888 3791 932 te

2337 962 2416 1016 tui
2444 976 2789 1017 successores
2812 969 3074 1033 perpetuo
3096 958 3233 1030 jure
3267 962 3585 1031 possideant;
3609 965 3688 1019 hoc
3709 969 3793 1034 quod

2337 1055 2698 1110 decreverunt
2722 1052 2844 1110 laeto
2872 1068 2967 1109 nos
2999 1053 3328 1124 suscipimus
3352 1054 3604 1122 animo,eo
3629 1060 3733 1127 quod
3755 1075 3794 1115 et

2338 1143 2434 1221 Dei
2461 1153 2590 1200 nutu
2625 1143 2830 1199 factum
2861 1150 2969 1209 est,
2993 1142 3081 1217 vel
3108 1142 3153 1197 si
3184 1141 3397 1225 quidem
3431 1143 3539 1200 falsi
3568 1147 3795 1213 sacertbtes,

2336 1217 2391 1292 et
2417 1236 2751 1307 schismatici
2800 1235 2905 1291 hoc
2955 1233 3222 1306 impedire
3269 1220 3443 1290 conati
3485 1244 3795 1307 sunt,quom

2336 1343 2537 1384 vanum
2571 1341 2802 1400 agonem
2851 1326 3113 1383 Dominus
3163 1326 3461 1399 dissipabit,
3500 1337 3550 1383 et
3592 1329 3662 1384 illa
3699 1328 3798 1385 faciet

2336 1420 2577 1476 stabilita
2604 1434 2728 1492 quae
2749 1428 3062 1475 sanctorum
3091 1416 3316 1473 Patrum
3354 1418 3553 1474 statutis
3575 1421 3795 1474 conveniunt

2338 1512 2690 1569 concordare.
2719 1511 2789 1576 Et
2834 1511 2961 1583 quia
3006 1510 3103 1572 tibi
3153 1510 3255 1581 ipsi
3298 1509 3549 1580 principes
3572 1508 3795 1566 Franeuun

2337 1604 2393 1663 in
2439 1606 2541 1661 hoc
2585 1604 2753 1660 etiam
2797 1604 3075 1675 adjutores
3124 1601 3481 1667 exstiterunt,
3514 1599 3715 1656 retribuat
3732 1600 3797 1655 illis

2338 1697 2682 1768 omnipotens
2724 1695 2868 1752 Deus
2907 1693 3671 1773 vicissitudinisprtemiumZet
3697 1692 3796 1745 iens-

2342 1805 2500 1845 mera
2536 1789 2798 1860 largiatur
2837 1789 3001 1843 bona.
3055 1787 3195 1842 Nam
3246 1784 3488 1841 similiter
3529 1783 3586 1839 de
3622 1782 3687 1839 illo
3716 1780 3795 1836 take

722 1873 857 1931 Cum
874 1878 1032 1935 nobis
1047 1882 1776 1945 sanctissimzefraternitatis
1794 1884 2131 1957 tutesyllabaa
2145 1883 2237 1939 de-
2272 1872 2315 1931 Β
2342 1882 2624 1953 episcopo,
2650 1895 2815 1953 quem
2840 1879 3023 1935 dixisti
3056 1877 3344 1934 adulterati
3372 1874 3537 1932 clerici
3558 1915 3571 1938 ,
3595 1883 3638 1928 et
3655 1873 3794 1928 homiti-
3878 1872 3879 1943 Τ

651 1964 776 2022 latae
801 1966 1050 2035 fuissent,
1079 1979 1241 2043 atque
1267 1990 1364 2045 per
1385 1974 1594 2047 singula
1620 1975 1786 2048 relegi
1818 1975 2154 2043 fecissemus,
2183 1981 2238 2030 et

650 2059 1044 2127 reperissemus
1090 2062 1143 2115 in
1171 2063 1487 2119 earumdem
1517 2063 1819 2120 litterarum
1834 2068 2057 2119 tuarum
2095 2065 2237 2120 serie

651 2151 795 2214 quod
810 2151 1051 2219 peccatis
1068 2154 1267 2209 nostris
1282 2152 1625 2220 facientibus,
1640 2156 1767 2210 dum
1785 2156 2052 2211 Dominici
2071 2155 2237 2211 tritici

652 2243 860 2299 semina
888 2232 1165 2314 qumreres
1207 2246 1510 2315 elaborare,
1547 2249 1627 2327 ad
1656 2250 1955 2318 augendam
1997 2257 2237 2322 segetem

650 2332 948 2402 spiritalem
1007 2338 1189 2397 subito
1259 2339 1467 2399 inimici
1527 2341 1966 2412 superscminant
2024 2341 2238 2397 zizania

651 2425 866 2494 (Matth.
888 2416 1131 2502 $11.25)
1163 2432 1587 2493 utsanctitatem
1620 2418 1773 2489 tuam
1812 2434 1882 2497 in,
1907 2433 2051 2490 bono
2074 2449 2240 2506 opere

649 2516 965 2586 impediant.
1009 2517 1117 2576 Sed
1168 2530 1259 2577 tua
1307 2531 1494 2583 sancta
1539 2523 1855 2583 fraternitas
1900 2526 2239 2585 incessanter

648 2608 880 2670 orationi
928 2610 1135 2679 instet,
1182 2614 1391 2687 pariter
1431 2631 1556 2672 cum
1606 2614 1871 2675 fratribus
1913 2616 2007 2687 qui
2051 2631 2240 2679 secum

648 2697 916 2768 laborant,
959 2710 1014 2757 et
1055 2704 1332 2775 spiritales
1359 2705 1603 2763 sarculos
1644 2715 2001 2785 construens,
2028 2706 2240 2765 zizania

649 2791 935 2853 eradicans
955 2794 1204 2867 deportet
1223 2797 1291 2852 ad
1313 2800 1738 2856 comburendum
1756 2801 1919 2874 (Ibid.
1933 2842 1949 2870 ,
1963 2802 2079 2876 30),
2092 2803 2243 2860 utait

647 2881 840 2938 beatus
867 2884 1160 2957 Gregorius
1200 2903 1381 2959 papa:
1413 2890 1621 2948 Bonum
1652 2894 1832 2961 enim,
1863 2895 2064 2966 inquit,
2106 2912 2243 2968 opus

650 2973 810 3030 nobis
841 2974 911 3028 sit
933 2975 987 3031 in
1018 2977 1296 3036 voluntate
1328 2999 1342 3035 :
1376 2997 1500 3037 nam
1524 2997 1588 3038 ex
1616 2983 1802 3040 divino
1833 2987 2103 3058 adjutorio
2136 2989 2243 3045 erit

650 3063 705 3123 in
737 3066 1089 3135 perfectione.
1119 3069 1215 3128 His
1236 3071 1308 3126 ita
1336 3089 1395 3129 se
1414 3074 1758 3144 habentibus,
1782 3078 2106 3139 charissinte
2131 3080 2242 3137 fra-

650 3165 756 3222 ter,
788 3157 1097 3216 confortare
1123 3163 1176 3217 in
1199 3162 1449 3243 Domino,
1481 3173 1537 3225 et
1575 3168 1691 3241 ipse
1719 3171 1824 3227 erit
1847 3171 2064 3240 adjutor
2087 3183 2235 3230 tuus.

647 3246 725 3307 De
748 3248 1058 3331 incursione
1081 3262 1260 3311 autem
1293 3236 1554 3328 gentium,
1593 3233 1714 3330 quae
1754 3261 1809 3316 in
1841 3233 1952 3318 tuis
1992 3262 2238 3333 plebibus
2265 3233 2312 3295 (ἶ

646 3336 790 3394 facta
824 3349 926 3405 est,
959 3344 1298 3400 unoerendum
1327 3345 1484 3403 nobis
1514 3357 1599 3404 est
1627 3364 1643 3403 :
1671 3350 1769 3406 sed
1799 3352 1916 3409 haec
1936 3354 2237 3410 adversitas

645 3432 954 3490 nullatenus
1023 3445 1170 3492 tuam
1241 3438 1641 3499 fraternitatem
1718 3449 2051 3515 conturbet,
2110 3449 2237 3521 quia

645 3534 710 3585 et.
758 3526 1001 3591 Romana
1060 3531 1255 3588 civitas
1325 3549 1392 3589 ex
1459 3536 1834 3595 accidentibus
1904 3538 2238 3597 facinoribus

646 3616 841 3687 stepins
898 3628 983 3674 est
1039 3619 1361 3697 depopulata
1397 3663 1411 3689 ,
1476 3635 1532 3680 et
1597 3635 1778 3682 tamen
1841 3628 2238 3699 omnipotentia

646 3722 745 3764 sna
822 3709 1081 3771 Dominus
1160 3727 1228 3771 ex
1313 3716 1561 3784 supernis
1638 3732 1762 3773 eam
1827 3718 2080 3791 dignatus
2155 3730 2241 3778 est

645 3799 938 3861 consolari.
1005 3801 1116 3860 Sed
1152 3805 1361 3874 populis
1420 3807 1513 3867 tibi
1576 3808 1905 3876 commissis,
1975 3824 2237 3866 reveren-

647 3892 869 3953 dissime
919 3894 1085 3971 29o
1133 3894 1326 3963 frater,
1395 3899 1633 3970 praedica
1682 3899 1969 3972 jejunium,
2031 3904 2237 3974 suppli-

643 3986 890 4043 cationes
936 3988 1078 4063 apud
1127 3988 1414 4045 Dominum
1444 3991 1775 4060 litaniarum,
1832 4002 1888 4049 et
1933 3997 2237 4066 superemi-

646 4092 781 4133 uens
802 4077 919 4145 ejus
952 4078 1234 4140 clementia
1257 4078 1532 4163 adjuvabit
1562 4095 1633 4139 te.
1667 4083 1744 4144 Te
1782 4095 1987 4153 autem,
2017 4097 2076 4142 ut
2099 4104 2238 4160 prae-

645 4168 926 4237 diximus,
978 4172 1297 4235 nullatenus,
1338 4174 1565 4233 adversa
1616 4182 1958 4251 perturbent.
2016 4180 2125 4238 Sed
2182 4184 2237 4238 in

643 4257 787 4315 bono
815 4275 985 4331 opere
1024 4264 1168 4333 quod
1206 4266 1421 4337 cepisti
1464 4268 1610 4324 nullo
1653 4271 1814 4328 modo
1859 4272 2101 4329 deﬁcias.
2127 4273 2237 4331 Nos

647 4367 798 4419 vero,
832 4355 958 4416 licet
987 4355 1245 4416 immeriti
1269 4366 1327 4419 et
1345 4368 1659 4429 peccatores
1688 4363 2008 4433 existamus,
2036 4366 2238 4422 nostris

649 4448 902 4518 precibus
944 4449 1026 4508 vel
1054 4454 1501 4511 consacerdotum
1533 4465 1865 4525 nostrorum,
1915 4459 2238 4531 inquantum

651 4558 959 4611 possumus,
984 4545 1319 4616 adjuvamus.
1353 4548 1429 4603 De
1454 4551 1658 4620 synodo
1702 4560 1883 4606 autem
1906 4565 2237 4628 congregata

2340 1972 2421 2028 dae
2452 1972 2620 2027 lilium
2650 1987 2713 2027 ac
2737 1972 2799 2031 in
2819 1969 3084 2025 adulterio
3105 1979 3317 2032 natum,
3345 1975 3397 2022 et
3417 1968 3596 2037 absque
3617 1962 3793 2033 disciplina

2340 2066 2605 2121 nutritum
2635 2105 2649 2129 ,
2678 2074 2734 2119 et
2767 2073 2966 2120 caetera
2998 2063 3141 2117 mala
3170 2103 3191 2128 ,
3234 2068 3291 2117 et
3339 2058 3592 2116 horribilia
3611 2098 3626 2122 ,
3649 2070 3794 2125 quater

2340 2156 2554 2225 singula
2609 2155 2927 2222 enarrasti,
2978 2170 3044 2210 ac
3106 2169 3210 2225 per
3258 2153 3401 2217 hoc,
3457 2147 3508 2206 et
3565 2148 3631 2207 sui
3674 2144 3793 2200 similes

2341 2248 2649 2303 sacerdotes
2699 2246 3078 2311 consecravit,
3130 2245 3198 2300 de
3253 2244 3359 2299 hoc
3386 2240 3599 2297 meminit
3619 2249 3685 2294 tua
3705 2252 3788 2291 me

2341 2340 2509 2397 renda
2534 2336 2850 2394 fraternitas
2891 2337 3035 2409 quod
3074 2334 3255 2391 tribus
3291 2334 3403 2404 jam
3447 2331 3625 2387 vicibus
3663 2327 3792 2396 scripsi-

2344 2448 2484 2498 mus,
2509 2442 2570 2487 ut
2595 2431 2773 2488 nullus
2800 2430 3094 2497 homicida,
3139 2428 3320 2484 nullus
3342 2424 3557 2485 adulter.
3590 2420 3791 2477 nulluslor-

2344 2526 2560 2585 licator
2609 2538 2824 2581 sacrum
2898 2523 3266 2579 ministerium
3336 2520 3517 2577 debeat
3561 2516 3792 2571 obtrectare.

2343 2618 2439 2673 sed
2464 2631 2638 2687 neque
2667 2615 2960 2688 ptenitens,
2990 2623 3084 2670 aut
3111 2613 3239 2669 talis
3270 2610 3479 2684 qualem
3508 2607 3622 2665 sacri
3639 2616 3788 2661 canones

2344 2709 2631 2783 prohibent
2659 2725 2780 2765 esse
2798 2708 3135 2764 sacerdotem
3147 2746 3161 2759 .
3746 2783 3769 2794 Δ.

2416 2801 2809 2872 Debaptizatis
2861 2801 2929 2856 ab
2978 2800 3114 2866 ille,
3161 2814 3257 2855 seu
3306 2795 3535 2886 ecclesiis
3572 2792 3790 2886 armentalis

2344 2896 2591 2967 requirat
2622 2903 2717 2950 tua
2749 2891 3065 2948 fraternitas
3088 2932 3104 2955 ,
3146 2885 3193 2946 si
3227 2897 3321 2946 aut
3344 2883 3791 2972 ecclesiasinttomiliﬁ

2345 2986 2629 3043 Trinitatis
2654 2983 2995 3041 consecravit
3041 2990 3136 3037 aut
3166 2978 3417 3052 parvulos
3458 2973 3661 3032 similiter
3679 2967 3790 3034 itali"

2344 3081 2513 3145 zavit,
2544 3080 2671 3135 dum
2699 3076 3008 3133 sacerdotio
3037 3073 3406 3147 fungebatur;
3444 3067 3596 3161 et_sic
3611 3069 3790 3161 etenus?

2344 3186 2434 3226 cra
2444 3172 2516 3226 tio
2536 3168 2892 3225 ecclesiarum
2912 3175 2967 3223 et
2993 3164 3347 3237 parvulorum
3385 3158 3611 3246 baptisma

2344 3264 2638 3322 firmatum.
2668 3260 2737 3317 Et
2767 3261 2869 3316 hoc
2908 3257 3119 3329 pariter
3144 3252 3455 3328 suggessisti
3482 3245 3601 3319 quod
3623 3242 3677 3297 illi
3694 3242 3793 3329 quia

2350 3366 2403 3413 te
2423 3354 2653 3428 projecti
2680 3324 3156 3417 suntsacerdotes,
3180 3324 3389 3404 a'nobis
3408 3341 3693 3399 ahsolutosse
3706 3324 3789 3397 ill“

2341 3448 2675 3504 Francorum
2735 3442 3069 3516 provinciam
3125 3439 3439 3510 divulgent,
3477 3430 3597 3503 quod
3637 3433 3790 3520 tua-sar

2342 3547 2427 3595 cla
2482 3512 2795 3592 fraternitas
2843 3532 2988 3590 nullo
3027 3532 3192 3588 modo
3222 3529 3420 3592 credat,
3463 3523 3571 3622 quia

2340 3631 2598 3706 possibile
2643 3638 2746 3696 est,
2776 3629 2822 3685 si
2853 3629 2956 3683 hoc
3001 3625 3344 3689 fecissemus,
3381 3630 3476 3676 tuas
3510 3613 3705 3708 charitali

2342 3699 2558 3781 nostras
2589 3720 2983 3776 indicassemus
3006 3716 3239 3772 litteras.
3275 3711 3379 3769 Sed
3407 3711 3515 3771 hoc,
3539 3699 3652 3774 quod

2340 3780 2495 3872 sibila
2516 3821 2621 3878 est,
2645 3810 2791 3866 nullo
2827 3808 2987 3865 modo
3009 3806 3210 3863 credas
3230 3846 3244 3871 ,
3285 3803 3406 3874 quia
3427 3813 3521 3855 non
3540 3780 3791 3892 aliud-Iprfd-i'
3878 3860 3879 3869 χ

2341 3919 2548 3971 camus,
2575 3911 2633 3958 et
2654 3902 2800 3963 aliud
2827 3902 3059 3973 agimus.
3108 3908 3208 3954 aut
3254 3894 3519 3967 dirigimus
3559 3893 3606 3938 ut
3635 3878 3690 3982 illi

2342 4000 2508 4062 riunt,
2536 3996 2653 4062 sed,
2682 3972 2978 4050 auxiliante
3008 3992 3157 4055 Deo,
3205 3989 3334 4045 illud
3381 3983 3508 4056 quod
3543 3972 3788 4048 praedicamus

2340 4066 2608 4147 tinetenus
2648 4086 3046 4144 observandum
3086 4095 3391 4139 censemus.
3439 4074 3536 4129 Hoc
3568 4075 3700 4123 antem
3717 4070 3789 4110 ﬂn'

2341 4183 2585 4238 ctitatem
2641 4188 2789 4233 tuam
2828 4173 3141 4236 firmissime
3192 4182 3253 4227 ut
3293 4180 3468 4229 teneas
3500 4163 3725 4217 hortamur,
3756 4148 3790 4192 nl

2338 4279 2652 4328 sanctorum
2679 4267 2907 4322 Patrum
2933 4262 3199 4325 institutis
3221 4302 3241 4328 ,
3268 4269 3322 4316 et
3345 4250 3581 4314 consultis
3610 4245 3788 4328 sacmwtf‘

2339 4377 2606 4418 canonum
2644 4357 2958 4419 omnimodo
2995 4354 3227 4425 obsequi
3260 4353 3464 4412 debeas,
3490 4341 3599 4415 quia
3624 4346 3693 4390 nos
3719 4321 3788 4425 ml

2341 4462 2555 4517 latenus
2601 4458 2746 4514 aliud
2777 4419 3237 4528 praedicamus—et
3264 4448 3404 4506 aliud
3429 4419 3789 4543 δεξιηξιεςιδξῗῗ

2341 4572 2407 4613 co
2432 4555 2575 4626 quod
2606 4551 2927 4616 obsecrasti,
2960 4559 3021 4605 ut
3055 4549 3385 4605 Francorum
3422 4530 3691 4626 principibus.

649 4638 790 4706 apud
809 4636 1140 4696 Francorum
1167 4618 1522 4711 provinciam,
1552 4643 1913 4700 mediantibus
1936 4618 2162 4716 Pippirio
2183 4656 2240 4703 et
2273 4626 2317 4680 ι)
2344 4618 2616 4709 heremus,
2670 4644 2758 4700 vel
2808 4642 3020 4698 caeteris
3046 4639 3305 4702 Francis,
3350 4643 3407 4689 ut
3450 4623 3631 4702 petisti.

645 4728 1010 4787 Carlomanno
1041 4772 1058 4798 ,
1103 4733 1573 4791 excellentissimis
1622 4734 1757 4807 ﬁliis,
1790 4738 1996 4817 nostris
2022 4779 2046 4806 ,,
2079 4738 2235 4809 juxta

643 4824 987 4894 syllabarum
1027 4836 1336 4885 nostrarum
1380 4832 1904 4899 commonitionem,
1944 4844 2237 4905 peragente

644 4925 829 4991 nostra
860 4919 1008 4982 vice,
1043 4928 1133 4975 tua
1183 4922 1463 4977 sanetillca
1515 4923 1747 4994 qualiter
1789 4925 1994 4997 egisses
2035 4941 2236 4998 cogno-

642 5006 858 5069 vimus,
905 5018 961 5064 et
998 5011 1355 5082 omnipotenti
1386 5012 1498 5068 Deo
1534 5023 1733 5069 nostro
1749 5016 1955 5086 gratias
1982 5015 2192 5087 egimus
2216 5058 2233 5082 ,

642 5095 951 5164 quieorurn
999 5101 1164 5156 corda
1207 5102 1570 5169 continuavit,
1611 5113 1672 5159 ut
1698 5105 1751 5160 in
1793 5106 1896 5162 hoc
1938 5106 2029 5177 pio
2067 5121 2233 5178 opere

644 5187 923 5259 adjutores
953 5191 1273 5258 existerent,
1308 5202 1363 5248 et
1391 5196 1579 5251 omnia
1611 5197 1815 5268 optime
1840 5237 1858 5265 ,
1883 5206 1941 5253 et
1969 5198 2233 5257 canonice

641 5283 942 5354 peregisti,
1010 5292 1119 5341 tam
1182 5286 1249 5342 de
1314 5286 1468 5349 falsis
1513 5288 1818 5361 episcopis,
1876 5298 1932 5347 et
1990 5289 2231 5346 fornica-

641 5376 763 5441 riis.
806 5386 861 5433 et
900 5376 1303 5444 schismaticis;
1351 5394 1623 5450 quamque
1675 5382 1842 5436 etiam
1894 5389 1950 5437 et
2000 5381 2055 5436 in
2101 5382 2233 5438 relit

641 5469 768 5541 quis
816 5468 1036 5527 nomine
1076 5468 1449 5526 sacerdotibus
1478 5480 1668 5541 contra
1690 5472 2233 5529 canonuminstituta

641 5558 952 5630 agentibus,
978 5558 1062 5614 vel
1091 5566 1279 5615 contra
1308 5560 1631 5618 catholicam
1654 5562 1773 5629 Dei,
1797 5572 1854 5619 et
1879 5563 2232 5636 apostolicam

641 5652 939 5710 Ecclesium
965 5694 982 5720 ,
1030 5654 1096 5711 de
1133 5655 1330 5726 quibus
1376 5655 1674 5712 secundum
1720 5664 1868 5713 tuam
1892 5656 2232 5723 relationem,

642 5760 742 5816 per
760 5746 974 5819 singula
998 5748 1489 5819 respondemus.De
1510 5763 1577 5805 eo
1601 5763 1837 5820 namque
1847 5748 1989 5820 quod
2006 5763 2232 5823 sugges-

643 5839 785 5905 δὶῑιιὶ,
813 5840 957 5918 quod
988 5841 1270 5914 elegerunt
1290 5842 1564 5911 civitatem
1589 5856 1749 5900 unam
1777 5857 1966 5901 omnes
1989 5842 2230 5905 Franco-

2340 4738 2550 4810 singula
2580 4735 2898 4806 scripsimus
2928 4742 2987 4788 ut
3023 4732 3120 4788 tibi
3152 4740 3209 4786 et
3236 4727 3389 4785 amici
3416 4724 3528 4784 είηιν
3550 4709 3789 4810 cudi"?

2342 4830 2394 4884 in
2429 4801 2714 4883 Dotninico
2756 4840 2922 4896 Opere
2964 4824 3224 4879 existant.
3280 4821 3353 4875 De
3393 4825 3540 4872 censu
3564 4814 3664 4896 vel?

2343 4879 2503 4978 tendo
2517 4879 2644 4983 eo
2656 4879 3157 4988 ‘quotri'impetrare
3175 4929 3208 4968 a
3234 4906 3453 4999 Francis
3473 4900 3531 4956 ad
3556 4879 3787 4999 ταξάξῆξῖ

2339 4976 2589 5069 ccclesiis
2618 4976 2716 5064 vel.
2734 4976 3084 5062 monasteriis
3110 5018 3217 5059 non
3246 4994 3475 5072 potuisti.
3508 4994 3638 5057 (ιιιθηι
3656 4976 3773 5072 “fer

2343 5113 2487 5160 lente
2514 5118 2659 5159 anno
2704 5102 2774 5157 ab
2808 5113 3133 5170 unoquoque
3165 5092 3403 5165 οοηὶυείο
3438 5084 3665 5196 ﬁeri":

2340 5198 2514 5255 decim
2544 5194 2751 5250 denarii
2782 5163 3098 5258 reddantur,
3144 5198 3201 5246 et
3238 5163 3768 5295 hocjgratias'lDﬂegitdz';

2341 5287 2563 5360 potuisti
2598 5285 2918 5357 impetrare,
2946 5292 3002 5340 et
3030 5254 3289 5339 Dominus
3339 5263 3585 5330 donaverit
3604 5254 3783 5360 ςυνεξῗί

2339 5351 2621 5449 itngentur
2674 5351 2730 5432 et
2788 5375 3073 5430 luminaria
3141 5379 3439 5429 sanctorum
3480 5351 3781 5473 Ρζῗϋῗωξῗέ

2341 5436 2486 5528 nunc
2528 5468 2806 5525 tribulatio
2844 5467 3044 5525 accidit
3073 5436 3781 5545 διιτθοθηοιειιητνιδξιθηΫῗ-ξῗ

2338 5560 2645 5623 lrrisonum,
2672 5558 2810 5615 sicut
2845 5568 2900 5612 tn
2930 5558 3045 5627 ipse
3067 5555 3223 5613 nobis
3242 5541 3516 5662 innotuisti.
3616 5524 3764 5662 «ἔζητὲ

2335 5612 2608 5725 adquod
2629 5612 3014 5744 iactasti.
3035 5648 3179 5720 quod
3193 5646 3279 5744 illi
3298 5640 3382 5714 qui
3405 5625 3597 5744 lfﬁ‘jff“

2336 5708 2662 5816 capitalibus
2696 5708 2934 5814 peccatis
2963 5708 3031 5796 de
3052 5708 3240 5852 'graat:
3279 5708 3783 5852 saeuiat:

2338 5813 2638 5916 reperisses
2666 5813 2970 5903 adulteros,
3003 5830 3327 5896 homicidas,
3371 5830 3423 5878 ut
3445 5828 3530 5874 nec
3546 5813 3715 5865 βροτω
