3988 6460
254 417 397 479 1169

248 544 358 585 nec
382 524 564 583 clerici
592 537 714 580 esse
740 520 968 594 possint,
998 533 1098 575 nec
1123 517 1227 575 sub
1246 514 1569 589 poenitentia
1592 512 1844 570 monachi
1877 524 1924 580 Α

248 637 376 677 esse
401 618 627 683 volunt,
667 615 765 671 sed
793 655 808 679 ,
857 621 1145 685 pergentes
1197 610 1338 681 apud
1391 608 1651 680 palatium
1702 605 1846 676 regis

249 711 590 781 Francorum
633 714 829 776 rogant
876 715 937 759 ut
985 703 1067 759 eis
1114 701 1227 756 loca
1261 699 1461 756 tribuat
1490 696 1844 755 ecclesiarum

249 803 341 859 vel
394 798 889 862 monasteriorum,
943 804 1002 849 ut
1048 794 1242 849 laicam
1297 791 1464 847 vitam
1515 790 1740 854 vivant,
1791 794 1847 841 et

251 894 633 963 dispergentes
657 897 972 945 sanctorum
1000 885 1140 949 loca,
1186 884 1281 940 sed
1324 890 1381 939 et
1418 883 1487 938 de
1515 882 1619 937 hoc
1640 880 1849 952 pariter

249 983 491 1054 qualiter
538 980 654 1036 fieri
690 978 917 1043 debeat,
948 976 1282 1031 Francorum
1314 973 1656 1044 principibus
1699 985 1844 1025 como

251 1082 544 1133 monentes
591 1071 912 1128 direximus.
959 1069 1018 1123 ln
1072 1068 1176 1123 aha
1230 1067 1428 1138 quippe
1484 1074 1572 1121 tua
1618 1063 1846 1135 epistola

252 1164 561 1235 reperimus
606 1160 874 1217 contineri
922 1159 1103 1215 omnia
1146 1174 1270 1230 quae
1315 1165 1505 1214 contra
1547 1166 1598 1212 te
1625 1164 1849 1226 egerant

255 1257 399 1327 falsi,
442 1266 500 1311 ct
527 1252 863 1311 schismatici
892 1250 1129 1322 episcopi
1151 1250 1475 1306 Aldebertus
1495 1256 1551 1303 et
1574 1246 1846 1312 Clemens,

255 1365 358 1422 per
380 1364 505 1419 qua:
538 1347 722 1402 omnia
767 1355 890 1401 acta
919 1344 1161 1415 ipsorum
1197 1351 1256 1397 et
1284 1342 1674 1410 impiissimum
1697 1354 1850 1395 erro-

257 1457 376 1497 rem
411 1428 688 1511 sigillatim
721 1436 993 1493 indicasti.
1045 1434 1157 1490 Nos
1200 1449 1331 1490 vero
1372 1430 1715 1504 congregatis
1743 1429 1851 1485 fra-

259 1534 434 1588 tribus
458 1539 510 1587 et
538 1527 1019 1585 consacerdotibus
1043 1524 1607 1591 nostris,‘eorumdem
1628 1590 1633 1598 ε
1652 1536 1851 1592 pravo-

260 1639 383 1679 rum
411 1621 832 1678 sceleratissima
859 1628 978 1675 acta
1022 1619 1077 1673 in
1123 1633 1311 1674 eorum
1341 1615 1659 1687 ptenitentia
1686 1613 1849 1685 relegi

259 1713 522 1778 fecimus,
551 1720 610 1767 et
634 1710 764 1766 dum
795 1708 954 1765 nobis
997 1722 1182 1765 coram
1223 1705 1455 1762 concilio
1486 1703 1687 1761 relecta
1716 1702 1852 1759 fuis-

258 1815 403 1868 sent,
427 1805 516 1872 pio
547 1800 724 1858 studio
751 1814 942 1856 omnes
980 1799 1171 1855 eadem
1212 1796 1562 1855 schismatica
1599 1797 1851 1869 dogmata

1386 446 1389 447 ν
1438 396 1927 462 DECRETALIUM
1966 394 2395 463 εοιιεετιο.
2450 456 2453 459 _

3394 384 3536 442 H70

2152 507 2285 562 Item
2316 505 2535 577 epistola
2570 503 2848 558 Zachariae
2873 502 2942 556 ad
2975 499 3319 572 Bonifacium

2018 598 2373 655 Sanctissimo
2392 604 2447 652 et
2469 594 2922 653 reverendissimo
2946 593 3124 658 fratri,
3139 594 3432 649 BONIFACIO
3444 606 3543 648 eo-

1947 690 2223 762 episcopo,
2250 689 2552 746 Zxcusaus
2576 690 2882 758 episcopus,
2899 702 3091 743 servus
3113 699 3397 741 servorum
3416 682 3539 740 Dei.

2020 778 2346 835 Benedictus
2421 778 2563 833 Deus
2636 777 2798 833 Pater
2883 776 3094 833 Domini
3166 773 3337 831 nostri
3407 772 3540 830 Jesu

1946 871 2169 937 Christi,
2193 871 2285 942 qui
2327 870 2572 941 dispersa
2615 876 2911 939 congregat
2953 876 3008 923 et
3049 874 3379 937 congregata
3404 877 3541 920 con-

1948 972 2162 1029 servat,
2189 972 2459 1033 augetque
2502 960 2662 1017 tidem
2710 970 2766 1016 et
2813 960 3065 1015 fiduciam
3114 959 3290 1014 servis
3330 957 3446 1012 suis
3472 957 3543 1012 ad

1949 1053 2349 1126 praedicandum
2380 1054 2604 1108 verbum
2632 1051 2910 1122 Evangelii
2936 1050 3067 1106 Jesu
3099 1049 3300 1111 Christi
3327 1047 3544 1105 Domini

1949 1150 2158 1214 nostri,
2192 1163 2315 1203 cum
2342 1148 2532 1203 eodem
2570 1146 2735 1211 Patre
2765 1155 2824 1203 et
2857 1146 3065 1217 Spiritu
3106 1153 3295 1201 sancto
3335 1145 3390 1200 in
3422 1144 3546 1200 uni-

1953 1247 2064 1296 tate
2093 1239 2292 1295 viventi
2342 1238 2399 1293 in
2451 1237 2651 1293 smcula
2704 1236 3061 1303 saeculorum,
3110 1236 3215 1308 ipsi
3266 1235 3438 1308 gloria
3488 1243 3546 1291 et

1950 1331 2087 1398 laus,
2113 1333 2206 1402 qui
2235 1331 2451 1403 adjutor
2469 1341 2525 1386 et
2549 1338 2825 1400 protector
2854 1338 2939 1385 est
2959 1328 3013 1384 in
3044 1343 3105 1387 se
3142 1328 3494 1385 credentibus
3518 1343 3537 1395 ;

1952 1424 2065 1495 ipse
2096 1424 2240 1495 enim
2265 1423 2403 1478 dixit
2436 1441 2493 1477 τι
2518 1421 2622 1490 Qui
2650 1421 2825 1477 credit
2846 1422 2898 1476 in
2924 1422 3136 1477 mevita
3164 1421 3329 1486 vivet,
3358 1428 3414 1476 et
3433 1434 3545 1477 non

1951 1516 2216 1571 morietur
2243 1514 2426 1584 (Joan.
2462 1529 2539 1581 vt,
2567 1514 2692 1585 Π),
2732 1532 2752 1568 ι
2780 1512 3037 1583 quoniam
3064 1530 3084 1564 ι
3117 1526 3219 1584 ego
3255 1526 3376 1567 sum
3420 1510 3547 1580 via,

1950 1607 2154 1664 veritas
2185 1615 2241 1663 et
2265 1607 2374 1662 vita
2404 1605 2590 1679 (Joan.
2618 1620 2731 1671 xiv,
2763 1605 2840 1678 6).
2879 1624 2898 1658 ι
2927 1605 3238 1661 Laudamus
3268 1613 3325 1661 et
3355 1618 3549 1675 super-

1951 1700 2252 1756 exaltamus
2280 1709 2529 1755 sanctum
2558 1714 2754 1775 nomen
2770 1699 2909 1769 ejus,
2934 1697 3063 1763 lzeti,
3087 1698 3406 1770 gaudentes,
3449 1710 3548 1767 per

1952 1795 2145 1851 horum
2171 1793 2421 1866 gerulos,
2448 1801 2505 1848 et
2530 1801 2732 1849 sancta:
2770 1790 3146 1867 fraternitatis
3197 1798 3305 1844 tute
3350 1786 3551 1842 litteris

259 1896 502 1966 ipsorum
533 1901 695 1963 atque
725 1890 1097 1962 iniquissimas
1121 1888 1460 1954 traditiones,
1488 1901 1585 1942 seu
1616 1886 1851 1942 scelera-
1883 1887 1926 1947 Β
1954 1888 2155 1953 allatis,
2189 1886 2536 1956 superstitem
2583 1885 2637 1940 in
2689 1884 2793 1940 hac
2834 1883 2968 1948 vita,
3017 1889 3074 1938 et
3114 1881 3170 1936 in
3215 1878 3447 1936 Domino
3484 1885 3545 1933 te

260 1986 528 2042 tissimam
559 1984 726 2039 vitam
768 1998 935 2053 quam
985 1981 1089 2038 sibi
1138 1979 1465 2036 Aldebertus
1507 1978 1852 2034 conscribere

258 2078 411 2141 fecit,
461 2090 565 2131 una
593 2089 725 2130 voce
747 2073 1285 2137 exclamaveruntmt
1314 2070 1421 2142 igni
1455 2077 1849 2125 cremarentur.

260 2167 369 2225 Sed
397 2179 497 2221 nos
539 2165 644 2220 hoc
674 2179 782 2220 non
823 2172 1033 2218 rectum
1065 2160 1453 2230 indicavimus,
1480 2174 1580 2231 pro
1606 2174 1671 2215 eo
1706 2157 1851 2231 quod

259 2259 332 2315 ad
360 2255 770 2320 reservandum,
808 2255 924 2309 sive
963 2253 1018 2308 in
1066 2261 1333 2308 aeternum
1359 2266 1453 2307 eos
1481 2249 1848 2307 condemnan-

260 2353 390 2408 dum
419 2351 473 2405 in
493 2349 696 2405 scrinio
717 2356 922 2403 sancta
943 2345 1198 2402 Ecclesia:
1217 2344 1542 2401 reservanda
1568 2340 1849 2396 mandavi-

265 2455 409 2509 mus,
429 2439 785 2510 suscipientes
800 2437 897 2508 ipsi
914 2436 1133 2507 dignam
1148 2434 1495 2498 sententiam,
1510 2431 1664 2503 cujus
1678 2430 1853 2485 instar

267 2533 493 2589 actionis
518 2531 585 2587 ad
627 2540 773 2586 tuam
805 2528 1123 2593 direximus,
1152 2525 1345 2593 frater,
1382 2525 1765 2591 sanctitatem,
1793 2533 1854 2579 ut

260 2606 463 2679 reiecta
501 2622 558 2689 in
579 2620 858 2692 provincia
879 2618 1239 2685 Francorum,
1262 2617 1443 2673 omnis
1471 2615 1853 2671 schismaticus

261 2714 489 2771 audiens
516 2714 699 2770 taliter
728 2729 757 2767 a
784 2720 972 2768 sancta
1015 2712 1109 2768 Dei
1153 2711 1421 2767 catholica
1466 2720 1521 2766 et
1559 2709 1852 2781 apostolica

260 2804 510 2866 Ecclesia
526 2805 829 2876 jndicatum
858 2820 886 2859 a
915 2818 1106 2860 sensus
1136 2802 1221 2859 sui
1253 2804 1519 2873 pravitate
1545 2802 1846 2873 resipiscat.

258 2895 318 2957 In
337 2897 495 2950 tertia
514 2910 747 2964 namque
765 2904 854 2948 tua
877 2894 1102 2964 epistola
1120 2892 1379 2949 intitnasti
1405 2892 1560 2949 nobis
1577 2894 1643 2948 de
1657 2892 1763 2949 alio
1777 2908 1855 2948 se-

260 2987 511 3048 ductore,
531 2984 748 3040 nomine
763 2981 1022 3048 Gcolebo,
1036 2982 1127 3053 qui
1142 2992 1302 3037 antea
1320 2981 1413 3037 tali
1432 2983 1669 3054 episcopi
1685 2983 1854 3038 bono-

261 3094 324 3135 re
348 3077 688 3146 fungebatur,
707 3083 762 3130 et
777 3074 904 3145 quia
918 3076 1034 3130 sine
1055 3072 1425 3144 cujuscunque
1449 3072 1699 3129 consultu
1715 3074 1854 3144 apud

264 3184 366 3227 nos
394 3175 667 3237 properat,
705 3174 760 3221 et
802 3166 930 3221 dum
956 3164 1255 3231 advenerit,
1287 3174 1346 3219 ut
1383 3163 1612 3219 Domino
1638 3162 1856 3232 placue-

265 3262 360 3325 rit,
394 3259 506 3314 liet.
546 3257 661 3314 Tua
703 3267 884 3313 autem
919 3256 1251 3323 reverentia,
1288 3264 1381 3321 ut,
1417 3254 1714 3310 auxiliante
1754 3254 1855 3309 Do-
1881 3249 1927 3311 C

268 3351 443 3417 mino,
473 3350 663 3418 cmpit,
689 3348 809 3404 vice
852 3355 1039 3402 nostra
1091 3345 1338 3402 volumus
1377 3354 1456 3412 ιιι,
1494 3344 1643 3401 omni
1694 3359 1854 3408 anno,

260 3430 397 3514 apto
444 3453 685 3511 tempore
739 3439 793 3494 in
848 3438 1183 3511 Francorum
1236 3437 1519 3509 provincia
1569 3435 1860 3492 concilium

266 3536 457 3592 debeat
521 3532 823 3599 celebrari,
880 3539 939 3586 ut
985 3529 1291 3600 frequentia
1344 3530 1689 3587 sacerdotum
1747 3527 1862 3584 sive

269 3627 530 3685 institutis
555 3640 834 3681 sacrorum
865 3637 1137 3679 canonum
1164 3622 1529 3677 mediantibus
1576 3620 1686 3676 illic
1733 3619 1863 3691 quid

269 3719 560 3775 adversum
591 3716 741 3773 nullo
784 3715 944 3772 modo
978 3715 1177 3770 audeat
1222 3713 1521 3785 pullulare,
1566 3715 1662 3769 sed
1693 3713 1866 3784 magis

271 3809 532 3866 Ecclesia:
566 3808 661 3864 Dei
722 3808 951 3871 unitate,
1004 3813 1061 3861 et
1111 3804 1395 3875 disciplina
1448 3789 1862 3872 ecclesiastica,

271 3910 433 3973 atque
482 3899 778 3971 apostolica
823 3898 1022 3967 ubijue
1067 3897 1122 3952 in
1181 3896 1286 3953 illis
1336 3896 1582 3968 partibus
1612 3897 1860 3962 dilatata,

273 4002 483 4049 cunctae
506 3992 829 4066 populorum
863 3990 1034 4045 turbae
1066 3991 1230 4045 etiam
1271 3990 1323 4044 in
1352 3989 1595 4046 occiduis
1616 3988 1865 4061 partibus

278 4083 389 4146 veri
413 4082 664 4140 catholici
691 4098 810 4141 esse
838 4082 1068 4155 possint.
1091 4090 1148 4137 et
1183 4096 1289 4137 non
1325 4082 1554 4154 amplius
1578 4097 1675 4151 per
1700 4081 1867 4136 falsos

276 4173 588 4230 sacerdotes
613 4174 890 4231 erroribus
920 4171 1145 4227 involuti
1189 4172 1577 4243 demerguntur
1616 4174 1668 4226 in
1699 4174 1866 4228 inter-

274 4263 605 4333 itum.Dum
674 4258 821 4319 veru
852 4263 1141 4320 concilium
1194 4264 1590 4336 aggregaveris,
1641 4264 1719 4318 sic
1776 4274 1863 4318 tua

277 4355 595 4411 fraternitas
626 4352 935 4410 conflictum
983 4354 1182 4411 habeat
1228 4369 1350 4409 cum
1408 4354 1864 4427 metmpolitanis,

266 4464 419 4527 quos
443 4448 921 4514 confirmavimus,
950 4448 1017 4503 de
1039 4461 1104 4502 eo
1139 4437 1281 4521 quod
1310 4447 1493 4504 dixisti
1521 4488 1537 4515 ,
1584 4458 1642 4503 ut
1684 4448 1867 4505 nullus

278 4542 396 4605 sine
430 4540 889 4596 commendatitiis
924 4538 1168 4609 epistolis
1218 4540 1571 4611 suscipiatur.
1623 4538 1862 4606 Tamen,

277 4644 333 4689 ct
360 4650 459 4703 pro
488 4634 594 4689 hoc
623 4633 761 4706 ipso,
785 4642 841 4687 et
852 4648 952 4703 pro
980 4633 1231 4688 omnibus
1246 4633 1577 4690 Francorum
1604 4634 1864 4705 principi-
1895 4615 1944 4674 ι)
1965 4635 2119 4706 juxta
2157 4635 2434 4704 prophetae
2482 4635 2685 4691 dictum

266 4727 419 4807 bus,
471 4727 910 4783 commonitionis
970 4727 1270 4785 direximus
1324 4728 1575 4796 litteras,
1634 4737 1693 4785 ut
1746 4730 1860 4801 jam

281 4820 530 4891 superius
580 4819 674 4875 fati
722 4835 943 4886 sumus,
977 4819 1044 4875 de
1069 4820 1291 4877 civitate
1323 4837 1557 4892 namque
1594 4822 1713 4889 illa,
1744 4839 1864 4893 qua:

282 4928 456 4984 nuper
477 4911 774 4987 Agrippina
796 4911 1115 4977 voeabatur,
1135 4927 1278 4969 nunc
1300 4927 1428 4967 vero
1449 4912 1690 4979 Colonia,
1710 4913 1864 4982 juxta

282 5006 596 5079 petitionem
613 5004 968 5072 Francorum,
986 5014 1184 5061 nostrae
1198 5006 1538 5061 auctoritatis
1554 5022 1652 5077 per
1663 5022 1867 5078 praece-

283 5109 435 5173 ptum
467 5098 670 5154 nomini
703 5106 793 5154 tuo
824 5099 1162 5170 metropolim
1193 5099 1663 5165 c0nlirmavimus,
1686 5110 1741 5155 et
1765 5109 1869 5155 tuae.

285 5191 555 5249 sanctitati
585 5191 883 5247 direximus
913 5207 1012 5262 pro
1037 5191 1233 5246 futuris
1265 5193 1598 5263 temporibus
1629 5193 1868 5265 ejusdem

286 5282 714 5353 metropolitanum
738 5281 998 5338 Ecclesia;
1032 5283 1405 5339 stabilitatem.
1443 5285 1586 5342 Deus
1630 5294 1679 5340 te
1722 5285 1871 5357 inco-

288 5374 489 5431 lumem
548 5374 822 5432 custodiat
885 5375 1337 5431 reverendissime
1405 5385 1460 5431 et
1526 5377 1871 5433 sanctissime

288 5466 475 5527 frater.
513 5465 644 5521 Data
673 5464 849 5537 pridie
885 5463 1156 5520 Kalendas
1185 5463 1537 5534 Novembris,
1570 5467 1874 5538 imperante

290 5559 489 5622 domno
541 5562 784 5631 piissimo
809 5560 1054 5633 Augusto
1095 5560 1480 5628 Constantino,
1522 5579 1551 5617 a
1580 5561 1691 5619 Deo
1718 5577 1874 5619 coro-

291 5660 448 5719 nato,
503 5667 702 5724 magno
759 5652 1117 5724 imperatore,
1182 5668 1325 5708 anno
1362 5652 1710 5725 27,,itnperii
1758 5654 1875 5725 ejus

291 5745 480 5827 quinte
508 5760 672 5815 anno,
701 5745 993 5803 indictione
1015 5745 1217 5802 decima
1249 5754 1461 5818 quarta.

1956 1981 2139 2038 valere
2166 1986 2580 2051 cognoscentes,
2610 1985 2856 2049 petentes
2898 1977 3221 2031 immensam
3248 1973 3344 2029 Dei
3373 1970 3551 2028 nostri

1955 2074 2317 2139 divinitatem,
2334 2080 2394 2127 ut
2419 2070 2486 2126 ad
2512 2068 2914 2142 praedicandum
2942 2067 3112 2124 multo
3127 2067 3360 2138 amplips
3375 2065 3556 2121 Evan-

1954 2167 2078 2239 gelii
2107 2176 2270 2236 atque
2290 2173 2492 2221 sanctae
2516 2162 2638 2219 fidei
2669 2162 2788 2230 eius
2808 2168 3230 2225 sacramentum,
3249 2157 3551 2229 longaevum

1955 2269 2007 2316 te
2061 2268 2283 2325 servet,
2333 2270 2541 2327 suaque
2585 2253 2924 2324 protectione
2974 2260 3027 2307 te
3074 2250 3323 2314 muniat,
3371 2255 3427 2302 et
3472 2246 3543 2303 ab

1955 2349 2369 2405 adversantium
2440 2345 2656 2403 insidiis
2714 2345 2804 2416 pie
2874 2340 3186 2399 miserando
3261 2337 3553 2394 custodiat.

1954 2439 2237 2512 Suggessit
2283 2440 2470 2509 itaque
2516 2444 2705 2494 sancta
2780 2434 3096 2491 fraternitas
3167 2442 3257 2487 tua
3324 2432 3379 2487 in
3438 2430 3555 2486 suis

1953 2531 2199 2603 apicibus
2245 2532 2389 2602 quod
2442 2531 2809 2601 praedecessor
2838 2537 3028 2584 noster
3054 2528 3227 2583 beatze
3274 2523 3554 2581 memoria:

1952 2622 2289 2696 Gregorius,
2331 2622 2492 2692 hujus
2522 2630 2725 2678 sancta:
2768 2621 2913 2677 sedis
2956 2618 3269 2691 apostolicae
3314 2613 3554 2689 praesul,

1954 2711 2083 2768 dum
2108 2713 2177 2768 ad
2205 2713 2611 2783 praedicandum
2644 2713 2869 2768 verbum
2918 2709 3197 2782 Evangelii
3247 2718 3395 2764 tuam
3446 2706 3556 2763 mi-

1954 2804 2116 2861 sisset
2152 2805 2548 2860 fraternitatem
2597 2804 2652 2859 in
2702 2802 3011 2859 Germaniae
3045 2802 3313 2873 partibus,
3341 2815 3395 2856 et
3424 2815 3559 2872 gen-

1957 2898 2100 2955 tibus
2148 2898 2252 2954 illis
2291 2899 2547 2970 paganis,
2587 2898 2751 2953 verbo
2783 2898 3194 2969 pollicitationis
3239 2912 3267 2951 a
3328 2907 3379 2951 te
3432 2910 3555 2952 esse

1954 2993 2170 3057 muniti,
2189 2993 2261 3047 ita
2291 3002 2349 3047 ut
2373 2992 2709 3047 orthodoxos
2732 2993 3039 3063 episcopos,
3063 2991 3433 3063 presbyteros,
3466 2991 3552 3045 vel

1954 3099 2305 3155 quoscunque
2360 3085 2602 3154 reperire
2650 3086 2922 3155 potuisses
2953 3126 2968 3150 ,
3022 3085 3077 3140 in
3105 3084 3272 3140 verbo
3299 3085 3560 3138 exhorta-

1957 3173 2122 3231 tionis
2166 3172 2441 3244 perfectos
2487 3173 2720 3245 amplius
2753 3174 3135 3239 confirmares,
3179 3182 3236 3229 et
3280 3174 3359 3228 eis
3401 3188 3554 3229 COIII-

1962 3266 2271 3321 municares
2299 3264 2443 3336 quod
2487 3274 2543 3319 et
2578 3265 2782 3320 factum
2827 3275 2931 3320 est.
2980 3263 3037 3318 Si
3070 3278 3208 3335 quos
3235 3277 3364 3318 vero
3393 3263 3556 3317 sedu-

1960 3368 2141 3416 ctores
2167 3358 2477 3429 episcopos,
2511 3365 2606 3411 aut
2640 3350 3214 3429 pseudoprcsbyter'os,
3269 3352 3357 3407 vel
3395 3366 3559 3422 quos-

1963 3466 2175 3521 cunque
2215 3465 2245 3504 a
2287 3458 2439 3505 recto
2490 3448 2612 3504 ﬁdei
2662 3448 2880 3504 tramite
2917 3446 3199 3503 deviantes
3232 3443 3554 3516 reperisses,

1962 3540 2105 3595 nulla
2149 3541 2242 3594 tibi
2290 3556 2417 3595 cunt
2461 3540 2542 3596 eis
2597 3549 2743 3595 esset
2785 3537 3115 3595 communio.
3143 3536 3295 3604 Quod
3334 3544 3419 3600 te,
3449 3536 3560 3591 Deo

1962 3631 2253 3687 solatiante
2287 3646 2458 3700 usque
2510 3632 2581 3686 ad
2633 3645 2871 3702 przesens
2916 3627 3271 3700 spiritualiter
3301 3641 3554 3682 servasse

1962 3724 2244 3779 confessus
2264 3739 2346 3788 es,
2376 3722 2460 3778 vel
2503 3723 2549 3779 si
2590 3724 2813 3779 omnino
2842 3731 3066 3794 propter
3090 3718 3444 3792 principalem
3463 3758 3479 3783 ,
3505 3729 3562 3772 et

1963 3815 2261 3872 humanum
2312 3814 2554 3872 favorem
2596 3816 2773 3887 gentis
2816 3814 3182 3879 Francorum,
3209 3812 3339 3867 dum
3367 3812 3434 3867 ad
3464 3825 3559 3866 eos

1963 3906 2290 3962 accessisses
2331 3905 2688 3976 corporaliter
2716 3905 2991 3961 abstinere
3030 3918 3138 3959 non
3172 3894 3419 3969 valuisti,
3466 3914 3559 3956 eo.

1965 4006 2126 4071 gente
2188 3999 2514 4054 necessitate
2549 3997 2915 4054 Ecclesiarum
2973 3995 3108 4063 Dei,
3161 4005 3217 4051 et
3272 4003 3455 4050 tamen
3500 3992 3559 4048 in

1964 4105 2152 4146 eorum
2180 4089 2429 4157 concilio,
2453 4099 2508 4145 et
2541 4092 2807 4147 eonsettsu
2833 4077 3229 4146 communionis
3249 4089 3429 4142 anima
3456 4096 3549 4140 tua

1967 4196 2072 4235 non
2102 4189 2189 4237 est
2216 4181 2581 4250 coinquinata.
2626 4180 2813 4251 Itaque
2841 4176 3062 4251 propter
3089 4180 3224 4245 hoc,
3252 4179 3394 4251 quod
3429 4194 3555 4234 cum

1965 4272 2047 4326 eis
2069 4280 2423 4326 conservatus
2442 4285 2524 4333 es,
2548 4285 2654 4326 non
2680 4272 3028 4326 consentiens
3052 4272 3320 4343 iniquitati
3346 4287 3557 4335 eorum,

1967 4359 2169 4413 nullum
2216 4359 2308 4414 tibi
2356 4368 2440 4414 est
2484 4359 2869 4414 detrimentum
2915 4377 3099 4416 coram
3152 4363 3278 4415 Deo.
3314 4362 3388 4416 'l‘e
3413 4362 3557 4417 enim

1968 4453 2321 4524 praedicante,
2366 4452 2413 4506 si
2452 4452 2755 4519 obetlirent,
2794 4454 2927 4509 salvi
2957 4464 3156 4509 essent.
3191 4454 3246 4509 Si
3296 4465 3476 4509 autem
3504 4456 3557 4508 in

1970 4542 2257 4611 iniquitate
2290 4558 2385 4597 sua
2418 4553 2773 4614 permanent,
2803 4545 2900 4614 ipsi
2936 4544 3190 4614 peribunt
3225 4561 3238 4598 :
3269 4543 3350 4598 Tu
3376 4552 3559 4598 autem

2726 4653 2740 4689 :
2794 4654 2813 4686 ι
2851 4633 3084 4690 Salvasti
3134 4634 3372 4689 animam
3412 4642 3560 4689 tuam

1973 4727 2188 4799 (Ezeclt.
2223 4742 2416 4792 xxxnt,
2453 4728 2530 4799 9).
2580 4749 2600 4782 ι
2643 4728 3009 4800 DeepiscOpis
3052 4726 3234 4783 autem
3274 4737 3329 4784 et
3378 4727 3561 4800 palliis

1972 4817 2304 4874 Francorum
2322 4818 2609 4889 scripsisti,
2634 4806 2776 4890 quod
2792 4819 2947 4889 juxta
2970 4820 3385 4891 promissionem
3403 4836 3559 4876 suam

1973 4909 2210 4965 nomium
2242 4908 2622 4980 impleverunt,
2651 4910 2743 4980 qui
2773 4911 2817 4966 si
2855 4910 3198 4982 impleverint
3235 4912 3393 4982 juxta
3440 4926 3563 4967 ver-

1973 5005 2101 5060 bum
2129 5019 2310 5069 suum,
2335 5004 2611 5060 habebunt
2664 5019 2733 5060 ex
2770 5019 2835 5060 eo
2872 5003 3084 5059 laudem
3115 5002 3294 5076 (Rom.
3321 5018 3450 5071 xm,
3479 5004 3558 5074 5).

1973 5098 2071 5152 Sin
2098 5112 2228 5152 vero
2261 5097 2418 5153 aliter
2446 5096 2679 5169 egerint,
2711 5097 2812 5169 ipsi
2846 5098 3130 5162 videbunt,
3157 5114 3255 5154 nos
3281 5100 3448 5163 enim,
3480 5099 3558 5154 di-

1973 5188 2096 5244 vina
2159 5188 2332 5258 gratia
2398 5187 2698 5260 largiente,
2748 5189 2892 5258 quod
2969 5189 3138 5260 gratis
3212 5190 3560 5260 accepimus,

1972 5278 2142 5346 gratis
2187 5277 2380 5333 damus
2424 5277 2642 5349 (Matth.
2676 5295 2729 5345 χ,
2765 5278 2844 5349 8).
2890 5278 3003 5335 Tua
3041 5280 3300 5349 quidem,
3345 5295 3566 5351 propter

1974 5372 2078 5426 hoc
2116 5371 2346 5443 benigna
2386 5370 2634 5427 voluntas
2684 5386 2716 5426 a
2766 5373 2923 5428 nobis
2970 5383 3222 5444 suscepta
3252 5383 3355 5429 est.
3396 5373 3567 5444 Igitur

1979 5476 2036 5523 et
2085 5467 2186 5522 hoc
2241 5466 2423 5537 petisti
2476 5467 2865 5524 monasterium
2934 5466 2991 5524 in
3068 5468 3374 5524 vastissima
3438 5468 3568 5523 soli-

1976 5561 2209 5628 tudine,
2277 5571 2331 5619 et
2397 5561 2453 5617 in
2522 5561 2704 5619 medio
2767 5562 3007 5634 gentium
3058 5561 3257 5632 quibus
3305 5561 3568 5633 praedicas

1981 5652 2357 5718 constitutum,
2387 5661 2442 5707 et
2486 5667 2516 5706 a
2564 5660 2623 5708 te
2664 5650 2943 5708 fundatum
2985 5666 3129 5719 esse,
3162 5660 3326 5724 atque
3369 5650 3423 5706 in
3474 5654 3569 5707 ho-

1984 5758 2115 5800 nore
2141 5741 2438 5800 Salvatoris
2467 5741 2562 5799 Dei
2604 5737 2777 5800 nostri
2828 5742 3135 5801 dedicatum
3160 5784 3175 5812 ,
3207 5741 3298 5799 ubi
3327 5741 3489 5799 etiam
3514 5750 3571 5801 et
