3988 6438
542 370 676 428 ηπ

1333 374 1625 436 APPEND.
1669 378 1761 436 AD
1802 377 1978 437 SEC.
2017 377 2110 435 IX.
2148 373 2496 433 —ISIDORI
2531 371 2972 432 MERCA'I‘ORIS

3626 381 3714 437 Ilii

544 485 970 546 monaclios‘ub
1010 488 1194 562 regula
1239 490 1381 548 beati
1431 493 1708 550 Benedicti
1748 494 1942 566 degere
1984 492 2129 550 ordi-
2158 498 2203 556 Α
2232 490 2681 562 quemadmodum
2705 490 2859 557 viris,
2882 489 2981 546 sibi
3008 487 3243 545 invicem
3264 488 3416 558 pedes
3433 504 3716 559 an.uere,tan

542 578 716 644 nisti,
742 577 845 634 hoc
877 580 1186 637 venerabile
1229 585 1614 639 monasterium
1639 584 1847 640 nomini
1882 592 1977 639 tuo
2020 582 2134 653 pri-

544 667 743 737 vilegio
787 670 933 725 sedis
986 673 1298 743 aposmlica:
1344 676 1567 730 muniri.
1623 676 1779 744 Quod
1829 676 1972 731 votis
2025 674 2132 730 tuis

542 762 956 829 acquiescentes
987 765 1364 823 ordinavimus
1408 767 1563 837 juxta
1602 769 1921 839 petitionem
1953 778 2007 825 et
2039 770 2131 824 de-

544 852 807 910 siderium
862 865 1033 912 tuum.
1081 858 1345 932 Congruit
1401 863 1547 916 enim
1606 863 1775 918 divini
1845 860 2130 917 ministerii

544 947 962 1014 praedicatorem
992 951 1364 1022 optimumque
1395 953 1703 1008 ministrum
1733 953 1800 1008 ad
1823 953 2133 1009 desiderata

544 1038 879 1111 pertingere,
907 1049 963 1096 et
991 1051 1224 1114 emptum
1247 1044 1450 1099 bonum
1503 1060 1641 1116 opus
1681 1059 1853 1116 usque
1885 1046 1937 1099 in
1971 1044 2131 1099 linem

544 1130 850 1201 perﬁcere,
894 1135 1037 1189 sicut
1068 1136 1331 1205 scriptum
1386 1136 1441 1191 in
1490 1136 1773 1192 Dominico
1820 1145 2128 1206 praecepto:

550 1242 574 1275 ι
602 1222 702 1290 Qui
734 1230 1162 1294 perseveraverit
1191 1244 1363 1298 usque
1404 1229 1456 1283 in
1489 1230 1670 1293 llnem,
1696 1230 1786 1285 bic
1825 1228 2006 1284 salvus
2031 1226 2137 1281 erit

549 1313 767 1384 (Matth.
800 1331 855 1377 κ.
885 1315 999 1387 22).
1032 1335 1053 1369 ι
1096 1318 1160 1372 Et
1190 1336 1209 1368 ι
1249 1318 1438 1373 beatus
1462 1332 1653 1373 servus
1682 1317 1789 1382 ille,
1820 1330 1979 1387 quem
2007 1329 2133 1371 cum

547 1404 759 1458 venerit
786 1404 1086 1471 Dominus,
1135 1407 1407 1462 invenerit
1452 1407 1532 1464 sic
1574 1406 1896 1473 facientem;
1933 1405 2133 1461 etenim

546 1508 716 1563 super
735 1496 920 1549 omnia
945 1496 1086 1550 bona
1121 1511 1220 1551 sua
1255 1498 1554 1552 constituet
1584 1512 1710 1551 eum
1738 1494 1954 1567 (Matth.
1983 1508 2133 1559 xxiv,

545 1584 635 1648 46,
661 1585 777 1657 47).
812 1604 834 1637 ι
870 1586 1077 1642 Interea
1106 1590 1398 1658 praedictus
1421 1598 1545 1644 tuus
1581 1588 1816 1646 Gerulus
1853 1587 1974 1651 Lul,
2012 1600 2135 1641 cum

547 1680 762 1734 caeteris
782 1679 897 1734 suis
939 1681 1354 1747 concomitibus,
1395 1696 1515 1751 qua;
1547 1682 1791 1753 iniuncta
1844 1672 2063 1735 fuerunt
2105 1693 2135 1731 a

550 1779 645 1825 tua
692 1768 937 1825 fraterna
997 1772 1308 1841 sanctitate,
1364 1781 1474 1827 tam
1533 1773 1588 1827 in
1644 1774 1851 1839 verbo,
1885 1784 2049 1840 quam
2080 1767 2135 1822 in

2234 583 2287 637 in
2318 597 2474 638 caena
2507 583 2741 648 Domini,
2772 597 2935 652 quam
2998 581 3055 636 in
3096 579 3222 635 aliis
3251 579 3447 635 diebus.
3475 581 3570 636 Hoc
3591 585 3717 641 Domi.

2234 674 2415 730 nicum
2446 683 2772 744 prmeeptum
2800 681 2904 738 est,
2926 671 3070 742 quod
3097 671 3190 742 qui
3216 685 3309 740 per
3323 670 3470 727 fidem
3484 674 3719 744 impleverit,

2234 764 2457 821 habebit
2481 782 2545 819 cx
2573 780 2638 820 eo
2663 764 2897 819 laudem.
2926 763 3143 819 Etenim
3168 762 3270 817 viri
3299 771 3353 818 et
3376 763 3593 820 mulieres
3612 783 3720 822 unum
3788 816 3789 833 η

2232 858 2404 913 Deum
2432 858 2695 914 habemus
2724 857 2816 928 qui
2843 858 2894 912 in
2926 857 3081 912 ctelis
3109 863 3214 911 est.
3243 855 3345 910 Pro
3364 854 3724 916 benedictionibus
3790 884 3791 891 η

2235 961 2415 1007 autem
2442 967 2580 1020 quas
2610 950 2815 1005 faciunt
2834 950 2993 1016 Galli,
3022 958 3086 1004 ut
3116 949 3282 1013 nosti,
3309 947 3485 1013 frater,
3510 949 3653 1005 multis
3673 954 3725 1006 vi.
3792 952 3793 955 “

2235 1042 2327 1098 tiis
2351 1042 2650 1097 variantur.
2682 1040 2819 1096 Nam
2846 1057 2951 1096 non
2982 1056 3049 1096 ex
3083 1039 3379 1110 apostolica
3408 1039 3643 1096 traditione
3662 1043 3729 1100 hoc

2235 1130 2482 1196 faciunt,
2515 1132 2608 1187 sed
2633 1145 2730 1200 per
2757 1146 2949 1185 vanam
2980 1129 3214 1201 gloriam
3257 1129 3358 1182 hoc
3384 1136 3643 1197 operantur,
3664 1129 3729 1184 sibi

2237 1222 2370 1292 ipsis
2403 1222 2804 1277 damnationem
2844 1221 3171 1276 adhibentes
3193 1261 3207 1280 ,
3239 1218 3365 1272 dum
3409 1219 3624 1287 scriptum
3647 1234 3728 1275 en:
3800 1222 3801 1231 ‘

2242 1290 2271 1365 ιῖ
2301 1312 2359 1368 Si
2387 1314 2510 1384 quis
2534 1313 2687 1369 vobis
2711 1312 3172 1383 evangelizaverit
3196 1318 3391 1379 praeter
3416 1310 3464 1363 id
3492 1311 3607 1378 quod
3624 1324 3731 1364 evan-
3802 1290 3803 1305 ‘

2236 1404 2524 1477 gelizatum
2563 1413 2665 1470 est,
2699 1406 2987 1460 anathema
3021 1404 3092 1459 sit
3130 1401 3277 1475 (Gal.
3310 1418 3356 1464 ι,
3399 1400 3471 1473 9).
3502 1421 3517 1453 ι
3549 1402 3728 1473 llcgulan

2239 1496 2520 1552 catholicae
2553 1492 2862 1551 traditionis
2895 1496 3211 1566 suscepisti,
3240 1494 3408 1549 frater
3435 1495 3725 1550 amantissime.

2240 1589 2330 1645 Sic
2366 1590 2622 1646 omnibus
2657 1589 2911 1660 praedico.
2942 1603 3247 1659 omnesque
3285 1588 3441 1653 doce,
3470 1587 3587 1643 sicut
3608 1603 3722 1642 asan-

2239 1688 2325 1736 cta
2370 1681 2651 1745 Roinana,
2694 1682 2778 1737 cui
2827 1681 2940 1737 Deo
2989 1690 3219 1737 auctore
3271 1678 3729 1743 deservimus,tece-

2239 1772 2366 1843 pisti
2421 1772 2688 1829 Ecclesia.
2719 1773 2993 1844 lnquisisti
3014 1773 3184 1829 etiam
3213 1780 3269 1827 et
3297 1770 3417 1835 hoc,
3443 1769 3483 1824 si
3506 1776 3606 1823 ante
3626 1768 3730 1823 trite-

550 1863 868 1933 pracscripto
913 1863 1097 1918 omnia
1140 1863 1400 1934 liquidius
1462 1872 1818 1935 suggerentes
1890 1863 2142 1916 innotue-
2178 1849 2220 1908 Β
2249 1866 2445 1922 simum
2477 1882 2679 1922 annum
2708 1866 2870 1922 liceat
2899 1865 3244 1922 sacerdotem
3269 1861 3512 1918 ordinari.
3536 1860 3733 1915 Bonumet

552 1962 700 2019 runt,
743 1952 813 2009 de
857 1954 1055 2024 quibus
1109 1962 1218 2009 tam
1263 1954 1318 2010 in
1367 1953 1535 2010 verbo
1566 1969 1885 2025 responsum
1922 1952 2137 2018 dantes,

550 2052 609 2100 et
649 2045 988 2115 prtescripto,
1050 2052 1157 2100 tua:
1226 2044 1537 2101 remisimus
1594 2044 1943 2100 fraternitati.
2001 2041 2144 2097 Con-

555 2132 804 2188 tinebaut
845 2134 992 2189 enim
1040 2134 1274 2204 capitula
1334 2135 1388 2188 in
1416 2134 1609 2206 pitatio
1645 2136 1717 2189 ab
1749 2134 1834 2189 cis
1863 2142 2139 2203 porrecto,

552 2238 675 2292 qua:
699 2223 929 2282 inferius
977 2240 1189 2280 annexa
1232 2234 1401 2289 sunt,
1452 2226 1520 2280 de
1559 2225 1759 2295 quibus
1808 2222 2064 2295 ﬂagitasti
2110 2238 2143 2277 a

555 2316 716 2373 nobis
747 2332 868 2386 quae
901 2316 1232 2386 recipienda,
1261 2332 1383 2386 qua:
1408 2316 1708 2386 respuenda
1735 2322 1884 2370 sunt.

627 2408 685 2465 In
727 2410 920 2481 primis
943 2410 1010 2464 de
1042 2409 1369 2476 volatilibus,
1400 2409 1453 2464 id
1475 2419 1580 2475 est,
1610 2408 1847 2481 graculis
1880 2416 1939 2464 et
1967 2406 2146 2464 comi-

556 2500 717 2568 culis,
747 2510 909 2573 atque
948 2502 1191 2567 ciconiis,
1220 2517 1341 2573 quae
1366 2502 1588 2558 omnino
1616 2502 1870 2558 cavenda:
1910 2510 2040 2557 sunt
2078 2502 2148 2556 ab

558 2610 653 2653 esu
674 2595 1136 2660 Christianorum,
1163 2595 1327 2651 etiam
1352 2603 1409 2651 et
1441 2593 1588 2661 libri,
1627 2603 1792 2664 atque
1818 2593 2051 2664 lepores,
2090 2601 2148 2648 et

556 2685 684 2755 equi
734 2684 966 2741 silvatici
1016 2686 1190 2741 multo
1247 2685 1481 2755 amplius
1540 2685 1790 2741 cavendi.
1849 2687 2148 2747 Attamen,

557 2777 903 2832 sanctissime
930 2776 1119 2841 frater,
1146 2776 1212 2832 de
1233 2777 1486 2832 omnibus
1504 2775 1806 2847 Scripturis
1820 2774 1990 2830 sacris
2012 2774 2151 2829 bene

560 2877 871 2938 compertus
885 2884 964 2923 es.
989 2868 1066 2924 De
1094 2869 1216 2939 igne
1232 2878 1413 2924 autem
1427 2867 1672 2924 Paschali
1683 2907 1698 2934 ,
1712 2866 1852 2937 quod
1877 2866 2150 2937 inquisisti

568 2973 599 3011 a
632 2958 837 3013 sanctis
860 2958 1055 3028 priscis
1083 2957 1357 3024 Patribus,
1398 2972 1465 3013 ex
1509 2972 1617 3028 quo
1662 2972 1759 3027 per
1806 2957 1901 3012 Dei
1951 2965 2005 3010 et
2053 2956 2154 3009 Do-

560 3047 694 3105 mini
722 3049 893 3103 nostri
925 3046 1053 3105 Jesu
1083 3050 1287 3105 Christi
1330 3050 1561 3121 gratiam
1588 3091 1604 3115 ,
1649 3061 1705 3105 et
1734 3050 1974 3120 pretioso
2027 3064 2155 3105 sau-

565 3140 727 3211 guine
755 3140 874 3212 ejus
896 3140 1127 3197 ecclesia
1149 3140 1395 3197 dedicata
1417 3149 1500 3197 est
1527 3141 1720 3211 quinta
1749 3140 1883 3195 feria
1905 3140 2152 3203 Pascha},

2245 1972 2542 2028 congruum
2570 1998 2586 2025 ,
2631 1957 2955 2014 charissime
3004 1955 3201 2022 frater,
3245 1953 3293 2008 si
3344 1951 3451 2007 fieri
3494 1958 3543 2005 et
3579 1949 3731 2003 inveniri

2243 2057 2455 2123 potest,
2501 2058 2560 2105 ut
2606 2059 2877 2121 provecta:
2903 2047 3083 2104 aetatis
3123 2054 3183 2103 et
3229 2044 3354 2100 boni
3395 2041 3487 2097 viri
3529 2039 3736 2095 testimonii

2241 2144 2399 2215 juxta
2423 2157 2703 2200 sacrorum
2731 2158 3000 2199 canonum
3029 2140 3304 2202 instituta,
3327 2136 3607 2192 ordinentur
3622 2146 3740 2187 sacer-
3828 2174 3829 2185 χ

2247 2237 2419 2294 dotes.
2467 2235 2524 2293 Si
2561 2245 2744 2293 autem
2785 2235 3009 2291 minime
3048 2232 3421 2305 reperiuntur,
3447 2234 3496 2283 et
3531 2225 3739 2281 necessitas

2252 2331 2520 2402 eXposcit,
2581 2346 2611 2386 a
2653 2329 2843 2401 viginti
2874 2328 3119 2401 quinque
3158 2323 3319 2381 annis
3369 2331 3422 2378 et
3470 2333 3602 2389 supra
3638 2316 3739 2371 levita

2247 2432 2303 2481 et
2329 2425 2640 2481 sacerdotes
2668 2424 3006 2487 ordinentur,
3038 2418 3485 2494 quemadmodum
3509 2416 3553 2470 in
3571 2414 3657 2484 lege
3676 2412 3739 2466 Do-

2249 2516 2380 2571 mini
2411 2517 2739 2572 continetur.
2764 2515 2850 2572 ‘De
2884 2514 3083 2571 Milone
3108 2523 3292 2570 autem
3327 2520 3380 2567 et
3406 2507 3623 2581 ejusmodi
3644 2504 3739 2560 simi-

2250 2608 2427 2673 libus,
2458 2608 2551 2679 qui
2585 2606 2842 2665 Ecelesiis
2872 2608 2965 2663 Dei
3004 2607 3304 2678 plurimum
3344 2608 3553 2665 nocent,
3577 2606 3656 2652 uta
3676 2594 3733 2649 tali

2250 2697 2461 2754 nefario
2518 2713 2683 2769 opere
2745 2698 3043 2765 recedant,
3102 2697 3260 2769 juxta
3304 2689 3532 2764 Apostoli
3580 2699 3727 2740 vocem;

2258 2805 2279 2840 ί
2311 2787 2645 2858 0l’portune,
2668 2787 2976 2858 importune
3002 2787 3239 2858 pracdica
3266 2782 3347 2856 (II
3374 2781 3496 2836 Tim.
3520 2776 3645 2845 mil.
3664 2771 3732 2827 ,ελ

2253 2881 2622 2953 acquieverint
2647 2880 3106 2936 admonitionibus
3149 2880 3290 2944 tuis,
3326 2875 3578 2933 salvabunt
3604 2868 3739 2923 animas

2255 2987 2401 3028 suas.
2450 2971 2547 3027 Sin
2597 2987 2727 3028 vero
2774 2972 2873 3043 ipsi
2927 2972 3188 3043 peribunt
3233 2966 3459 3026 obvoluti
3501 2964 3546 3019 in
3583 2957 3740 3033 peccatis

2255 3064 2387 3121 suis.
2430 3063 2507 3119 Tu
2536 3071 2713 3118 autem
2742 3064 2833 3134 qui
2876 3074 3022 3119 recte
3046 3062 3337 3133 praedicas,
3365 3074 3463 3114 non
3483 3054 3636 3128 perdes
3654 3064 3743 3104 mer-

2255 3156 2440 3213 cedem
2473 3165 2642 3211 tuam.
2673 3154 2810 3211 Nam
2859 3164 2915 3211 et
2942 3157 3044 3211 hoc
3082 3152 3355 3226 inquisisti
3383 3193 3396 3216 ,
3427 3155 3531 3221 post
3565 3150 3742 3215 quantum

566 3233 691 3288 dum
723 3248 937 3290 mrum
984 3234 1222 3289 chrisma
1271 3243 1661 3299 consecratur.
1716 3244 1827 3290 tres
1875 3234 2152 3304 lampades
2180 3239 2224 3300 C
2259 3250 2517 3319 temporis
2554 3249 2716 3304 debet
2738 3248 2925 3303 lardus
2954 3248 3189 3313 comedi,
3216 3244 3420 3301 nobisa
3445 3239 3745 3296 Patribuscon-

564 3341 776 3397 magna:
800 3328 1118 3398 capacitatis
1141 3345 1208 3385 ex
1233 3330 1464 3386 diversis
1491 3328 1730 3386 candelis
1762 3329 2015 3385 Ecclesia:
2037 3328 2158 3384 oleo

572 3416 825 3484 collecto,
856 3418 909 3473 in
941 3419 1224 3475 secretiori
1253 3420 1500 3476 ecclesia:
1528 3420 1649 3476 loco
1675 3460 1691 3486 ,
1721 3421 1787 3475 ad
1818 3419 2046 3491 ﬁguram
2077 3420 2157 3473 in-

570 3506 788 3563 terioris
839 3510 1170 3566 tabernaculi
1224 3511 1512 3567 insistente
1567 3510 1984 3578 indelicienter,
2032 3526 2157 3566 cum

569 3597 741 3654 multa
790 3600 1068 3672 diligentia
1110 3602 1355 3672 inspecte
1383 3602 1694 3667 ardebant,
1735 3603 1824 3657 .ita
1870 3609 1929 3655 ut
1979 3590 2183 3657 oleum

570 3690 748 3760 ipsum
820 3691 1068 3749 sufﬁcere
1126 3695 1300 3765 possit
1359 3710 1532 3765 usque
1591 3695 1659 3749 ad
1713 3694 1932 3749 tertium
1993 3694 2157 3751 diem.

570 3781 649 3838 De
682 3784 881 3853 quibus
938 3784 1179 3841 candelis
1243 3784 1484 3841 Sabbato
1545 3795 1768 3848 sancto,
1834 3801 1934 3857 pro
1998 3786 2164 3842 fontis

571 3874 714 3931 sacri
762 3874 1087 3944 baptismate
1151 3886 1403 3947 sumptus
1466 3877 1609 3948 ignis
1668 3892 1766 3947 per
1823 3878 2163 3947 sacerdotem

571 3966 941 4022 renovabitur.
995 3967 1069 4023 De
1112 3969 1408 4023 diristallis
1454 3978 1638 4023 autem
1670 4008 1685 4035 ,
1737 3978 1796 4023 ut
1832 3969 2116 4025 asseruisti
2148 4009 2166 4034 ,

572 4056 777 4112 nullam
829 4058 1096 4115 habemus
1150 4060 1521 4114 traditionem.
1574 4060 1653 4114 De
1708 4061 1829 4126 his,
1871 4061 1965 4131 qui
2017 4062 2168 4133 regio

574 4148 767 4203 morbo
788 4158 1054 4204 vexantur
1076 4149 1371 4219 inquisisti,
1387 4152 1502 4206 sive
1523 4151 1646 4221 equi
1670 4152 1796 4215 sint,
1817 4153 1946 4223 quid
1968 4152 2171 4209 facien-

575 4236 703 4294 dum
739 4237 812 4294 sit
840 4238 908 4294 de
929 4238 1057 4295 illis.
1082 4239 1138 4295 Si
1166 4240 1414 4297 homines
1433 4257 1499 4297 ex
1526 4243 1830 4307 nativitate,
1850 4254 1946 4298 aut
1972 4258 2171 4313 genere

576 4327 739 4397 hujus
767 4330 941 4386 morbi
969 4339 1116 4397 sunt,
1143 4332 1199 4386 bi
1230 4342 1385 4387 extra
1416 4333 1699 4391 civitatem
1728 4336 1980 4390 comitari
2004 4336 2171 4391 debe-

577 4420 734 4488 bunt,
757 4422 1158 4495 eleemosyuam
1182 4440 1311 4480 vero
1325 4426 1392 4479 ad
1410 4426 1784 4497 accipiendum
1807 4442 1835 4482 a
1857 4427 2052 4498 pupulo
2067 4441 2172 4485 non

582 4513 836 4569 devitari.
869 4513 930 4569 Si
976 4525 1158 4573 autem
1185 4517 1477 4588 contigerit
1513 4534 1767 4587 magnum
1816 4519 1900 4573 vel
1948 4534 2172 4589 parvum

2259 3342 2504 3398 stitutum
2534 3356 2631 3412 per
2670 3341 2779 3398 hoc
2822 3357 2929 3397 non
2965 3349 3067 3396 est.
3109 3339 3233 3395 Tibi
3274 3346 3445 3393 autem
3487 3325 3647 3404 petenti
3668 3338 3747 3377 eon-

2260 3433 2438 3490 silium
2481 3432 2816 3503 prmbemus,
2857 3432 3001 3504 quod
3029 3448 3139 3488 non
3182 3437 3423 3502 Oporteat
3459 3437 3563 3480 eum
3596 3412 3750 3474 manili.

2260 3523 2576 3595 priusquam
2632 3538 2797 3593 super
2843 3522 2992 3579 fumo
3041 3523 3311 3587 siccetur,
3341 3524 3430 3574 aut
3478 3513 3592 3594 ῑκηθ,
3621 3515 3754 3573 00‘1""

2263 3622 2372 3670 tur.
2420 3614 2476 3669 Si
2527 3628 2657 3670 vero
2706 3613 2839 3670 libet
2886 3622 2946 3669 ut
2996 3614 3274 3669 incoctum
3321 3606 3646 3665 manducetur,
3676 3597 3755 3666 posl

2262 3703 2579 3760 Paschalcm
2611 3704 2957 3761 festivitatem
2986 3705 3091 3761 erit
3122 3698 3554 3759 manducandum.
3633 3778 3643 3785 .
3669 3775 3679 3785 .
3708 3772 3729 3785 Α.

2337 3795 2633 3866 Episcopus
2658 3803 2836 3850 autem
2859 3794 3256 3851 condemnatus
3279 3834 3295 3861 ,
3322 3791 3385 3849 de
3410 3802 3505 3860 quo
3528 3775 3757 3873 inquii“?

2265 3888 2356 3958 qui
2375 3865 2714 3957 impugnator
2733 3896 2789 3942 et
2803 3885 3097 3942 fornicator
3108 3885 3318 3951 existit,
3334 3888 3483 3951 atque
3504 3889 3575 3931 res
3591 3865 3759 3925 sceleste

2268 3989 2390 4051 post
2418 3979 2865 4052 degradationem
2911 3979 3015 4035 sibi
3045 3978 3340 4034 vendicare
3372 3971 3558 4030 nititur,
3584 3962 3654 4016 bic
3680 3967 3756 4054 onl-

2271 4072 2402 4129 nino
2444 4087 2509 4128 ac
2542 4070 2942 4127 detestabiliter
2979 4069 3320 4141 respuendus
3362 4070 3454 4121 est.
3487 4077 3504 4111 ι
3530 4055 3633 4122 Qu2e
3663 4056 3759 4143 w'f“

2271 4167 2450 4239 portio
2505 4164 2738 4220 inﬁdelis
2784 4179 2909 4221 cum
2968 4161 3156 4218 ﬁdeli?
3216 4161 3325 4217 Aut
3378 4168 3488 4226 quae
3536 4146 3758 4239 communn

2272 4235 2475 4317 Christi
2506 4256 2571 4310 ad
2595 4255 2797 4311 Belial?
2824 4275 2842 4308 ι
2886 4253 2974 4328 (ιι
2999 4252 3123 4309 Car.
3155 4268 3239 4321 η,
3276 4244 3507 4320 15.)Has
3535 4235 3761 4330 sancltttulll

2274 4352 2494 4408 Patrum
2529 4350 2868 4415 traditiones,
2897 4321 2966 4402 'et
2987 4353 3300 4403 sanctorum
3330 4345 3565 4397 canonum
3588 4321 3760 4380 ἰιιειίιιιιει

2276 4443 2799 4499 condemnaret-unt.
2843 4438 2919 4495 De
2946 4437 3293 4493 ordinatione
3318 4431 3468 4490 etiam
3508 4416 3762 4494 presbiter”

2276 4549 2397 4589 rnm
2425 4542 2480 4589 et
2506 4532 2880 4597 diacouorum,
2912 4529 3006 4600 qui
3035 4536 3264 4598 cogente
3302 4516 3592 4578 necessitate
3614 4513 3655 4559 et
3676 4509 3762 4600 pill-

578 4618 689 4665 non
757 4606 1043 4698 nativitate
1072 4646 1089 4674 ,
1174 4609 1274 4663 sed
1346 4586 1770 4678 superveniente
1846 4586 2170 4681 aegritudine
2200 4597 2248 4659 Ι)
2273 4586 2484 4698 ῥετωίέ
2513 4586 2817 4697 τοῧξιηιεωη
2846 4586 2952 4677 ιξοπζ
2994 4586 3250 4691 ιεείῇηιίε
3290 4606 3586 4681 temporibus
3624 4604 3665 4648 el

580 4697 789 4762 vexari,
833 4712 942 4755 non
992 4706 1078 4756 est
1121 4699 1507 4770 projiciendus,
1556 4700 1650 4757 sed
1700 4701 1747 4755 si
1786 4700 2042 4770 possibile
2085 4707 2171 4756 est

581 4787 873 4849 curandus.
915 4788 1168 4847 Attamen
1208 4793 1260 4846 in
1290 4791 1547 4860 ecclesia,
1573 4792 1700 4846 dum
1733 4792 1801 4847 ad
1830 4792 2169 4847 connnunio.

588 4901 713 4941 nun
780 4888 1031 4955 venerit,
1098 4898 1220 4960 post
1291 4890 1534 4947 omnium
1603 4891 1998 4962 suppletionem
2063 4893 2171 4947 erit

589 4975 933 5047 iltgl‘CSSttl‘lln'
960 4980 1025 5035 ad
1058 4982 1489 5050 participandum
1516 5000 1729 5040 munus.
1759 4984 1894 5055 Equi
1922 5000 2052 5040 vero
2080 4985 2172 5056 qui

583 5068 811 5138 prwfato
848 5071 1036 5129 morbo
1085 5071 1288 5129 fuerint
1332 5076 1688 5146 coinquinati,
1739 5077 1784 5131 si
1832 5076 2012 5132 curari
2066 5092 2174 5131 non

587 5160 879 5227 valuerint,
910 5164 962 5219 in
1000 5166 1178 5234 puteis
1226 5175 1283 5221 et
1332 5167 1506 5225 foveis
1535 5168 1860 5239 projiciendi
1908 5177 2077 5234 sunt,
2110 5184 2180 5226 ne

586 5251 745 5326 29],
779 5252 1022 5322 ejusdem
1058 5257 1233 5325 morbi
1259 5258 1580 5332 contagione
1608 5261 1793 5317 caeteri
1824 5260 2184 5330 coinquinen-

586 5352 696 5398 tur.
729 5342 808 5399 De
850 5344 1176 5403 animalibus
1217 5357 1396 5403 autem
1424 5364 1543 5420 qute
1584 5366 1615 5405 a
1643 5349 1967 5417 furentibus,
2013 5350 2068 5406 id
2097 5358 2184 5406 est

586 5435 791 5496 rabidis
820 5434 960 5507 lupis
987 5446 1042 5493 et
1070 5439 1302 5497 canibus
1325 5439 1528 5497 fuerint
1556 5442 2044 5515 lacerata,oportet
2070 5458 2132 5499 ea
2149 5457 2180 5499 a

586 5531 804 5597 ett-teris
842 5534 1109 5605 separari,
1125 5550 1193 5591 ne
1213 5551 1311 5606 per
1324 5536 1566 5595 furentes
1577 5548 1632 5595 et
1647 5540 1957 5597 mordentes
1983 5550 2179 5597 cratera

592 5622 1031 5692 coinquinentm'.
1062 5624 1218 5694 Quod
1246 5626 1293 5683 si
1323 5642 1493 5700 pauca
1530 5641 1695 5697 sunt,
1742 5640 1803 5687 ut
1841 5647 2005 5703 supra
2037 5633 2181 5687 dixi-

592 5728 736 5777 tuus,
770 5714 822 5769 in
854 5714 1035 5776 foveas
1059 5719 1390 5791 projicienda
1408 5722 1706 5796 sunt..Nam
1737 5732 1792 5780 et
1821 5724 1923 5781 hoc
1952 5724 2178 5794 inquisi-

597 5810 677 5869 vit
712 5808 1024 5872 fraternitas
1055 5826 1169 5878 tua.
1200 5819 1245 5877 si
1272 5819 1431 5878 liceat
1462 5820 1899 5877 sanctimoniales
1926 5820 2159 5878 feminas

2275 4678 2380 4774 bus
2418 4733 2449 4771 a
2480 4725 2532 4771 te
2563 4678 2931 4786 provenerunt
2952 4753 2967 4777 ,
3012 4711 3058 4766 si
3091 4711 3324 4780 aliquam
3360 4701 3590 4758 habentes
3618 4697 3668 4786 εξ
3695 4678 3763 4786 illi“

2278 4810 2632 4868 offensionem
2673 4806 2989 4869 insinuasti,
3031 4805 3261 4860 dicimus
3292 4808 3457 4856 autem
3490 4786 3602 4849 tibi,
3635 4776 3762 4869 frater.

2280 4902 2417 4959 bene
2446 4901 2588 4957 nosti
2615 4900 2759 4971 quod
2789 4897 2929 4954 sacri
2960 4910 3197 4953 canones
3226 4896 3410 4950 docent
3440 4879 3560 4953 8W5
3585 4857 3763 4971 “"39?

2280 4956 2382 5053 bus
2396 4956 2717 5051 sacerdotes
2742 4988 3091 5047 ordinandos.
3125 4987 3370 5041 Attamen
3400 4980 3448 5034 in
3475 4956 3765 5069 eo-‘l'm‘jj':

2280 5097 2503 5161 propter
2531 5085 2704 5141 zelum
2737 5083 2857 5138 tidei
2888 5091 3067 5138 actum
3095 5088 3198 5145 est,
3236 5095 3265 5134 a
3297 5071 3503 5133 Domin0
3529 5052 3766 5161 θθθξξῗξῗ

2281 5138 2674 5250 indulgentiam
2712 5174 3067 5248 postulamus.
3098 5173 3175 5228 De
3203 5184 3361 5227 censu
3400 5167 3556 5217 autem

2285 5225 2519 5335 rum,Did
2546 5275 2652 5331 est,
2695 5225 2924 5322 shlidum
2965 5264 3031 5319 de
3061 5271 3272 5319 cassata
3301 5248 3591 5335 suscipiat!
3627 5225 3767 5335 [ωξξίη

2282 5320 2490 5418 habeas
2531 5356 2963 5423 haesitationem.
3015 5354 3142 5409 dum
3188 5367 3256 5407 ex
3295 5363 3356 5406 eo
3392 5320 3768 5452 νοωήῗηὲἒῗξωὲ

2287 5468 2475 5526 synam
2513 5451 2781 5514 tribuere,
2815 5462 2881 5504 ac
2923 5446 2992 5517 in!
3022 5444 3225 5502 Christi
3270 5425 3765 5543 pallpefeS.Pi:un:n'u:

2288 5507 2424 5619 opus
2449 5542 2711 5617 perﬁcere
2742 5553 3022 5598 sacrarum
3044 5536 3408 5593 ecclesiarum,
3423 5524 3555 5619 juxta

2290 5597 2571 5694 iristitutar
2611 5635 2670 5691 Si
2720 5648 2857 5705 quos
2890 5646 3021 5688 vero
3060 5629 3430 5731 presbyterof,
3467 5599 3629 5731 quiuit:

2291 5729 2521 5800 promoti
2565 5726 2762 5782 fuerint
2789 5766 2804 5792 ,
2836 5734 2891 5780 et
2920 5730 3076 5777 antea
3103 5712 3457 5775 criminalibus
3477 5697 3766 5815 ειιξιδῇέξξιί.

2292 5777 2390 5877 luti
2442 5819 2683 5878 celantes
2710 5777 2994 5889 peccatum
3022 5828 3179 5870 suum
3206 5801 3426 5868 ordinati
3453 5797 3572 5855 sunl.
3598 5777 3725 5851 νοεωι
