3894 5320
105 304 138 355 1
162 306 293 359 ηδ

1335 313 1828 373 DECRETALIUM
1856 314 2260 376 COLLECTIO.

3291 330 3428 387 H74

105 417 280 475 Jum
311 434 439 511 vero
465 429 520 478 et
548 407 892 483 manifestata
918 434 1002 484 est
1027 429 1214 485 eorum
1240 430 1421 501 iniqua
1450 431 1611 497 actio,
1643 432 1743 486 IIOS
1772 433 1816 492 Α
1844 433 2026 487 subtili
2063 436 2496 494 consideratione
2525 438 2842 507 discernat,
2883 438 2929 496 si
2976 440 3229 511 expedit,
3261 452 3351 497 aut
3382 445 3428 499 si

104 510 481 569 sacerdotali
508 514 688 571 habitu
710 517 950 589 privatos
971 522 1301 589 paenitentiae
1323 523 1599 578 submitte.
1629 521 1743 578 Non

104 598 441 658 uiim‘odit
470 604 611 660 Deus
643 617 956 676 peccantem
997 618 1053 666 et
1080 612 1455 679 confitentem,
1488 615 1580 670 sed
1620 630 1744 685 pec-

103 700 370 783 cantem
400 704 457 751 et
489 709 798 783 negantem.
835 702 970 759 Nam
1000 705 1103 762 hoc
1140 705 1393 777 ﬂagitasti
1422 723 1452 762 a
1483 707 1668 773 nobis,
1698 709 1744 765 si

103 780 279 839 licet
322 780 756 856 persecutionem
800 809 1131 866 paganorum
1175 798 1361 869 fugere
1400 814 1469 854 an
1509 816 1637 855 non.
1678 800 1745 856 Et

92 886 242 938 pro
287 875 408 941 hoc,
440 876 633 946 frater,
665 882 903 941 salutare
951 888 1236 943 consilium
1275 889 1488 946 damus.
1532 889 1589 946 Si
1626 892 1744 947 fieri

102 972 367 1032 potest,
408 977 462 1023 et
487 968 666 1026 locum
708 974 1016 1043 inveneris,
1058 979 1196 1035 insta
1236 980 1302 1034 ad
1344 982 1741 1052 prmdicandum

102 1053 275 1111 allis.
315 1056 372 1112 Si
409 1070 588 1117 autem
631 1076 951 1136 supportare
989 1085 1095 1124 non
1130 1070 1364 1126 valueris
1393 1087 1579 1128 eorum
1622 1088 1745 1144 per-

108 1150 528 1220 secutionem,
581 1155 750 1213 babes
789 1170 1112 1231 praeceptum
1160 1162 1540 1228 Dominicum,
1582 1173 1643 1220 ut
1687 1164 1741 1220 in

112 1237 319 1295 aliam
354 1241 678 1313 ingrediaris
716 1249 991 1307 civitatem
1020 1251 1235 1320 (Matth.
1267 1270 1299 1309 x
1322 1294 1340 1323 ,
1367 1254 1483 1326 25).
1523 1253 1657 1311 Nam
1686 1266 1743 1312 et

107 1330 249 1388 hoc
280 1332 552 1405 inquisisti
578 1340 705 1409 quid
737 1340 1043 1399 faciendum
1072 1344 1144 1401 sit
1180 1347 1245 1402 de
1274 1348 1740 1405 excommunicato

109 1421 445 1494 episcopo,
495 1435 547 1482 et
595 1430 945 1499 apostolicam
990 1434 1368 1491 auctoritatem
1414 1436 1735 1508 negligente.

115 1512 242 1605 llic
271 1515 608 1605 detestabilis
634 1531 921 1580 estcomm
949 1525 1060 1583 Deo
1087 1535 1143 1583 et
1169 1529 1477 1586 hominibus
1502 1531 1589 1586 cui
1610 1546 1739 1586 con-

118 1604 483 1666 demnationi
516 1611 963 1671 incondemnatns
1001 1634 1107 1674 non
1145 1622 1600 1689 communicabit;
1635 1623 1734 1695 ipsi

114 1700 288 1754 enim
333 1702 839 1762 condemnabuntur
867 1717 924 1764 et
956 1709 1009 1765 in
1056 1712 1143 1767 die
1190 1713 1283 1768 iraa
1312 1721 1367 1768 et
1392 1713 1736 1770 revelationis

1848 520 1961 577 loca
1989 524 2071 579 vel
2110 525 2427 596 populorum
2466 529 2640 585 turbze
2682 530 2803 585 talia
2843 545 2965 587 esse
3008 530 3330 603 probantur,
3372 543 3434 590 ut

1844 614 2125 685 episcopos
2161 616 2361 672 habere
2406 628 2736 675 mereantur.
2766 618 3084 701 ‘Memirieris
3126 622 3269 677 enim
3302 624 3431 693 quid

1844 702 1899 758 in
1948 706 2119 763 sacris
2158 709 2457 766 canonibus
2492 712 2835 782 prmcipimur
2865 713 3185 778 observare,
3235 723 3293 769 ut
3324 716 3428 770 mi-

1844 795 1989 851 nime
2026 797 2083 852 in
2130 797 2340 855 villulas
2367 788 2450 856 vel
2482 801 2535 857 in
2583 802 2823 860 modicas
2855 803 3104 860 civitates
3147 805 3432 875 episcopos

1843 886 2185 954 ordinemus,
2229 905 2298 945 ne
2344 890 2569 947 vilescat
2614 908 2810 949 nomen
2856 893 3115 966 episcopi.
3163 893 3270 950 Sed
3331 910 3430 951 nos

1846 978 1951 1033 tuis
1975 979 2355 1036 sincerissimis
2380 991 2542 1052 atque
2568 998 2598 1037 a
2622 983 2779 1039 nobis
2826 983 3038 1040 dilectis
3058 983 3277 1055 syllabis
3304 999 3430 1054 pro-

1842 1068 2042 1136 vocati,
2071 1085 2192 1140 quae
2232 1073 2555 1141 proposuisti
2589 1073 2793 1144 absque
2835 1089 2986 1130 mora
3026 1074 3247 1130 concedi
3289 1074 3432 1145 pati-

1843 1173 1997 1225 mur,
2052 1169 2107 1215 et
2158 1160 2446 1218 statuimus
2495 1178 2593 1233 per
2646 1164 2998 1235 apostolicam
3044 1165 3430 1220 auctoritatem

1840 1249 2173 1321 episcopales
2215 1251 2322 1308 illic
2369 1268 2491 1310 esse
2535 1256 2692 1311 sedes
2726 1272 2847 1326 quae
2890 1272 2987 1328 per
3027 1257 3429 1312 successionem

1839 1339 2124 1411 episcopos
2157 1354 2492 1410 mereantur,
2521 1353 2575 1400 et
2598 1345 2808 1417 populis
2840 1347 3084 1416 praesim,
3118 1357 3282 1418 atque
3309 1362 3431 1402 ver-

1840 1427 1966 1483 bum
1991 1431 2387 1500 praedicationis
2411 1434 2667 1505 subjectis
2698 1432 3022 1502 insinuetur,
3046 1436 3098 1492 id
3126 1446 3230 1503 est,
3258 1437 3310 1492 in
3337 1452 3431 1493 ca-

1840 1519 1999 1576 stello
2048 1521 2193 1592 quod
2233 1522 2431 1580 dicitur
2456 1524 2792 1596 Mursaburg,
2821 1534 2877 1580 et
2901 1525 3130 1581 alterum
3156 1527 3208 1581 in
3233 1527 3429 1598 oppido

1839 1611 1991 1681 quod
2023 1613 2332 1669 nominatur
2355 1613 2654 1688 Buraburg,
2683 1616 2903 1672 tertium
2955 1617 3009 1673 in
3037 1617 3155 1674 loco
3183 1618 3272 1688 qui
3296 1618 3429 1674 dici-

1840 1710 1929 1756 tur
1972 1701 2312 1772 Erpbesfurt.
2344 1704 2423 1760 Ita
2449 1717 2506 1761 ut
2536 1707 2666 1761 nulli
2694 1717 2818 1780 post
2847 1708 2961 1764 haec
2989 1707 3147 1765 liceat
3175 1709 3426 1779 cuiquam

117 1788 355 1846 Domini
379 1802 430 1847 et
466 1792 763 1853 Salvatoris
788 1800 957 1855 nostri
986 1800 1111 1858 Jesu
1135 1802 1359 1867 Christi,
1382 1819 1501 1859 cum
1532 1805 1725 1860 sederit

1844 1791 1957 1846 haec
1987 1807 2107 1862 qua:
2136 1808 2166 1847 a
2211 1793 2365 1849 nobis
2400 1794 2607 1850 sancita
2649 1809 2775 1851 sunt
2797 1797 3176 1867 quoquomodo
3202 1795 3427 1863 violare,

119 1881 198 1935 ad
228 1881 585 1951 judicandutn
629 1904 800 1960 genus
830 1892 1127 1949 humanum
1168 1894 1346 1965 (Rom.
1380 1914 1455 1963 ιι,
1490 1898 1565 1967 5),
1597 1898 1739 1954 sicut

121 1975 403 2046 scriptum
432 1987 517 2034 est
546 1998 559 2035 :
587 1980 847 2051 Superbis
880 2000 980 2056 ego
1005 1987 1277 2055 resistam,
1305 1989 1437 2044 dicit
1476 1990 1737 2049 Dominus

133 2063 197 2123 (1
255 2064 508 2135 Ρεινμν,
548 2070 626 2142 5).
669 2074 882 2131 Etenim
930 2076 999 2133 de
1047 2076 1255 2135 Sclavis
1305 2080 1734 2138 Christianorum

132 2168 346 2216 terram
377 2162 834 2233 inhabitantibus,
864 2169 910 2225 si
945 2181 1195 2241 oporteat
1229 2188 1450 2229 censum
1489 2175 1736 2246 accipere

132 2249 522 2325 interrogasti,
572 2255 760 2314 frater.
805 2258 918 2315 Hoc
944 2262 1161 2329 quidem
1189 2263 1548 2321 consilionon
1596 2266 1738 2321 indi-

138 2351 259 2410 get,
284 2343 402 2401 dum
426 2347 501 2401 rei
527 2362 690 2405 causa
715 2358 797 2406 est
818 2352 1125 2408 manifesta.
1152 2353 1207 2409 Si
1228 2354 1369 2409 enim
1394 2356 1511 2411 sine
1534 2357 1735 2414 tributo

138 2435 413 2503 sederint,
447 2438 619 2510 ipsam
655 2443 981 2515 quandoque
1019 2448 1293 2517 propriam
1341 2449 1444 2506 sibi
1487 2451 1729 2509 vindica-

140 2521 278 2581 bunt
305 2535 525 2583 terram.
559 2530 615 2587 Si
645 2547 776 2589 vero
809 2535 1069 2591 tributum
1098 2538 1381 2607 dederint,
1411 2551 1611 2598 norunt
1638 2544 1733 2600 do-

130 2614 457 2673 minatorem
495 2619 667 2690 ipsam
700 2630 900 2678 terram
930 2625 1152 2681 habere.
1182 2626 1316 2682 Nam
1365 2639 1421 2685 et
1449 2631 1551 2688 hoc
1574 2631 1730 2703 ﬂagi-

126 2708 256 2761 tasti
301 2724 333 2763 a
379 2710 569 2777 nobis,
613 2716 955 2772 sanctissime
1001 2717 1191 2785 frater,
1233 2721 1287 2775 in
1328 2722 1470 2777 sacri
1506 2724 1732 2779 canonis

124 2799 541 2869 praedicatione,
570 2814 701 2875 quot
732 2806 785 2860 in
817 2807 951 2864 locis
976 2825 1169 2865 cruces
1199 2810 1314 2866 fieri
1342 2812 1595 2879 debeant,
1628 2823 1733 2870 tute

121 2890 499 2960 signiﬁcemus
529 2898 804 2953 sanctitati
832 2939 850 2965 ,
895 2900 1036 2956 votis
1074 2911 1252 2957 autem
1296 2904 1402 2959 tuis
1439 2904 1734 2962 clementer

125 2979 377 3037 inclinati
403 3024 419 3049 ,
448 2984 500 3039 in
528 2986 704 3043 rotqu
731 2988 859 3044 dato
886 2988 982 3043 Lul
1013 2989 1267 3061 religioso
1292 2992 1610 3063 presbytero
1638 3003 1732 3051 tuo

126 3086 235 3141 per
272 3072 387 3130 loca
428 3076 579 3145 signa
624 3089 824 3138 sanctze
867 3083 1046 3138 erucis
1086 3092 1286 3153 quanta
1335 3085 1452 3141 fieri
1497 3088 1727 3143 debeant

129 3158 428 3219 inﬁximus.
461 3163 558 3221 liis
598 3176 781 3230 autem
821 3184 879 3224 se
911 3151 1265 3239 habentibus,
1295 3173 1508 3229 Domini
1537 3175 1725 3246 depre-
1754 3151 1799 3213 θ

129 3265 325 3307 eamur
364 3253 706 3326 clementiam
753 3258 879 3316 licet
909 3272 1255 3333 peccatores,
1295 3272 1356 3319 ut
1385 3279 1485 3321 suo
1514 3274 1566 3320 te
1612 3282 1730 3321 mu-

129 3342 249 3396 niat
274 3351 329 3397 et
351 3344 617 3402 confortet
647 3348 868 3415 auxilio,
897 3367 1104 3424 nosque
1130 3363 1334 3410 annuat
1353 3357 1730 3428 prosperitatis

131 3444 240 3490 tum
285 3451 492 3507 semper
528 3439 649 3496 laeta
679 3444 955 3514 suscipere
995 3447 1202 3502 nuntia.
1250 3447 1394 3504 Deus
1422 3457 1475 3504 te
1516 3448 1727 3505 incolu-

126 3540 275 3580 mem
307 3530 596 3596 custodiat,
628 3534 1079 3593 reverendissime
1105 3536 1295 3594 frater.
1325 3538 1460 3595 Data
1490 3544 1728 3598 secundo

128 3613 312 3673 Nonas
340 3616 660 3677 Novembris
680 3664 696 3685 .
742 3623 1043 3695 imperante
1084 3627 1313 3685 Domino
1341 3630 1588 3700 piissimo
1617 3632 1727 3687 Au-

129 3715 289 3776 gusto
338 3707 695 3768 Constantino
749 3730 779 3769 a
843 3717 956 3773 Deo
1013 3729 1305 3788 coronato,
1370 3738 1565 3794 magno
1624 3723 1727 3778 im-

129 3809 395 3868 peratore,
451 3819 593 3861 anno
638 3805 728 3875 '50,
787 3807 1004 3879 imperii
1063 3812 1181 3884 ejus
1231 3828 1372 3869 anno
1418 3814 1478 3869 ll
1508 3855 1525 3881 ,
1581 3815 1723 3871 indi-

130 3887 311 3945 ctione
340 3890 396 3946 4.

134 3979 368 4048 Epistofa
404 3982 683 4043 lac/toria:
721 4007 872 4060 papae
910 3992 978 4046 ad
1027 3992 1357 4064 Bonifacium
1401 3996 1720 4065 episcopum.

201 4068 671 4131 Reverendissimo
719 4086 776 4134 et
830 4082 1172 4137 sanctissimo
1222 4082 1375 4138 fratri
1430 4084 1724 4142 Bomracno

129 4160 380 4231 episcopo
403 4163 706 4222 lacrumas
732 4184 920 4225 servus
943 4186 1222 4227 servorum
1249 4173 1364 4229 Dei.

202 4249 505 4324 Susceptis,
554 4257 921 4324 sanctissime,
967 4259 1328 4318 fraternitatis
1376 4272 1481 4320 litat:
1525 4263 1722 4321 litteris

130 4357 228 4415 per
247 4343 609 4413 Deneardum,
640 4349 949 4420 religiosum
979 4355 1356 4425 presbyterum
1392 4364 1560 4419 tuum,
1592 4357 1719 4428 quia

130 4435 384 4505 sospitem
414 4446 487 4503 te,
536 4447 598 4495 ut
636 4456 853 4512 semper
881 4444 1156 4514 cupimus,
1186 4460 1307 4502 esse
1342 4448 1717 4520 cognovimus,

130 4532 480 4602 omnipatcnti
512 4548 576 4590 ac
602 4535 1109 4595 misericordissimo
1137 4538 1248 4595 Deo
1275 4549 1463 4596 nostro
1494 4556 1718 4612 magnas

130 4622 407 4681 retulimus
437 4627 660 4699 gratias,
691 4630 781 4698 qui
826 4629 919 4688 tibi
947 4629 1000 4684 in
1031 4631 1281 4687 omnibus
1309 4631 1467 4689 bonis
1494 4648 1717 4705 prospe-

128 4712 237 4767 rari
263 4713 531 4786 dignatur.
566 4715 811 4787 Magnam
851 4719 994 4775 enim
1024 4721 1075 4775 in
1111 4721 1368 4778 cordibus
1402 4724 1607 4779 nostris
1635 4724 1713 4778 in-

127 4800 305 4858 fundis
344 4803 609 4872 laetitiam,
629 4807 845 4876 quoties
885 4810 1042 4866 nobis
1062 4811 1368 4869 sanctitatis
1388 4820 1493 4869 tua:
1515 4814 1714 4883 scripta

124 4902 428 4963 mittuntur,
460 4897 680 4967 quando
708 4901 1009 4970 reperimus
1036 4918 1156 4974 quae
1187 4905 1253 4959 ad
1289 4905 1516 4961 salutem
1546 4908 1715 4977 respi-

123 4986 275 5040 ciunt
315 4986 620 5042 animarum
647 5028 663 5055 ,
712 4989 839 5045 dum
877 4993 1120 5062 quotidie
1165 4994 1221 5049 in
1266 4997 1473 5067 gremio
1513 5005 1714 5053 sanctae

125 5078 309 5134 matris
332 5079 593 5137 Ecclesiae
614 5121 630 5145 ,
668 5096 766 5151 per
788 5089 932 5139 tuam
961 5086 1430 5156 praedicationem,
1465 5089 1586 5144 novi
1623 5105 1716 5160 po-

124 5167 232 5192 -..I:
261 5168 528 5192 -JJ--._._-_
582 5168 682 5192 111.9
721 5182 764 5192 -.
795 5180 809 5192 Δ

1839 1895 1960 1952 quae
1982 1882 2304 1938 auctoritate
2329 1882 2473 1938 beati
2496 1883 2640 1939 Petri
2666 1885 2895 1955 apostoli
2922 1884 3076 1940 firma
3099 1900 3219 1940 esse
3241 1885 3431 1940 decre-

1836 1971 2034 2027 vimus.
2078 1974 2154 2031 De
2178 1988 2244 2028 eo
2276 1959 2453 2028 autem
2484 1976 2627 2045 quod
2673 1975 2934 2030 intimasti
2980 1974 3169 2039 nobis,
3199 1975 3343 2046 quod
3377 1983 3428 2030 te

1836 2061 2230 2122 Carlomannus
2259 2066 2400 2121 filius
2426 2074 2612 2121 noster
2636 2066 2702 2121 ad
2733 2081 2792 2122 se
2820 2066 3030 2138 rogavit
3063 2066 3338 2128 accedere,
3369 2072 3430 2119 ut

1835 2158 1892 2213 in
1920 2161 2055 2215 urbe
2096 2160 2245 2232 regni
2274 2160 2611 2217 Francorum
2636 2161 2689 2218 in
2735 2177 2832 2217 sua
2860 2162 3093 2227 ditione,
3141 2160 3255 2217 sive
3279 2168 3428 2232 pote-

1837 2259 1976 2307 state
1998 2253 2312 2318 constituta,
2351 2254 2614 2326 synodum
2647 2253 2926 2310 celebrare
2948 2253 3145 2310 debeas
3165 2268 3261 2319 ,eo
3286 2252 3429 2322 quod

1834 2342 2012 2397 omnis
2038 2341 2409 2399 ecclesiastica
2442 2344 2625 2415 regula
2672 2344 2786 2399 sive
2810 2344 3091 2415 disciplina
3122 2344 3190 2399 ab
3237 2343 3426 2397 eadem

1833 2434 2112 2504 provincia
2133 2434 2374 2491 funditus
2412 2435 2612 2491 abolita
2633 2446 2736 2502 est,
2760 2436 2902 2506 quod
2931 2437 3090 2492 nimis
3109 2434 3423 2492 merendum

1832 2536 1938 2594 est,
1977 2528 2121 2598 quod
2159 2543 2254 2600 per
2288 2529 2463 2600 spatia
2496 2538 2794 2601 temporum
2828 2529 3025 2586 ibidem
3071 2527 3308 2600 synodus
3332 2541 3424 2582 sa-

1834 2621 2112 2677 cerdotum
2142 2620 2365 2678 minime
2390 2620 2779 2689 celebraretur,
2810 2622 2952 2678 unde
2979 2636 3153 2690 neque
3177 2621 3309 2692 quid
3352 2620 3426 2676 sit

1833 2712 1976 2782 quod
2016 2712 2380 2768 sacerdotium
2416 2712 2484 2766 ab
2524 2712 2605 2768 eis
2648 2714 2741 2781 qui
2786 2728 2845 2768 se
2888 2712 3200 2769 sacerdotes
3238 2710 3427 2766 existi-

1834 2809 1981 2855 mant
2009 2841 2024 2867 ,
2060 2800 2424 2872 cognoscitur.
2449 2798 2554 2857 Sed
2590 2801 2739 2867 dum,
2773 2800 3000 2870 juvante
3048 2800 3159 2856 Deo
3181 2841 3196 2867 ,
3240 2815 3361 2871 quae
3392 2815 3425 2854 a

1832 2892 2058 2964 praefato
2088 2892 2199 2948 filio
2228 2903 2413 2950 nostro
2445 2894 2712 2965 promissa
2743 2902 2899 2958 sunt,
2930 2894 2997 2948 ad
3026 2890 3274 2948 effectum
3301 2905 3426 2962 per-

1833 2984 1994 3038 ducta
2035 2981 2238 3038 fuerint
2279 2992 2482 3054 tuaque
2515 2983 2828 3041 fraternitas
2862 2993 3163 3041 memorato
3198 2983 3427 3041 concilio

1832 3073 2139 3129 corisederit
2162 3089 2285 3129 cum
2327 3076 2516 3130 eodem
2543 3076 3000 3132 excellentissuno
3040 3078 3178 3146 viro,
3211 3078 3254 3132 si
3286 3092 3425 3149 quos

1833 3167 2096 3236 repererit
2115 3165 2419 3234 episcopos,
2447 3166 2791 3238 presbyteros
2827 3175 2920 3221 aut
2954 3167 3210 3222 diaconos
3234 3176 3425 3223 contra

1831 3273 2067 3313 canones
2089 3257 2170 3312 vel
2196 3264 2400 3312 statuta
2421 3255 2640 3311 Patrum
2657 3257 2975 3325 excessisse,
2992 3257 3044 3312 id
3071 3266 3174 3322 est,
3203 3258 3253 3312 in
3271 3258 3426 3312 adul-

1833 3348 1989 3412 terio,
2022 3346 2106 3401 vel
2141 3346 2186 3402 si
2217 3345 2398 3416 plures
2429 3360 2624 3402 uxores
2660 3346 2983 3412 habuerunt,
3013 3357 3107 3401 aut
3136 3347 3178 3401 si
3208 3347 3426 3418 sangui-

1831 3454 1955 3495 nem
1992 3438 2447 3506 Christianorum,
2482 3437 2595 3495 sive
2624 3454 2952 3511 paganorum
2988 3437 3315 3504 eﬂ'uderunt,
3338 3436 3426 3493 vel

1828 3531 1991 3586 etiam
2022 3531 2143 3587 aliis
2185 3531 2466 3602 capitulis,
2497 3532 2692 3604 quibus
2730 3532 3025 3588 canonibus
3063 3530 3310 3587 obviasse
3338 3546 3426 3586 re-

1828 3623 2033 3693 pererit
2064 3631 2154 3677 tua
2183 3623 2463 3689 sanctitas,
2496 3622 2640 3677 nulla
2676 3623 2884 3679 ratione
2915 3622 3210 3693 apostolica
3237 3630 3428 3677 aucto-

1826 3716 1988 3770 ritate
2034 3715 2312 3786 permittat
2356 3714 2661 3769 sacerdotio
2705 3711 2878 3786 fungi,
2918 3714 3043 3783 quia
3081 3712 3215 3767 tales
3248 3728 3278 3765 a
3324 3727 3424 3766 suo

1826 3806 2045 3877 proprio
2073 3820 2169 3860 ore
2201 3803 2320 3859 falsi
2358 3804 2707 3859 nominantur
2739 3804 3083 3871 sacerdotes,
3124 3811 3180 3859 et
3212 3801 3424 3873 pejores

1825 3915 1887 3953 ac
1917 3898 2209 3954 deteriores
2238 3896 2584 3954 saectdaribus
2617 3912 2738 3953 esse
2764 3906 3081 3963 noscuntur,
3111 3897 3201 3966 qui
3227 3912 3287 3951 se
3317 3908 3416 3950 ne-

1824 4004 1931 4060 que
1967 4005 1995 4043 a
2029 3988 2505 4053 fornicationibus,
2539 4004 2716 4059 neque
2746 4004 2776 4042 a
2810 3986 3031 4043 nefariis
3062 3986 3424 4041 matrimoniis

1824 4079 2100 4136 abstinent
2126 4120 2141 4146 ,
2185 4094 2360 4150 neque
2405 4078 2474 4134 ab
2517 4079 2796 4135 hominum
2822 4078 3121 4150 fsanguinis
3162 4077 3426 4134 effusione

1824 4189 2019 4228 manus
2053 4184 2271 4228 servant
2310 4174 2557 4228 innoxios
2583 4214 2597 4238 ,
2640 4173 2829 4243 quales
2855 4187 2915 4228 se
2952 4188 3075 4228 esse
3114 4173 3425 4228 sacerdotes

1823 4263 2177 4327 existimant,
2224 4270 2318 4316 aut
2353 4262 2482 4331 quid
2518 4261 2643 4316 inde
2685 4262 2961 4326 sentiunt,
3001 4262 3215 4316 dicente
3262 4260 3371 4314 Deo
3404 4276 3419 4313 :

1825 4350 2146 4408 Sacerdotes
2185 4351 2288 4405 mei
2335 4350 2500 4405 semel
2548 4350 2788 4416 nubant,
2818 4358 2874 4405 et
2904 4350 3220 4420 Apostolus,
3259 4349 3422 4403 unius

1823 4441 2011 4497 uxoris
2042 4441 2238 4506 virum,
2275 4450 2331 4495 et
2359 4450 2553 4495 caetera
2595 4439 2720 4508 (Tit.
2750 4456 2800 4502 ι,
2833 4439 2911 4511 6),
2947 4449 3000 4494 ει
3044 4439 3145 4493 hoc
3174 4445 3299 4490 ante
3330 4450 3422 4491 su-

1746 4506 1797 4567 ί)
1824 4541 2066 4602 sceptum
2110 4531 2472 4587 sacerdotium
2498 4570 2513 4595 ,
2559 4506 2635 4583 uti
2672 4506 2878 4583 licitum
2924 4538 3029 4583 est.
3078 4527 3210 4582 Nam
3261 4543 3289 4582 a
3331 4528 3425 4585 die

1786 4616 1789 4619 ’
1823 4627 2059 4698 suscepti
2109 4626 2396 4682 sacerdotii
2441 4625 2603 4679 etiam
2645 4621 2715 4677 ab
2762 4622 2879 4692 ipso
2920 4622 3137 4692 prOprio
3172 4621 3426 4691 coningio

1821 4717 2142 4792 prohibendi
2171 4724 2315 4771 sunt.
2349 4713 2628 4783 Quomodo
2660 4713 2963 4768 sacerdotio
2997 4710 3142 4780 fungi
3174 4710 3424 4767 conside‘

1824 4817 1978 4872 rant,
2012 4808 2103 4877 qui
2135 4806 2336 4862 talibus
2372 4803 2666 4861 sceleribus
2709 4803 2932 4858 involuti
2963 4816 3083 4856 esse
3112 4809 3420 4855 monstrau.

1829 4910 1915 4956 tur
1940 4941 1955 4964 ,
1993 4911 2255 4967 utneque
2304 4894 2590 4953 smcnlares
2622 4894 2805 4951 fideles
2839 4896 2925 4951 his
2968 4890 3298 4945 facinoribus
3326 4892 3428 4946 oli.

1821 4994 2035 5051 volutos
2060 4993 2351 5062 optemus?
2381 4987 2663 5058 Quomodo
2690 5005 2797 5045 non
2824 4988 3221 5061 pertimescunt
3245 4983 3427 5039 divina

1823 5073 2079 5160 mysteria
2109 5085 2431 5157 contingere
2455 5120 2469 5145 ,
2504 5088 2596 5134 aut
2624 5085 2893 5151 quomodo
2924 5077 2996 5135 ad
3042 5075 3304 5129 orandum
3329 5089 3436 5144 pro

2128 5172 2275 5192 -,.....-‘.
2394 5189 2401 5191 λ
2423 5170 2567 5192 -..η-ε.
2597 5185 2658 5192 ..μ
2690 5190 2699 5191 κ
2913 5182 2926 5192 ι
3018 5166 3138 5192 λειω
3173 5165 3314 5192 αλιι-ἶ
3346 5180 3406 5192 nn
