3988 6426
592 393 728 449 1173

889 393 1184 451 aereus.
1219 395 1316 452 Αι)
1359 395 1536 455 εδει).
1576 397 1668 455 ιιι.
1709 427 1778 439 -
1812 392 2067 454 tsmom
2103 386 2568 447 usucnours.
2623 371 3119 451 DECRETALIUM
3152 389 3535 450 COLLECTIO.
3670 397 3753 457 ua

592 523 751 561 unam
822 523 1139 563 concessum
1186 517 1271 564 cst
1308 519 1428 580 post
1472 520 1778 582 susceptum
1825 506 2185 565 ministerium
2216 504 2261 564 Α
2290 506 2552 576 sanguine
2580 521 2701 563 esse
2729 508 3060 579 redemptos,
3094 516 3151 565 et
3179 522 3285 564 non
3330 518 3503 580 sponte
3526 525 3576 566 se
3610 525 3755 572 contra.

592 606 902 653 aureolam.
940 598 1044 653 Sel
1090 598 1190 653 ista
1232 601 1712 671 parvipendentcs,
1760 610 1922 671 atque
1963 600 2029 654 ad
2070 600 2180 652 ira-

592 688 842 743 cundiam
882 696 1259 757 provocantes,
1307 692 1510 761 majora
1542 693 1886 747 committunt
1911 690 2181 754 f.-.cinora,

593 782 719 836 dum
772 782 1006 852 propriis
1052 782 1299 838 manibus
1347 783 1688 839 Christianos
1738 792 1900 856 atque
1945 795 2184 854 paganos

591 875 841 929 homines
889 888 1107 931 necant.
1158 877 1222 931 Et
1272 876 1332 931 ιιι
1369 886 1427 932 ιιι
1472 878 1667 949 quibus
1712 877 1763 931 in
1806 874 2181 932 remissionem

590 976 935 1036 peccatorum
966 968 1261 1023 debuerunt
1303 967 1575 1025 lavacrum
1623 965 2049 1041 regenerationis
2080 964 2182 1019 im-

589 1057 845 1125 pendere,
889 1067 1052 1128 atque
1087 1058 1286 1115 Chriin
1326 1068 1724 1116 sacramentum
1757 1061 1990 1122 donare,
2030 1072 2097 1112 ne
2130 1056 2182 1111 in

591 1156 853 1204 aeternum
873 1151 1134 1219 perirent,
1164 1153 1475 1207 earumdem
1502 1150 1781 1219 sacrilegis
1803 1149 2052 1204 manibus
2084 1148 2183 1217 ipsi

590 1242 1023 1312 exstinguuntur.
1071 1243 1202 1309 Quis
1247 1244 1394 1299 enim
1439 1244 1657 1314 sapiens
1702 1243 1909 1298 habens
1952 1254 2047 1297 cor
2091 1256 2185 1297 eos

591 1331 825 1387 aestimet
876 1335 1185 1390 sacerdotes
1217 1375 1232 1398 .
1281 1335 1373 1406 qui
1425 1349 1601 1406 neque
1655 1350 1684 1389 a
1736 1333 2187 1390 fornicationibns

592 1421 888 1489 abstinent,
919 1439 1094 1494 neque
1123 1426 1189 1480 ab
1218 1424 1478 1482 effusione
1504 1427 1827 1495 sanguinttm
1856 1439 2048 1481 manus
2074 1439 2187 1480 ser-

589 1523 717 1570 vant
747 1518 996 1572 innoxius
1017 1518 1040 1572 ?
1065 1516 1265 1586 Quisve
1289 1534 1475 1575 eorum
1507 1518 1792 1576 sacriﬁciis
1819 1519 1986 1574 Deum
2014 1518 2188 1573 credit

588 1618 710 1661 esse
750 1606 1056 1676 placatum,
1096 1609 1309 1665 dicente
1340 1609 1605 1679 Propheta
1636 1630 1649 1665 :
1687 1629 1707 1662 ι
1743 1610 1929 1666 Virum
1965 1611 2182 1682 sangui-

591 1712 718 1751 nem
743 1707 798 1754 et
817 1699 1058 1756 dolosum
1082 1701 1483 1759 abominabitur
1504 1702 1764 1759 Dominus
1786 1701 1959 1774 (Paul.
1978 1720 2031 1769 v,
2053 1704 2129 1777 7).
2160 1723 2179 1755 ι

588 1790 678 1845 lsti
713 1807 965 1863 namque,
996 1803 1055 1849 ut
1078 1796 1335 1866 pmmisi,
1364 1811 1433 1852 ne
1459 1797 1762 1852 sacerdotio
1792 1795 1940 1868 fungi
1970 1798 2181 1868 patian-

2284 594 2456 663 dant,
2508 598 2611 653 nisi
2662 600 2732 655 ab
2776 598 2896 670 ipso
2925 600 3257 656 recesserint
3300 599 3490 655 incesto
3514 604 3758 666 matrimoni.

2284 685 2482 743 diaboli
2500 691 2774 759 potestati,
2792 706 2887 747 seu
2903 692 3077 764 magis
3098 690 3178 747 illi
3193 690 3570 749 DeoetChristo
3580 694 3757 769 ﬁliorjut,

2286 778 2514 849 Spiritui
2540 790 2727 837 sancto
2754 797 2970 854 quoque
2990 784 3044 839 in
3063 783 3224 855 cujus
3245 783 3452 838 nomine
3473 784 3532 839 ab
3550 785 3661 842 illius
3676 792 3757 845 arti

2284 870 2374 940 qui
2424 871 2598 927 hostis
2642 874 2817 943 erepti
2864 881 2992 930 sunt
3025 881 3318 945 putestate.
3365 873 3569 930 Elabora
3588 891 3760 947 namque,

2284 963 2627 1019 sanctissime
2657 963 2844 1031 frater,
2876 967 2929 1022 in
2959 965 3039 1022 eis
3061 1006 3079 1032 ,
3110 966 3241 1037 quia
3272 967 3515 1038 scriptum
3537 971 3760 1040 cognoscis:
3818 968 3819 971 “

2290 1072 2309 1107 ι
2347 1053 2448 1123 Qui
2498 1057 2742 1113 converti
2788 1057 2980 1116 fecerit
3016 1069 3363 1131 peccatorem
3408 1060 3471 1115 ab
3508 1075 3658 1117 errore
3688 1064 3763 1119 vita

2286 1159 2416 1210 suae,
2446 1145 2679 1202 salvabit
2703 1149 2943 1204 animam
2967 1147 3084 1218 ejus
3110 1164 3143 1204 a
3165 1157 3361 1212 morte,
3383 1158 3435 1202 et
3459 1155 3765 1223 suorumoperu
3822 1152 3823 1165 ‘

2289 1236 2686 1293 multitudinem
2714 1248 3060 1310 peccatorum
3095 1239 3244 1311 (Jac.
3268 1255 3322 1305 ν,
3351 1238 3458 1308 90).
3484 1259 3502 1293 ι
3530 1238 3636 1294 Nam
3652 1255 3765 1300 etuas

2285 1330 2335 1385 ei
2364 1345 2462 1400 pro
2483 1330 2586 1387 hoc
2614 1334 3028 1389 commonitoria
3058 1332 3264 1404 scripta
3287 1332 3574 1387 direximus.

2357 1423 2519 1495 292
2558 1425 2635 1480 De
2664 1424 2919 1481 Kalendis
2952 1440 3082 1481 vero
3105 1424 3402 1489 Ianuariis,
3426 1424 3504 1480 vel
3528 1426 3687 1481 ceteris
3707 1443 3767 1481 au-

2287 1516 2479 1587 guriis,
2510 1517 2866 1589 pltylacteriis
2894 1526 2949 1574 et
2996 1517 3479 1581 incantationibus,
3503 1516 3575 1571 vel
3606 1517 3688 1573 aliis
3713 1522 3762 1574 di-

2286 1608 2460 1665 versis
2487 1610 2982 1676 observationibus,
3027 1626 3153 1682 quae
3183 1609 3369 1682 gentili
3415 1623 3551 1665 more
3582 1610 3761 1665 observari

2287 1699 2472 1754 dixisti
2502 1700 2642 1770 apud
2682 1701 2899 1756 beatum
2929 1699 3153 1756 Petrum
3197 1700 3511 1772 apostolum,
3532 1700 3603 1755 vel
3628 1701 3664 1756 in
3680 1705 3764 1757 urbe

2289 1791 2480 1857 Roma,
2508 1791 2611 1846 hoc
2641 1807 2669 1845 a
2704 1791 2859 1847 nobis
2898 1801 2955 1847 et
3000 1793 3260 1847 omnibus
3302 1790 3593 1847 Christianis
3616 1792 3764 1846 detesta-

590 1892 702 1951 tur,
751 1861 1148 1964 ncqueﬁivlna
1199 1889 1513 1959 contingere
1565 1889 1822 1959 mysteria
1866 1861 2183 1957 commone-
2216 1861 2257 1920 Β
2287 1878 2394 1934 bile
2443 1889 2498 1936 et
2528 1882 2893 1951 DemiCiosum
2925 1897 3050 1938 esse
3081 1881 3413 1952 iudicamus),
3463 1882 3638 1937 dicente
3670 1882 3762 1937 Deo:

590 1992 729 2030 mus.
763 1977 1033 2048 Quidquid
1063 1994 1189 2033 vero
1216 1979 1384 2045 aliud,
1415 1988 1475 2034 ut
1501 1980 1703 2036 dictum
1735 1989 1836 2045 est,
1866 1995 1962 2037 eos
1992 1990 2182 2036 contra

588 2067 1011 2123 ecclesiasticam
1062 2070 1303 2139 regulam
1357 2072 1659 2127 excessisse
1687 2072 1985 2143 repercris,
2021 2087 2184 2128 cano-

594 2160 691 2215 t'tes
715 2201 731 2226 ,
764 2162 880 2217 sive
920 2162 1165 2217 instituta
1207 2162 1462 2229 Patrum,
1507 2180 1619 2236 pra:
1653 2165 1902 2220 manibus
1944 2163 2141 2220 habeto
2165 2205 2183 2232 ,

587 2250 743 2320 juxta
777 2254 918 2321 quod
950 2253 1110 2309 in‘eis
1140 2254 1364 2310 edoctus
1393 2254 1562 2311 fueris
1590 2255 1860 2311 discerne.
1891 2255 1967 2310 De
1994 2270 2060 2311 eo
2089 2271 2186 2310 au-

591 2350 700 2395 tem
730 2341 872 2411 quod
906 2341 1000 2398 tibi
1032 2358 1404 2401 successorem
1447 2345 1805 2400 constitueres
1839 2344 2055 2411 dixisti,
2084 2353 2182 2410 ιιι,

595 2442 647 2485 te
670 2429 919 2499 jubente,
954 2433 1006 2488 in
1041 2440 1133 2488 tuo
1162 2433 1282 2490 loco
1306 2435 1538 2507 eligatur
1573 2436 1880 2507 episcopus,
1910 2437 2010 2492 hoc
2040 2436 2185 2492 nulla

589 2522 803 2580 ratione
833 2525 1054 2580 concedi
1097 2528 1352 2597 patimur,
1384 2527 1509 2597 quia
1544 2536 1733 2584 contra
1762 2544 1975 2584 omnem
2007 2528 2176 2584 eccle-

589 2615 867 2671 siasticam
902 2616 1140 2687 regulam
1166 2659 1181 2683 ,
1215 2618 1297 2674 vel
1330 2618 1575 2675 instituta
1625 2619 1843 2676 Patrum
1872 2636 1992 2677 esse
2026 2636 2185 2676 mon-

589 2716 816 2770 stratur,
870 2707 964 2762 sed
1010 2707 1259 2764 volumus
1310 2716 1371 2763 ut
1416 2710 1510 2764 tibi
1561 2710 1873 2776 ministret,
1918 2720 1974 2767 et
2013 2711 2085 2768 sit
2131 2711 2184 2766 iu

593 2794 945 2867 Evangelium
988 2795 1189 2853 Christi
1230 2798 1463 2867 adjutor,
1494 2800 1704 2856 dicente
1742 2801 2041 2871 Apostolo:
2079 2823 2095 2853 ι
2128 2801 2184 2857 Si

591 2887 716 2957 quis
740 2886 879 2943 bene
911 2888 1324 2957 ministraverit,
1349 2891 1575 2963 gradum
1606 2892 1707 2948 sibi
1728 2893 1927 2948 bonum
1943 2894 2187 2964 acquiret

592 2979 642 3050 (Ι
689 2978 823 3035 Tim.
856 2996 936 3046 ιιι,
984 2982 1094 3053 15).
1130 3003 1149 3035 ι
1184 2981 1355 3039 Nimis
1382 2983 1525 3039 enim
1564 2985 1984 3054 reprehensibile
2014 2987 2188 3042 mani-

594 3072 790 3126 festum
820 3081 942 3137 est,
984 3082 1043 3128 ιιι
1087 3082 1139 3129 te
1167 3076 1382 3132 vivente
1415 3076 1509 3131 tibi
1557 3075 1721 3131 alium
1768 3077 2180 3135 substituamus.

593 3163 699 3219 Sed
731 3165 832 3221 hoc
856 3173 1261 3225 commdnemus
1292 3178 1370 3235 ut,
1403 3170 1642 3242 qnandiu
1675 3180 1726 3226 te
1753 3169 1933 3227 divina
1962 3164 2186 3243 jusserit

591 3253 878 3311 clementia
925 3273 1235 3328 superesse,
1281 3261 1399 3317 sine
1437 3261 1840 3319 intermissione
1881 3279 2040 3321 orare
2076 3282 2182 3321 non

594 3362 777 3403 cesses
803 3388 819 3414 ,
869 3358 925 3404 ut
974 3349 1067 3406 tibi
1106 3350 1249 3407 Deus
1280 3352 1427 3407 illum
1470 3369 1834 3411 successorem
1884 3359 2181 3425 concedat,

591 3442 684 3512 qtti
714 3442 762 3495 ci
793 3443 963 3513 possit
986 3459 1107 3501 esse
1151 3445 1433 3515 placabilis
1453 3488 1467 3505 .
1502 3456 1559 3503 et
1600 3449 1853 3519 populum
1881 3490 1896 3517 ,
1929 3466 2088 3521 quem
2117 3452 2183 3507 ad

595 3548 748 3588 suam
776 3535 1006 3605 gratiam
1035 3551 1131 3607 per
1158 3546 1373 3593 aeterna:
1400 3540 1704 3597 sanctitatis
1746 3542 2062 3599 industriam
2093 3560 2185 3599 vo-

595 3638 723 3678 care
759 3624 928 3680 voluit
956 3626 1506 3697 irreprehensibiliter
1549 3647 1735 3701 regere
1767 3634 1986 3702 valeat,
2026 3644 2186 3706 atque

596 3714 663 3769 ad
693 3717 834 3772 viam
860 3718 982 3773 vita:
1004 3718 1245 3776 elaboret
1272 3723 1591 3793 perducere.
1616 3724 1749 3783 Nam
1777 3728 2044 3797 quomodo
2073 3730 2187 3784 haec

595 3823 715 3877 quae
746 3811 1074 3879 poposcisti,
1102 3812 1146 3868 si
1178 3822 1233 3868 et
1259 3815 1603 3883 voluerimus,
1630 3819 1927 3876 concedere
1951 3861 1965 3885 ,
1997 3835 2188 3890 possu-

599 3917 750 3966 mus,
779 3905 905 3959 dum
950 3921 1049 3961 nos
1091 3904 1310 3978 fragiles
1345 3909 1590 3967 homines
1628 3912 1925 3967 existentes
1949 3953 1965 3978 ,
2007 3923 2061 3968 et
2088 3914 2187 3970 sub

595 3993 905 4050 conditione
927 3997 1117 4051 mortis
1138 3999 1450 4064 constituti,
1487 3999 1816 4072 ignorantes,
1841 4004 1968 4073 quid
1995 4019 2187 4075 supcr-

595 4094 827 4140 ventura
860 4087 976 4143 dies
1005 4089 1208 4159 pariat,
1243 4105 1346 4144 non
1380 4090 1619 4147 valentes
1648 4093 1972 4165 investigare
2002 4096 2091 4165 qui
2119 4096 2186 4154 de

596 4176 753 4231 nobis
798 4177 947 4246 prior
983 4179 1049 4232 de
1094 4180 1585 4253 prtesentigsmculo
1626 4181 1838 4253 migret.
1877 4182 1970 4239 Sin
2004 4194 2184 4240 autem

595 4275 652 4320 ct
682 4268 932 4324 eumdem
971 4268 1149 4324 divina
1184 4269 1411 4326 voluerit
1443 4271 1726 4328 clementia
1748 4274 1899 4345 prius
1930 4276 2002 4331 tui
2035 4276 2185 4332 ‘diem

594 4359 857 4415 transitus
903 4376 1207 4432 superesse,
1253 4364 1298 4418 si
1344 4379 1467 4419 eum
1506 4374 1689 4436 aptum
1734 4368 2091 4437 cognoveris,
2133 4379 2188 4422 et

594 4450 649 4504 in
682 4461 769 4507 tua
797 4452 1072 4509 voluntate
1116 4453 1281 4510 fuerit
1305 4455 1617 4523 definitum,
1646 4474 1710 4514 ea
1745 4459 1879 4514 hora
1908 4476 2012 4529 qua
2047 4469 2097 4514 te
2121 4461 2186 4515 de

597 4546 849 4614 prmsenti
882 4546 1080 4602 saeculo
1126 4548 1480 4619 migraturum
1510 4552 1827 4619 cognoveris
1847 4590 1860 4615 ,
1900 4551 2178 4619 praesenti-

520 4659 535 4671 ο
594 4637 694 4690 bus
722 4638 932 4694 cunctis
964 4638 1056 4693 tibi
1088 4656 1458 4697 successorem
1502 4640 1744 4712 designa,
1785 4650 1845 4697 ut
1868 4643 1973 4698 huc
2003 4644 2183 4699 veniat

590 4726 959 4793 ordinandus,
993 4729 1136 4798 quod
1170 4730 1297 4784 nulli
1342 4729 1429 4785 alii
1461 4718 1686 4786 concedi
1732 4731 1990 4801 patimur,
2037 4734 2179 4800 quod

592 4819 685 4873 tibi
709 4819 977 4875 charitate
1000 4829 1224 4891 cogente
1249 4822 1427 4892 largiri
1452 4821 1784 4877 censuimus.
1816 4822 1891 4877 De
1912 4821 2004 4877 illo
2030 4839 2180 4878 natu-

589 4928 695 4981 que
726 4915 818 4982 qui
857 4914 1068 4970 viduam
1102 4915 1351 4970 avunculi
1382 4916 1501 4981 sui,
1532 4932 1651 4987 quae
1686 4924 1741 4971 et.
1771 4915 1883 4985 ipsa
1911 4915 2011 4971 fuit
2042 4932 2177 4972 uxor

591 5006 904 5061 consobrini
954 5006 1077 5072 sui,
1124 5017 1179 5063 et
1216 5023 1428 5063 sacrum
1477 5008 1718 5065 velamen
1764 5007 1965 5065 habere
2025 5025 2180 5064 mon-

592 5106 761 5151 strata
788 5105 893 5159 est.
922 5107 975 5153 et
1006 5115 1035 5153 a
1065 5099 1237 5156 beata:
1268 5101 1537 5156 memoria:
1577 5103 1970 5172 praedecessore
1996 5111 2181 5163 nostro

593 5190 696 5246 sibi
727 5191 999 5246 licentiam
1028 5207 1345 5249 concessam
1386 5208 1506 5249 esse
1532 5193 1846 5266 divulgavit,
1875 5203 1934 5249 ιιι
1960 5208 2078 5249 eam
2125 5195 2178 5249 in

592 5282 899 5354 pernicioso
926 5283 1267 5339 matrimonio
1289 5299 1569 5339 assumere
1594 5284 1886 5350 debuisset,
1911 5286 2052 5340 absit
2075 5285 2180 5342 hoc

594 5384 658 5433 ιιι
698 5377 1064 5448 praedecessor
1093 5386 1279 5432 noster
1308 5378 1379 5432 ita
1419 5376 1754 5448 praeciperet.
1803 5377 1914 5434 Nec
1944 5377 2087 5432 enim
2112 5377 2181 5433 ab

596 5469 890 5537 apostolica
936 5471 1065 5526 sede
1096 5468 1185 5525 illa
1227 5470 1553 5541 diriguntur,
1579 5486 1701 5541 qua:
1742 5471 2011 5525 contraria
2059 5486 2180 5526 esse

597 5561 839 5628 Patrum,
868 5564 981 5618 sive
1005 5579 1272 5619 canonum
1298 5564 1558 5619 institutis
1586 5564 1957 5635 perhibentur.
1987 5563 2182 5618 Admoo

598 5671 748 5721 nere,
773 5656 1071 5721 adhortari,
1094 5657 1373 5727 increpare
1398 5672 1511 5721 eos,
1533 5655 1722 5719 frater,
1742 5672 1810 5713 ne
1834 5671 2033 5718 cesses,
2051 5672 2183 5726 qna-

602 5760 759 5804 tenus
788 5765 817 5803 a
855 5748 946 5803 tali
984 5749 1212 5806 scelesto
1258 5749 1510 5804 recedant
1548 5748 1892 5804 matrimonio
1919 5789 1932 5811 ,
1978 5755 2036 5802 ιιι
2078 5762 2181 5802 non

601 5842 655 5896 in
680 5851 942 5896 aeternum
982 5850 1224 5911 pereant.
1260 5840 1696 5897 Reminiscantur
1725 5839 1865 5896 enim
1901 5855 1958 5896 sc
1980 5838 2181 5894 (Ihristi

2218 4603 2265 4662 D

2292 1991 2310 2022 ι
2334 1971 2450 2026 Non
2469 1989 2669 2044 augura
2678 1974 2863 2029 bimiui
2875 2017 2889 2039 ,
2903 1974 2988 2030 vel
3001 1983 3153 2031 certe
3169 1968 3277 2030 non
3290 1974 3612 2030 observabitis
3630 1978 3761 2029 somnia

2288 2060 2432 2132 (Lev.
2464 2078 2578 2127 nx,
2604 2063 2720 2134 26).
2761 2083 2781 2117 ι
2813 2064 2882 2119 Et
2908 2065 3105 2120 iterum
3135 2083 3150 2121 :
3206 2083 3226 2117 ι
3264 2062 3380 2119 Νοιι
3405 2073 3481 2119 est
3501 2065 3713 2133 augurium
3734 2065 3763 2117 it

2287 2150 2473 2216 Israel,
2516 2168 2615 2208 nec
2661 2154 2971 2212 observatio
3012 2154 3068 2210 in
3115 2155 3281 2209 domo
3307 2152 3643 2221 Jacob(Ntua.
3669 2169 3764 2215 xuu,

2287 2242 2401 2313 2'5),
2440 2261 2457 2294 ι
2492 2244 2561 2297 ita
2591 2252 2645 2299 et
2688 2260 2719 2299 a
2763 2245 2919 2301 nobis
2960 2246 3269 2302 cavendum
3323 2260 3438 2301 esse
3485 2260 3716 2307 censemus,
3732 2256 3765 2297 ut

2290 2336 2451 2391 nullis
2473 2336 2715 2408 auguriis
2743 2337 2828 2393 vel
2856 2337 3334 2395 observationibus
3368 2337 3670 2399 attendamus,
3690 2337 3764 2404 quia

2288 2426 2469 2481 omnia
2499 2426 2616 2483 htcc
2646 2428 2885 2483 abscissa
2928 2442 3050 2484 esse
3095 2444 3127 2482 a
3167 2427 3418 2483 Patribus
3454 2440 3607 2482 sumus
3638 2425 3761 2480 edocti.

2292 2517 2355 2572 Et
2384 2519 2510 2589 quia
2534 2534 2633 2589 per
2657 2519 3058 2591 instigationem
3088 2518 3294 2575 diaboli
3323 2520 3503 2573 iterum
3537 2515 3765 2587 pullulalnrl

2289 2625 2318 2664 a
2366 2611 2452 2667 die
2492 2627 2597 2682 qua
2642 2627 2740 2667 nos
2778 2611 2942 2683 jussit
2985 2613 3169 2669 divina
3202 2611 3503 2677 clementia,
3553 2623 3758 2679 quanquam

2291 2705 2545 2760 immeriti
2583 2705 2981 2773 existimamus,
3020 2706 3254 2777 apostoli
3285 2706 3452 2762 vicem
3491 2718 3645 2775 gerere,
3664 2700 3755 2756 illico

2288 2798 2469 2854 omnia
2492 2799 2610 2853 hac
2635 2798 3053 2871 amputavimus.
3076 2798 3204 2853 Pari
3224 2798 3422 2858 etenim
3449 2795 3585 2851 modo
3602 2795 3756 2849 volumus

2292 2899 2439 2946 tuam
2479 2893 2823 2949 sanctitatem
2860 2893 3073 2965 populis
3122 2891 3229 2949 sibi
3289 2890 3508 2946 subditis
3543 2888 3756 2958 perdicere.

2290 2991 2454 3054 anue
2513 2983 2579 3037 ad
2625 2984 2767 3037 viam
2820 2991 3037 3039 aeterna:
3089 2982 3389 3054 perducere
3442 2980 3567 3034 vite.
3606 2975 3697 3030 Nam
3728 2982 3762 3026 et

2292 3086 2493 3134 sanctae
2523 3078 2915 3134 recordationis
2952 3075 3373 3148 prredecessoris
3401 3083 3546 3144 atque
3573 3067 3763 3125 nutritoris

2293 3175 2464 3231 nostri
2512 3175 2724 3232 Domini
2781 3174 3028 3248 Gregorii
3072 3191 3229 3247 papae
3280 3171 3622 3231 constitutionc
3648 3165 3762 3219 omnia

2289 3268 2405 3323 hare
2433 3268 2521 3338 pie
2559 3282 2623 3324 ac
2650 3266 2885 3323 ﬁdeliter
2921 3275 3205 3338 amputata
3255 3273 3399 3330 sunt,
3435 3270 3485 3319 et
3524 3261 3608 3315 alia
3631 3257 3766 3311 diversa

2287 3378 2450 3433 quant
2502 3362 2656 3433 plura
2703 3377 2826 3433 quae
2878 3361 3091 3417 diabolo
3118 3367 3440 3431 suggerente
3463 3352 3717 3427 pullulahant
3735 3348 3765 3400 in

2287 3454 2489 3511 Christi
2520 3454 2672 3521 ovili,
2704 3453 2860 3522 cujus
2885 3454 3057 3509 instar
3081 3470 3184 3525 pro
3227 3452 3365 3508 illius
3397 3447 3554 3521 populi
3577 3441 3767 3500 salutedi-

2288 3547 2465 3617 rigere
2504 3546 2915 3601 maturavimus.
2968 3544 3102 3599 Nam
3137 3545 3210 3600 de
3246 3540 3586 3599 sacerdotibus
3618 3532 3693 3588 illis
3712 3528 3767 3596 (ἰαί

2291 3635 2423 3690 falsa
2454 3636 2768 3707 opinantur,
2810 3634 2901 3706 qui
2932 3634 3096 3688 etiam
3131 3632 3363 3689 adulteri
3419 3637 3468 3684 et
3512 3624 3770 3679 fornicatum

2291 3728 2607 3798 probantur,
2631 3736 2685 3783 et
2715 3726 2816 3782 sibi
2861 3725 2929 3781 ab
2971 3725 3265 3795 apostolica
3296 3723 3416 3778 sede
3441 3716 3658 3774 indultum
3679 3724 3769 3768 esse.

2280 3808 2344 3873 et
2376 3832 2409 3873 e
2453 3816 2729 3873 contrario
2759 3816 2860 3872 sibi
2903 3815 3176 3871 licentiam
3213 3806 3579 3886 praedicationis
3598 3801 3767 3870 largium

2288 3924 2430 3976 esse,
2466 3908 2567 3965 hoc
2592 3908 2736 3964 nulla
2760 3908 2970 3963 ratione
2988 3907 3177 3963 credat
3212 3917 3301 3961 tua
3333 3910 3505 3958 sancta
3531 3890 3768 3952 fratemitat.

2290 4001 2384 4055 sed
2431 4000 2685 4055 similiter
2736 4000 2789 4054 in
2837 3998 2918 4053 eis
2955 3997 3273 4053 canonicam
3322 4006 3501 4050 exerce
3539 3983 3767 4043 vindictam.

2290 4092 2748 4163 quemadmodum
2771 4091 2836 4147 de
2857 4091 2942 4147 his
2969 4091 3165 4161 quibus
3179 4088 3421 4162 superius
3433 4100 3461 4138 a
3473 4078 3602 4137 nobis
3617 4073 3770 4130 edoctus

2294 4186 2637 4240 monstraris.
2679 4183 2794 4239 Non
2827 4185 2970 4239 enim
3009 4184 3152 4238 aliud
3181 4192 3235 4239 te
3259 4192 3414 4253 agere
3453 4174 3655 4230 volumus
3680 4176 3768 4236 pra-

2294 4289 2535 4352 terqnam
2567 4296 2687 4350 quas.
2715 4281 2854 4335 sacri
2886 4280 3208 4349 praecipiunt
3236 4289 3476 4337 canones,
3502 4267 3572 4324 vel
3589 4254 3774 4352 etiamid}

2291 4346 2407 4428 ltac'
2421 4346 2713 4444 apostolica
2743 4368 2872 4429 sede
2897 4371 3191 4427 instructus
3245 4382 3362 4426 esse
3399 4346 3768 4435 dignosceriS-SC'

2294 4471 2529 4527 cundum
2560 4480 2664 4526 tua:
2691 4485 2927 4540 namque
2956 4469 3264 4525 sanctitatis
3289 4463 3572 4538 petitionem
3589 4445 3769 4550 ettrilttts

2292 4562 2561 4632 episc0pis
2591 4562 2698 4618 tuis
2726 4562 2966 4631 singulas
2989 4557 3411 4617 conﬁrmationis
3438 4546 3652 4644 epistolaf
3669 4546 3767 4644 imi"

2290 4669 2429 4716 mus,
2466 4668 2600 4723 quas
2632 4668 2727 4722 per
2758 4664 2863 4708 tua:
2897 4653 3203 4709 sanctitatis
3228 4664 3412 4708 manus
3448 4644 3519 4701 eis
3549 4635 3689 4735 ιιπεξξί
3709 4640 3767 4735 νίζ’

2288 4742 2488 4800 lnmus.
2509 4745 2573 4800 Et
2595 4744 2957 4800 Carlomanno
2974 4744 3082 4799 ﬁlio
3101 4752 3284 4799 nostro
3304 4741 3402 4797 alia
3438 4732 3607 4800 scripta
3630 4724 3766 4779 dirext-

2288 4851 2427 4900 mlts,
2479 4844 2676 4906 utqua:
2702 4834 2796 4890 tibi
2829 4835 3076 4905 promisit
3102 4832 3392 4903 adimplere
3420 4822 3621 4881 festinet,
3659 4816 3767 4906 aldi?

2287 4926 2613 4982 adminicula
2643 4935 2880 4996 prmstet.
2911 4925 3017 4981 Sed
3062 4926 3199 4991 lure,
3245 4924 3407 4979 frater
3433 4893 3766 4996 charissittjett!e

2286 5017 2537 5074 omnibus
2584 5018 2833 5089 superius
2859 5016 3263 5089 comprehensis
3289 5006 3533 5081 capitulis.
3568 5004 3617 5051 ιιι
3637 4991 3766 5089 WE"

2291 5126 2391 5163 nus
2413 5110 2655 5170 donavit,
2691 5111 3080 5179 respondemus
3107 5108 3172 5163 ad
3198 5105 3372 5162 omnia
3408 5083 3672 5179 amputat“!a
3691 5078 3766 5177 δή·

2292 5204 2477 5259 holicae
2501 5202 2705 5257 fraudis
2754 5176 3031 5257 scandala.
3077 5201 3191 5256 Tua
3228 5212 3353 5253 vero
3397 5194 3558 5247 saneta
3586 5176 3765 5233 fraterni-

2291 5302 2394 5354 tas.
2444 5292 2486 5346 si
2544 5291 2673 5360 quid
2728 5290 2795 5346 de
2846 5300 3045 5347 etctero
3095 5286 3352 5348 evenerit,
3389 5289 3443 5336 ut
3480 5260 3763 5368 sacridlocﬂ‘n‘

2290 5347 2798 5451 canones-studeat
2853 5381 3146 5437 emendare
3195 5380 3247 5436 in
3291 5370 3512 5449 plebibus
3538 5356 3665 5455 sibi

2288 5474 2615 5531 commissis.
2635 5472 2750 5529 Non
2774 5472 2919 5527 enim
2944 5471 3085 5526 aliud
3114 5470 3267 5526 nobis
3284 5458 3510 5525 convenit
3530 5446 3761 5571 ρῖἱιὲξωτξῖ

2286 5574 2483 5637 prteIer
2523 5565 2666 5636 quod
2694 5580 2722 5620 a
2765 5562 2969 5619 sanctis
3015 5560 3269 5617 Patribus
3312 5564 3480 5613 sumus
3520 5536 3758 5661 εὰοξξὲπξί

2286 5622 2418 5714 vero
2445 5667 2500 5713 et
2522 5622 2644 5713 novi
2670 5654 2871 5726 aliquid
2897 5653 3099 5709 inimici
3126 5651 3323 5708 astutia
3343 5647 3534 5717 θεεηίθν

2285 5750 2427 5819 quod
2478 5757 2565 5803 tua
2607 5757 2790 5804 sancta
2841 5745 3152 5802 fraternitas
3204 5740 3411 5799 minime
3453 5741 3537 5801 per
3566 5716 3758 5822 ξπίξίξῗξξδ

2288 5807 2532 5901 instituta
2563 5841 2874 5898 discernere
2899 5837 3088 5912 possit,
3125 5836 3228 5894 huc
3271 5827 3412 5891 nobis
3435 5833 3525 5879 non
3552 5808 3686 5890 9‘89“
3704 5807 3750 5852 ¹⁹⁴
