3988 6434
641 256 780 314 H85

707 369 772 424 D.
797 367 1044 425 devotus.

705 460 840 518 D.D.
867 461 977 516 Deo
1006 458 1227 528 dicavit,
1254 455 1336 516 vel
1360 459 1474 516 Diis
1506 457 1780 515 danthus.

706 551 858 607 DEC.
889 551 1104 606 Decius.

707 642 841 698 D.D.
871 642 1013 698 dotis
1036 642 1219 710 dictio,
1270 643 1348 698 vel
1388 643 1502 700 Diis
1541 644 1813 711 dantibus,
1845 643 1923 700 vel
1963 645 2103 700 dono
2129 645 2224 700 de-

633 739 729 794 dit.

707 831 816 886 DD.
843 833 1254 887 dedicaverunt.

705 924 841 978 D.V.
873 925 1099 979 devotus
1129 924 1231 988 vir,
1256 940 1333 978 ve.
1361 932 1565 990 vester,
1591 924 1668 979 vel
1688 923 1802 980 Diis
1827 922 2152 980 volentibus.

707 1010 866 1070 DOT.
897 1015 1098 1068 dotem.

703 1105 832 1159 D.P.
859 1105 1037 1159 dotem
1063 1105 1238 1175 petiit,
1262 1103 1339 1158 vel
1361 1103 1476 1160 Diis
1505 1112 1767 1174 paterms.

705 1195 838 1249 D.F.
870 1195 1048 1250 dotem
1091 1194 1234 1256 fecit,
1264 1194 1340 1249 vel
1379 1194 1584 1255 dolum,
1622 1193 1698 1248 vel
1727 1194 1950 1257 donum,
1979 1191 2058 1247 vel
2078 1192 2224 1246 Decii

637 1285 801 1340 filius.

709 1375 849 1432 D.M.
876 1375 963 1432 vel
991 1373 1108 1429 ΒΜ.
1141 1373 1322 1430 dolum
1368 1373 1590 1436 malum,
1635 1372 1711 1428 vel
1744 1371 1962 1427 dubium
2005 1370 2224 1431 malum,

639 1457 714 1523 vel
749 1467 862 1522 Diis
893 1466 1158 1531 Manibus,
1187 1465 1264 1520 vel
1291 1465 1482 1518 domus
1508 1464 1727 1518 mortui.

709 1559 866 1615 DDS.
893 1559 1006 1614 Diis
1042 1559 1246 1625 deabus
1269 1557 1458 1612 sacris.

706 1640 867 1697 DMS.
896 1641 1009 1697 Diis
1035 1640 1280 1697 Manibus
1307 1654 1543 1695 sacrum.

707 1733 819 1790 DT.
856 1734 1135 1788 duntaxat.
2258 1764 2304 1819 Β

705 1825 819 1883 DN.
857 1827 1128 1882 dominus.

707 1918 868 1973 DNN.
902 1918 1156 1974 dominis.

705 2007 814 2062 DL.
847 2009 1054 2078 delego.

706 2099 816 2155 DF.
846 2099 1154 2155 defunctus.

705 2190 836 2247 DIC.
867 2192 1114 2246 dictator.

711 2283 845 2338 DlL.
876 2284 1282 2339 dilectissimus.

709 2373 868 2429 DUL.
902 2373 1269 2429 dulcissimus.

706 2465 840 2532 D.Q.
873 2466 986 2522 Diis
1007 2465 1399 2532 Quirinalibus.

707 2560 914 2625 D.Q.[t.
945 2562 1011 2615 de
1045 2574 1150 2629 qua
1181 2573 1261 2614 re.

704 2651 905 2719 D.Q.S.
930 2651 998 2705 de
1031 2666 1140 2721 quo
1169 2666 1356 2722 supra.

706 2745 902 2800 D.C.S.
934 2747 1001 2800 de
1021 2745 1303 2800 consulum
1332 2744 1621 2800 sententia.

707 2837 917 2892 DIG.M.
947 2837 1140 2909 dignus
1169 2838 1451 2892 memoria.

711 2928 1005 2983 D.PEC.R.
1035 2929 1102 2982 de
1133 2928 1378 2998 pecuniis
1401 2927 1730 2996 repetundis.

708 3018 973 3074 D.T.S.P.
1001 3019 1140 3074 diem
1166 3019 1385 3074 tertium
1411 3019 1525 3073 sive
1557 3015 1834 3087 perendie.

711 3109 849 3166 D.V.
884 3111 996 3166 Diis
1018 3111 1344 3166 volentibus.
2260 3123 2305 3182 η

707 3201 909 3258 D.L.R.
937 3202 1049 3258 Diis
1073 3202 1300 3258 Laribus
1326 3215 1565 3257 sacrum.

708 3294 822 3349 DR.
859 3295 1086 3350 Drusus.

708 3387 841 3442 D.N.
875 3388 1136 3442 Dominus
1173 3394 1378 3442 noster.

706 3477 818 3532 DD.
847 3476 957 3532 NN.
991 3478 1223 3532 dominis
1250 3476 1472 3532 nostris.

710 3569 912 3625 D.D.D.
955 3571 1112 3625 datus
1151 3573 1368 3624 decreto
1407 3583 1502 3624 seu
1551 3567 1692 3622 dono
1734 3565 2106 3628 decurionum,
2152 3561 2231 3618 vel

636 3662 779 3715 dono
808 3660 975 3727 dedit,
1004 3659 1202 3714 dicavit
1222 3657 1465 3713 decurio.

709 3751 946 3808 D.DIJE.
981 3751 1090 3806 Deo
1119 3765 1314 3820 magno
1336 3758 1564 3806 aeterno.
1997 3780 2010 3812 ι

710 3842 843 3898 D.D.
880 3841 990 3898 Deo
1021 3841 1341 3896 domestico.

714 3932 906 3989 DlL.S.
943 3932 1324 3988 dilectissimus
1357 3945 1566 3986 servus.

710 4024 858 4080 DEC.
887 4023 1036 4079 DEC.
1060 4025 1248 4078 decem
1279 4022 1492 4087 decani,
1519 4020 1598 4076 vel
1617 4021 1834 4076 decreto
1856 4017 2228 4078 decurionum,

639 4120 720 4176 vel
741 4099 1085 4175 decuriones.

713 4211 820 4268 DL.
851 4213 947 4266 dat
975 4209 1180 4265 laudes.

713 4303 865 4358 DES.
890 4300 1192 4372 designavit

713 4392 848 4448 D.D.
870 4390 987 4446 LM.
1014 4392 1156 4445 dono
1191 4389 1339 4445 dedit
1362 4388 1532 4446 libero
1559 4403 1804 4445 munere.

714 4485 842 4540 D.C.
873 4484 1030 4540 divus
1059 4483 1263 4538 Cmsar.
2263 4484 2314 4545 ι)

716 4573 910 4631 Ι).Ρ.8.
937 4574 1046 4629 Deo
1072 4571 1252 4643 posuit
1275 4569 1400 4627 sibi.

716 4664 990 4722 D.L.M.P.
1017 4664 1131 4720 Diis
1156 4664 1335 4719 locum
1355 4661 1744 4734 deditpublice.
1790 4687 1792 4691 -

715 4755 1045 4815 DVC.DVC.
1073 4756 1267 4812 ducum
1298 4755 1542 4820 ductore,
1587 4753 1663 4808 vel
1701 4754 1985 4808 ductorum
2015 4750 2224 4806 ductor.

714 4845 995 4904 D.lMM.S.
1026 4844 1140 4900 Diis
1180 4841 1573 4898 immortalibus
1602 4856 1838 4897 sacrum.

714 4937 901 4994 D.LM.
931 4936 1045 4991 Diis
1071 4933 1258 4991 inferis
1293 4933 1618 4989 maledictis.

715 5027 992 5083 D.D.D.D.
1033 5027 1144 5084 Deo
1167 5026 1387 5098 dignum
1427 5025 1568 5080 dono
1596 5021 1830 5080 donavit.

715 5118 851 5175 DN.
880 5120 1105 5175 devotus
1131 5116 1330 5173 Vesue.

714 5209 779 5265 D.
808 5207 972 5265 AUG.
1012 5210 1136 5265 divo
1162 5213 1427 5280 Augusto.

714 5299 917 5355 D.C.A.
943 5300 1099 5356 divus
1126 5299 1308 5356 Caesar
1333 5301 1629 5371 Augustus.

715 5391 942 5473 omne.
984 5390 1132 5447 eos.
1169 5381 1299 5445 XIII.
1341 5390 1499 5446 LVD.
1537 5387 1738 5445 sava.
1772 5386 1833 5444 F.
1874 5386 1934 5443 c.
1966 5383 2232 5441 Domitius

643 5488 831 5544 consul
861 5487 1076 5543 tertium
1110 5487 1282 5542 decim
1320 5487 1472 5543 ludos
1502 5501 1687 5544 saeros
1716 5500 1810 5542 seu
1838 5481 2124 5542 szeeulares
2153 5479 2226 5535 fa-

644 5579 893 5635 ciendum
935 5577 1163 5635 curavit.

1316 5648 1548 5705 Additio.

717 5719 851 5788 D.Q.
893 5720 1046 5776 divus
1074 5727 1332 5792 quaestor.

2333 1105 2495 1161 blice.

1783 249 1876 312 illi.
1917 256 1980 312 ν.
2022 253 2222 312 PROBI
2261 252 2693 314 GRAMMATICI
2817 275 2826 281 ‘

2206 254 2222 310 I
2261 252 2693 314 GRAMMATICI
2817 275 2826 281 -
3701 269 3779 328 ηε.

2258 375 2296 431 Δ
2397 371 2532 427 D.C.
2575 371 2722 427 dedit
2755 371 2948 441 gratis.

2403 462 2538 517 D.ll.
2581 462 2730 518 dedit
2758 459 3083 517 haerediblts.

2405 554 2514 609 D.l.
2557 554 2668 608 Diis
2709 552 3127 618 immortalibus,
3163 551 3245 606 vel
3271 550 3385 607 dari
3406 553 3566 624 jussit.

2405 646 2537 700 D.L.
2578 646 2797 701 donavit
2832 645 3008 699 locum
3039 643 3115 698 vel
3146 643 3292 699 Decii
3324 643 3548 702 libertus.

2405 739 2610 795 D.0.M.
2653 738 2764 794 Deo
2807 737 3022 807 Optimo
3068 735 3344 800 Maximo,
3396 737 3466 792 vel
3505 738 3786 801 DiiS‘omnibus

2335 832 2584 888 Manibus

2405 924 2614 980 D.M.F.
2647 941 2695 978 ν.
2725 939 2775 978 c.
2804 923 2911 977 doli
2936 921 3064 976 mali
3094 922 3368 976 fraudisve
3396 936 3562 976 causa.

2405 1015 2874 1070 D.F.S.D.L.D.P.
2906 1015 3154 1082 deposuit
3184 1013 3286 1066 sibi
3320 1013 3424 1067 Diis
3449 1013 3596 1068 locum
3621 1016 3788 1089 deditpu-

2405 1198 2465 1251 D.
2509 1207 2824 1269 anI‘Igcnla,
2857 1197 2934 1251 vel
2963 1197 3180 1259 Decius,
3217 1197 3438 1260 Drusus,
3467 1196 3666 1263 devotus,
3688 1201 3769 1262 ded,

2406 1291 2600 1346 D.S.P.
2638 1292 2704 1345 de
2734 1308 2828 1346 sua
2859 1291 3106 1359 pecunia.

2406 1383 2739 1440 D.S.P.L.D.
2774 1384 2839 1437 de
2869 1399 2962 1437 sua
2991 1382 3219 1452 pecunia
3249 1381 3445 1435 laribus
3469 1383 3581 1437 dant
3603 1383 3659 1437 vel
3688 1385 3784 1441 dedit

2409 1476 2679 1530 D.L.A.P.
2712 1476 2910 1529 donum
2943 1474 3118 1530 libens
3144 1474 3330 1529 animo
3355 1474 3535 1543 posuit.

2407 1565 2558 1621 DEC.
2603 1566 2842 1620 decurio.

2408 1660 2542 1714 D.V.
2573 1659 2688 1714 dies
2723 1660 2964 1727 quintus.

2405 1749 2554 1805 DES.
2589 1750 2925 1820 designatus.

2403 1841 2720 1898 D.E.R.I.C.
2777 1842 2842 1897 de
2872 1857 2932 1896 ea
2964 1856 3023 1897 re
3057 1842 3132 1897 ita
3165 1849 3444 1905 curatum,
3487 1839 3555 1895 rel
3589 1837 3780 1895 consultum

2329 1945 2433 1992 est.

3111 2006 3163 2064 E

2401 2086 2461 2139 Ιῖ.
2497 2094 2598 2141 cst.

2401 2176 2508 2231 EE.
2535 2191 2676 2232 esse.

2406 2270 2517 2323 ER.
2549 2278 2709 2326 erunt
2736 2270 2819 2325 vel
2847 2269 2974 2334 erit,
3003 2271 3082 2324 vel
3102 2261 3310 2323 aerarii.

2402 2359 2567 2414 ELM.
2607 2360 2690 2415 vel
2719 2360 2857 2415 ΕΜ.
2888 2359 3179 2431 ejusmodi.

2401 2454 2534 2510 E.N.
2567 2456 2900 2510 etiamnunc.

2402 2548 2514 2603 EG.
2557 2564 2702 2619 eger.

2403 2644 2586 2699 EPJI.
2619 2644 2901 2714 epistolam
2943 2643 3112 2698 misit.

2405 2735 2607 2801 E.Q.R
2641 2750 2809 2805 eques
2839 2735 3134 2790 Romanus.

2404 2827 2613 2882 E.X.ll.
2647 2829 2856 2884 exactis
2887 2826 3122 2896 regibus.
3202 2882 3205 2885 _

2404 2917 2561 2974 EOR.
2593 2934 2801 2973 eorum.

2407 3009 2534 3064 ΕΓ.
2577 3009 2694 3076 ejus
2727 3008 2889 3063 filius.

2406 3101 2516 3156 ΕΙ).
2546 3100 2704 3157 CVll.
2735 3101 2911 3157 aedilis
2935 3101 3161 3157 curulis.

3002 3195 3248 3247 Adrlitio.

2405 3285 2467 3340 E.
2500 3285 2728 3340 Ennius.

2403 3376 2607 3444 E.Q.P.
2645 3377 2853 3448 equalis
2898 3376 2978 3431 vel
3022 3376 3300 3448 equestris
3347 3368 3660 3449 persoIIa,vel
3684 3376 3781 3434 equus

2333 3469 2600 3540 pubncus.

2404 3562 2514 3617 ER.
2547 3559 2700 3617 COL.
2733 3575 2826 3616 ere
2861 3561 3098 3617 collato.‘

2405 3651 2652 3706 EDIL.P.
2683 3651 2841 3707 edilis
2863 3651 3053 3722 plebis.

2404 3744 2583 3798 ER.P.
2608 3759 2700 3799 ere
2731 3744 2947 3814 publico

2404 3833 2534 3889 E.B.
2563 3833 2680 3902 ejus
2706 3835 2867 3889 bona.

2405 3927 2537 3982 E.D.
2567 3927 2684 3997 ejus
2713 3928 2929 3982 domus.

2406 4016 2537 4072 ΒΕ.
2570 4015 2688 4086 ejus
2721 4026 2876 4072 aetas.

2407 4107 2544 4162 E.ll.
2569 4108 2686 4178 ejus
2714 4109 2908 4164 hmres.

2404 4201 2534 4256 E.L.
2567 4201 2709 4256 edita
2742 4201 2852 4256 lex.

2405 4291 2566 4347 EMP.
2599 4299 2780 4360 empta
2799 4342 2801 4345 .
3154 4335 3160 4340 .

2408 4381 2731 4438 EX.S.C.D.
2761 4397 2829 4438 ex
2857 4383 3332 4440 senatusconsulto
3360 4389 3414 4437 et
3433 4378 3632 4433 decreto.

2411 4474 2686 4542 EQ.AVR.
2715 4489 2882 4545 eques
2909 4484 3156 4533 auratus.

2407 4564 2654 4621 E.M.SP.
2687 4565 2930 4636 equitum
2960 4565 3225 4637 magister
3252 4561 3468 4634 Spurius
3495 4550 3724 4624 PoIIIpcii‘Is-

3124 4679 3166 4736 F

2406 4791 2469 4844 F.
2499 4794 2582 4844 vel
2611 4789 2737 4843 FIL.
2779 4789 2941 4843 filius.

2410 4880 2450 4935 Ρ
2482 4880 2562 4934 vel
2589 4897 2649 4952 Α.
2686 4881 2814 4933 lilia.

2409 4970 2587 5026 F.FA.
2618 4970 2760 5025 ﬁlius
2790 4968 3043 5024 familias.

2409 5062 2536 5118 F.S.
2570 5061 2783 5117 fratres.

2412 5155 2588 5210 FILF.
2622 5155 2806 5210 fratris
2835 5155 2995 5210 filius.

2407 5250 2565 5307 FOR.
2597 5249 2754 5304 Foris
2788 5249 2873 5304 vel
2904 5247 3072 5313 foras,
3103 5245 3280 5303 forum
3317 5244 3461 5300 forte.
3486 5237 3670 5293 fortuna.

2406 5339 2634 5394 FR.L.I.
2663 5338 2838 5393 forum
2869 5337 3064 5392 Lilium
3094 5335 3360 5393 etJulium

2403 5431 2607 5488 F.F.F.
2642 5429 2835 5487 fortior
2889 5429 3108 5485 fortuna
3161 5429 3292 5494 fato,
3345 5416 3600 5479 velforlius
3642 5404 3778 5459 fortuna

2336 5520 2526 5577 fatum.

2405 5614 2543 5669 ΡΜ.
2577 5607 2921 5678 l'ati'munus,
2952 5611 3027 5668 rel
3059 5612 3174 5669 ﬁeri
3204 5606 3474 5666 mandavit.

2405 5707 2582 5764 [ΜΛ.
2624 5705 2719 5766 fati
2755 5720 2951 5763 Inunus
2984 5704 3242 5778 implevit.-
