3988 6436
658 260 789 314 II87
1408 253 1699 309 APPEND.
1730 252 1819 307 AD
1857 253 2033 309 SASC.
2068 252 2157 309 IX.
2180 286 2233 298 —

2203 287 2252 298 —
2281 255 2351 310 Μ.
2388 254 2448 310 ν.
2492 254 2693 312 PIIOBI
2728 256 3158 314 GRAMMATICI
3698 275 3778 339 Illis

727 371 1000 427 I.F0..'FR.
1038 372 1089 425 in
1114 370 1234 426 foro
1262 367 1503 438 Trajani.
2267 376 2317 432 Α
2416 366 2551 430 Κᾼι.
2592 369 2897 424 carissima.

722 463 973 518 I.I“0.IV.
1005 462 1080 517 vel
1106 462 1147 517 l.
1184 461 1236 515 in
1272 461 1388 514 foro
1415 458 1563 523 Julii,
1597 457 1672 512 vel
1698 456 1871 522 Lucii,
1900 456 1976 510 vel
2004 455 2160 511 Livii.
2410 457 2478 512 Κ.
2519 468 2700 529 caput.

722 555 838 608 LII.
866 554 988 624 jure
1018 553 1221 623 rogavit
1249 550 1325 604 vel
1350 549 1475 618 jure
1503 547 1769 603 Romano.
2409 547 2549 603 Κ.Κ.
2581 550 2865 607 calumniae
2888 567 3075 609 causa.

724 641 1090 698 I.FO.FLAM.
1127 641 1177 693 in
1214 639 1332 694 foro
1358 638 1606 693 Flaminii
1637 637 1714 692 vel
1741 637 2021 693 Flaminis.
2408 638 2475 694 K.
2515 641 2698 697 cardo.

724 731 1035 789 I.FO.POP.
1064 733 1116 785 in
1145 730 1263 785 foro
1290 729 1558 800 Pompilii.
3113 738 3164 798 ι

724 824 792 877 VI
810 823 885 877 vel
914 821 1209 877 IIIIII.VIR.
1233 819 1531 875 sextumvir
1554 818 1633 873 vel
1656 819 1885 874 sexium.

722 915 1017 972 l.F0.P.R.
1041 916 1093 969 in
1121 913 1235 969 l'oro
1258 929 1356 984 pro
1379 912 1591 968 rostris.

721 1004 906 1072 I.N.Q.
933 1003 1144 1072 injustis
1168 1003 1365 1071 nuptiis
1385 1000 1665 1072 quaesitus.

724 1095 903 1151 I.D.P'.
925 1095 1033 1162 juri
1059 1096 1290 1151 dicundo
1311 1093 1548 1163 prmerit.

726 1187 976 1243 IIII.VIIi.
1002 1185 1358 1256 qnartumvir.

723 1278 931 1334 II.VIB.
957 1276 1230 1332 duumvir.

720 1373 903 1430 I.D.C.
933 1372 1074 1450 juris
1098 1370 1311 1427 dicendi
1335 1383 1519 1423 causa.

724 1464 972 1523 l.C.E.V.
992 1466 1135 1535 justa
1165 1477 1326 1517 causa
1348 1475 1469 1515 esse
1496 1459 1727 1513 videtur.

726 1554 980 1612 I.O.M.S.
1011 1553 1129 1608 Jovi
1165 1552 1369 1622 optimo
1397 1548 1636 1605 maximo
1664 1562 1900 1602 sacrum.

720 1646 832 1701 I.D.
876 1643 1065 1699 inferis
1087 1641 1209 1697 diis.

2411 828 2475 884 L.
2509 830 2710 888 Lucius
2736 833 2818 888 vel
2849 833 3067 889 Laelius.

2412 920 2547 977 L.C.
2572 922 2770 979 Lucius
2794 925 3000 983 Catius.

2409 1010 2551 1069 LM.
2581 1013 2780 1072 Lucius
2815 1017 3056 1075 Murena.
3094 1030 3097 1033 ‘

2408 1101 2580 1158 LC.S.
2613 1104 2824 1162 lucrum
2849 1124 3088 1165 sacrum.

2410 1192 2585 1248 LG.D.
2620 1195 2831 1252 lucrum
2862 1200 3127 1255 divinum.

2410 1282 2520 1337 LD.
2560 1283 2736 1340 locum
2768 1287 3030 1344 deditum.

2407 1371 2594 1427 L.E.\l.
2635 1374 2786 1431 locus
2810 1387 3044 1447 emptus.

2409 1462 2539 1518 L.P.
2581 1465 2731 1523 locus
2757 1472 3043 1540 propitius,
3065 1473 3144 1528 vel
3178 1475 3438 1547 proprius.

2410 1553 2585 1622 LQ.S.
2628 1556 2777 1614 locus
2798 1576 2906 1630 quo
2929 1577 3113 1633 supra.

2410 1644 2588 1701 LA.C.
2630 1647 2805 1729 Latini
2828 1651 3025 1708 coloni.

726 1734 1025 1791 IN.A.P.X.
1058 1734 1112 1788 in
1135 1747 1268 1802 agro
1289 1730 1484 1800 pedum
1510 1728 1718 1784 decem-
2258 1732 2316 1792 B
2414 1736 2542 1792 L.S.
2582 1728 2813 1797 Laribus
2836 1758 3074 1800 sacrum.

721 1824 951 1881 IVNON.
980 1822 1066 1879 ET
1089 1818 1424 1878 PROSERP.
1450 1817 1645 1873 Junoni
1674 1825 1728 1871 et
1748 1812 2106 1884 Proserpinae.
2406 1828 2675 1886 L.p.S.R.
2703 1832 2881 1889 Latini
2906 1835 3072 1905 prisci
3099 1838 3249 1894 cives
3274 1838 3502 1894 Romam

1327 1909 1564 1963 Additio.
2408 1919 2684 1975 L.D.D.D.
2712 1922 2889 1979 locum
2934 1926 3040 1983 diis
3096 1928 3382 1996 dedicavit,
3434 1931 3502 1984 vel
3548 1930 3661 1986 locus
3694 1931 3779 1987 datus

2324 2013 2555 2066 decreto
2583 2012 2953 2070 decurionum.
3342 2019 3349 2024 ’

2406 2098 2639 2158 LGM.D.
2679 2103 2849 2175 legem
2871 2106 2964 2161 dat
2990 2107 3069 2162 vel
3098 2108 3265 2164 dedit.

2407 2192 2752 2250 L.D.A.B.M.
2780 2196 2959 2253 locum
2988 2200 3141 2255 dedit
3169 2201 3340 2258 Aulus
3362 2201 3487 2259 bene
3510 2200 3701 2257 merenti.

2408 2281 2587 2339 L.AG.
2620 2284 2709 2339 lex
2728 2287 2965 2356 agraria.

2408 2371 2563 2428 ων.
2606 2374 2689 2430 lex
2718 2375 2882 2431 Julia.

2410 2463 2633 2549 L.VQC.
2667 2467 2752 2522 lex
2782 2467 3019 2527 Voconia

2409 2553 2611 2610 L.CIN.
2653 2556 2745 2612 lex
2763 2559 2998 2618 Cintliia.

2410 2644 2540 2699 LIB.
2567 2646 2813 2704 libertas.

2402 2734 2543 2791 L.L.
2578 2736 2725 2793 Lucii
2754 2739 2957 2796 liberti.

2408 2826 2643 2884 LEG.X.
2672 2829 2813 2901 legio
2838 2832 3069 2888 decima.

724 2010 834 2064 LA.
870 2008 1096 2062 interea.

720 2099 824 2155 I.C.
852 2096 1026 2152 Julius
1045 2095 1226 2151 Caesar
1245 2091 1321 2148 vel
1342 2093 1484 2147 intra
1505 2087 1796 2146 circulum.

718 2189 834 2246 l.’I‘.
876 2190 1017 2243 intra
1047 2196 1278 2254 tempus.

725 2279 895 2335 I.S.S.
926 2278 1154 2333 inferius
1179 2275 1379 2344 scripta
1403 2282 1549 2328 sunt.

722 2371 898 2427 I.F.B.
932 2371 983 2425 in
1020 2369 1139 2424 foro
1167 2366 1381 2422 Boario.

724 2463 860 2518 IVD.
882 2462 1168 2531 judicium.

721 2554 831 2609 LII.
852 2552 1033 2622 justus
1059 2551 1220 2606 homo
1240 2547 1318 2603 vel
1344 2548 1396 2602 in
1420 2547 1652 2601 hostem.

718 2644 824 2699 l.L.
849 2643 971 2711 jure
993 2641 1125 2713 legis
1142 2637 1221 2695 vel
1235 2639 1384 2710 justa
1409 2636 1547 2704 lege.

720 2734 856 2789 IAN.
885 2731 1193 2787 Januarius.

724 2826 882 2882 III.V.
911 2821 1209 2886 triumviri.

724 2913 863 2967 XN.
890 2910 1202 2967 decemviri.
2408 2916 2630 2974 L.PVB.
2655 2921 2774 2977 loco
2801 2923 3035 2992 publico.

723 3002 933 3059 IVII.D.
953 3000 1279 3071 jurisdictio.
2408 3008 2589 3066 L.PR.
2613 3011 2733 3068 loco
2757 3014 2986 3083 privato.

721 3096 829 3151 l.P.
854 3095 999 3165 justa
1024 3108 1275 3164 persona.
2256 3087 2309 3150 C
2410 3100 2546 3156 L.II.
2574 3101 2753 3158 locum
2782 3104 2949 3161 hunc.

722 3187 1010 3245 1.0.M.IM.
1043 3187 1160 3245 Iovi
1189 3187 1396 3257 optimo
1420 3184 1660 3243 maximo
1686 3181 1996 3239 immortali.
2189 3197 2194 3203 ’
2410 3192 2541 3247 LF,
2572 3192 2724 3250 Lucii
2748 3194 2910 3252 ﬁnus,

721 3278 949 3334 I.SN.R.
994 3279 1049 3332 in
1085 3286 1277 3334 senatu
1305 3278 1569 3333 Romano.

722 3370 859 3427 IMP.
905 3371 1220 3440 imperator.
1246 3416 1253 3423 .

723 3460 997 3516 IN.FR.P.
1028 3462 1082 3515 iu
1113 3461 1292 3516 I'ronte
1320 3460 1506 3531 pedes.

2409 3284 2544 3341 L.D.
2571 3285 2749 3341 locum
2772 3289 2939 3344 dedit.

2406 3373 2680 3441 L.L.Q.F.
2720 3375 2946 3433 Lucium
2972 3378 3236 3436 Luceium
3260 3381 3434 3451 Quinti
3458 3380 3609 3435 lilium.

2410 3463 2612 3520 L.L.L.
2648 3464 2801 3522 Lucii
2832 3467 3011 3524 liberti
3040 3470 3217 3528 locus.

729 3555 769 3608 I.
804 3570 992 3619 unum,
1026 3554 1100 3607 vel
1118 3551 1333 3619 Junius,
1368 3551 1444 3606 vel
1471 3550 1666 3606 Julius.
3009 3561 3254 3619 Additio.

704 3644 882 3700 .IOVI.
910 3643 1150 3699 SABAZ.
1187 3642 1307 3699 Jovi
1342 3642 1591 3698 Sabazia.
2411 3644 2685 3703 L.V.G.P.
2714 3648 2911 3706 Lucius
2946 3661 3127 3721 vetus,
3157 3655 3236 3711 vel
3277 3655 3457 3723 Verus,
3482 3651 3630 3709 Gallia:
3661 3659 3776 3718 pm

727 3735 789 3789 Il.
822 3737 1017 3790 iterum
1046 3734 1126 3789 vel
1146 3735 1436 3791 secundus.
2045 3798 2050 3802 ἢ
2076 3796 2082 3804 ,
2342 3744 2510 3791 rator.
3080 3756 3085 3761 ν

726 3826 861 3882 IVN.
892 3825 1104 3882 Junius.
2412 3826 2521 3882 LG.
2554 3828 2754 3898 legavit
2775 3830 2853 3885 vel
2876 3832 3135 3902 legatum.

726 3920 857 3975 IVL.
882 3919 1076 3975 Julius.
2412 3917 2618 3973 L.A.P.
2659 3920 2769 3975 ludi
2791 3920 3058 3991 Apollinis
3077 3924 3160 3979 vel
3188 3922 3515 3996 Apollinaris.

726 4010 861 4065 ΠΝ.
909 4009 1201 4064 duumviri.
2412 4008 2614 4062 L.P.D.
2637 4008 2790 4066 locus
2809 4011 3022 4081 publice
3051 4012 3234 4071 datus.

730 4099 839 4155 I.P.
868 4097 960 4166 jus
990 4098 1323 4168 pontiﬁcum.
2214 4129 2218 4132 ~
2411 4097 2591 4153 LG.D.
2622 4099 2761 4170 legio
2785 4102 3011 4158 decima.

727 4187 840 4243 Μ).
867 4188 1165 4257 judicatum
1193 4186 1349 4242 solvi.
2412 4186 2476 4242 L.
2506 4188 2565 4243 S.
2596 4188 2789 4247 liberto
2814 4208 2932 4248 suo.

1419 4278 1474 4339 Κ
1614 4279 1619 4285 ‘
2412 4278 2608 4334 LL.SS
2630 4281 2709 4335 vel
2730 4281 2900 4339 L.SS.
2930 4284 3144 4342 libertis
3169 4288 3303 4343 suis.

2416 4370 2559 4426 L.M.
2593 4373 2745 4431 locus
2781 4381 3137 4436 monumenti.

2269 4435 2324 4496 Ῐ)
2418 4463 2550 4518 L.P.
2582 4463 2701 4537 lege
2720 4468 2961 4536 punitus.

2420 4556 2622 4624 L.Q.S.
2648 4557 2798 4613 locus
2818 4559 3074 4628 quaesitus
3098 4560 3327 4616 senatui.

2419 4623 2549 4701 L.F.
2578 4645 2778 4703 Lucius
2798 4623 3034 4716 Flavius,
3063 4649 3145 4704 vel
3174 4647 3471 4710 Flaminius,
3512 4640 3578 4696 vel
3612 4630 3715 4690 Lucii
3746 4623 3781 4676 θ’

730 4378 932 4447 K.,KL.
969 4378 1241 4434 Kalendae.

731 4471 849 4539 K.Q
886 4470 1141 4526 Kalendas
1166 4467 1438 4539 quintiles.
1616 4539 1642 4553 4

734 4562 779 4617 Κ
813 4562 831 4615 1
860 4561 935 4616 vel
962 4560 1095 4615 IAN.
1130 4559 1385 4615 Kalendae
1408 4557 1670 4615 Januarii.

732 4651 861 4706 K.S.
903 4650 1156 4706 Kalendae
1183 4649 1423 4706 sextiles.

730 4743 868 4798 K.D.
907 4744 1083 4814 capite
1108 4742 1424 4797 diminutus.
2349 4739 2470 4799 lius.
3701 4812 3709 4822 '

732 4833 861 4889 ΚΕ.
903 4835 1078 4903 capite
1101 4848 1320 4899 census,
1350 4832 1430 4888 vel
1459 4848 1739 4901 censuum,
1767 4834 1841 4889 vel
1868 4835 2139 4904 Carthago
2165 4849 2239 4889 ct-
2418 4830 2624 4887 L.A.N.
2656 4830 2856 4889 Lucius
2880 4832 3107 4901 Annius,
3136 4835 3214 4890 uel
3255 4827 3599 4904 quinquaginta
3625 4824 3741 4904 anne-

662 4924 823 4978 vitas.
970 4900 984 4903 -
2074 4900 2099 4904 ﬁ
2419 4922 2774 4979 L.L.L.M.M.
2833 4924 3060 4992 lacerat,
3095 4900 3371 4982 lacertum
3398 4900 3584 4989 iLargii.
3626 4900 3781 4964 ωοτδίίν

733 5014 866 5069 Κ.Ρ.
908 5016 1072 5070 cardo
1094 5016 1321 5085 positus.
2350 5014 2650 5072 Memmius.

735 5102 869 5158 K.T.
910 5105 1088 5174 capite
1117 5113 1324 5161 tonsus.

734 5193 896 5248 ΚΑΒ.
936 5193 1227 5263 Carthago.

732 5284 875 5339 ΚΜ.
913 5286 1074 5339 cardo
1104 5286 1390 5341 maximus.

736 5375 872 5430 ILF.
917 5375 1083 5431 cardo
1113 5375 1309 5430 ﬁnalis.

735 5464 802 5520 Κ.
842 5474 1039 5521 castra.

736 5555 867 5609 K.P.
909 5564 1085 5610 castra
1115 5556 1284 5627 ponit.

737 5646 919 5703 ΚΛΜ).
961 5657 1139 5707 castra
1166 5649 1487 5707 dedicamus.

2418 5106 2577 5164 LAD.
2611 5107 2759 5162 locus
2787 5107 2943 5164 alteri
2975 5110 3152 5164 datus.
3745 5166 3753 5177 ,

2419 5197 2698 5253 L.B.M.D.
2723 5198 2899 5254 locum
2926 5200 3065 5255 bene
3100 5198 3321 5255 merenti
3354 5193 3487 5252 dedit
3531 5184 3595 5243 vel
3627 5172 3779 5234 deum.

2409 5286 2610 5341 L.E.D.
2642 5288 2725 5343 lex
2753 5287 2868 5356 ejus
2896 5288 3200 5344 damnatus.

2418 5376 2556 5430 L.R.
2580 5377 2698 5448 lege
2725 5387 2968 5448 rogatus,
2991 5377 3069 5433 vel
3095 5378 3178 5433 lex
3206 5375 3451 5431 Romana.

2422 5467 2554 5523 LV.
2589 5468 2670 5523 lex
2698 5477 2864 5533 vetat,
2896 5469 2973 5524 vel
3001 5466 3382 5539 quinquaginta
3406 5458 3615 5531 quinquc'

2422 5561 2550 5616 L.F.
2577 5560 2727 5616 Lucii
2752 5560 2910 5616 lilius.

2424 5652 2484 5707 L.
2521 5652 2929 5724 quinquaginta.
