3988 6436
142 429 165 482 l
182 427 271 484 I97
516 482 531 496 ο
1332 408 1472 464 ΕἫ
1507 404 1830 463 CAROLINI
1867 403 2199 462 CARMINA.
3036 440 3045 448 .
3259 388 3394 449 “98

138 546 286 602 Hunc
339 538 672 609 pulchreque
733 545 951 605 gregem
1008 528 1204 585 librum
1268 526 1411 581 intra
1471 524 1709 579 scribere
1739 526 1784 583 Α
1817 521 1965 588 Quos
1990 531 2040 577 te
2059 520 2223 577 corde
2256 526 2345 573 tuo
2370 517 2504 573 satis
2526 522 2836 584 aceeptasse
2864 512 3073 567 lateris.

1245 672 1253 679 ,
1440 614 1638 688 {jussiL
1814 610 2055 681 Corripis
2075 618 2130 666 et
2156 608 2405 679 reprimis
2428 620 2564 676 quos
2584 603 2832 672 corrigis,
2857 602 3022 672 erigis
3045 614 3218 669 mque.

137 726 301 797 Ipsius
327 721 513 777 ornari
535 733 670 773 auro
699 724 756 772 et
788 714 1016 786 picturis
1040 708 1375 772 venerande,
1817 703 2052 757 Exerces
2080 709 2304 755 cunctos
2339 698 2518 752 animo
2547 692 2681 765 quos
2714 693 2891 765 diligis
2913 692 3054 747 almo
3081 709 3093 743 :

138 784 210 872 lit
237 822 418 869 notum
451 809 615 864 faciat
641 784 904 877 quantum
933 802 1100 873 pollet
1122 800 1275 854 locus
1295 797 1404 852 ille.
1818 791 2039 847 Viribus
2066 800 2120 846 et
2148 790 2338 844 validis
2367 790 2597 845 virtutes
2618 794 2772 858 grata
2810 784 3108 839 ministras.

139 907 241 961 Sed
273 902 505 973 Sigilaus
524 913 720 970 parens
741 895 910 967 jussis
934 893 1080 963 regis
1106 889 1349 945 studiose

140 997 250 1051 lloc
283 991 625 1061 Evangelium
650 988 766 1042 illic
796 994 965 1041 totum
993 983 1234 1038 scribere
1257 977 1442 1047 jussit.

138 1084 441 1155 Praescripti
467 1091 629 1151 atque
653 1078 831 1150 gregis
850 1075 1020 1131 voluit
1046 1073 1216 1127 frater
1237 1070 1357 1126 fore
1385 1068 1588 1129 Cmaar,

140 1175 355 1231 Scilicet
379 1182 437 1226 ut
466 1168 684 1225 humilis
707 1167 906 1222 donum
934 1162 1219 1233 capiatqne
1245 1169 1560 1228 supernum.

143 1267 338 1336 Nempe
365 1266 481 1334 ipse
502 1276 633 1333 grex
672 1267 785 1314 toto
809 1256 928 1311 nisu
966 1251 1427 1320 cunctipotentem

144 1360 248 1413 Pro
271 1358 471 1410 virtute
488 1350 716 1421 Augusti
753 1355 809 1404 et
832 1343 1191 1416 prosperitate
1226 1336 1474 1409 perenni,

147 1452 248 1505 Pro
270 1444 575 1502 veneranda
603 1451 660 1497 et
689 1439 920 1509 conjuge
952 1447 1162 1490 necnon
1192 1429 1343 1500 prole
1369 1433 1642 1498 precatur.

148 1540 325 1593 Pictus
355 1535 583 1589 habetur
603 1532 675 1585 ob
700 1531 803 1584 hoc
825 1539 1036 1582 necnon
1064 1536 1157 1575 rex
1182 1518 1383 1591 pagina
1415 1515 1469 1569 in
1498 1515 1623 1577 ista,

156 1630 223 1686 Ut
270 1625 514 1698 quisquis
577 1621 783 1677 vultum
822 1614 1054 1688 Augusti
1099 1611 1191 1667 hic
1236 1605 1584 1678 conspexerit
1625 1618 1727 1657 un-

1505 1712 1655 1761 nam,

1505 1713 1537 1752 u

151 1810 379 1880 Supplex
408 1808 524 1879 ipse
552 1806 662 1861 Deo
682 1803 827 1891 dicat
848 1801 887 1874 [:
907 1799 1073 1872 Laus]
1098 1700 1501 1867 Cunctipotetitti
1522 1807 1538 1857 ;

154 1902 436 1957 Lotharius
467 1896 712 1967 requiem
741 1901 1018 1951 mereatur
1044 1891 1250 1946 habere
1273 1896 1586 1957 perennem,

151 1996 255 2051 Pcr
294 1992 581 2049 Dominum
614 1997 860 2044 nostrum
892 1984 1170 2041 Christum
1197 2022 1213 2045 ,
1253 1979 1344 2049 qui
1377 1984 1568 2046 regnat
1612 1970 1734 2026 ubi-

1531 2062 1663 2136 [que

906 2207 989 2268 ll.

161 2317 383 2377 Versus
411 2313 476 2373 in
505 2312 710 2391 fronte
733 2305 1148 2391 _B_ibliorum_
1171 2298 1373 2391 positi
1428 2295 1736 2391 etnaureis

237 2393 461 2453 litteris
499 2376 746 2451 exarati
786 2386 865 2446 in
919 2376 1334 2443 vetustissimo
1372 2376 1581 2437 codice
1620 2392 1733 2432 ms.

239 2468 593 2531 monasterii
671 2463 875 2523 sancti

241 2555 434 2610 exstat
466 2549 535 2609 in
566 2541 940 2607 bibliotheca
972 2539 1187 2616 Regia.
1286 2609 1295 2617 .

744 2638 980 2711 [Balnz.,
1010 2634 1165 2707 ibid.]

154 2736 426 2792 Biblorum
455 2733 653 2790 seriem
686 2731 916 2787 Carolus
943 2742 1038 2782 rex
1064 2726 1300 2796 inclytus
1331 2723 1491 2778 istam

153 2827 407 2884 Contexit
438 2826 637 2894 chryso
658 2824 823 2879 corde
844 2821 1028 2877 colens
1056 2820 1303 2875 catharo.

152 2918 203 2973 Ο
225 2914 473 2971 miranda
496 2914 659 2968 nimis
680 2911 894 2967 Domini
919 2908 1183 2979 sapientia
1224 2905 1444 2965 summi,

153 3008 288 3076 Quae
314 3019 553 3076 pnesens
588 3003 778 3057 aderat
803 3002 929 3056 dum
956 3001 1124 3056 caelos
1150 3000 1263 3067 ipse
1292 2996 1517 3065 parabat
1541 2997 1555 3048 Σ

157 3098 270 3153 Nec
297 3095 585 3167 spectanda
613 3095 792 3149 minus
822 3092 965 3161 quod
988 3091 1067 3146 sic
1094 3091 1385 3159 disponere
1418 3092 1610 3140 cuncta

161 3190 362 3248 Ordine
388 3187 688 3257 composito
714 3185 886 3240 nostri
916 3184 1017 3239 sub
1038 3183 1161 3253 jure
1183 3189 1397 3248 coapto.

161 3282 241 3337 Tn
273 3279 454 3335 stellas
487 3277 658 3332 stellis
695 3274 1087 3345 interposuisse
1114 3271 1336 3333 videris,

162 3372 417 3426 Sidereas
445 3369 599 3422 vario
623 3380 938 3435 expungens
961 3362 1275 3419 discrimine
1296 3367 1490 3422 metas,

162 3460 479 3514 Luminibns
503 3456 713 3513 cunctis
743 3464 991 3510 statuens
1010 3464 1325 3522 praeponere
1347 3447 1537 3502 solem.

163 3550 242 3604 Tu
278 3563 495 3618 quoque
515 3545 786 3602 circuiens
816 3543 940 3600 cali
968 3542 1048 3597 sic
1074 3541 1312 3608 undique
1337 3552 1549 3609 gyrum,

164 3640 369 3695 Nexisti
400 3639 631 3694 mediam
660 3651 904 3693 convexo
928 3636 1145 3690 climate
1170 3642 1392 3688 terram.

163 3731 244 3785 Tn
275 3745 425 3784 mare
454 3728 767 3785 ﬂuctilluum
796 3728 967 3783 divisa
995 3734 1148 3797 parte
1173 3723 1384 3780 locasti.

164 3818 417 3873 Diversas
440 3827 630 3887 gentes
653 3817 872 3872 habitus
897 3816 975 3871 sic
998 3829 1225 3884 mosque
1251 3821 1556 3869 reservant.

164 3909 272 3966 Sed
305 3919 359 3964 tu
381 3911 672 3980 primatum
699 3908 912 3963 cunctis
938 3908 991 3961 in
1018 3906 1268 3977 gentibus
1297 3919 1511 3973 tequum

163 4001 292 4055 Sola
323 4010 491 4065 tenes,
518 3999 738 4070 propria
770 3997 1070 4067 reprimens
1096 3996 1295 4050 virtute
1320 3993 1604 4062 superbos.

163 4092 405 4160 Regibus
424 4099 479 4145 et
507 4091 684 4161 regnis
706 4102 921 4158 semper
947 4095 1000 4141 tu
1033 4086 1156 4157 jura
1186 4085 1379 4140 dedisti
1405 4101 1419 4149 ;

160 4182 354 4238 Paruit
377 4192 541 4252 atque
564 4182 673 4237 tuis
697 4179 947 4250 quisquis
977 4179 1044 4233 de
1064 4176 1280 4249 regibus
1303 4176 1468 4235 orsis.

163 4274 415 4330 Culmine
445 4272 660 4329 sublimi
692 4271 879 4326 micuit
914 4268 1196 4325 sublimior
1225 4268 1360 4337 ipse.

164 4364 381 4420 Felices
402 4364 555 4427 dicti,
586 4362 770 4419 felices
801 4372 926 4417 sunt
954 4373 1170 4431 quoque
1192 4359 1342 4414 facti.

162 4454 382 4523 Quique
407 4456 613 4509 haesere
638 4452 757 4517 tibi,
781 4460 871 4506 tua
895 4450 1013 4506 laus
1039 4457 1096 4504 et
1125 4448 1294 4520 gloria
1319 4460 1569 4519 regnant.

173 4544 455 4600 Biblorum
481 4543 624 4599 serie
657 4541 723 4596 de
750 4540 933 4595 multis
956 4539 1123 4594 multa
1157 4538 1428 4603 feruntur,

165 4635 444 4692 Correctis
469 4633 614 4698 aliis,
641 4630 945 4702 reprobatis
976 4630 1206 4701 denique
1228 4630 1431 4685 multis.

164 4727 442 4795 Quosdam
474 4723 718 4795 gloriﬁco
749 4722 934 4777 rexisti
962 4722 1180 4777 nomine
1206 4736 1379 4793 reges.

166 4818 280 4874 Sed
303 4829 550 4872 servasse
579 4822 728 4868 tuum
759 4812 971 4867 tibimet
997 4810 1307 4880 specialiter
1336 4827 1501 4866 unum

122 4945 129 4949 -
162 4910 246 4964 Ac
273 4907 552 4978 proprium
574 4904 825 4962 Carolum
849 4904 1017 4960 claret
1047 4906 1385 4976 sapientibus
1418 4908 1587 4967 orbis.

164 4998 343 5061 Quem
366 4996 531 5052 solem
556 4995 729 5050 solum
759 4994 920 5066 regali
950 4995 1226 5051 schemate
1255 4995 1484 5059 clarum,

164 5085 405 5140 Lumine
424 5085 773 5153 conspicuum
797 5083 982 5153 ponis,
1015 5083 1301 5153 sapientia,
1328 5086 1583 5154 primum.

167 5174 331 5230 Nunc
352 5174 477 5230 licet
500 5182 662 5242 atque
682 5172 815 5228 libet
841 5174 1070 5229 scrutari
1095 5174 1337 5229 funditus
1365 5173 1513 5228 illum

167 5266 297 5320 Rite
330 5267 546 5321 modum
578 5281 733 5336 reges
761 5265 856 5319 tibi
895 5280 1002 5335 quo
1028 5265 1297 5336 placuisse
1319 5267 1563 5322 sciuntur
1592 5286 1603 5319 :

169 5356 379 5426 Sicque
407 5365 533 5411 tuus
555 5356 659 5411 dici
688 5354 914 5410 Carolus
940 5355 1021 5409 vel
1050 5355 1219 5425 possit
1239 5355 1448 5419 haberi,

168 5447 454 5502 Pandatur
480 5446 667 5502 saltem
694 5446 885 5515 paucis
910 5445 1240 5513 rudibusque
1260 5445 1505 5515 loquelis.

166 5537 360 5593 Fortis
384 5552 617 5605 namque
645 5536 812 5591 David
840 5551 937 5606 per
964 5545 1017 5590 te
1050 5536 1293 5606 regnavit
1321 5544 1376 5590 et
1399 5536 1527 5603 egit,

170 5627 346 5679 Arma
369 5627 668 5690 beatorum,
697 5638 901 5679 necnon
934 5632 989 5678 et
1018 5639 1205 5679 norma
1231 5639 1469 5689 reorum,

171 5716 341 5773 Stare
370 5718 570 5773 docens
602 5726 841 5782 sanctos,
871 5732 1166 5786 rursusque
1196 5730 1479 5788 resurgere
1501 5716 1695 5786 lapsos.

172 5808 295 5863 Non
324 5809 524 5879 pateris
545 5808 774 5866 humiles
813 5808 1026 5878 penitus
1052 5816 1125 5873 tu,
1158 5814 1361 5872 sancta,
1392 5806 1586 5876 perire,

964 2458 1290 2537 Dionysii,
1368 2454 1478 2534 qui
1572 2469 1737 2512 nunc

1821 881 2169 951 Displicuisse
2197 888 2387 951 putant
2407 878 2586 934 stolidi
2615 892 2754 947 quos
2777 874 2957 946 diligis
2985 874 3113 927 imo.

1822 973 1938 1027 Rex
1961 972 2214 1027 Salomon
2236 971 2491 1041 quoniam
2519 977 2682 1040 potus
2706 977 2796 1021 tua
2822 966 2961 1020 dona
2994 964 3207 1034 petivit,

1824 1064 1895 1120 Ut
1928 1065 2143 1133 sapiens
2171 1070 2355 1132 posset
2393 1062 2528 1125 ﬁeri,
2558 1059 2864 1130 przecelsior
2893 1058 3017 1112 ullis

1822 1155 2062 1225 Regibus
2089 1154 2349 1218 existens,
2376 1153 2570 1224 opibus
2599 1150 2835 1221 pollebat
2861 1150 3078 1220 opimis,

1823 1246 2142 1316 Jndicioque
2171 1255 2290 1301 rato
2314 1256 2492 1300 tecum
2520 1245 2659 1299 bona
2687 1242 2918 1313 plurima
2951 1240 3151 1303 sanxit,

1825 1340 2190 1408 Doctrinaque
2217 1346 2308 1391 tua
2336 1337 2594 1391 mundum
2626 1333 2899 1390 redimivit
2927 1331 3156 1394 abunde,

1828 1432 2115 1487 Miriﬁcum
2145 1432 2371 1486 Domino
2403 1431 2602 1485 meruit
2626 1441 2839 1499 quoque
2871 1426 3103 1481 condere
3124 1422 3402 1492 templum,

1829 1524 1876 1577 A
1908 1533 1958 1578 te
1979 1523 2261 1586 secedens,
2295 1523 2348 1576 in
2375 1536 2434 1577 se
2460 1519 2739 1590 dispendia
2764 1532 2978 1589 passus.

1832 1616 2033 1686 Dogma
2059 1614 2202 1684 quod
2224 1615 2483 1669 exhausit
2502 1614 2569 1668 de
2597 1620 2678 1677 te,
2711 1626 2809 1680 per
2831 1608 3028 1664 sarcula
3059 1608 3219 1661 lucet.

1836 1708 2047 1778 Ergone
2074 1716 2186 1763 tute
2212 1715 2363 1762 tuum
2398 1704 2652 1761 Carolum
2675 1717 2783 1758 non
2811 1701 2993 1772 diligis
3015 1700 3202 1781 ultro?

1835 1800 1919 1855 An
1942 1799 2220 1873 hominum
2247 1797 2497 1866 cuiquam
2529 1795 2716 1851 humili
2745 1794 2804 1848 iit
2830 1794 2993 1849 corde
3014 1788 3318 1846 secundus?

1762 1870 1807 1929 Β
1836 1892 1916 1945 An
1947 1891 2148 1960 pietate
2176 1870 2319 1945 calet
2341 1888 2615 1957 caluitque
2647 1894 2793 1941 tanta
2821 1885 2904 1941 vel
2930 1884 3104 1940 alter?

1837 1980 1938 2048 Qui
1970 1995 2278 2035 memorans
2308 1980 2459 2057 adeo.
2478 1988 2795 2032 cunctarum
2822 1983 3042 2046 pectore
3069 1988 3248 2027 rerum

1838 2071 1909 2127 Ut
1935 2071 2067 2126 nihil
2089 2072 2331 2125 auditum
2363 2070 2448 2125 vel
2480 2069 2653 2123 visum
2684 2067 2885 2122 oblivio
2910 2074 3117 2136 carpat.

1837 2163 2059 2233 Propria
2082 2162 2198 2217 sola
2228 2162 2362 2215 latet
2386 2160 2562 2214 delata
2588 2157 2781 2228 injuria
2812 2167 3011 2212 mente.

1837 2255 1919 2309 An
1948 2253 2014 2309 de
2035 2253 2263 2323 justitiae
2292 2253 2466 2307 dicam
2502 2250 2757 2306 sileamvc
2782 2250 3013 2304 tenore?

1841 2348 1897 2402 Si
1931 2348 2058 2417 quid
2087 2346 2229 2402 forte
2252 2346 2450 2411 minus,
2484 2344 2675 2409 fateor,
2710 2344 2985 2399 miseratio
3023 2342 3189 2396 vincit

1839 2440 1934 2495 Eia
1963 2454 2083 2510 age,
2111 2453 2297 2508 prome
2320 2452 2535 2493 manum
2568 2436 2793 2507 largam,
2825 2450 2926 2489 vox
2957 2434 3124 2487 libera
3149 2434 3294 2487 dictu
3325 2447 3340 2485 :

1842 2531 2021 2586 Testis
2046 2530 2151 2584 erit
2174 2544 2335 2583 verax
2364 2544 2504 2582 nunc
2526 2527 2800 2597 orphanns
2830 2534 2992 2595 atque
3029 2524 3279 2595 pupillus.

1840 2621 1937 2677 Sic
1974 2620 2169 2676 merito
2192 2626 2419 2674 cunctos
2447 2619 2671 2673 istorum
2697 2617 2913 2671 nomine
2933 2617 3110 2686 signo,

1844 2712 1978 2766 Dum
2010 2726 2114 2765 non
2139 2709 2408 2779 excipitur
2437 2707 2743 2777 quisquam,
2778 2720 2877 2760 nec
2903 2705 3118 2775 pellitur
3144 2720 3388 2773 nsquant.

1843 2802 1954 2857 Nec
1978 2815 2128 2856 mare
2153 2807 2413 2868 praeterea
2443 2799 2657 2853 fervens
2682 2797 2734 2851 in
2764 2796 2973 2867 gurgite
2997 2804 3148 2847 vasto

1844 2893 1997 2948 lianc
2016 2890 2251 2947 retinere
2278 2905 2495 2944 manum
2528 2890 2703 2958 potuit
2724 2887 3029 2957 poteritque
3053 2885 3137 2940 vel
3164 2900 3416 2953 unquam.

1843 2985 2082 3039 Diversae
2102 2983 2206 3037 hoc
2228 2981 2421 3049 lingua:
2457 2981 2668 3035 diversa
2696 2964 2850 3049 parte
2883 2978 3209 3048 loquuntur:

1845 3074 2051 3128 Diversi
2081 3086 2259 3126 mores
2280 3071 2500 3124 laudant
2530 3069 2874 3125 concorditer
2897 3068 3086 3135 ipsam.

1848 3166 1999 3221 Felix
2027 3179 2158 3235 ergo
2184 3180 2396 3227 manus,
2426 3163 2518 3218 sed
2547 3177 2698 3217 meus
2724 3161 2954 3216 feliciter
2983 3160 3144 3225 hujus

1848 3258 2061 3328 Pauper
2084 3273 2203 3326 quae
2231 3257 2409 3325 potius
2436 3270 2618 3309 sccmn
2651 3255 2780 3325 quin
2807 3262 3022 3308 constat
3050 3268 3237 3323 egena,

1846 3348 1964 3403 Non
2003 3346 2185 3402 inﬂata
2217 3355 2431 3400 tumens
2458 3345 2655 3416 regalis
2677 3352 2960 3399 stemmate
2994 3346 3124 3414 typi.

1847 3438 1954 3495 Sed
1985 3450 2112 3495 caro
2138 3439 2263 3493 dum
2287 3436 2516 3507 gemmis
2553 3452 2791 3506 auroque
2812 3448 3002 3492 ornata
3032 3434 3281 3505 refulget,

1848 3533 1976 3589 Hinc
1995 3547 2175 3587 secum
2204 3546 2417 3600 semper
2438 3529 2730 3584 meditatur
2750 3537 2907 3583 nocte
2928 3528 3144 3597 dieque,

1849 3625 2102 3680 Lucidior
2120 3624 2336 3680 Christo
2363 3640 2469 3693 quo
2491 3623 2602 3679 sole
2632 3622 2971 3693 resplendeat
2996 3623 3129 3692 ipso.

1850 3715 2052 3786 Sicque
2083 3724 2231 3770 tuum
2256 3715 2505 3771 Carolum
2532 3714 2684 3777 facis,
2724 3731 2757 3768 ο
2787 3713 3071 3783 sapientia.
3102 3712 3292 3766 solem.

1851 3807 2054 3877 Nempe
2082 3807 2170 3861 ubi
2200 3807 2507 3869 thesaurus,
2537 3821 2633 3861 cor
2663 3805 2732 3860 ibi
2769 3803 2885 3860 fore
2923 3804 3024 3858 rite
3046 3803 3319 3873 probatur.

1851 3896 2003 3965 Quod
2036 3895 2196 3965 hujus
2215 3896 2434 3951 domino
2462 3910 2676 3965 semper
2709 3901 3022 3949 constanter
3040 3892 3273 3947 adhaeret
3296 3910 3310 3955 ;

1851 3988 1908 4042 In
1936 4003 2044 4058 quo
2077 3987 2339 4057 quidquid
2363 3986 2544 4049 habet,
2569 3985 2709 4038 dulci
2742 3985 2942 4054 pietate
2974 3983 3237 4038 recondit.
3266 3980 3269 3983 λ

1853 4082 1992 4149 Quid
2021 4080 2066 4136 si
2095 4094 2241 4134 nunc
2263 4080 2437 4149 ipsum
2472 4077 2631 4133 terris
2669 4077 2718 4130 in
2742 4091 2907 4130 carne
2932 4072 3176 4128 videret?

1854 4176 1971 4240 Quo
1998 4174 2098 4228 sub
2123 4186 2309 4226 amore
2338 4171 2521 4242 pedes,
2552 4184 2659 4239 quo
2695 4177 2820 4223 voto
2862 4167 3049 4235 ﬁgeret
3076 4167 3181 4231 ori,

1854 4263 2077 4329 Quando
2103 4261 2283 4315 datam
2307 4260 2477 4330 legem
2506 4268 2657 4312 tanto
2690 4266 2983 4311 veneratur
3014 4254 3258 4310 ltonorc‘.

1853 4354 1992 4423 Quid
2018 4353 2085 4408 de
2108 4351 2421 4422 evangelico
2443 4359 2592 4404 textu
2622 4349 2893 4418 replicabo
2931 4348 3187 4403 colendo?

1852 4443 1933 4499 En
1965 4443 2111 4512 ipsos
2134 4441 2316 4510 apices
2341 4439 2567 4511 gemmis
2591 4439 2891 4495 circumdat
2911 4446 2966 4493 et
2995 4453 3149 4491 auro.

1778 4546 1826 4603 ι)
1853 4533 1899 4589 Ο
1923 4541 2125 4601 quanto
2156 4530 2429 4587 Christum
2456 4545 2608 4585 mens
2637 4527 2838 4584 fervida
2870 4528 3042 4597 diligit
3067 4529 3192 4589 ista,

1855 4622 2021 4692 Cujus
2065 4637 2250 4678 amore
2278 4621 2379 4676 sibi
2412 4620 2869 4675 vilescuntomnia
2897 4618 3077 4672 mundi
3109 4620 3120 4671 !

1856 4716 1954 4771 Est
1993 4714 2183 4769 modus
2226 4724 2410 4769 utnec
2439 4711 2644 4766 habens
2664 4710 2882 4775 habeat,
2916 4724 3014 4764 nec
3056 4708 3255 4765 habere
3279 4712 3429 4777 enp’-

3188 4799 3360 4872 [scatz

1860 4896 1955 4949 Est
1978 4904 2033 4950 et
2060 4894 2264 4949 habens
2285 4894 2424 4949 sicut
2451 4907 2551 4948 nec
2576 4892 2803 4955 habens,
2852 4890 2945 4945 sed
2975 4898 3029 4944 et
3054 4898 3240 4960 erogat
3272 4890 3376 4941 ultr

1858 4984 1962 5040 Ista
1985 4984 2159 5037 virum
2189 4984 2362 5038 virtus
2389 4984 2655 5052 condigno
2690 4982 2906 5036 nomine
2934 4981 3117 5035 comit.

1859 5075 2000 5130 Ecce
2032 5083 2178 5144 patet
2203 5074 2454 5130 Salomon
2475 5074 2751 5144 quoniam,
2779 5089 2812 5129 ο
2841 5074 3124 5143 sapientia,
3166 5083 3329 5129 temet

1861 5165 1978 5219 Non
2008 5165 2129 5236 plus
2153 5165 2339 5220 dilexit
2371 5165 2564 5221 Carolo
2589 5165 2706 5220 sine
2732 5165 2839 5218 line.
2862 5164 3089 5220 boando.

1854 5256 1932 5311 Tn
1955 5271 2167 5326 quoque
2197 5272 2293 5311 nec
2330 5255 2498 5311 David
2527 5257 2786 5327 tantisper
2825 5272 3049 5327 quicque
3079 5258 3336 5326 probasti.

1857 5350 2001 5403 Inter
2026 5363 2146 5418 qum
2182 5348 2423 5417 quietiam
2453 5347 2519 5402 de
2545 5348 2775 5417 quodam
2812 5349 2985 5419 gratia
3011 5347 3152 5403 facto

1860 5435 2020 5490 Multa
2046 5436 2137 5489 tibi
2170 5443 2282 5490 toto
2311 5435 2534 5491 debetur
2556 5435 2718 5490 corde
2745 5436 2986 5491 ferenda.

1754 5538 1771 5551 '
1860 5527 2054 5581 Amisit
2088 5526 2251 5580 David
2279 5542 2501 5597 regnum
2532 5541 2825 5598 rursusque
2857 5527 3077 5596 recepit.

1863 5617 2032 5673 Morte
2055 5626 2233 5672 tamen
2270 5617 2434 5689 geniti
2474 5618 2718 5674 tristatus
2744 5619 2897 5674 valde
2927 5618 3136 5673 dolebat
3164 5636 3175 5669 :

1862 5712 2050 5782 Tuque
2074 5720 2163 5767 tuo
2189 5687 2380 5767 Carolo
2404 5714 2667 5783 reparasti
2699 5730 2861 5784 regna
2889 5723 3135 5782 paterna.
3188 5687 3191 5689 ί

1862 5803 1969 5858 Nec
2006 5802 2158 5858 dolor
2181 5805 2425 5869 accessit,
2469 5806 2560 5861 sed
2599 5821 2750 5861 amor
2776 5805 3047 5861 fraternus
3082 5805 3323 5860 adhaesit.
