3988 6432
164 436 304 490 1201

240 545 295 597 In
325 558 488 599 sensu
519 545 671 614 parili
705 544 894 615 dogma
927 545 1160 601 tonando
1183 547 1275 603 Dei
1302 565 1317 602 :

163 635 419 690 t’ersona:
442 652 669 706 quorum
700 638 881 704 variae,
913 639 1156 694 doctrina
1191 641 1284 696 sed
1313 656 1435 704 una,

243 725 390 781 Unus
416 728 657 796 utrisque
694 737 866 792 tenor,
889 745 991 782 una
1021 731 1292 800 sequenda
1321 731 1426 784 via.

161 817 234 871 lli
261 817 408 886 quid,
439 817 523 871 vel
546 833 685 886 quae,
714 827 913 887 quanta
937 834 1028 872 seu
1053 819 1138 872 vel
1172 819 1403 888 qualiter
1425 819 1534 887 egit

238 908 281 960 A
314 907 478 961 Patre
496 907 829 962 descemlens
856 907 1043 973 Natus,
1075 909 1272 978 ubique
1302 909 1514 964 docent.

158 997 303 1050 llinc
330 997 560 1050 hominis
589 999 760 1065 primo
789 997 951 1051 facies
973 999 1278 1062 ascribitur,
1304 1014 1460 1053 orsus

235 1091 351 1157 Est,
377 1090 501 1158 quia
524 1098 605 1144 sat
628 1091 835 1144 Domini
866 1091 1080 1146 ccelitus
1105 1107 1166 1145 ex
1198 1091 1416 1146 Genesi.

155 1180 362 1234 Forma
388 1181 556 1234 leonis
582 1183 720 1236 inest
746 1181 968 1250 pulchre
991 1183 1222 1237 formata
1253 1184 1512 1247 secundo,

232 1271 385 1338 Quod
420 1273 593 1342 tetigit
620 1287 743 1326 rura
779 1274 934 1328 devia
964 1289 1097 1329 voce
1125 1289 1243 1329 sua.

157 1363 346 1416 Rebus
374 1363 450 1417 ait
477 1364 646 1418 sacris
671 1365 934 1434 siquidem
956 1367 1083 1436 quia
1112 1368 1323 1432 tertius,
1342 1368 1464 1423 inde

166 1498 176 1507 .
233 1453 387 1508 Nunc
411 1454 499 1508 olli
531 1455 737 1522 species
767 1455 1095 1523 imprimitur
1123 1457 1275 1512 vituli

157 1543 311 1596 More
344 1542 534 1610 aquilae
563 1543 818 1612 quoniam
857 1547 1188 1600 transcendit
1222 1547 1400 1601 sidera
1424 1557 1668 1616 quartus,

236 1632 364 1699 Ejus
388 1633 457 1686 ob
480 1633 531 1686 id
559 1633 829 1702 specimen
866 1638 1146 1690 steumatis
1175 1637 1288 1704 ipse
1321 1640 1477 1707 gerit.
1623 1632 1628 1638 ’

155 1722 296 1788 Quis
321 1730 375 1775 et
397 1722 720 1790 apostolicos
747 1723 920 1780 Lucas
947 1740 1081 1794 quos
1106 1727 1272 1781 edidit
1294 1728 1462 1782 Actus

233 1811 450 1876 Subdit,
479 1813 568 1866 ubi
592 1822 735 1866 totus
763 1815 1046 1876 instruitur
1074 1818 1318 1888 populus.

155 1905 456 1961 Catholica:
484 1907 610 1961 hinc
637 1916 840 1978 septem
864 1910 1102 1965 redolent
1125 1913 1369 1968 mirabile
1397 1915 1615 1979 charte,

233 1996 456 2051 Format
485 1999 812 2067 apostolicus
839 2017 972 2069 quas
1003 2005 1277 2072 operando
1307 2007 1495 2076 stylus.

159 2088 262 2143 llis
291 2089 497 2141 haerent
531 2088 613 2142 bis
635 2098 839 2158 septem
867 2091 1019 2146 Pauli
1053 2095 1250 2163 scripta
1283 2095 1496 2161 deinde,

228 2178 373 2232 Ante
402 2176 580 2246 lupina
606 2180 692 2233 cui
731 2195 853 2244 vox,
888 2183 1046 2236 modo
1070 2184 1227 2237 ovina
1260 2185 1442 2238 micat.

155 2266 275 2321 Hoc
302 2266 574 2322 concludit
601 2284 736 2337 opus
757 2271 867 2341 jam
900 2273 1035 2326 visio
1062 2282 1248 2328 sancta
1283 2273 1530 2338 Joannis,

227 2356 379 2412 Visio
409 2367 592 2413 sancta
621 2361 754 2414 satis
787 2377 851 2415 ac
875 2365 1220 2418 memoramla
1256 2365 1438 2419 nimis.

156 2447 290 2502 Haec
322 2465 452 2502 nova
479 2451 579 2504 rite
609 2451 738 2505 cluit
769 2455 939 2508 series
961 2454 1248 2524 subjuncta
1280 2456 1469 2525 priori,

236 2537 432 2592 Umbra
456 2541 604 2609 prior
627 2557 857 2609 quarum
897 2559 1166 2614 causaque
1201 2548 1492 2616 p09terior.

155 2629 300 2700 Ergo
327 2630 431 2686 iter
455 2641 538 2686 est
561 2633 751 2702 duplex
777 2635 1053 2705 utriusque
1081 2637 1299 2692 effectus
1331 2639 1382 2692 in
1416 2655 1521 2692 uno

221 2719 345 2785 Quo
372 2721 642 2776 tribuente
667 2723 825 2777 datur
851 2725 1066 2780 scansio
1094 2725 1234 2781 celsa
1261 2727 1364 2796 poli
1395 2744 1407 2780 :

147 2807 250 2862 Hic
280 2810 408 2876 quia
441 2811 641 2864 divitiae
664 2824 878 2867 aeternae
904 2815 1085 2869 vitalia
1116 2831 1307 2871 mense

215 2897 452 2964 implent
477 2901 695 2952 omnino
726 2913 946 2957 nectare
965 2915 1248 2973 perpetuo;

145 2987 275 3050 llic,
309 2988 576 3054 paradise,
612 2998 732 3042 tuus
763 2991 925 3044 nitida
955 2995 1164 3047 ratione
1194 2996 1422 3063 patescit

216 3077 572 3132 Multimodus
593 3077 799 3134 fructus
824 3081 1230 3152 melliferaxque
1256 3085 1419 3138 locus.

145 3169 247 3224 llic
294 3170 482 3224 sitiens
506 3178 710 3238 potum,
739 3171 983 3225 esuriens
1009 3186 1224 3240 panem,
1258 3174 1452 3226 anxius
1472 3189 1622 3244 aeque

220 3258 494 3312 Laetitiam
529 3259 783 3322 inveniet,
818 3259 972 3314 laetus
1001 3268 1055 3314 et
1083 3261 1206 3315 inde
1237 3262 1343 3316 fiet.

144 3347 283 3404 Ilaec
315 3356 492 3402 tamen
518 3349 569 3403 in
598 3350 699 3404 hoc
724 3349 933 3412 mortali
961 3351 1085 3404 dum
1110 3366 1334 3418 corpore
1356 3352 1600 3422 quisquis

217 3445 383 3511 Degit
407 3443 676 3514 habetque
702 3445 893 3512 magis,
922 3445 1038 3514 plus
1064 3445 1132 3500 ab
1159 3461 1343 3499 amore
1371 3447 1520 3499 velit.

145 3533 239 3616 §ic
279 3534 322 3587 si
353 3533 494 3603 ligna
519 3534 688 3603 magis
719 3536 934 3599 dentur,
963 3536 1133 3604 magis
1155 3544 1346 3588 aestuat
1369 3536 1527 3605 ignis.

218 3623 320 3678 Sic
343 3638 496 3693 mage
523 3623 645 3676 vina
674 3623 790 3676 sitit
817 3633 974 3693 prout
997 3639 1150 3692 mage
1175 3625 1401 3693 quisque
1433 3626 1586 3679 bibit.

145 3711 292 3766 Cum
317 3727 444 3766 vero
470 3727 592 3781 spes
615 3726 702 3766 res
724 3713 906 3778 fuerit,
937 3722 1062 3766 tunc
1084 3713 1310 3782 pleuiter
1336 3714 1527 3769 horum

215 3802 424 3856 Plenus
449 3811 658 3857 amator
687 3803 809 3868 erit,
835 3804 946 3874 jam
966 3803 1195 3858 satiatus
1221 3819 1336 3858 ero.

149 3893 228 3946 Ad
256 3892 406 3961 quod
435 3891 550 3946 haec
575 3893 782 3957 domus,
808 3894 920 3948 haec
943 3893 1208 3959 doctrina,
1242 3895 1354 3948 hzec
1388 3895 1579 3948 semita
1621 3904 1737 3946 tau-

1533 3983 1668 4055 [tum

225 4071 379 4126 Ilens
401 4073 563 4127 instet
584 4088 712 4127 vere
734 4073 833 4127 sub
862 4074 1081 4129 deitatis
1109 4089 1228 4143 ope.

151 4162 208 4216 In
245 4162 504 4234 physicis,
530 4163 738 4232 logicis,
773 4165 933 4217 etiam
967 4166 1257 4219 moralibus
1284 4165 1444 4220 isthic

223 4252 418 4307 Omnia
447 4261 594 4316 sunt,
623 4253 807 4316 lector,
840 4254 890 4308 in
921 4253 1182 4308 brevitate
1212 4254 1325 4308 tibi.

154 4343 255 4398 ilic
284 4343 375 4397 hic
415 4351 717 4411 argentum,
741 4357 954 4406 aurum,
980 4355 1226 4413 gemmre,
1260 4344 1498 4409 vascula,
1537 4353 1738 4410 vestes,

225 4434 296 4488 Et
322 4433 580 4502 quidquid
613 4442 769 4486 terra:
799 4433 978 4488 carius
1004 4449 1121 4488 esse
1144 4433 1301 4486 valet.

152 4522 252 4578 llic
281 4532 339 4577 et
363 4523 448 4577 lex
479 4523 732 4590 pretiosa.
759 4523 898 4577 Nihil
927 4524 1216 4592 pretiosius
1244 4524 1330 4577 illa

221 4615 330 4667 Aut
359 4621 462 4676 est,
502 4622 592 4666 aut
621 4615 782 4682 viget,
808 4624 897 4666 aut
923 4615 1080 4679 ridet,
1107 4614 1281 4668 oletve
1309 4629 1486 4668 sacre.

151 4705 301 4760 Justa
344 4707 559 4776 jubcns,
594 4706 790 4774 injusta
816 4714 1020 4766 vetans,
1054 4705 1191 4758 mala
1223 4715 1416 4759 cuncta
1446 4706 1732 4775 repellens,

221 4796 484 4851 Omnibus
507 4797 669 4866 inque
689 4796 842 4849 bonis
866 4795 1142 4848 nobilitate
1169 4803 1375 4863 potens.

153 4885 465 4951 Discidium,
494 4887 658 4951 furor,
691 4887 789 4946 ira,
815 4885 990 4950 dolus,
1019 4886 1306 4952 discordia,
1339 4888 1458 4941 rixa

219 4977 462 5030 Concilio
491 4976 643 5046 Legis
672 4975 829 5044 hujus
851 4977 1001 5029 obire
1029 4985 1250 5044 queunt.

156 5064 345 5118 Erudit
376 5067 642 5131 indoctos,
675 5067 934 5134 quosdam
966 5066 1296 5134 sapientibus
1331 5083 1569 5138 aequatis,

220 5154 524 5209 Contribuit
550 5157 736 5210 mediis
758 5157 946 5225 dogma
972 5158 1156 5212 salutis
1180 5159 1270 5212 ita.

153 5237 339 5312 Magna
366 5246 500 5315 pluit
524 5247 750 5316 magnis,
778 5248 1013 5315 disponit
1034 5247 1253 5316 parvula
1280 5249 1476 5315 parvis.
1565 5265 1568 5268 ’

226 5333 319 5388 Est
358 5336 410 5388 in
451 5344 678 5404 utroque
703 5335 874 5406 stylus
896 5336 1118 5402 justitiae
1149 5335 1371 5390 validus.

154 5419 405 5478 Notitiam
427 5424 552 5480 Jesu
579 5425 778 5494 praebet
802 5426 1068 5480 confessio
1090 5426 1306 5478 munda.

226 5509 410 5566 Exstat
433 5528 497 5567 ea
523 5528 588 5567 en
617 5513 818 5566 homini
851 5514 931 5566 lex
972 5513 1275 5566 veneranda
1301 5513 1422 5567 sibi.

155 5597 342 5655 Exstat
364 5618 428 5656 ea
449 5619 515 5657 en
557 5602 759 5656 homini
787 5601 964 5656 lumen
998 5617 1093 5671 per
1111 5601 1341 5670 compita
1370 5601 1552 5656 mundi

227 5689 474 5749 Terribili
497 5709 628 5749 voce
649 5693 739 5747 lux
761 5703 813 5749 ct
836 5694 988 5763 origo
1015 5695 1117 5748 sui.

160 5777 373 5841 Artibus
411 5785 655 5857 ingenuis
680 5783 933 5854 praecellit
959 5783 1168 5855 dignius
1205 5785 1326 5842 ista.

1356 441 1494 497 λιεκί
1532 442 1612 496 CA
1625 441 1849 499 ROLINI
1890 445 2214 504 CARMINA.

1771 555 1822 612 Α
1916 556 2042 622 Ars,
2067 573 2283 625 genere,
2309 559 2542 630 eloquio,
2571 563 2646 630 vi,
2671 565 2902 631 ratione,
2930 567 3070 622 vice.
3102 559 3105 564 ’

1760 4560 1811 4617 D

3281 459 3304 512 1
3314 457 3418 511 203

1847 642 1987 698 Utile
2010 647 2124 701 sive
2152 648 2347 704 decens
2379 665 2586 706 necnon
2613 655 2928 726 perstringit
2970 657 3275 712 honestum.

1913 735 2129 802 lmbuit,
2167 747 2407 802 exornat,
2439 740 2676 808 instruit,
2703 752 2898 809 armat,
2922 754 3088 798 amat.

1843 823 1968 878 Haec
2000 827 2171 894 aperit
2197 836 2338 882 totus
2367 838 2651 898 postquam
2682 835 3135 891 mutaveritorbis

1911 911 2152 978 Quidsit
2177 915 2248 968 ibi
2281 915 2519 970 Ecclesia
2542 932 2666 971 mox
2689 919 2924 973 reditura
2948 922 3120 976 citim.

1844 1000 2035 1054 Terret
2063 1001 2134 1056 ibi
2167 1002 2367 1071 plures,
2393 1004 2648 1072 quosdam
2669 1005 2935 1062 demulcet
2960 1019 3012 1062 et
3041 1009 3148 1065 illic

1913 1088 2043 1142 Fixa
2074 1089 2250 1143 futura
2274 1101 2467 1145 notans
2495 1107 2592 1146 nec
2615 1095 2853 1148 dubitata
2877 1097 3121 1164 quidem.

1841 1180 1979 1235 Ante
2003 1188 2178 1234 tamen
2210 1191 2412 1236 reserat
2439 1183 2582 1237 clare
2607 1185 2893 1253 primordia
2918 1188 3106 1251 cosmi,

1915 1271 1980 1325 Et
2009 1286 2104 1341 per
2131 1288 2291 1340 quam
2320 1273 2460 1331 illius
2483 1288 2602 1328 esse
2632 1274 2731 1328 fuit
2762 1277 3030 1345 sophiam.

1843 1361 1900 1417 In
1933 1364 2121 1433 primis
2146 1364 2266 1416 coeli
2303 1373 2564 1432 termeque
2592 1366 2862 1435 marisque
2889 1377 3123 1432 creator,

1913 1455 2086 1523 Ipsius
2122 1463 2176 1509 et
2209 1453 2396 1514 Natus,
2426 1454 2658 1523 Spiritus
2678 1466 2839 1526 atque
2878 1458 3046 1527 agius.

1844 1543 2014 1611 Hujus
2049 1545 2116 1598 ab
2144 1558 2303 1598 amne
2337 1541 2453 1596 ﬂuit
2483 1544 2658 1598 divina
2689 1546 2914 1599 scientia
2944 1546 3067 1613 late,

1915 1633 2166 1687 Mnudum
2190 1631 2460 1700 pestiferis
2481 1631 2786 1702 exspoliaus
2809 1635 3065 1698 tenebris,

1790 1788 1798 1796 _
1844 1724 2066 1793 Quoque
2098 1726 2254 1779 modo
2283 1725 2525 1793 quisquis
2552 1733 2738 1778 caveat
2759 1726 2996 1780 munitus
3015 1727 3082 1781 ab
3113 1727 3286 1782 armis

1917 1815 2097 1869 Hostis
2124 1816 2361 1883 perversi
2397 1815 2498 1868 tela
2527 1815 2743 1868 iuiu‘iica
2785 1817 2966 1869 nimis.

1776 1887 1817 1945 Β
1846 1905 2195 1974 Quadrivium
2225 1905 2388 1976 gignit
2424 1906 2637 1960 virtutis
2669 1906 2844 1960 nobile
2870 1922 3023 1972 sane,

1912 1994 2263 2063 Terrigenum
2292 1993 2454 2048 mittit
2481 2009 2578 2063 per
2601 1995 2743 2064 quod
2781 1995 2832 2048 iu
2864 2006 3008 2049 astra
3038 2011 3236 2066 genus.

1843 2085 1969 2142 Haec
1990 2101 2148 2156 quam
2171 2085 2450 2154 multiplici
2480 2101 2727 2140 sermone
2745 2086 2977 2141 salubria
3003 2104 3215 2156 semper

1911 2177 2151 2230 Altrahit
2171 2185 2332 2244 atque
2363 2185 2568 2240 monet,
2598 2177 2712 2230 sive
2735 2179 3000 2232 monendo
3019 2178 3189 2247 jubet.

1843 2267 1968 2323 Haec
1991 2267 2167 2336 jubet,
2193 2277 2307 2322 atra
2334 2267 2502 2339 fugat,
2532 2259 2727 2323 dehinc
2754 2269 2962 2324 fallacia
2985 2271 3155 2339 pellit,

1918 2354 2053 2421 Vera
2081 2371 2315 2425 superna
2347 2357 2492 2426 cupit
2525 2374 2538 2410 :
2572 2357 2686 2411 haec
2717 2357 2867 2422 facit,
2897 2357 2986 2410 illa
3011 2357 3167 2428 fugit.

1843 2445 2006 2498 Exsul
2032 2446 2102 2498 ab
2127 2446 2314 2500 exsilio
2343 2445 2570 2515 dapibus
2593 2446 2798 2501 solatur
2834 2449 3049 2516 opimis,

1911 2536 2044 2590 Cum
2071 2537 2199 2606 legit
2226 2546 2319 2590 aut
2345 2538 2555 2608 relegit,
2592 2552 2822 2606 cumque
2853 2537 3047 2592 relecta
3076 2540 3232 2606 sapit.

1844 2627 1969 2682 Hice
1993 2627 2132 2681 mala
2164 2628 2267 2682 vile
2296 2628 2442 2680 vehit
2468 2627 2714 2681 coeuntia
2747 2628 3003 2696 temporis
3027 2627 3204 2696 hujus,

1912 2719 2023 2772 Nec
2045 2719 2202 2789 digna
2229 2720 2448 2773 aeternis
2471 2720 2703 2773 aestimat
2728 2733 2848 2773 esse
2875 2719 3050 2782 bonis,

1840 2812 1948 2864 Aut
1973 2825 2038 2864 ea
2060 2825 2220 2865 cerne
2251 2811 2422 2875 timet,
2451 2819 2656 2863 tantum
2681 2809 2934 2862 formidat
2956 2825 3132 2862 am..a.

1912 2901 2182 2968 Quantum
2213 2915 2279 2955 ne
2308 2917 2414 2954 non
2443 2900 2514 2954 sit
2534 2900 2760 2954 ctetibus
2791 2900 2842 2953 iu
2876 2901 3104 2969 superis.

1843 2991 1942 3047 llic
1963 2993 2225 3046 Dominus
2252 2992 2511 3062 loquitur,
2540 2992 2630 3046 hic
2666 3007 2763 3045 nos
2797 2991 2844 3045 ei
2871 2993 3033 3046 corde
3072 2991 3373 3060 loquamur,

1915 3079 2032 3146 Quo
2055 3081 2128 3133 nil
2158 3079 2330 3146 majus
2355 3081 2483 3144 adit,
2514 3080 2587 3132 nil
2616 3081 2698 3134 vel
2729 3081 2877 3134 adire
2906 3091 3099 3149 potest.

1843 3168 2097 3237 Quisquis
2123 3183 2183 3222 es
2211 3169 2503 3222 instructus
2528 3169 2811 3222 mundanis
2836 3170 3017 3223 usibus
3038 3171 3212 3234 hisce,

1912 3260 2042 3326 Quis
2075 3258 2327 3313 Salomon
2355 3259 2547 3327 Opibus
2567 3258 2728 3312 ditior
2756 3259 3000 3326 emicuit,

1843 3350 1956 3405 Hoc
1977 3366 2232 3405 concessa
2256 3350 2344 3404 cui
2375 3351 2524 3404 dives
2554 3351 2817 3418 sapientia
2845 3351 2994 3416 fecit,

1911 3441 2148 3512 Regibus
2175 3458 2237 3497 ac
2269 3442 2477 3497 cunctis
2504 3441 2647 3496 hunc
2670 3459 2730 3496 ea
2767 3445 3076 3513 praeposuit.

1843 3531 1920 3585 Tu
1949 3548 2162 3601 quoque
2183 3533 2274 3601 qui
2316 3549 2374 3587 es
2398 3532 2634 3597 humilis,
2666 3535 2918 3602 prudens,
2950 3536 3178 3591 intentio
3209 3547 3418 3603 sancta,

1913 3622 1983 3676 Sc
2010 3635 2228 3693 propter
2256 3625 2498 3693 sophiam
2528 3625 2707 3695 dilige,
2745 3643 2925 3696 posce,
2957 3644 3108 3698 cape.

1839 3713 2030 3767 Annon
2057 3712 2174 3781 plus
2205 3713 2254 3766 id
2283 3730 2377 3783 pro
2408 3730 2512 3784 quo
2552 3715 2694 3770 aliud
2725 3717 2795 3771 sit
2819 3734 2979 3788 quam
3010 3721 3152 3776 actio
3177 3737 3294 3791 qua:
3322 3723 3414 3776 sit.

1913 3801 1983 3858 Se
2015 3813 2188 3857 tamen
2220 3804 2333 3859 haec
2362 3807 2548 3875 sophia
2588 3807 2706 3876 plus
2733 3823 2828 3862 nec
2856 3809 3054 3866 habere
3083 3814 3236 3882 quiit.

1821 3878 1981 3962 'Ergo
2001 3893 2144 3948 Deus
2168 3894 2361 3960 triuus,
2392 3910 2516 3964 pax,
2542 3911 2633 3950 seu
2663 3901 2925 3968 sapientia
2955 3917 3100 3965 vera,

1913 3984 2060 4037 Ultra
2088 4000 2192 4038 nou
2220 3985 2354 4051 laus,
2391 4000 2492 4041 nec
2520 3989 2834 4044 versiﬁcalis
2856 4006 3014 4060 apex.

1841 4072 1974 4128 Huic
1998 4075 2145 4142 Operi
2182 4090 2374 4144 magno
2395 4077 2602 4148 magnis
2633 4087 2684 4132 te
2711 4079 2914 4134 nisibus
2941 4090 3114 4150 aptas,

1910 4165 2111 4234 lnclytc
2142 4183 2231 4220 rex
2261 4166 2474 4233 Carole,
2506 4168 2708 4222 lumine
2735 4171 2901 4224 chare
2928 4187 3104 4241 mage,

1838 4254 1909 4306 Es
1931 4255 2182 4322 splendor
2210 4256 2413 4324 populi,
2440 4257 2530 4309 lux
2553 4259 2760 4323 mundi,
2801 4259 2968 4328 gloria
2999 4263 3167 4332 regni,

1906 4346 1973 4399 Et
2006 4347 2246 4400 bonitate
2272 4348 2438 4416 prior,
2469 4362 2566 4402 nec
2593 4351 2792 4417 pietate
2824 4353 3022 4417 minor,

1837 4434 1987 4491 Nunc
2014 4439 2173 4490 etiam
2203 4438 2410 4492 cunctis
2432 4438 2681 4507 pnelatus
2699 4439 2898 4509 justius
2922 4443 3060 4496 alme

1904 4523 1960 4577 In
1989 4540 2184 4594 genere
2208 4525 2440 4579 humano
2465 4527 2604 4591 nisu,
2632 4545 2817 4598 opere,
2841 4540 2974 4595 arte,
3003 4532 3124 4586 fide.

1840 4614 1900 4667 Vi
1932 4615 2117 4680 David,
2157 4616 2431 4670 intellectu
2457 4616 2710 4671 Salomon
2735 4619 3038 4686 benedicto,

1906 4706 1962 4759 lu
1994 4706 2170 4775 specie
2194 4706 2414 4776 Joscph,
2442 4724 2535 4778 spe
2557 4708 2904 4778 induperator
2931 4728 3116 4767 ovans.

1837 4796 1936 4862 Qui
1966 4811 2135 4861 mare,
2167 4798 2256 4865 qui
2283 4799 2607 4866 terram,qui
2639 4808 2807 4854 totum
2832 4804 3070 4856 continet
3097 4804 3304 4867 urbem,

1911 4882 1986 4937 Te
2015 4894 2318 4948 conservet,
2350 4895 2515 4951 amet,
2541 4887 2699 4940 ducat
2722 4889 2958 4958 adusque
2984 4889 3189 4957 polum.

1883 4972 1917 5024 il
1959 4973 2052 5025 tibi
2086 4973 2276 5038 honor,
2311 4990 2430 5042 pax,
2463 4976 2618 5039 ordo,
2646 4977 2828 5041 decus,
2860 4979 3137 5046 patientia,
3164 4995 3410 5051 regnum,

1908 5063 2240 5133 Prosperitas
2273 5068 2472 5131 omnis,
2499 5077 2553 5120 et
2590 5069 2706 5123 sine
2732 5069 2835 5123 line
2860 5069 2997 5124 vale.

2224 5197 2290 5251 lu
2317 5198 2490 5266 fronte
2519 5200 2654 5255 Novi
2689 5201 3018 5257 Testamenti.

1833 5329 2053 5385 Exsulta
2077 5331 2258 5387 laetare
2280 5334 2431 5397 satis,
2467 5350 2558 5388 rex
2589 5335 2786 5404 inclyte
2810 5333 2973 5389 David

1905 5423 2116 5493 Egregii
2144 5424 2250 5477 voti
2281 5439 2499 5490 compos
2528 5425 2724 5493 ubique
2747 5425 2842 5479 tui.

1831 5515 1988 5569 Carle
2016 5516 2178 5569 decus
2211 5516 2380 5584 regni,
2415 5515 2501 5568 fax
2531 5516 2722 5580 cosmi,
2745 5516 2910 5586 gloria
2937 5515 3089 5579 cieri,

1905 5605 2162 5660 Ecclesiae
2188 5605 2363 5659 fautor
2384 5606 2695 5675 miliumque
2727 5608 2906 5661 decor.

1834 5696 1911 5750 En
1938 5695 2051 5764 jam
2078 5695 2213 5750 lecta
2247 5697 2338 5750 tibi
2371 5697 2538 5751 series
2562 5706 2829 5751 transacta
2859 5705 3092 5756 vetusta.

1902 5786 2005 5842 Sed
2033 5801 2169 5842 nova
2201 5787 2301 5842 rite
2332 5803 2558 5856 sequens
2590 5787 2688 5842 ista
2713 5786 2932 5854 legenda
2960 5794 3122 5854 patet.
