3988 6444
635 390 702 444 η
740 391 774 446 5
1762 342 2100 445 APPl-INDIX
2143 390 2233 444 an
2273 386 2621 446 siccatum
2658 387 2747 444 1x.

2240 508 2289 564 Α
2388 502 2464 558 'l‘e
2491 503 2715 557 laudare
2741 508 2916 570 potest
2950 500 3192 571 pleniter
3219 505 3316 553 aut
3339 499 3537 555 merito.

2314 595 2420 650 Ceu
2458 594 2733 663 plumbum
2760 604 3002 664 argento,
3034 608 3118 646 res
3146 606 3310 656 auro,
3339 607 3432 645 rus
3453 592 3609 647 sidere
3626 594 3757 664 distat,

636 506 808 576 Cujus
835 506 888 560 in
917 504 1070 559 initio
1096 504 1239 559 clare
1257 504 1548 574 primordia
1572 504 1716 559 clara

708 595 992 648 Matthaens
1018 593 1230 647 Domini
1256 593 1494 648 concinit
1522 608 1588 648 ex
1616 592 1836 648 Genesi.

635 685 745 740 Cen
780 684 863 740 leo
884 700 981 755 per
1002 684 1236 749 deserta,
1267 683 1450 740 fremit
1475 687 1689 740 deserta
1716 685 1969 740 minando

708 772 823 828 Vox
854 783 963 837 tua,
998 772 1192 838 Marce,
1224 787 1321 828 suo
1348 772 1481 827 lulta
1502 788 1736 844 perenne
1765 773 1894 827 Deo.

638 860 860 932 Mystica
898 875 1054 915 sacra
1075 876 1243 916 sacra:
1263 870 1443 930 partes
1469 875 1566 931 per
1586 870 1842 931 quattuor
1865 862 2011 917 orbis

707 951 835 1005 Fert
864 951 1095 1005 studium
1121 950 1280 1005 Lucze
1303 950 1439 1005 lucis
1472 952 1540 1005 ab
1564 966 1690 1006 arce
1712 952 1830 1021 pite.

637 1041 718 1097 Ad
745 1040 995 1096 Genitum
1028 1040 1204 1095 Patris
1226 1056 1391 1111 super
1416 1043 1639 1107 aethera,
1667 1042 1808 1097 celse
1828 1040 2084 1105 Joannes,

709 1131 956 1197 Scaudis,
979 1142 1034 1187 et
1059 1147 1125 1205 ex
1155 1130 1332 1187 Verbo
1358 1133 1516 1187 verba
1541 1133 1765 1189 colenda
1792 1134 1962 1189 canis.

640 1220 833 1277 Eximii
862 1222 915 1275 hi
938 1220 1151 1289 jaciunt
1175 1215 1283 1277 late
1308 1223 1562 1293 mysteria
1592 1223 1816 1289 Christi,

708 1310 765 1366 ln
789 1326 949 1367 sensu
975 1311 1128 1381 parili
1156 1313 1590 1382 conveniuntque
1619 1314 1740 1368 sibi.

639 1401 832 1457 Plusve
854 1403 1192 1460 miuusvevel
1213 1417 1364 1474 aqua
1391 1405 1688 1468 boant,sua
1716 1405 1904 1476 sicque
1916 1404 2215 1459 dehiscunt.

711 1496 965 1552 Attamen
989 1498 1213 1555 effectus
1238 1516 1375 1554 unus
1402 1500 1650 1569 utrinque
1677 1516 1867 1555 novus.

641 1584 756 1640 Hoc
780 1586 1124 1657 Evangelium
1157 1599 1333 1655 sanat,
1364 1590 1656 1656 blanditur,
1685 1592 1935 1656 honorat,

711 1676 973 1745 Castigat,
1013 1680 1208 1745 reﬁcit,
1246 1682 1737 1747 munit,‘honestat,
1768 1683 1884 1737 alit.

643 1765 744 1821 llic
771 1770 964 1824 modus
986 1768 1203 1835 ell‘andi,
1243 1772 1332 1826 hic
1358 1773 1546 1837 virtus,
1576 1772 1663 1828 hic
1690 1773 1830 1828 actio
1856 1775 2075 1835 munda,

716 1857 815 1912 llic
842 1859 1017 1923 cibus,
1053 1860 1140 1916 hic
1169 1871 1348 1931 potus,
1380 1862 1469 1917 hic
1493 1864 1772 1918 benedicta
1808 1864 1975 1917 salus.

642 1946 741 2002 llic
764 1947 893 2012 vita,
918 1950 1177 2015 Charitas,
1207 1950 1315 2015 via,
1347 1967 1491 2021 spes,
1514 1967 1826 2021 verumque,
1861 1953 2115 2021 fidesque,

712 2039 817 2094 Seu
857 2040 995 2096 bona
1022 2054 1217 2098 cuncta
1240 2044 1399 2098 simul
1434 2045 1741 2098 consociata
1774 2044 1976 2115 vigent.

645 2131 739 2186 llis
761 2144 1013 2189 assuesce
1043 2134 1153 2197 diu,
1184 2135 1299 2189 hmc
1327 2136 1613 2199 meditare,
1637 2135 1753 2190 haec
1778 2136 1963 2204 dilige,
1990 2136 2104 2191 sive

736 2237 769 2273 n
794 2235 1043 2277 sermone
1070 2239 1232 2294 opere
1260 2225 1376 2280 haec
1399 2225 1648 2280 habitare
1674 2225 1852 2279 slude.

648 2309 760 2364 licx
785 2312 945 2377 bone,
976 2329 1070 2367 rex
1103 2314 1339 2384 sapiens,
1366 2329 1460 2369 rex
1492 2315 1744 2384 prudens,
1777 2328 1871 2369 rex
1898 2313 2235 2379 venerande,

716 2399 830 2456 Rex
860 2402 1051 2458 Carole
1083 2404 1243 2469 alme,
1270 2405 1388 2459 vale
1415 2420 1536 2460 cum
1560 2404 1778 2476 pietatis
1799 2419 1920 2474 ope.

646 2489 747 2546 Det
774 2492 867 2546 tibi
896 2501 1104 2563 sceptra
1125 2495 1298 2563 patris
1319 2493 1498 2559 Jesus,
1520 2495 1824 2559 confirmet,
1857 2494 2091 2559 adnuet,

715 2582 939 2638 Praemia
967 2593 1277 2639 sanctorum
1306 2594 1365 2638 ut
1390 2586 1671 2641 merearis.
1702 2585 1894 2641 Amen.

1208 2717 1276 2772 In
1313 2719 1418 2787 ﬁne
1446 2719 1663 2773 codicis.

642 2848 690 2903 Ο
713 2850 898 2915 decus,
927 2866 958 2905 ο
980 2853 1283 2907 veneranda
1308 2852 1473 2916 salus,
1503 2868 1535 2906 o
1557 2852 1834 2921 splendide
1857 2852 2046 2917 David,

721 2940 839 2995 Rex
868 2942 1059 2997 Carole
1085 2945 1227 2998 alme
1259 2944 1381 3012 vige
1412 2943 1831 3013 cunctipotentis
1857 2959 1978 3013 ope.

648 3027 855 3095 Gloria,
872 3029 1012 3095 laus,
1037 3032 1229 3096 lionor,
1253 3046 1413 3085 omne
1428 3032 1647 3095 decens,
1673 3032 1950 3086 miseratio
1971 3031 2210 3086 clemens

719 3118 900 3175 Pictus
930 3136 990 3176 es
1018 3121 1103 3176 hic
1125 3121 1304 3177 studio
1335 3122 1467 3177 artis
1497 3122 1565 3177 ab
1591 3122 1810 3176 eximio.

645 3210 752 3265 Sed
766 3212 901 3281 quia
932 3220 1041 3267 tam
1063 3214 1179 3268 haec
1207 3212 1437 3267 rutilans
1464 3213 1672 3282 species
1704 3214 1745 3266 it
1769 3214 1983 3269 nonnisi
2017 3213 2145 3269 fecit

715 3300 855 3357 Vera
885 3304 960 3356 tui
996 3304 1172 3359 omnis
1202 3305 1288 3359 cui
1324 3304 1467 3360 cedit
1498 3304 1676 3375 imago
1706 3305 1832 3371 viri,

651 3388 722 3444 Es
751 3391 898 3459 prior
920 3392 1110 3463 elligie,
1146 3409 1307 3448 sensu
1344 3394 1514 3464 prior,
1543 3393 1771 3458 artibus,
1794 3395 1911 3450 odis
1943 3409 1958 3449 :

722 3482 817 3538 His
843 3486 991 3553 prior
1019 3495 1114 3539 aut
1143 3487 1266 3548 illis,
1302 3496 1473 3542 restat
1498 3488 1553 3542 in
1589 3489 1877 3559 ambiguis.

651 3572 715 3626 Et
746 3575 880 3629 bene
905 3584 1056 3645 grata
1090 3577 1194 3630 tuis
1224 3576 1338 3631 haec
1359 3576 1652 3648 ignoratio,
1681 3578 1870 3642 David,

717 3665 908 3738 Fulget
941 3668 1138 3737 ubique
1160 3667 1309 3723 locus
1330 3667 1528 3722 laetitiae
1555 3669 1772 3724 nimius.

649 3754 778 3810 Fert
803 3758 960 3813 eteis
987 3758 1269 3813 manifeste
1292 3759 1435 3828 quod
1464 3758 1540 3813 sis
1577 3759 1748 3828 major
1777 3760 2027 3831 utrinque

725 3846 935 3915 Magnis
960 3848 1012 3902 in
1038 3849 1252 3904 cunctis
1289 3848 1542 3904 onmibus
1568 3851 1699 3906 orbe
1724 3852 1877 3905 viris.

636 3938 806 3993 iusta
826 3937 1004 4005 iubes,
1036 3938 1237 4008 injusta
1262 3948 1434 4007 vetas,
1460 3934 1600 3995 mala
1628 3952 1821 3997 cuncta
1851 3943 2048 4000 recidis
2075 3962 2088 3998 :

725 4026 891 4082 Dictis
913 4043 1006 4083 seu
1031 4028 1195 4083 factis
1226 4029 1271 4083 is
1291 4028 1378 4082 via
1407 4039 1592 4084 sancta
1620 4030 1743 4084 tuis.

2251 1856 2298 1915 B

3715 392 3799 457 αω

2383 684 2610 739 Gemma
2637 685 2797 745 vitro,
2822 683 3034 739 scandit
3058 682 3189 752 plus
3219 690 3312 735 tua
3348 681 3484 737 fama
3511 684 3661 738 modo.

2316 775 2456 828 Ante
2482 774 2629 828 Brito
2658 773 2866 828 stabilis
2889 772 2982 828 ﬁet
3005 771 3097 826 vel
3132 771 3317 824 musio
3339 771 3471 823 muri

2386 866 2500 919 Pax
2529 867 2672 919 bona
2699 878 2860 933 quam
2892 878 3092 917 nomen
3124 861 3269 915 desit
3294 861 3559 930 honosque
3580 871 3716 919 tuum.

2319 957 2345 1011 .l
2364 974 2432 1012 im
2452 956 2565 1024 jam
2596 972 2693 1026 pro
2724 963 2896 1018 tanto,
2923 970 3022 1026 pro
3057 953 3156 1008 tali
3191 968 3323 1022 rege
3350 953 3583 1022 profusas

2388 1047 2549 1104 Orbis
2577 1055 2700 1118 agat
2723 1062 2932 1102 mecum
2965 1054 3119 1101 totus
3148 1044 3373 1098 abunde
3405 1059 3596 1113 preces,

2323 1139 2392 1194 Ut
2423 1139 2621 1203 valeat,
2654 1138 2851 1208 vigeat,
2877 1136 3024 1190 vivat
3052 1150 3158 1204 per
3181 1134 3385 1189 saecula
3409 1134 3543 1198 felix,

2392 1233 2587 1289 Utatur
2608 1246 2765 1300 pace,
2794 1229 3164 1302 prosperitate
3192 1228 3405 1293 fruens,

2321 1321 2565 1392 Regnum
2603 1320 2818 1384 habeat,
2848 1330 3059 1382 teneat,
3091 1318 3315 1379 dilatet,
3349 1316 3541 1381 fulciat,
3567 1331 3707 1381 ornet,

2392 1412 2568 1467 Addat
2589 1412 2638 1466 ei
2658 1410 2781 1479 jura
2820 1411 2955 1483 legis
2974 1411 3044 1465 ab
3076 1425 3213 1465 arce
3237 1410 3351 1479 pia,

2323 1501 2546 1573 Insuper
2570 1502 2655 1559 his
2682 1503 2878 1558 habitis
2906 1502 3177 1571 praeclare
3209 1502 3264 1556 in
3293 1511 3522 1570 tempore
3544 1504 3694 1555 mortis

2392 1591 2710 1662 Perpetuam
2738 1591 2978 1661 requiem
3011 1591 3105 1646 hic
3134 1601 3438 1645 mereatur.
3464 1591 3630 1644 Amen.

2326 1797 2394 1851 In
2419 1796 2605 1852 ultima
2641 1796 2763 1850 libri
2804 1796 3022 1865 pagina,
3054 1803 3184 1865 ante
3228 1793 3507 1865 imaginem
3536 1790 3661 1859 cujus
3686 1791 3793 1841 mar

2576 1866 2718 1935 facta
2744 1862 2817 1921 est
2854 1862 2908 1919 in
2933 1876 3059 1919 nota
3086 1864 3159 1918 ad
3190 1877 3405 1917 carmen
3431 1862 3645 1929 primum.

2330 2038 2454 2093 llaec
2480 2039 2642 2093 etiam
2666 2038 2876 2107 pictura
2906 2036 3146 2093 recludit
3177 2035 3413 2106 qualiter
3432 2035 3577 2088 heros

2400 2126 2569 2183 Offert
2598 2126 2859 2181 Vivianus
2887 2142 3008 2182 cum
3041 2139 3214 2197 grege
3244 2139 3387 2178 nunc
3420 2124 3516 2177 hoc
3542 2135 3677 2189 opus.

2329 2218 2468 2272 Ante
2490 2217 2578 2272 ubi
2611 2225 2732 2286 post
2752 2226 2959 2287 patrem
2984 2215 3242 2285 primites
3278 2213 3500 2267 mundus
3518 2210 3736 2267 amandus.

2403 2308 2689 2376 Sigualdus
2707 2306 2908 2376 justus,
2935 2321 3190 2360 summus
3219 2303 3525 2373 Aregarius.

2332 2397 2464 2465 Quis
2497 2397 2669 2451 tribus
2696 2405 2781 2451 est
2800 2396 3065 2466 probitas,
3097 2395 3280 2464 pietas
3307 2404 3592 2459 verumque,
3628 2389 3780 2454 [idem

2401 2488 2608 2543 Caetera
2643 2487 2868 2543 honesta
2903 2500 3123 2557 quoque
3155 2484 3471 2541 consociata
3496 2480 3641 2535 simul.

2332 2580 2568 2648 Quartus
2595 2580 2678 2633 bis
2701 2579 3112 2649 hae‘retjuuctus
3144 2574 3486 2632 sanctissime
3518 2570 3659 2631 David,

2404 2671 2505 2738 Qui
2539 2679 2591 2725 te
2612 2670 2663 2724 vi
2693 2677 2803 2723 tota
2830 2669 3027 2723 ruentis
3058 2682 3253 2723 amore
3283 2664 3433 2719 colit.

2334 2759 2398 2814 lli
2430 2760 2583 2828 proni
2610 2759 2821 2814 tibimet
2848 2758 3079 2813 Domino
3112 2758 3179 2810 de
3204 2763 3362 2824 parte
3385 2750 3519 2807 beati

2404 2852 2619 2906 Martini
2656 2867 2720 2907 ac
2754 2851 2981 2905 fratrum
3005 2865 3139 2904 ecce
3166 2849 3365 2901 librum
3397 2843 3626 2897 tribuunt:

2333 2941 2498 3011 Cujus
2528 2943 2734 2998 honore
2761 2950 2954 3013 rogant
2975 2941 3216 3011 placeat,
3246 2936 3505 2996 laudetur,
3532 2937 3687 2984 ametur

2410 3034 2714 3098 Scrutetur,
2747 3032 2939 3102 prosit,
2962 3032 3284 3093 auxilietur,
3316 3026 3457 3089 alat;

2339 3124 2396 3180 lu
2426 3138 2533 3193 quo
2563 3123 2637 3178 nil
2661 3124 2807 3179 aliud
2829 3139 2990 3193 quam
3014 3122 3249 3176 fratrum
3282 3119 3396 3175 sola
3428 3115 3636 3168 voluntas

2260 3202 2305 3262 (ἶ
2419 3218 2496 3272 Ex
2523 3226 2613 3270 tua
2635 3231 2770 3286 quas
2793 3215 2933 3270 villis
2954 3214 3133 3284 iussio
3166 3211 3479 3267 reddiderat.

2338 3311 2540 3366 Reddis
2566 3324 2682 3371 eas,
2709 3309 2915 3370 Caesar,
2946 3302 3165 3359 Martini
3192 3317 3291 3371 pro
3321 3304 3548 3353 venerata
3568 3332 3581 3356 ,

2411 3403 2602 3459 Domni
2632 3417 2724 3458 seu
2755 3399 3006 3469 precibus
3026 3412 3246 3467 semper
3267 3390 3559 3447 amabililius

2337 3494 2611 3564 Perpetui,
2642 3506 2848 3547 necnon
2881 3488 3076 3545 Briccii
3115 3486 3376 3543 tutamine
3414 3477 3579 3537 sancti,

2411 3586 2627 3654 Proque
2658 3583 2777 3637 aliis
2808 3581 3052 3650 reliquis,
3085 3595 3119 3634 ο
3147 3576 3413 3648 paradise,
3437 3568 3543 3622 tuis.

2338 3676 2452 3730 imo
2478 3676 2650 3745 magis
2676 3680 2772 3743 pro
2800 3683 2870 3736 te,
2898 3670 3025 3725 Jesu
3054 3669 3307 3724 Salvator
3332 3668 3512 3721 amate,

2411 3766 2498 3822 Sis
2525 3778 2583 3820 ut
2608 3765 2656 3818 ei
2687 3764 2790 3817 vita
2822 3762 3051 3830 denique
3075 3766 3353 3829 perpetua.

2342 3856 2444 3911 Pro
2473 3853 2688 3908 famulis
2717 3852 2870 3906 nobis
2899 3851 3062 3905 etiam
3103 3844 3408 3903 oratoribus
3438 3834 3574 3907 aptis.

2410 3946 2556 4013 Quos
2592 3943 2711 3999 sitis
2735 3943 3015 4003 obruerat,
3044 3939 3218 4008 frigus
3246 3943 3300 3989 et
3320 3940 3427 3985 atra
3454 3929 3605 3979 fames.

2340 4036 2384 4091 Ο
2414 4050 2531 4098 rex,
2562 4048 2597 4088 ο
2632 4031 2945 4094 reverende,
2977 4029 3071 4082 fiat
3099 4023 3369 4081 renovatio
3394 4017 3485 4070 lixa

653 4114 783 4181 Quae
835 4116 987 4172 canis
1039 4118 1153 4186 ipse
1206 4116 1370 4181 facis,
1415 4132 1588 4186 neque
1640 4118 1692 4172 in
1751 4120 1834 4175 his
1890 4122 2240 4189 reprehensio
2409 4122 2731 4178 Amercede
2756 4131 2845 4173 tua
2874 4120 2988 4173 sive
3016 4117 3191 4172 salute
3220 4122 3326 4166 tua.

2009 4210 2235 4283 [sordet,
2342 4212 2635 4269 Przevaleat
2661 4209 2843 4280 regale
2866 4209 3048 4269 decus,
3081 4211 3395 4275 superetque
3423 4197 3617 4265 ροιεεωε

2411 4305 2618 4374 Regum
2652 4304 2718 4358 de
2745 4317 2893 4355 more
2931 4298 3021 4369 qui
3056 4299 3275 4352 coluere
3296 4294 3495 4347 bonum.
3591 4367 3600 4379 ⁸

2342 4399 2675 4464 Praeceptum
2710 4391 2993 4465 genitoris,
3024 4390 3148 4453 avi,
3179 4383 3355 4457 proavi
3378 4379 3619 4433 renovas".

2416 4463 2541 4543 Hoc,
2559 4495 2688 4551 stet,
2717 4485 2819 4539 hoc
2847 4489 3082 4546 maneat,
3109 4481 3212 4535 hoc
3237 4488 3333 4530 nec
3357 4469 3490 4526 obire
3512 4463 3650 4551 queat.

2348 4579 2501 4647 Quod
2531 4585 2620 4633 tua
2651 4550 2836 4631 sancta
2863 4586 3055 4628 manus
3088 4582 3257 4639 nuper
3285 4556 3488 4618 ﬁrmavit
3515 4550 3677 4605 honeste

2419 4668 2678 4739 Praecepti
2706 4667 2868 4731 serie,
2899 4678 3122 4733 prorsus
3142 4668 3229 4715 eat
3254 4652 3448 4712 stabile.

2347 4765 2481 4833 Quid
2508 4763 2709 4817 facient
2741 4758 2833 4814 alii
2864 4757 3007 4828 regis
3033 4752 3258 4809 mutatio
3292 4742 3412 4801 tanti

2413 4854 2470 4909 In
2504 4853 2644 4908 facto
2670 4851 2774 4906 hoc
2798 4821 2963 4903 fuerit
2986 4846 3031 4901 si
3067 4846 3220 4900 hoste
3242 4840 3434 4905 vigente
3456 4821 3586 4881 malo-

725 4296 835 4352 Aut
857 4298 910 4352 in
942 4305 1172 4367 utroque
1198 4298 1299 4352 nisi
1330 4297 1470 4353 actio
1492 4315 1623 4368 pura
1647 4300 1762 4354 Dei.

657 4387 912 4442 Ecclesia:
933 4385 1132 4453 fautor,
1159 4388 1318 4442 cleris
1341 4388 1659 4458 populisque
1681 4389 1919 4443 levamen

724 4477 1121 4548 Ordinibusque
1150 4479 1321 4533 sacris
1346 4494 1505 4548 quam
1533 4495 1684 4534 sacer
1705 4481 1839 4535 ordo
1870 4481 2024 4535 satis.

661 4566 767 4621 .‘er
796 4575 852 4631 te
878 4567 1162 4636 pontifices
1188 4583 1385 4637 pueros
1411 4583 1531 4621 cum
1554 4569 1847 4623 chrismate
1881 4578 2066 4624 sancto

723 4658 950 4714 Nomine
978 4661 1043 4715 de
1064 4658 1264 4715 Christi
1294 4660 1397 4713 rite
1432 4674 1631 4713 novare
1653 4669 1891 4726 queunt;

655 4752 785 4820 Quis
813 4752 1007 4807 tribuis
1038 4752 1260 4807 meritos
1287 4752 1482 4806 merito
1512 4750 1729 4806 deitatis
1757 4751 2014 4815 honores,

726 4845 859 4900 Dum
890 4852 944 4899 te
978 4844 1164 4898 subdis
1191 4847 1272 4898 eis
1293 4844 1478 4906 corde,
1505 4857 1690 4913 Opere,
1714 4857 1828 4907 ore,
1860 4842 1985 4897 fide.
2413 4854 2470 4909 In
2504 4853 2644 4908 facto
2670 4851 2774 4906 hoc
2798 4848 2963 4903 fuerit
2986 4846 3031 4901 si
3067 4846 3220 4900 hoste
3242 4842 3605 4921 vigenleAWa'WA
3633 4904 3731 4921 Am

655 4938 770 5001 seis
810 4937 935 4999 ideo
957 4951 1142 4991 servas
1168 4935 1311 5006 q“°d
1342 4935 1519 5005 Ρθηίο
1541 4906 1740 4988 δεδθθι
1766 4906 1846 4989 ire
2341 4946 2358 4999 l
2606 4906 2767 5010 atque
2791 4936 2977 5009 procul
3002 4934 3179 4990 scelus
3207 4931 3303 4985 hoc
3328 4913 3512 5015 crudele
3532 4918 3606 4978 Per
3630 4906 3741 4950 ⁰¹¹¹¹¹⁸”

718 5035 897 5090 Prima
930 5026 1007 5088 tui
1036 5025 1277 5090 Domini.
1306 5025 1395 5095 qui
1430 5025 1575 5078 dedil
1597 5039 1717 5078 esse
1749 5023 1864 5077 ΠΜ·
2396 5011 2493 5088 ’Τυ
2522 5028 2911 5103 propejustitia
2944 5026 3098 5080 vince
3120 5021 3323 5080 nociva,
3350 5011 3476 5079 ΐιιετιο
3517 5089 3526 5100 ⁹

654 5137 883 5200 i’auper,
925 5142 1146 5198 egenus.
1202 5120 1381 5194 inops,
1433 5117 1613 5181 vidua.
1656 5117 1973 5185 orphauus.
2022 5115 2239 5180 anxius.
2343 5128 2488 5190 Quas
2511 5123 2695 5177 laudes
2721 5120 2838 5183 tibi,
2870 5131 3004 5188 quas
3033 5118 3364 5209 ετειθενξιιιεε

1955 5204 2160 5276 [orbus,
2410 5214 2564 5282 Quod
2586 5228 2685 5282 par
2712 5210 2866 5266 dulce
2894 5207 3080 5266 melos,
3113 5218 3232 5263 vox.
3263 5177 3704 5295 lymfbmffpfﬂ:

2349 5309 2452 5362 Nos
2476 5305 2738 5375 siquidem
2764 5302 3021 5372 psalmos,
3049 5299 3236 5353 missas
3259 5276 3463 5377 special?
3483 5266 3702 5339 pretim“

2412 5397 2711 5453 Psallemus
2739 5408 2838 5462 pro
2869 5402 2943 5455 te,
2969 5389 3212 5459 conjuge,
3233 5376 3498 5462 prole,ple-

2344 5491 2435 5543 Sic
2461 5486 2631 5543 nostri
2657 5499 2786 5539 vere
2811 5491 2931 5552 post
2960 5495 3058 5535 nos
3082 5479 3368 5549 quicunque
3385 5451 3520 5516 futuri

2411 5577 2668 5632 Assiduas
2694 5574 2916 5667 fundent
2948 5553 3660 5667 multiplieesqtlfi‘l):"“¢°l‘::'risms

2346 5672 2464 5724 Sint
2491 5669 2587 5723 tibi
2616 5681 2757 5737 Spes,
2789 5664 2982 5725 virtus,
3027 5660 3222 5720 lumen,
3249 5641 3462 5737 victoria,
3482 5628 3675 5737 Carisius,

2417 5763 2546 5825 Pax,
2576 5730 2692 5816 laus
2720 5757 2994 5821 continue,
3024 5769 3115 5808 rex
3146 5752 3272 5807 bone
3295 5730 3453 5795 David.
3483 5730 3571 5774 ’νϐ’

2274 4525 2320 4584 Ι)

3530 5098 3597 5143 ηπ.
3625 5062 3732 5127 David

720 5313 816 5371 His
838 5312 1065 5378 aliisque
1084 5312 1240 5365 datus
1260 5324 1320 5365 es
1343 5314 1497 5377 pater
1525 5313 1688 5374 atque
1712 5300 1884 5355 cibus.

659 5403 847 5460 lndicii
868 5400 1043 5459 volvis
1067 5399 1264 5455 totiens
1286 5407 1531 5454 extrema
1557 5396 1685 5459 diei,

720 5494 979 5563 Quodque
1005 5488 1177 5559 putris
1205 5502 1332 5544 caro
1359 5487 1422 5541 lis
1450 5500 1515 5540 ac
1542 5483 1817 5554 periturus
1845 5480 2028 5535 homo.

657 5586 942 5655 Propterea
967 5596 1027 5636 es
1044 5580 1245 5651 justus,
1270 5577 1526 5647 prudens,
1554 5572 1728 5635 fortis,
1751 5572 2063 5626 moderatus
2094 5581 2109 5619 :

724 5676 950 5746 Semper
975 5672 1122 5740 larga
1151 5682 1362 5730 manus,
1385 5673 1439 5719 et
1459 5664 1675 5735 pietatis
1690 5676 1845 5731 opus.

658 5766 755 5835 Qui
782 5763 973 5837 pluviae
1002 5769 1204 5832 guttas,
1236 5771 1517 5812 munerum
1546 5753 1635 5825 qui
1668 5752 1816 5809 novit
1843 5766 2037 5813 arente,
