3894 5320
380 404 385 407 ’
487 392 625 451 1207

767 512 885 569 Non
914 515 1117 571 crimen
1149 514 1313 570 ullqu

769 602 884 659 Non
915 606 1158 676 rapinam
1186 604 1481 675 quamlibet

768 695 845 751 Te
873 704 1213 766 perpetrasse

761 786 894 842 Cum
927 786 1071 841 fores
1094 786 1410 842 mitissimus
1433 804 1447 841 :

761 874 897 931 Cum
925 875 1045 945 plus
1074 877 1333 947 prodesse

764 967 936 1037 Quam
965 985 1163 1026 nocere
1192 970 1455 1040 cuiquam

833 1058 1059 1132 Semper
1080 1077 1312 1118 amares.

628 1277 1039 1358 Epitaphium
1074 1278 1367 1341 Clodarii
1389 1279 1577 1358 pueri
1586 1278 1771 1358 'regis
1802 1275 1904 1357 (6).

732 1396 908 1469 [Apud
940 1398 1189 1453 abbatem
1222 1396 1444 1462 Lebeuf,
1478 1397 1567 1451 ubi
1604 1395 1813 1468 supra]

482 1487 595 1542 Hoc
624 1497 773 1543 satus
798 1489 850 1543 in
880 1488 1037 1543 viridi
1068 1495 1317 1543 servatur
1352 1487 1607 1542 flosculus
1634 1502 1764 1541 arvo

550 1576 835 1633 Pulchrior
864 1594 930 1633 en
962 1578 1101 1633 lacte
1136 1577 1521 1647 candidiorque
1544 1577 1686 1632 nive.

449 1678 461 1687 '
482 1666 661 1722 Donec
687 1668 973 1737 altipotens
1000 1668 1184 1723 veniat
1212 1682 1311 1737 per
1339 1667 1534 1724 saecula
1561 1668 1725 1738 judex

552 1756 652 1824 Qui
680 1769 843 1815 metet
872 1759 1147 1816 ostriﬂuus
1172 1760 1312 1815 falce
1338 1775 1575 1830 perennc
1603 1775 1778 1815 rosas.

480 1846 633 1902 llunc
661 1860 749 1903 tua
771 1849 1021 1906 Jordanis
1046 1860 1257 1907 saerata
1285 1852 1508 1922 protulit
1537 1851 1680 1907 unda

552 1939 842 2011 Pampinus
868 1943 1107 2013 Engaddi
1142 1959 1263 1999 rore
1293 1944 1472 2000 beavit
1498 1960 1646 1999 eum.

404 2012 424 2037 ⁵
478 2030 669 2086 Vivida
699 2036 984 2103 purpureis
1012 2036 1247 2092 vatcinia
1274 2038 1453 2093 cincta
1480 2038 1677 2094 rosetis

546 2121 743 2177 Vernat
773 2134 960 2180 ventre
994 2125 1164 2180 solum
1197 2125 1373 2198 gliscit
1402 2127 1456 2181 in
1487 2141 1647 2181 omne
1675 2125 1879 2193 decus,

478 2212 680 2268 Pallida
712 2229 804 2269 seu
843 2216 1030 2270 sandix
1065 2216 1206 2271 inter
1232 2217 1461 2273 viburna
1487 2218 1737 2290 refulget,

546 2305 611 2359 Et
639 2306 747 2360 ruit
772 2307 1051 2362 imbrifluis
1073 2306 1334 2380 Cynthius
1360 2309 1502 2367 altus
1529 2311 1707 2380 aquis.

476 2394 543 2448 Et
570 2396 701 2450 rutit
729 2397 911 2452 obriza
939 2398 1184 2469 flagranti
1213 2411 1362 2457 cocta
1394 2417 1676 2469 eammme,

548 2485 615 2539 Et
652 2486 837 2541 rutilat
864 2488 1013 2543 vario
1042 2489 1202 2546 huius
1234 2491 1438 2546 honore
1462 2491 1620 2562 lapis.

477 2572 821 2635 llunc'seeus
843 2583 1067 2637 emicuit
1095 2584 1310 2653 gracilis
1339 2585 1562 2640 infantia
1595 2586 1732 2650 nati,

544 2669 713 2736 Quem
740 2669 901 2724 Pater
940 2673 1284 2742 omnipotens
1319 2674 1466 2729 misit
1492 2675 1558 2728 ad
1584 2683 1730 2729 astra
1760 2674 1881 2744 poli

476 2759 576 2815 llic
603 2770 722 2815 erat
742 2762 885 2817 allus
920 2778 1094 2829 amor,
1118 2765 1310 2833 prolita
1342 2766 1392 2819 in
1430 2766 1589 2821 melle
1617 2766 1811 2836 sagitta

547 2849 813 2906 Vulniflco
852 2853 1007 2908 fodiit
1030 2855 1193 2909 corda
1222 2872 1481 2911 mucrone
1508 2858 1700 2926 patris.

477 2940 591 2997 Ileu
622 2943 898 3013 genitricis
926 2946 1087 3016 hujus
1113 2946 1334 3001 violavit
1372 2950 1562 3017 gaudia
1598 2948 1734 3005 lucis

546 3031 877 3104 Decoxitque
904 3035 1035 3090 satis
1059 3046 1245 3106 pectus
1269 3038 1454 3093 adusta
1482 3054 1611 3094 sum.

476 3122 600 3179 Sola
632 3125 725 3179 sed
750 3126 874 3181 inde
900 3137 1082 3183 manet
1112 3128 1236 3183 felix
1269 3129 1460 3184 fiducia
1488 3132 1604 3200 spei

546 3214 698 3281 Quod
728 3216 848 3270 talis
876 3218 998 3272 coeli
1027 3218 1249 3287 spiritus
1280 3228 1425 3274 astra
1458 3222 1612 3291 petit.

474 3303 630 3361 llunc
667 3307 874 3377 galeata
902 3309 1135 3377 phalanx
1164 3325 1268 3364 non
1303 3311 1467 3364 traxit
1499 3312 1563 3365 ad
1600 3326 1750 3366 arma
1780 3310 1941 3366 duellt
1969 3330 1983 3366 :

540 3394 840 3465 Perpetuus
870 3398 1024 3455 miles
1049 3410 1237 3471 regnat
1264 3402 1316 3455 in
1344 3401 1463 3455 aula
1502 3401 1619 3457 Dei.

472 3484 738 3541 Catamm
769 3503 874 3542 non
900 3490 1082 3545 hausit
1108 3506 1257 3562 opes,
1289 3508 1394 3547 non
1426 3494 1623 3570 prandia
1644 3510 1842 3561 rerum,

547 3575 654 3631 Nec
686 3579 861 3648 rapuit
896 3582 1076 3635 mundi
1116 3594 1306 3652 captus
1332 3599 1517 3637 amore
1551 3585 1734 3649 dapes.

472 3663 772 3721 Contentus
794 3669 1004 3723 cnnulis
1037 3668 1236 3726 Christi
1265 3671 1605 3742 gratissimus
1634 3672 1797 3729 heros
1887 3696 1891 3703 ⁴

549 3755 771 3811 Divitias
796 3760 991 3813 meruit
1020 3759 1177 3815 lactis
1211 3763 1279 3817 ab
1305 3777 1467 3816 amne
1494 3763 1622 3832 poli.

476 3846 773 3902 Stemmate
801 3848 1065 3920 clarigero
1087 3851 1250 3920 regali
1278 3852 1539 3921 sanguine
1564 3860 1746 3907 cretus

550 3940 718 3993 Aurea
760 3955 864 3994 non
896 3942 1065 3994 valuit
1098 3951 1307 4010 sceptra
1339 3940 1521 3997 videre
1546 3943 1735 4012 patris.

473 4024 780 4081 Priscorum
810 4027 1033 4081 nimium
1065 4042 1249 4097 regum
1278 4029 1517 4084 devictus
1543 4044 1737 4085 amore

547 4112 884 4168 Hlutharium
910 4116 1122 4184 genitor
1156 4131 1347 4170 nomen
1380 4118 1577 4173 habere
1605 4119 1777 4175 dedit.

474 4203 545 4258 Ut
571 4204 768 4274 gemini
806 4214 1034 4286 surgunt
1063 4222 1168 4260 uno
1194 4208 1260 4260 de
1287 4208 1531 4277 germine
1565 4207 1746 4273 flores,

544 4292 636 4349 Sic
665 4295 861 4363 pariles
885 4296 1117 4367 genitrix
1144 4296 1277 4351 fudit
1306 4305 1567 4368 utrosque
1592 4299 1711 4354 sinu
1736 4314 1751 4353 :

471 4386 623 4441 Alter
644 4386 697 4441 in
724 4397 849 4442 ante
875 4402 1100 4443 manens
1120 4388 1321 4441 vernali
1344 4391 1543 4458 cespite
1567 4390 1759 4461 pollet,

544 4476 694 4531 Alter
722 4478 788 4532 ad
818 4489 962 4533 astra
992 4479 1181 4534 volans
1213 4494 1373 4535 aurea
1398 4481 1554 4536 saecla
1596 4489 1763 4536 tenet.

472 4565 585 4622 Hoc
613 4567 705 4622 tibi
735 4568 898 4623 chare
924 4569 1089 4624 decus
1111 4570 1334 4625 Carolus
1363 4570 1706 4641 lacrymabilc
1736 4585 1981 4637 carmen,

543 4656 741 4724 Edidit,
772 4660 1083 4729 ensipotens
1111 4676 1206 4714 rex
1231 4661 1547 4731 genitorque
1577 4670 1720 4714 tuus.

470 4747 569 4801 Ast
595 4761 714 4817 ego,
746 4756 890 4812 nate,
926 4748 1016 4802 tibi
1045 4748 1273 4818 genitrix
1302 4749 1484 4818 regina
1519 4749 1734 4803 remitto

542 4834 862 4907 Hildegarda
892 4852 1044 4892 meus
1076 4838 1226 4893 basia
1259 4838 1431 4894 dulcis
1458 4855 1631 4894 amor.

472 4929 644 4986 Senos
671 4946 726 5001 q.
756 4930 905 4999 prius
933 4945 1147 4986 menses
1180 4946 1344 5001 quam
1370 4932 1606 4988 volveret
1630 4948 1802 4990 annus

540 5021 820 5078 Gemmula
848 5021 1075 5077 defloret
1107 5030 1266 5078 nocte
1295 5023 1572 5091 repulsa...

475 5112 584 5144 "nn
608 5113 819 5144 n:.n\llm
845 5128 996 5144 annuo
1274 5128 1465 5144 mounnln
1490 5115 1541 5144 θη
1572 5129 1663 5144 ιιι-Λ

1614 395 1953 452 APPENDIX
1997 395 2088 449 AD
2128 394 2476 454 SECULUM
2510 400 2600 457 IX.

3615 404 3743 459 «ωδ

2088 517 2141 576 Α
2237 516 2381 573 Obiit
2409 530 2587 578 autem
2617 522 2703 609 die
2740 541 2791 580 vr
2832 526 2905 581 Id.
2953 500 3137 591 Febr.”
3187 538 3333 580 anno
3377 523 3465 588 ιζ
3489 532 3745 591 regnante

2160 616 2316 677 patre
2345 611 2513 683 ipsius
2538 613 2680 669 Carl.
2714 616 2784 686 gl.
2812 632 2959 688 rege.

2886 727 2990 787 VI.

2161 847 2401 908 Incerti
2428 858 2626 925 poeta:
2655 866 2871 909 versus
2899 846 2970 908 de
2996 847 3216 909 ordine
3244 843 3745 925 comprovincia-

2659 926 2811 987 lium
2839 927 3233 1009 pontiﬁcum.

2234 1052 2412 1126 [Apud
2446 1052 2670 1131 Maltill.,
2704 1052 2816 1107 νει.
2849 1053 3082 1108 Aualect.
3108 1067 3230 1107 nov.
3255 1051 3373 1116 ed.,
3393 1048 3505 1104 col.
3529 1045 3686 1117 366]

2545 1147 2597 1200 1.
2641 1144 2886 1214 Episcopi
2913 1143 3366 1213 Saltzburgenses.

2161 1236 2316 1291 Dicta
2341 1235 2564 1290 Juvavo-
2578 1235 2676 1289 fuit
2702 1234 2975 1304 quondam
3004 1231 3322 1301 metr0polis
3352 1230 3461 1285 ista
3480 1268 3498 1292 ,

2161 1328 2334 1396 Quam
2363 1328 2540 1399 primo
2571 1327 2799 1382 fundans
2828 1325 3129 1380 llrodberto
3163 1331 3383 1379 rexerat
3410 1322 3612 1397 almus.

2145 1411 2292 1476 'Post
2325 1420 2470 1474 hunc
2494 1417 2686 1472 Vitalis
2708 1417 2934 1472 antistes
2958 1415 3096 1471 rexit
3117 1414 3385 1469 eamdem.

2163 1508 2336 1579 Ipsius
2359 1507 2483 1562 inde
2515 1505 2863 1576 Flobargisus
2882 1544 2897 1570 ,
2927 1503 3019 1574 qui
3050 1510 3136 1557 est
3164 1493 3331 1556 fultus
3358 1496 3609 1553 honoris.

2164 1602 2401 1671 Quartus
2427 1599 2699 1656 Iohannes
2730 1600 2945 1664 fuerat,
2991 1598 3283 1666 sedemque
3310 1592 3577 1663 regendo.

2164 1695 2388 1751 Advena
2417 1694 2674 1767 Virgilius
2704 1702 2950 1749 statuens
2983 1708 3145 1763 quam
3166 1689 3411 1761 plurima
3438 1687 3668 1757 quintus.

2166 1786 2334 1842 Multo
2360 1787 2513 1856 plura
2540 1800 2734 1857 gerens
2764 1785 2911 1839 Arno
2933 1798 3101 1854 super
3126 1781 3308 1837 omnia
3336 1788 3552 1833 sextus.

2091 1851 2138 1913 Β
2167 1851 2441 1951 Septimus
2462 1851 2589 1935 hin'c
2618 1877 2878 1933 successit
2905 1851 3161 1930 Adalram
3189 1879 3383 1943 pastor
3410 1869 3627 1939 opimus

2165 1970 2431 2039 Tempore
2443 1981 2677 2037 namque
2691 1981 2789 2021 suo
2804 1973 3052 2019 statuens
3065 1977 3228 2031 quam
3250 1958 3491 2030 plurima
3514 1952 3735 2025 pulchre.

2161 2062 2398 2116 Octavus
2424 2060 2648 2114 veniens
2681 2057 3102 2125 Liuphrammus
3124 2050 3321 2124 praesul
3345 2048 3547 2114 ovilis,

2162 2149 2406 2205 Ofﬁcium
2436 2147 2949 2217 Dominitrenovans
2974 2141 3267 2197 formosius
3289 2152 3472 2207 asque.

2443 2240 2501 2295 2.
2559 2236 2948 2306 Arciciepiscopi
3002 2231 3473 2300 Saltzburgenm.

2160 2334 2263 2390 Hic
2287 2332 2469 2396 locus,
2502 2340 2561 2384 ut
2591 2324 3010 2391 fertur,.dudum
3039 2321 3249 2377 Juvavo
3275 2327 3545 2380 vocatus,

2154 2406 2158 2411 ’
2231 2424 2457 2494 Magnus
2481 2421 2688 2477 honore
2714 2417 2852 2481 fuit,
2881 2424 2942 2470 ut
2966 2413 3128 2469 modo
3156 2412 3309 2481 signa
3340 2407 3609 2478 probant,

2160 2510 2426 2585 Tempore
2452 2527 2559 2583 quo
2593 2517 2806 2581 gentem
2836 2504 3172 2562 Hrodbertus
3197 2501 3494 2571 episcopus
3522 2499 3671 2551 istan

2230 2607 2497 2669 Rexerat,
2526 2613 2581 2657 et
2602 2600 2803 2657 struxit
2828 2598 2972 2654 sedis
2995 2595 3137 2652 ovile
3159 2607 3384 2648 sacrum
3408 2590 3498 2644 hic
3520 2606 3535 2641 :

2158 2706 2218 2761 in
2250 2718 2352 2773 qua
2380 2699 2667 2772 pontifices
2696 2697 2894 2753 multos
2923 2700 3044 2764 post
3074 2691 3178 2746 rite
3206 2688 3471 2743 sedentes

2230 2795 2343 2851 Arn
2374 2791 2639 2849 successit
2664 2805 2832 2845 ovans
2859 2797 3039 2842 rector
3066 2783 3209 2840 ovile
3245 2788 3466 2850 regens.

2161 2888 2333 2957 Quem
2359 2884 2589 2941 Carolus
2620 2883 2870 2954 princeps
2894 2878 3044 2949 regni
3076 2873 3403 2945 superauxit
3429 2868 3626 2922 honore

2229 2975 2700 3035 Archisaeerdotis
2714 3014 2728 3039 ,
2756 2971 2979 3042 dignior
2992 2977 3050 3024 ut
3076 2967 3248 3020 fieret.

2159 3072 2329 3141 Quem
2360 3069 2470 3124 Leo
2495 3081 2634 3137 papa
2657 3064 2743 3120 sui
2773 3070 2922 3117 veste
2962 3058 3181 3115 vestivit
3207 3051 3465 3113 honoris,

2085 3191 2130 3252 ρ
2230 3163 2298 3217 Ει
2323 3160 2604 3231 privilegia
2635 3158 2770 3211 dans
2803 3169 2925 3208 mox
2955 3148 3381 3251 solidavitreum.

2165 3254 2235 3310 Ut
2258 3252 2496 3321 regionis
2522 3264 2657 3320 apex
2700 3263 2763 3302 ac
2794 3256 3038 3300 summus
3063 3239 3345 3310 episcopus
3383 3238 3566 3292 esset,

2233 3342 2480 3411 Urbsque
2504 3341 2621 3395 haec
2648 3334 2962 3405 metropolis
2986 3342 3198 3399 tempus
3224 3329 3278 3382 in
3304 3339 3467 3379 omne
3493 3322 3654 3376 foret.

2160 3433 2296 3489 Huic
2324 3429 2582 3487 successit
2612 3426 2994 3481 Adalrammus
3022 3418 3250 3474 antestis
3280 3425 3527 3475 amatus,

2228 3525 2398 3592 Quem
2421 3536 2559 3593 papa
2580 3518 2850 3588 Eugenius
2870 3513 3102 3582 compsit
3123 3513 3321 3566 honore
3345 3507 3453 3577 pio.

2157 3616 2289 3671 Post
2315 3615 2460 3668 hunc
2486 3609 2751 3666 successit
2774 3606 3191 3676 Liupbrammus
3220 3601 3321 3653 rite
3348 3596 3657 3656 εδοξε-ὼε.-

2227 3709 2469 3764 Functus
2493 3701 2771 3775 apostolici
2801 3712 3026 3754 munere
3057 3692 3323 3765 Gregorii.

2158 3799 2292 3853 Nam
2321 3797 2465 3850 velut
2490 3792 2956 3850 areltisacerdotes
2990 3789 3043 3842 in
3086 3786 3215 3841 sede
3242 3787 3584 3841 manentes...

2229 3888 2492 3961 Legitime
2516 3885 2685 3941 functi
2714 3883 2935 3938 numine
2961 3878 3285 3950 apostolico.

2157 3979 2396 4034 Plurima
2422 3974 2651 4031 diversis
2675 3979 2992 4028 struxerunt
3011 3977 3294 4023 stemmata
3320 3965 3485 4019 rebus
3502 4001 3545 4024 ,-

2232 4068 2302 4124 Ut
2323 4068 2440 4121 vice
2468 4065 2696 4135 quisque
2718 4077 2815 4116 sua
2836 4060 3039 4129 optime
3060 4055 3332 4128 praevaluit
3358 4073 3373 4107 :

2158 4160 2254 4216 Sic
2280 4158 2520 4226 reliquos
2546 4152 2971 4208 successoresin
2996 4151 3126 4205 sede
3151 4148 3377 4203 futuros.

2227 4247 2376 4302 Talia
2401 4254 2526 4299 vota
2551 4242 2711 4299 simul
2733 4256 2948 4311 semper
2968 4241 3170 4294 habere
3198 4236 3369 4291 decet.

2154 4338 2377 4395 Cunctis
2402 4334 2691 4407 praeteritis
2720 4332 2964 4402 patribus
2991 4327 3155 4384 simul
3182 4335 3337 4394 atque
3368 4321 3573 4377 futuris

2226 4432 2400 4486 Donet
2433 4429 2486 4483 in
2517 4441 2642 4481 arce
2666 4424 2771 4495 poli
2799 4422 2993 4494 gaudia
3021 4435 3213 4489 magna
3245 4417 3382 4470 Deus
3410 4433 3425 4468 :

2077 4533 2128 4593 Β
2154 4521 2226 4577 Ει
2249 4520 2461 4575 veniam
2489 4516 2753 4572 scelerum
2779 4509 3035 4579 subjectis
3063 4514 3278 4578 prmstet
3302 4519 3487 4559 eorum
3507 4541 3527 4569 ,

2224 4613 2293 4667 Et
2321 4608 2556 4681 gaudere
2587 4605 2748 4662 simul
2778 4604 2831 4658 in
2865 4601 3048 4672 requie
3068 4600 3289 4671 jugiter.

2540 4723 2596 4776 5.
2638 4717 2886 4789 Episcopi
2920 4716 3336 4785 Ratisponemes.

2154 4816 2256 4872 llic
2285 4811 2607 4883 Reginensis
2631 4810 2777 4864 sedis
2807 4808 3073 4863 vocitatur
3098 4807 3166 4861 ab
3195 4804 3325 4859 urbe

2154 4907 2325 4975 Quam
2351 4902 2493 4959 rexit
2524 4900 2704 4973 primo
2741 4898 3054 4966 Wieterpus
3082 4896 3363 4965 episcopus
3390 4892 3499 4946 ille.

2154 4998 2281 5052 Post
2310 4996 2447 5050 alius
2470 4990 2829 5061 Cauvipaldus
2855 4987 3193 5060 qui’nominc
3219 4987 3416 5041 dictus.

2155 5086 2372 5143 Tertius
2401 5082 2664 5144 Sigiricus
2692 5088 2813 5134 erat
2835 5086 3084 5134 sacratus
3111 5076 3180 5130 ad
3210 5075 3423 5129 aulam-
