3988 6422
207 282 227 335 l
239 279 343 335 209

202 390 558 449 Corbiniacus
577 405 746 448 ovans
773 406 933 463 quam
958 392 1174 463 primus
1197 400 1412 447 rexerat
1436 391 1631 447 almus.

199 484 328 537 lmle
353 482 448 537 Dei
476 481 706 539 famulus
735 483 1087 553 Ermperhtus
1133 482 1350 538 nomine
1380 482 1538 536 sedit.

202 573 417 629 Tertius
446 572 572 627 hinc
598 572 825 643 Joseph,
853 572 1143 644 praeclarus
1170 586 1361 640 nempe
1387 571 1666 641 magister.

198 663 380 732 Arpeo
408 668 632 731 quartus
655 671 773 717 erat
794 662 1022 717 facundo
1050 660 1250 716 famine
1281 659 1472 715 fretus.

198 752 428 818 Quintus
456 751 803 821 apostolicam
835 752 1007 805 tenuit
1034 752 1153 820 pius
1176 751 1305 804 Atto
1335 750 1673 805 cathedram.

198 844 327 897 Post
351 842 495 896 hunc
523 841 671 896 Hitto
696 850 849 911 pater
872 841 1051 896 sedem
1075 842 1187 911 jam
1218 849 1438 895 rexerat
1465 840 1663 893 almus.

197 930 407 997 Exhinc
432 932 694 987 successit
721 932 1094 1001 Erchanperht
1119 939 1303 1000 pastor
1327 939 1560 985 amatus.

195 1022 337 1078 Ecce
363 1022 485 1092 pius
509 1022 695 1077 sedem
724 1036 961 1092 praesens
988 1037 1130 1077 nunc
1157 1022 1315 1076 Anno
1343 1021 1629 1090 gubernat.

621 1130 676 1185 5.
729 1130 1065 1186 Patavienses
1107 1132 1352 1203 episcopi.

188 1244 530 1300 .Pattaviensi
559 1259 690 1317 ergo
717 1245 829 1300 sedi
872 1255 956 1300 est
987 1245 1102 1301 haec
1128 1244 1251 1299 aula
1281 1244 1455 1300 dicata
1473 1286 1490 1311 ,

194 1334 369 1402 Quam
399 1336 571 1388 tenuit
597 1337 772 1404 primo
805 1335 1058 1391 Vivolvus
1081 1336 1193 1406 jam
1220 1337 1335 1406 ipse
1359 1335 1637 1390 sacerdos.

191 1423 425 1479 Nomine
453 1434 575 1494 post
606 1425 755 1480 illum
783 1426 1011 1480 antistes
1040 1441 1165 1481 mox
1190 1425 1294 1481 rite
1322 1426 1537 1481 Beatus.

198 1514 417 1569 Tertius
441 1523 526 1569 est
551 1516 750 1569 etenim
778 1516 1031 1571 Sidonius
1052 1526 1243 1572 auctus
1268 1518 1492 1571 honore.

197 1604 527 1660 Anthelmus
554 1615 779 1674 quartus
822 1608 1030 1662 meritis
1057 1616 1111 1661 et
1143 1608 1393 1678 dogmate
1422 1623 1664 1678 magnus.

191 1691 335 1747 Hinc
359 1692 665 1748 Wisuricus
694 1709 863 1749 ovans
891 1696 1034 1751 sedis
1062 1697 1373 1750 conscendit
1403 1696 1664 1751 honorem

191 1780 376 1853 Nuper
412 1781 721 1838 Waldricus
750 1782 876 1838 felix
908 1787 991 1839 vir
1019 1786 1071 1840 in
1098 1786 1287 1841 ordine
1315 1798 1521 1841 sextus.

176 1873 347 1930 .Nunc
371 1876 523 1930 sedet
546 1876 774 1931 antistes
818 1890 1045 1947 magnus
1072 1876 1145 1931 ili.
1180 1879 1322 1933 sedis
1346 1879 1605 1933 honorem
1634 1878 1731 1949 (Ἰ).

610 1984 663 2038 6.
705 1983 950 2054 EpiscOpi
974 1984 1341 2041 Sabionenscs.

174 2092 318 2151 'Hzec
348 2094 494 2150 sedis
524 2095 680 2149 vallis
704 2094 985 2150 Noricanm
1014 2097 1156 2151 dicta
1182 2097 1391 2153 Sebana
1410 2140 1426 2165 ,

187 2187 517 2257 lngenuinus
547 2188 752 2243 habens
787 2190 963 2257 primo
989 2205 1151 2258 quam
1196 2200 1409 2245 rexerat
1436 2190 1628 2245 almus.

188 2276 419 2330 Mastulo
445 2278 711 2332 secundus
739 2277 981 2347 seditque
1017 2280 1250 2349 regendo
1274 2281 1608 2335 cathedram.

192 2365 320 2419 Post
348 2365 493 2419 illum
522 2375 709 2435 pastor
736 2366 975 2420 servavit
1000 2367 1139 2422 ovile
1167 2366 1426 2423 Joannes.

183 2453 401 2508 ~Pr:esul
428 2455 635 2510 Alimus
657 2464 774 2509 erat
799 2456 1010 2510 meritis
1038 2457 1130 2526 qui
1160 2467 1214 2512 et
1241 2459 1493 2527 dogmate
1521 2468 1768 2530 quartus.

186 2548 424 2615 Quintus
451 2551 656 2604 honore
681 2549 838 2604 sedet
866 2548 938 2603 ill.
966 2548 1137 2606 fultus
1175 2553 1363 2606 eodem
1391 2551 1488 2622 (8).

325 2658 664 2729 Epitaphium
703 2656 913 2729 Virgilii
933 2660 1158 2729 episcopi
1178 2658 1626 2729 Saltaburgensis.

189 2765 291 2823 llic
321 2777 476 2838 pater
502 2778 557 2822 et
583 2775 793 2838 pastor,
824 2768 1044 2824 humilis
1068 2769 1365 2841 doctusque
1392 2773 1675 2835 sacerdos,

186 2855 428 2927 Corpore
457 2857 715 2929 Virgilius
741 2869 965 2928 pausat,
997 2874 1158 2929 quem
1186 2859 1484 2917 Hiber-nica
1515 2862 1673 2918 tellus

187 2946 517 3016 Disponente
544 2947 651 3002 Deo
679 2957 862 3017 partes
890 2949 1088 3003 direxit
1114 2950 1167 3003 in
1197 2951 1360 3014 istas,

189 3038 404 3107 Quique
431 3039 651 3108 regebat
676 3054 847 3093 ovans
872 3041 1153 3109 praesentis
1189 3041 1421 3095 culmina
1451 3042 1595 3098 sedis

188 3128 384 3184 Fertne
417 3129 784 3199 quaterdenos
813 3129 995 3185 charis
1024 3144 1145 3185 cum
1189 3129 1450 3186 fratribus
1481 3148 1653 3188 annos
1679 3150 1695 3187 :

183 3222 236 3279 Δ
264 3220 460 3291 quibus
481 3219 571 3275 ille
601 3229 656 3275 et
679 3228 892 3276 amatus
919 3229 1070 3286 erat,
1102 3221 1192 3291 pie
1223 3236 1361 3290 quos
1389 3229 1444 3276 et
1472 3223 1698 3286 amavit.
1780 3284 1788 3291 .

189 3312 411 3367 Interim
442 3320 498 3367 et
521 3311 696 3366 erexit
724 3312 949 3381 pulchro
978 3312 1254 3368 molimine
1283 3312 1445 3367 multa

195 3402 412 3473 Templa
434 3444 450 3469 ,
481 3402 599 3473 loco
628 3404 874 3473 quaedam
902 3420 1045 3459 nunc
1072 3420 1193 3474 quae
1235 3416 1535 3462 cernuntur
1559 3407 1613 3461 in
1642 3408 1766 3464 isto.

191 3494 418 3565 Insuper
440 3503 494 3550 et
517 3495 730 3551 miseris
774 3494 957 3565 largus
985 3495 1143 3549 simul
1172 3496 1422 3551 omnibus
1449 3505 1629 3567 aptus.

187 3582 296 3639 Pro
319 3598 427 3654 quo
445 3624 461 3650 ,
492 3585 722 3655 quisque
751 3584 884 3655 legis
913 3598 1131 3649 versus,
1161 3599 1321 3641 orare
1349 3595 1643 3642 memento.

239 3703 579 3775 Epitaphium
601 3703 826 3759 Arrianis
861 3705 1236 3776 archiepiscopi
1265 3704 1708 3776 Sahzburgcnsis.

190 3815 430 3887 Quisque
457 3817 592 3872 velis
617 3824 862 3886 cryptam
889 3816 1190 3872 subsistens
1218 3832 1397 3883 nosse,
1425 3818 1624 3878 viator.

191 3905 342 3961 Scito
373 3906 516 3976 quod
546 3907 660 3976 ipse
687 3906 821 3960 mihi
850 3906 1005 3961 vivus
1031 3906 1172 3961 hanc
1198 3908 1348 3963 Arno
1373 3907 1591 3979 peregi,

190 3995 292 4063 Qui
317 3996 526 4051 fueram
557 4004 738 4050 rector
766 3996 1048 4066 praesentis
1076 3997 1317 4066 regmine
1341 3997 1484 4052 sedis
1506 4036 1521 4061 ,

187 4087 271 4143 Ac
295 4089 487 4157 opibus
523 4086 736 4153 multis,
765 4084 1041 4155 multoque
1066 4086 1271 4156 potitus
1296 4086 1502 4141 honore
1535 4105 1547 4117 ο

190 4176 347 4233 Nunc
376 4178 465 4232 hic
492 4176 711 4231 omissis
736 4176 969 4239 cunctis,
996 4190 1113 4230 mea
1141 4174 1382 4229 membra
1409 4175 1714 4244 quiescunt.

189 4268 269 4325 Te
293 4283 447 4339 rogo,
474 4282 616 4322 nunc
644 4267 929 4321 Dominum
955 4265 1205 4337 precibus
1224 4265 1440 4335 pulsare
1470 4281 1762 4330 memento,

190 4360 268 4416 Ut
301 4359 431 4414 mihi
456 4359 549 4413 det
580 4359 795 4413 veniam
843 4358 1110 4413 scelerum
1140 4371 1475 4427 quaecunque
1504 4358 1712 4427 patravi
1745 4376 1759 4412 :

190 4452 471 4519 Quatenus
496 4460 754 4506 aeternam
781 4465 993 4507 merear
1014 4450 1262 4505 habitare
1280 4449 1540 4518 quietem.

190 4559 527 4632 Epitaphium
555 4557 886 4612 Adalrammi
912 4557 1286 4627 archiepiscopi
1318 4555 1759 4627 Saltaburgensis.

192 4667 321 4724 Sum
339 4667 400 4741 [ι.
417 4666 521 4742 Τυ]
534 4667 678 4737 quod
694 4682 753 4723 es
773 4667 887 4737 ipse
906 4666 1004 4733 fui,
1019 4676 1074 4721 tu
1092 4681 1235 4722 nunc
1248 4666 1541 4736 perpende,
1565 4667 1761 4734 viator,

261 4758 613 4814 Communem
642 4765 698 4812 et
719 4772 926 4813 mecum
951 4758 1365 4812 commiseresce
1390 4758 1563 4812 vicem
1601 4772 1617 4811 :

193 4847 345 4904 Nunc
367 4850 504 4904 vivis
522 4890 537 4915 ,
560 4849 735 4918 spiras
754 4888 769 4912 ,
796 4856 852 4903 et
879 4848 997 4917 agis
1024 4847 1256 4902 fortasse
1290 4848 1432 4917 quod
1465 4857 1619 4918 optas
1637 4889 1652 4914 ,

262 4939 438 5009 Atque
466 4939 572 4994 tuis
604 4939 835 4993 mundus
863 4938 1046 4993 usibus
1070 4938 1186 5008 ipse
1209 4946 1376 5008 patet.

190 5030 276 5088 Ad
307 5040 491 5087 votum
517 5030 847 5087 famulantur
869 5046 1021 5101 opes,
1051 5030 1432 5102 elementaque
1462 5031 1691 5097 cedunt,

262 5122 341 5177 Ac
365 5136 547 5177 rerum
577 5122 746 5177 servit
779 5123 1027 5177 machina
1061 5123 1201 5177 trina
1228 5124 1343 5179 tibi.

197 5210 339 5270 Usus
361 5221 415 5267 et
441 5213 524 5267 his
554 5228 682 5283 ego,
709 5212 834 5267 dum
859 5228 1095 5283 przcsens
1124 5214 1255 5267 mihi
1286 5214 1397 5268 vita
1430 5198 1692 5275 maneret,

264 5300 459 5359 Ouinia
479 5312 533 5359 et
552 5304 665 5357 haec
693 5302 854 5357 habui
879 5304 1254 5373 suppeditante
1284 5303 1415 5360 Deo.

193 5394 267 5449 At
284 5409 407 5449 cum
434 5394 679 5449 lallacem
700 5395 905 5449 vultum
936 5393 1147 5449 fortuna
1174 5396 1411 5465 recepit,

266 5483 352 5539 Me
378 5498 496 5539 mea
525 5494 652 5539 tunc
680 5483 839 5540 modo
863 5484 975 5555 jam
1004 5498 1111 5540 non
1140 5485 1398 5542 habuisse
1426 5484 1619 5557 liquet.

267 5631 344 5705 (7)
382 5631 617 5690 Urolfus.

1387 278 1523 334 BV]
1561 276 1875 334 CABOLINI
1915 277 2244 335 CARMINA.

3308 291 3449 348 ηιο

1799 394 1849 450 Α
1874 388 2045 446 Amisi
2073 393 2167 447 sed
2197 409 2302 449 non
2338 408 2453 451 mea
2486 402 2649 461 nunc,
2676 412 2795 467 quae
2832 407 3103 457 sunt'mea
3124 417 3371 471 mecum,

1944 482 2130 538 Sentio
2160 498 2175 537 :
2206 500 2305 555 pro
2334 487 2496 542 simili
2522 490 2830 544 conditione
2864 505 3039 561 geme.

1871 570 2054 627 Flecte
2074 573 2237 628 etiam
2266 576 2518 644 precibus
2543 591 2642 647 pro
2662 593 2751 633 me
2766 577 3100 651 jamjamque
3124 581 3447 651 Tonantem,

1940 664 2117 731 Atque
2144 665 2339 722 anima:
2365 668 2602 735 veniam,
2633 684 2845 738 quaeso,
2869 685 3098 740 precare
3128 689 3280 728 mem.

1871 752 2034 809 Dicor
2059 756 2470 826 Adalrammus,
2507 760 2718 818 fueram
2746 765 2839 833 qui
2876 773 3053 821 rector
3077 766 3234 821 ovilis

1944 846 2234 903 Praesentis
2269 850 2479 905 Domini
2511 853 2671 908 istius
2698 855 2964 911 ecclesiae.

1871 935 2080 1007 Corpus
2103 939 2435 1027 Adalrammi
2454 984 2469 1009 ,
2510 946 2652 1013 quod
2677 947 2907 1015 praesule
2935 946 3113 1007 ﬂoruit
3140 950 3269 1005 urbs
3296 950 3409 1005 ha‘c
3432 991 3448 1015 ,

1894 1044 1899 1052 '
1943 1027 2072 1084 Haec
2098 1030 2199 1085 sub
2228 1031 2368 1088 mole
2386 1033 2563 1103 jacet,
2594 1044 2650 1090 tu
2682 1052 2832 1106 rape,
2869 1037 3104 1104 Christe,
3134 1039 3387 1096 animam.

2437 1124 2597 1197 Aliud
2628 1127 2881 1196 ejusdem.

1873 1207 1929 1265 Si
1959 1210 2082 1280 quis
2106 1228 2213 1267 non
2245 1214 2427 1270 valeas
2452 1232 2699 1286 praesens
2722 1235 2845 1273 cum
2869 1236 3007 1276 voce
3030 1220 3241 1278 referre
3257 1264 3272 1289 ,

1943 1302 2135 1371 Qualia
2160 1306 2273 1377 jam
2298 1306 2515 1363 fuerant
2548 1309 2821 1378 pontificis
2851 1313 3047 1368 merita
3076 1330 3093 1368 :

1862 1396 2034 1454 Solve
2064 1406 2244 1454 tamen
2274 1402 2505 1471 gemitus
2535 1417 2689 1459 more
2716 1414 3053 1475 conpunctus
3079 1406 3275 1473 amici,

1943 1490 2096 1559 Quod
2123 1493 2231 1549 cito
2254 1494 2508 1566 migravit
2537 1504 2717 1552 tantus
2740 1512 2927 1553 amore
2954 1497 3134 1565 Pater,

1871 1580 2098 1639 Nomine
2124 1584 2503 1642 Adalrammus
2520 1628 2535 1653 ,
2560 1588 2743 1642 sedem
2775 1590 2867 1657 qui
2897 1597 3117 1644 rexerat
3144 1590 3303 1645 istam
3327 1630 3343 1657 ,

1944 1673 2111 1744 Cujus
2140 1676 2190 1730 in
2222 1677 2322 1730 hac
2351 1676 2474 1731 aula
2506 1677 2749 1733 membra
2778 1678 2985 1748 sepulta
3008 1679 3214 1749 jacent.

1803 1746 1847 1804 Β
1876 1767 2143 1823 Strenuus
2168 1767 2287 1837 ipse
2305 1768 2614 1825 ministerio
2643 1783 2808 1837 super
2840 1768 3020 1823 omnia
3051 1783 3209 1823 sacro
3228 1808 3244 1834 ,

1946 1858 2016 1915 Ut
2041 1859 2254 1924 decuit,
2286 1859 2460 1915 fuerat
2487 1876 2585 1930 per
2614 1862 2718 1915 tria
2747 1860 2917 1915 lustra
2944 1862 3155 1931 vigens.

1872 1948 2278 2006 Creditur'hinc
2305 1953 2541 2005 animam
2571 1951 2806 2022 gaudere
2837 1967 2935 2022 per
2960 1954 3069 2007 alta
3092 1942 3340 2022 polorum
3360 1991 3378 2017 ,

1942 2040 2059 2107 Quo
2078 2041 2337 2097 Dominus
2359 2043 2569 2097 meritis
2589 2043 2806 2112 praemia
2830 2042 3096 2097 retribuit.

1874 2132 1981 2187 Pro
2008 2149 2113 2203 qua
2143 2134 2235 2203 qui
2268 2136 2466 2189 recitas
2492 2149 2678 2190 versus
2697 2176 2711 2199 ,
2739 2134 2828 2189 die
2852 2144 3073 2206 pectore
3104 2150 3238 2204 puro
3266 2152 3281 2189 :

1946 2224 2053 2289 Da,
2086 2225 2311 2278 Domine
2353 2226 2611 2291 clemens,
2640 2225 2765 2281 huic
2791 2229 2983 2281 animae
3018 2227 3262 2295 requiem

1875 2314 1946 2370 Ut
1970 2329 2093 2369 cum
2122 2315 2356 2372 viviﬁcet
2379 2316 2590 2386 salpinx
2622 2319 2763 2373 hanc
2793 2317 2983 2372 ultima
3013 2332 3180 2373 carne
3200 2358 3221 2384 ,

1944 2404 2213 2474 [ntegrum
2248 2407 2417 2461 facias
2447 2408 2641 2478 gaudia
2670 2408 2795 2463 bina
2825 2408 2952 2462 frui.

1874 2513 2214 2587 Epitaphium
2229 2517 2592 2587 Liuphrammi
2616 2518 2990 2590 archiepiscopi
3006 2517 3449 2590 Saltzburgensis.

1872 2627 2057 2682 Palma
2089 2630 2464 2699 sacerdotum,
2494 2643 2678 2684 rerum
2710 2628 2959 2684 doctrina
2990 2628 3285 2692 bonarum,

1945 2718 2199 2774 Ecclesiae
2224 2720 2510 2789 princeps,
2542 2718 2693 2774 sidus
2714 2719 2771 2773 in
2804 2721 2935 2775 orbe
2962 2719 3201 2783 micans,

1872 2807 1919 2864 0
1948 2809 2328 2879 Liuphramme
2353 2820 2507 2881 pater
2536 2811 2755 2881 inopum
2775 2850 2790 2876 ,
2820 2817 2970 2867 tutor
2995 2811 3319 2866 miserorum

1945 2899 2141 2956 Omnia
2166 2910 2220 2956 tu
2248 2903 2499 2973 peragis,
2521 2902 2761 2971 jusserat
2789 2911 2848 2957 ut
2874 2902 3154 2957 Dominus.

1874 2990 1951 3047 Te
1978 3002 2207 3062 pastore
2230 2994 2393 3064 lupus
2420 3010 2652 3050 vacuum
2679 2995 2994 3051 detraxerat
3023 2995 3201 3049 alvum
3222 3035 3240 3060 ,

1798 3091 1843 3154 ο
1946 3082 2203 3138 Latrandi
2234 3083 2431 3139 sciolos
2472 3085 2743 3139 nutrieras
2771 3084 3002 3139 catulos.

1873 3172 1940 3227 Et
1967 3175 2092 3243 quia
2124 3183 2317 3239 cuncta
2346 3176 2560 3245 placent
2591 3175 2810 3231 Christo
2840 3185 2927 3230 tua
2952 3185 3109 3247 gesta
3151 3191 3372 3243 sereno,

1946 3265 2181 3321 Ventilat
2210 3282 2276 3322 en
2302 3268 2525 3335 sordes,
2557 3276 2616 3322 ut
2640 3282 2771 3321 suus
2796 3281 2918 3322 esse
2942 3282 3130 3337 queas.

1871 3357 2128 3428 Castigat.
2144 3357 2383 3413 sobolem
2402 3397 2418 3423 ,
2452 3357 2648 3428 recipit
2674 3372 2835 3427 quam
2867 3367 3049 3412 rector
3080 3358 3134 3411 in
3158 3356 3375 3421 aulam,

1944 3448 2185 3503 Pulveris
2210 3457 2271 3503 ut
2299 3448 2542 3504 maculas
2565 3450 2819 3504 discutiat
2846 3449 3092 3519 pedibus.

1869 3538 2079 3608 Corpus
2110 3539 2272 3595 inane
2301 3540 2474 3603 cadit,
2504 3539 2697 3594 melior
2724 3554 2851 3609 pars
2890 3539 3016 3594 inde
3065 3539 3299 3609 resurgit
3324 3555 3340 3593 :

1942 3629 2094 3687 Nunc
2124 3640 2332 3687 aeterna
2360 3632 2573 3702 vigent,
2615 3639 2669 3685 et
2700 3629 2961 3687 moritura
2994 3639 3176 3686 ruunt.

1872 3720 2109 3790 Spiritus
2139 3721 2409 3777 exhilarat
2429 3761 2445 3787 ,
2472 3723 2728 3777 vitiorum
2756 3738 2938 3793 pugna
2967 3722 3192 3779 recedit.

1941 3811 2058 3867 Non
2086 3814 2260 3867 virtus
2292 3813 2486 3866 anima:
2512 3812 2827 3883 perficietur
2854 3814 2949 3869 ita.

1868 3902 2077 3959 Gaudia
2103 3903 2184 3958 sic
2208 3903 2369 3958 etiam
2401 3903 2656 3969 rutilant,
2684 3913 2905 3973 peccata
2939 3906 3212 3975 peribunt.

1938 3994 2139 4050 Tristia
2167 3995 2468 4065 despicias,
2500 4010 2760 4065 prospera
2792 3994 2898 4050 fata
2929 3996 3135 4050 videns.

1866 4085 1913 4142 Ο
1937 4102 2101 4156 quam
2129 4088 2286 4143 dulce
2317 4088 2407 4143 ﬁet
2437 4103 2659 4159 regnum
2678 4130 2692 4153 ,
2727 4088 2869 4158 quod
2917 4097 3128 4143 constat
3162 4089 3214 4143 in
3245 4089 3447 4143 aevum!

1938 4176 2092 4244 Quod
2116 4178 2235 4233 sine
2264 4187 2414 4247 peste
2443 4187 2625 4233 manet
2654 4187 2707 4233 et
2736 4178 2879 4234 bona
2903 4188 3097 4234 cuncta
3128 4181 3306 4235 tenet!

1866 4266 1923 4321 ln
1969 4282 2078 4337 quo
2120 4268 2381 4323 nobilium
2411 4276 2601 4322 turmas
2629 4268 2884 4322 lmtantur
2909 4284 3162 4333 avorum,

1938 4360 2005 4413 Et
2025 4360 2251 4429 cupiunt
2282 4361 2517 4429 patriam
2551 4375 2651 4415 nos
2683 4362 2921 4418 retinere
2956 4378 3131 4417 suam.

1787 4439 1843 4500 D
1869 4450 1948 4508 Ac
1978 4452 2138 4507 simul
2165 4461 2220 4508 et
2241 4462 2441 4508 sancta:
2471 4464 2675 4511 matres
2700 4466 2970 4526 castaeque
3000 4472 3235 4522 sorores,

1942 4544 2203 4613 Optantes
2227 4545 2496 4615 placidam
2530 4563 2630 4602 nos
2656 4563 2900 4605 remeare
2925 4550 3086 4603 viam.

1871 4639 2092 4707 insuper
2115 4637 2470 4709 Omnipotens
2491 4680 2505 4705 ,
2537 4648 2746 4694 cunctae
2772 4639 3027 4696 bonitatis
3054 4642 3205 4711 origo
3231 4683 3245 4707 ,

1940 4731 2049 4786 Nos
2073 4746 2365 4801 properare
2388 4731 2573 4802 jubet,
2605 4740 2660 4787 et
2693 4733 2894 4803 pietate
2915 4734 3091 4804 juvat.

1870 4821 1970 4890 Qui
2000 4832 2051 4878 te
2076 4831 2338 4893 perpetuo
2361 4838 2554 4877 sanum
2596 4825 2857 4893 perducat
2885 4826 2951 4879 ad
2981 4825 3129 4879 illum
3148 4866 3164 4891 ,

1940 4911 2009 4967 Ut
2038 4913 2223 4968 laudes
2245 4912 2445 4968 Christi
2480 4928 2675 4968 nomen
2705 4913 2757 4968 in
2785 4930 2910 4969 arce
2935 4914 3062 4985 poli.

2364 5024 2445 5079 De
2484 5026 2657 5081 Ariete
2686 5027 2944 5097 episcopo.

1868 5113 2074 5170 Nobilis
2100 5112 2243 5170 hanc
2263 5114 2421 5169 Aries
2445 5116 2765 5186 cognomine
2789 5116 2965 5172 dictus
2994 5118 3168 5184 avito,

1939 5206 2232 5276 Dignanter
2256 5207 2500 5261 chartam
2531 5207 2769 5277 perlegat
2795 5224 2890 5263 ore
2915 5224 3093 5265 sacro.

1870 5296 2020 5362 lure,
2050 5295 2230 5362 Pater,
2258 5298 2352 5351 tali
2385 5297 2640 5354 vocitaris
2668 5300 2889 5356 nomine
2914 5308 3120 5363 sancte,

1940 5386 2229 5442 Caularum
2263 5388 2473 5443 Domini
2496 5388 2586 5459 qui
2616 5390 2753 5445 bene
2785 5391 2962 5460 pascis
2988 5401 3156 5447 oves.‘

1872 5479 1987 5533 Dux
2011 5477 2170 5533 Aries
2196 5478 2374 5550 gregis
2396 5480 2463 5535 ad
2490 5480 2656 5536 vitam
2674 5520 2689 5549 ,
2717 5481 2803 5536 cui
2833 5495 2991 5537 nemo
3015 5482 3217 5538 resistit
3242 5521 3260 5549 ,

1944 5632 2019 5706 (8)
2057 5632 2364 5692 Heinricus.
