3988 6474
582 292 712 346 1211

651 402 851 456 Factus
875 396 1167 469 apostolico
1193 403 1377 467 pastor
1397 396 1603 452 honore
1631 394 1789 450 cluis.

579 492 717 546 llinc
744 489 909 544 Elim
939 489 1088 544 locus
1116 496 1170 542 et
1200 486 1415 542 bisseno
1444 485 1592 542 fonte
1620 484 1881 540 redundat
1901 540 1913 550 ,

647 582 715 637 Et
739 580 933 652 palmis
968 588 1175 648 septem
1203 575 1432 647 frugifer
1455 584 1541 631 est
1567 575 1771 631 decies.

576 672 916 743 Quapropter
943 677 1148 741 pastor,
1177 666 1414 738 praesul,
1448 666 1611 722 Pater
1641 670 1803 736 atque
1831 664 2088 721 sacerdos
2107 705 2122 730 ,

652 764 708 818 In
730 777 896 833 prece
924 776 1086 832 quam
1116 759 1310 814 fundes
1327 798 1344 826 ,
1372 758 1447 814 sis
1470 773 1701 824 memor,
1727 771 1845 823 oro,
1874 757 1999 812 mei.

573 855 797 910 Advena
825 853 926 907 sim
958 852 1120 916 licet,
1160 850 1352 917 esilis,
1384 849 1710 913 vilissimus.
1760 864 1985 915 excors;

653 942 934 997 Sublestus
958 940 1157 995 vestris
1186 954 1307 995 sum
1335 948 1517 995 tamen
1544 939 1843 1009 obsequiis.

576 1032 706 1088 lnde
733 1047 944 1104 precor,
977 1032 1020 1086 si
1051 1030 1181 1102 quid
1211 1045 1433 1102 possum
1453 1070 1471 1096 ,
1498 1028 1764 1085 mandare
1788 1021 2056 1086 memento
2074 1064 2110 1095 ,η

648 1124 802 1191 Quod
829 1131 1079 1194 prompto
1106 1122 1300 1178 faciam
1325 1132 1547 1194 pectore
1572 1123 1807 1179 servitii.

578 1213 789 1268 Certius
819 1222 877 1267 ut
914 1215 1128 1279 credar,
1164 1228 1358 1283 precor
1387 1204 1665 1284 indulgere
1691 1212 1878 1268 velitis

650 1303 790 1359 Usus
819 1304 871 1358 in
896 1316 1112 1361 nostros
1140 1314 1199 1358 ut
1226 1303 1356 1360 salis
1382 1305 1659 1375 exiguum.

578 1390 670 1446 Sal
700 1392 967 1463 siquidem
996 1404 1197 1448 terram
1226 1392 1386 1448 debet
1412 1392 1635 1449 condire
1660 1393 1876 1449 fidelem
1909 1412 1920 1422 ·

651 1483 773 1538 Fiat
801 1492 860 1537 ut
888 1499 918 1537 a
957 1484 1111 1539 vobis
1147 1484 1198 1538 id
1228 1500 1448 1555 quoque
1482 1500 1667 1556 quaeso
1695 1486 1850 1540 mibi.

577 1575 913 1644 Corporeum
943 1575 1021 1630 sal
1048 1576 1317 1647 significet
1348 1592 1460 1631 rem
1497 1592 1660 1650 quam
1701 1589 1827 1648 peto
1852 1576 2090 1646 justam,

651 1665 805 1733 Quod
834 1676 1121 1738 praestare,
1153 1666 1336 1735 Pater,
1367 1668 1610 1738 supplico
1639 1669 1803 1724 citare
1831 1670 1983 1724 velis.

581 1756 661 1812 Tn
691 1758 769 1814 sal
796 1773 1031 1830 namque
1052 1767 1243 1830 potens
1271 1759 1401 1815 salis
1423 1761 1704 1831 impertire
1731 1775 1984 1831 saporem
2003 1801 2017 1826 ,

658 1850 808 1904 Esca:
837 1865 904 1904 ne
930 1859 1131 1905 nostra:
1170 1850 1274 1905 sint
1308 1850 1471 1906 nimis
1499 1850 1741 1920 insipidae

587 1938 718 2006 Qua:
745 1941 1030 2011 dignanter
1061 1956 1226 2011 agens
1249 1940 1303 1996 in
1340 1941 1538 1997 saecula
1567 1941 1685 1997 sine
1717 1940 1824 1999 ﬁne
1857 1941 1995 2007 ullo,

654 2027 921 2099 Perpetua
950 2029 1180 2085 antestis
1207 2030 1436 2085 obsecro
1456 2044 1589 2100 pace
1617 2029 1758 2085 vale.

1206 2117 1316 2173 HL.
1360 2118 1522 2174 REX.

579 2205 859 2263 inmensas
890 2217 1070 2276 grates
1103 2208 1355 2265 volumus
1385 2210 1480 2265 tibi
1509 2210 1692 2266 dicere
1711 2250 1726 2275 ,
1749 2210 1952 2275 Baldo,

582 2296 736 2363 Quod
772 2306 1092 2370 tua-magna
1121 2299 1254 2354 fides
1276 2299 1356 2354 sic
1388 2299 1712 2354 inconcussa
1739 2308 2006 2366 moratur,

582 2387 875 2445 Nobiscum
904 2389 1066 2444 dictis
1096 2389 1322 2445 firmasti
1360 2399 1418 2444 ut
1447 2398 1693 2459 tempore
1720 2390 1922 2460 prisco.

584 2475 828 2548 Namque
859 2479 1100 2533 animum
1132 2489 1381 2533 nostrum
1408 2481 1494 2548 pia
1526 2478 1803 2534 laetificant
1825 2487 1915 2533 tua
1944 2479 2166 2551 scripta,

581 2568 713 2635 Quae
739 2568 894 2624 nobis
925 2584 1066 2640 saepe
1097 2568 1301 2634 mittis,
1332 2568 1575 2624 hortaris
1603 2578 1658 2624 et
1682 2569 1884 2638 optime
1908 2568 2095 2635 nobis,

582 2658 652 2713 Et
677 2657 919 2713 bonitate
958 2667 1045 2712 tua
1074 2657 1269 2727 pandis
1295 2657 1347 2711 in
1377 2672 1562 2713 amore
1598 2658 1871 2728 benigno,

582 2747 715 2815 Qua:
744 2757 833 2803 tua
864 2749 943 2804 sic
964 2749 1122 2804 nobis
1150 2750 1323 2804 mittit
1351 2749 1589 2805 sollertia
1618 2763 1833 2821 magna.

584 2838 739 2894 Nunc
767 2854 898 2894 vero
924 2852 1097 2908 nuper
1127 2839 1327 2894 misisti
1356 2839 1480 2893 talia
1508 2840 1743 2909 scripta,

584 2928 703 2983 Non
734 2929 911 2999 potuit
942 2937 1113 2983 totum
1168 2938 1354 2984 noster
1382 2931 1524 2999 quod
1552 2943 1779 2985 noscere
1804 2944 1996 2986 sensus

585 3018 683 3073 Est
711 3019 837 3088 quia
866 3032 963 3087 per
988 3027 1157 3072 totum
1182 3026 1499 3074 contextum
1528 3020 1583 3073 in
1614 3019 1901 3091 aenigmate
1930 3020 2104 3078 firme.

587 3108 849 3164 Conscius
878 3110 993 3179 ipse
1019 3110 1128 3164 tuis
1158 3109 1288 3179 quid
1308 3124 1445 3180 opus
1475 3108 1753 3166 addiscere
1778 3110 1993 3167 verbis?

588 3200 704 3257 Hoc
729 3210 909 3256 tamen
935 3215 1158 3256 oramus
1178 3208 1238 3254 ut
1268 3200 1424 3255 nobis
1452 3200 1657 3270 pandas
1679 3207 1882 3272 aperte.

1171 3301 1601 3344 ADNOTATIONES.

657 3378 739 3434 Ex
766 3378 1062 3449 praemissis
1090 3378 1372 3449 versibus,
1417 3391 1554 3446 quos
1602 3376 1799 3449 sacqu
1826 3378 2171 3449 inscriptos

590 3446 1003 3504 fuisse'constat
1025 3487 1042 3514 ,
1071 3447 1376 3520 corrigendi
1399 3456 1534 3520 _sunt
1573 3446 1776 3520 vulgati
1820 3448 2028 3504 indices
2051 3446 2169 3520 epi-

588 3533 875 3588 scaporum
904 3517 1217 3586 metropolis
1246 3515 1703 3588 Saltaburgensis.

663 3586 731 3643 Et
754 3588 929 3657 primo
961 3587 1177 3655 quidem
1214 3600 1288 3660 _ex
1329 3586 2026 3660 classe’Saltzburgensium
2059 3589 2170 3660 epi-

590 3655 875 3727 scoporum
912 3655 1250 3727 expungendi
1299 3665 1426 3710 sunt
1473 3655 1806 3727 Ansalogus;
1848 3655 2172 3714 Savolus'et

593 3726 756 3783 Ezius
775 3767 790 3791 ,
815 3727 908 3797 qui
938 3735 1060 3797 post
1084 3726 1476 3797 Vitalemgapud
1499 3726 1768 3782 Hundium
1792 3736 2167 3783 recensentur.

593 3797 797 3854 Deinde
828 3795 953 3868 post
996 3795 1276 3867 Virgilium
1318 3795 1595 3853 Bertricus
1640 3810 1855 3867 quoque
1886 3811 2170 3853 removen-

591 3871 713 3925 dus.

667 3936 915 3992 Secundo
944 3935 1171 3989 multum
1219 3933 1549 3991 discriminis
1572 3943 1655 3990 est
1681 3937 1808 3991 item
1842 3936 1896 3991 in
1926 3935 2171 4006 catalogo

594 4007 812 4077 vulgato
850 4006 1223 4077 episcoporum
1251 4006 1719 4077 Ratisponensium
1744 4046 1760 4071 ,
1804 4021 2036 4077 quorum
2073 4007 2171 4061 du-

592 4073 717 4146 ι)ιεὶ
745 4084 829 4131 est
872 4073 1095 4146 classis;
1129 4073 1261 4146 Una
1278 4075 1651 4144 episcoporum
1679 4076 1771 4145 qui
1817 4073 1975 4143 quasi
2018 4085 2171 4131 extra

594 4143 842 4201 ordinem
884 4160 1005 4199 eam
1054 4143 1354 4198 Ecclesiam
1401 4143 1858 4209 rexerunt,‘octo
1909 4160 2168 4210 numero,

595 4228 790 4284 nempe
816 4213 876 4269 S.
904 4214 1117 4284 Lupus_,
1142 4212 1556 4284 Ratlrariusgts.
1591 4212 1895 4284 Rudpertus
1916 4255 1930 4275 ,
1963 4214 2019 4268 S.
2046 4214 2171 4269 Em-

598 4281 958 4347 merammus,
989 4281 1381 4353 SaErlrardus,
1424 4281 1726 4353 Albertus,
1746 4283 2168 4353 Yelipholtegus,

594 4354 914 4418 V'ioterbus,
942 4361 998 4408 et
1041 4349 1101 4407 S.
1130 4350 1450 4407 Winifridus
1485 4367 1579 4407 seu
1606 4349 1934 4409 Bonifacius.
1981 4349 2169 4409 Altera

596 4424 788 4479 classis
839 4434 922 4479 est
985 4423 1359 4494 episcoporum
1405 4430 1525 4494 post
1585 4423 1686 4494 hos
1731 4424 2165 4494 ordinariornm,

599 4472 829 4564 again.
843 4472 1526 4564 Samiae?cansam;
1546 4472 2169 4560 massinissae:
2200 4472 2249 4532 ι)

601 4561 847 4619 vibaldus
860 4561 1208 4619 Canvibadus
1233 4575 1328 4616 seu
1350 4561 1669 4630 appellatur.

667 4633 821 4712 Nulla
845 4643 929 4690 est
956 4634 1010 4712 in
1040 4631 1654 4712 Frisingensibusn‘nisi
1688 4644 1857 4712 penes
1887 4631 2166 4688 nominum

597 4701 1267 4772 lectionem,diversitas;
1318 4708 1375 4753 at
1421 4699 2167 4772 inﬂPataviensibusmagna

598 4782 702 4828 est.
729 4772 864 4827 Nam
893 4780 1019 4826 ante
1046 4769 1292 4825 Vivolum
1322 4783 1417 4824 seu
1444 4769 1744 4840 Vivilonem
1768 4809 1783 4834 ,
1819 4771 1909 4840 qui
1944 4771 2033 4825 hic
2058 4769 2168 4840 pri-

600 4859 721 4897 mus
748 4842 994 4905 habetur,
1026 4848 1400 4909 numeranturi
1416 4840 1557 4909 apud
1586 4838 1857 4893 Hundium
1886 4838 2168 4896 duodecim

599 4910 868 4982 episcopi,
895 4918 951 4965 et
972 4918 1095 4982 post
1118 4909 1348 4982 Vivilum
1376 4908 1572 4982 Beatus
1587 4910 1955 4982 desideratur.

671 4982 730 5035 In
753 4978 945 5035 ordine
972 4978 1386 5049 Sabionensium
1415 4980 1719 5049 antistitum
1738 5019 1754 5044 ,
1784 4978 1944 5049 vulgo
1972 4978 2167 5047 Seben,

601 5065 830 5121 quorum
865 5051 1043 5121 sedes,
1061 5057 1249 5121 postea
1268 5046 1571 5121 _Brisinum
1600 5048 1854 5121 migravit
1867 5046 1901 5121 ,ξ
1929 5058 2057 5121 ante
2084 5049 2170 5103 ln-

601 5116 890 5190 geriuinunr
915 5116 1139 5190 ponitur
1154 5117 1222 5190 _S_.
1241 5116 1574 5190 Cassianus;
1599 5127 1655 5190 et
1677 5116 2169 5190 postlngenuinum

601 5185 849 5245 undecim
878 5185 968 5242 alii
1001 5196 1125 5243 ante
1141 5185 1539 5253 ‘Mastulonem,
1568 5185 1761 5258 qui'in
1798 5185 1904 5244 bis'
1923 5188 2170 5244 versibus

599 5259 870 5315 secundus
897 5267 999 5313 est.

675 5328 809 5397 Quis
834 5328 908 5383 sit
931 5327 1090 5397 Aries
1112 5324 1417 5397 episcopus,
1440 5325 1626 5382 fictum
1648 5342 1715 5382 an
1738 5341 1925 5383 verum
1949 5340 2166 5392 nomen;

604 5394 795 5469 quisve
818 5397 970 5469 locus
990 5394 1159 5450 {eum
1178 5435 1193 5460 ,
1222 5394 1322 5469 ubi
1338 5394 1456 5469 ejus
1483 5397 1661 5462 sedes,
1686 5397 1840 5469 nobis
1866 5399 2175 5469 incomper-

607 5463 739 5523 tum.
767 5468 1138 5538 Alienigenam
1182 5479 1241 5521 se
1272 5463 1404 5521 dicit
1429 5475 1611 5537 poeta,
1652 5481 1709 5523 et
1752 5466 1935 5542 forsan
1966 5463 2176 5537 Anglus

675 5599 750 5670 (9)
867 5598 1135 5671 Florentii
1172 5597 1382 5671 Yeteris
1412 5595 1831 5671 (scim-florent
1855 5597 1902 5652 le
1932 5597 2086 5671 _Vt'eil)
2118 5598 2179 5671 in

603 5668 742 5741 pago
770 5669 1159 5742 Andegaveusi.
1195 5668 1577 5725 Monasterium
1600 5668 1905 5726 Glonnense
1932 5669 1987 5727 in
2024 5668 2179 5726 favil-

1692 281 2037 337 APPENDIX
2076 283 2163 337 AD
2206 281 2555 341 SrECULUM
2590 283 2684 340 IX.

2198 3118 2242 3180 C

3652 299 3749 358 ms

2192 411 2237 466 Α
2267 404 2402 470 erat.
2435 396 2600 470 Atqui
2629 397 2789 452 Aries
2819 397 3045 470 Anglica
3078 398 3270 470 lingua
3297 400 3554 470 Arqmme,
3579 420 3756 470 vocatur.

2265 466 2354 546 An
2391 467 2437 520 is
2468 466 2845 546 Atlal‘rammus
2887 466 3344 546 archiepiscopus
3385 466 3759 546 Saltzburgensisi

2261 535 2469 597 Fateor,
2485 550 2570 590 me
2595 536 2838 606 haerere,
2883 535 3127 592 maxime
3173 535 3301 592 cuin
3342 535 3758 606 vocabuluuizilla

2262 606 2446 677 nescio
2479 621 2587 677 quo
2610 615 2766 674 pacto
2798 604 3129 677 Saltzburgo
3158 607 3325 677 tribui
3350 610 3528 676 possit.

2334 676 2534 730 Eadem
2564 675 2735 730 ferme
2759 676 3049 752 difﬁcultas
3068 675 3416 752 'deBaldone
3448 681 3681 752 episcopo,
3712 690 3755 744 ad

2262 760 2423 814 quem
2451 756 2739 815 sequentes
2762 761 2971 801 versus.
2998 746 3052 801 ls
3080 746 3364 801 videretur
3386 746 3500 803 esse
3523 746 3755 812 Bardo'llo.

2262 815 2516 886 guntinus
2563 816 2761 886 Steculo
2804 832 2859 871 χι
2899 816 3171 886 antistes,
3219 817 3326 870 nisi
3378 818 3563 873 codicis
3588 823 3761 882 obsum

2263 885 2592 956 antiquitas,
2624 885 2862 956 itemque
2895 885 3164 956 Ludovici
3211 886 3356 956 regis
3381 902 3556 943 nomen
3582 895 3759 952 versibus

2263 954 2617 1028 inscriptum,
2644 957 2786 1024 quod
2827 955 2906 1028 de
2943 955 3231 1028 Ludovico
3276 954 3567 1012 Germaniae
3590 966 3761 1028 regem.

2264 1031 2551 1094 terpretor.
2584 1025 2764 1096 Atque
2796 1025 3349 1096 obliancirationem
3392 1041 3490 1096 non
3514 1025 3693 1096 possunt
3720 1033 3757 1089 hi

2262 1107 2470 1171 versus;
2491 1093 2783 1171 convenire
2808 1093 3075 1171 Waldoni
3110 1095 3378 1171 episcopo
3412 1093 3758 1171 Basileeusi,qui

2263 1173 2388 1246 ante
2419 1162 2969 1246 ‘Carolumuhlagnum
3008 1162 3215 1246 _vivere
3247 1162 3427 1219 desiit.
3456 1165 3551 1221 Sed
3582 1162 3760 1226 mnia

2263 1242 2393 1288 sunt
2418 1234 2553 1288 tanti
2589 1244 2649 1290 ut
2679 1234 2747 1290 iis
2774 1234 2977 1290 diutius
3006 1235 3395 1290 immoremur.

2974 1368 3121 1429 VII.

2325 1486 2677 1566 Rhythmici
2706 1474 2920 1549 versus
2956 1487 3030 1549 de
3069 1487 3391 1550 eversione
3423 1494 3714 1554 monasterii

2797 1567 3182 1629 Glonnensis
3216 1567 3330 1646 (9).

2262 1664 2506 1738 [Mablll.,
2545 1665 2740 1720 Annal.
2788 1666 2903 1720 0rd.
2939 1663 3299 1808 pS.7g’eit]ed.,
3343 1674 3462 1722 tom.
3485 1665 3538 1731 ll,
3581 1671 3754 1740 append,

2625 1844 2819 1901 Dulces
2848 1847 3036 1901 modos
3066 1854 3125 1902 et
3153 1851 3397 1903 carmina

2555 1934 2761 2001 Praebe,
2799 1935 2846 2006 ly
2856 1951 2913 1989 ra
2953 1936 3199 2002 Triceia,

2551 2026 2834 2081 Commota
2864 2025 2988 2096 quis
3011 2028 3305 2082 cacumina

2552 2114 2820 2172 Planxere
2854 2118 3223 2189 byperborea.

2625 2206 2833 2264 Montes
2861 2208 3134 2278 simulque
3164 2207 3386 2263 flumina

2562 2296 2654 2351 llla
2693 2305 2883 2367 putent
2919 2313 3069 2353 nunc
3085 2299 3331 2370 'orpbea,

2559 2387 3053 2459 Respondeantque
3082 2389 3350 2453 carmina,

2563 2477 2725 2533 Silva:
2761 2487 2960 2532 canant
2990 2478 3272 2544 melliflua,

2622 2567 2820 2625 Gravis
2846 2569 2936 2623 det
2969 2584 3243 2640 organum
3270 2568 3432 2623 tuba:

2556 2659 2679 2714 Alte
2708 2659 2932 2715 resultet
2958 2660 3142 2715 ﬁstula
3168 2677 3184 2713 :

2552 2751 2743 2806 Omnis
2773 2760 2932 2806 canat
2956 2751 3248 2806 harmonia
3275 2768 3290 2804 :

2562 2842 2661 2899 Det
2686 2844 2993 2914 philomena
3019 2843 3264 2898 cantica.

2621 2934 2762 2990 Olim
2793 2935 2973 2990 nitens
2993 2932 3326 2998 clarissima,

2556 3024 2849 3095 Terrisque
2869 3025 3267 3089 famosissima,

2558 3114 2742 3172 Sancti
2772 3116 2949 3171 Patris
2971 3114 3203 3172 basilica

2553 3205 2811 3261 Florentii
2835 3206 3136 3276 pmcipua,

2625 3294 2808 3351 Sensit
2844 3294 2959 3350 fera
2992 3294 3268 3359 incendia,

2552 3384 2597 3438 A
2628 3394 2786 3455 gente
2814 3384 3193 3441 crudelissima

2557 3477 2693 3532 Vere
2722 3477 2878 3532 bruta
2908 3477 3217 3543 Britannia;

2556 3564 2762 3638 Lugete
2782 3566 2963 3622 cuncti
2996 3566 3151 3620 talia.

2621 3655 2811 3710 Omnis
2836 3655 2979 3711 enim
3007 3670 3133 3713 cum
3165 3654 3336 3711 Gallia

2557 3744 2816 3801 Florentii
2845 3744 3099 3816 suffragia

2558 3835 2885 3903 Deposceret
2920 3846 3046 3890 tunc
3068 3850 3268 3891 cernua
3288 3844 3316 3900 ςι

2561 3923 2900 3994 Contempsit
2931 3927 3045 3981 bare
3072 3940 3205 3997 gens
3230 3922 3401 3993 impia.

2627 4013 2768 4069 Olim
2795 4015 2916 4085 pius
2944 4029 3037 4069 rex
3067 4014 3308 4078 Carolus,

2557 4104 2781 4177 Magnus
2807 4122 2872 4163 ac
2897 4109 3327 4178 potentissimus,

2555 4197 2705 4254 Fecit
2731 4200 2874 4255 hunc
2902 4200 3079 4256 locmn
3109 4201 3329 4256 devotus

2559 4292 2663 4348 Pro
2691 4292 2834 4348 beati
2859 4292 3169 4349 virtutibus.

2628 4379 2811 4437 Terris
2835 4382 2974 4437 datis
3004 4381 3339 4443 fecundibus,

2554 4470 2717 4524 Auxit
2748 4471 3008 4527 honorem
3039 4471 3262 4543 largius,

2505 4608 2509 4612 .
2556 4561 2624 4615 Et
2651 4563 2882 4631 praebuit
2921 4571 3048 4616 tunc
3074 4559 3340 4617 vasculum

2554 4652 2735 4708 (laena:
2760 4654 2855 4709 Dei
2880 4653 3246 4725 magnificum.

2626 4743 2732 4800 Per
2756 4744 2902 4801 hunc
2923 4744 3139 4817 fugatur
3161 4741 3347 4812 sarpius

2560 4834 2852 4891 lnlirmitas
2880 4834 3273 4907 languentibus,

2553 4925 2620 4980 Et
2644 4928 2849 4983 sanitas
2878 4927 3121 4985 fidelibus

2558 5016 2856 5072 Praestatur
2878 5032 2945 5073 ex
2972 5018 3076 5074 hoc
3104 5014 3354 5087 protinus.

2627 5108 2758 5163 Post
2790 5109 3064 5178 imperans
3095 5103 3399 5164 Ludovicus.

2512 5206 2520 5213 '
2557 5197 2736 5270 Magni
2761 5198 2939 5255 Caroli
2970 5199 3132 5265 filius,

2532 5278 2535 5283 ⁴
2554 5287 2731 5358 Ipsum
2760 5289 2935 5345 locum
2964 5288 3240 5359 benignius

2561 5379 2701 5434 Oolit
2726 5379 2830 5449 piis
2855 5379 3153 5434 ornatibus.

2629 5466 2733 5534 Qui
2769 5467 2893 5522 filiis
2924 5466 3205 5524 rebellibus

2281 5595 2594 5681 “sled-93??
2620 5583 2761 5678 διιιμο
2786 5550 3708 5681 8‘8.Remmiusfitilﬂi‘ﬂll‘iiiif

2284 5646 2766 5725 anserinae
2786 5646 2849 5725 ac'
2860 5646 3409 5737 Ῑιῖιίῐίἱὶιῖξῖιξιοηιυυς
3429 5646 3607 5705 damnat

2192 1760 2240 1819 B
