3988 6430
164 321 319 375 12ιῦ

1382 314 1518 371 [ΕΥἸ
1555 312 1876 371 CAROLlNl
1914 314 2244 371 CARMINA.

468 431 776 498 Concussus
810 429 934 486 altis
959 426 1208 485 ﬂuctibus

472 521 537 577 Et
564 521 854 577 Franciam
887 520 1227 576 turbantibus

475 612 717 683 Regnum
758 612 976 686 reliquit
998 621 1263 668 mortuus.

540 701 638 757 llis
659 712 893 771 quatuor
919 717 1044 758 mox
1072 700 1317 772 partibus

470 792 716 865 Regnum
741 794 844 850 sibi
871 795 1201 861 secantibus,

470 880 578 938 Per
613 882 897 939 Franciam
922 884 1290 955 jurgantihus,

468 971 676 1027 Bellum
709 972 813 1028 fuit
841 975 1133 1030 horridius.

545 1065 778 1135 Impar-io
799 1065 877 1120 sic
910 1065 1123 1121 turbido

472 1160 681 1217 Crescit
707 1160 971 1215 malorum
1000 1158 1199 1225 factio;

471 1249 823 1320 Surgensque
847 1259 974 1305 tunc
999 1249 1297 1319 dissensio,

468 1341 768 1398 Permiscet
790 1356 978 1397 omnes
999 1341 1200 1412 iurgio.

529 1432 741 1487 Invadit
773 1431 913 1489 alter
941 1433 1142 1497 socios,

470 1522 736 1579 Crescunt
762 1523 890 1578 mali
920 1538 1085 1593 super
1105 1524 1302 1590 bonos,

469 1610 756 1684 Tyrannus
781 1613 959 1669 omnis
987 1612 1251 1681 infremit,

468 1703 675 1758 Dantur
705 1704 941 1775 honores
971 1704 1155 1775 impio.

534 1793 625 1849 Fit
651 1792 885 1865 plurium
916 1795 1167 1860 vastatio,

475 1881 689 1940 Sanctis
719 1883 853 1939 locis
876 1884 1160 1953 praedatio,

469 1971 692 2030 Cunctis
713 1974 869 2029 bonis
890 1974 1151 2041 turbatio,

469 2061 672 2118 Rerum
703 2063 864 2119 simul
896 2062 1162 2119 confusio.

538 2153 770 2220 Quidam
800 2152 902 2209 fuit
923 2155 1026 2209 hoc
1058 2164 1322 2226 tempore,

463 2241 795 2298 Nomenoius
817 2245 1058 2309 nomine,

465 2334 679 2404 Pauper
704 2335 856 2405 prius
893 2336 1173 2407 progenie,

465 2426 670 2495 Agrum
697 2423 908 2479 colebat
934 2439 1177 2480 vomere.

539 2514 649 2571 Sed
673 2515 911 2585 repperit
942 2514 1303 2587 largissimum

464 2604 801 2661 Thesaurum
831 2613 986 2669 terra:
1008 2605 1308 2670 conditum,

462 2695 564 2762 Qui
593 2695 951 2766 plurimorum
977 2694 1208 2752 divitum

463 2788 651 2842 Junxit
678 2788 779 2842 sibi
813 2786 1088 2843 solatium.

538 2877 746 2934 Dehinc
770 2894 870 2948 per
896 2889 1073 2935 artem
1096 2879 1287 2936 fallere

463 2967 744 3038 Coepitque
773 2983 897 3022 mox
929 2983 1302 3038 succrescere,

466 3059 645 3115 Donec
674 3074 839 3128 super
868 3068 1094 3115 cunctos
1119 3075 1222 3131 ope

465 3145 897 3202 Transccnderet
926 3148 1198 3217 potentiae.

539 3237 631 3293 Sic
659 3253 789 3309 ergo
811 3238 1247 3295 discordantibus

461 3330 684 3386 Francis
709 3330 869 3386 simul
899 3346 1021 3386 cum
1052 3331 1292 3400 regibus,

464 3424 597 3478 Cum
625 3424 836 3479 caeteris
864 3424 1157 3480 rebellibus

462 3513 549 3569 Fit
573 3514 764 3570 Carolo
802 3513 1129 3570 contrarius.
1170 3526 1208 3549 ί

526 3607 625 3662 llic
654 3605 877 3662 Carolus
903 3620 1026 3662 cum
1053 3604 1314 3662 fratribus

462 3699 667 3755 Bellum
689 3700 913 3770 gerebat
949 3698 1169 3770 sapius,

447 3787 554 3848 Nec
582 3789 908 3859 praevalebat
932 3790 1201 3855 hostibus,

461 3882 651 3937 Tantis
676 3882 925 3953 repulsus
953 3882 1215 3939 cladibus.

534 3973 772 4030 Conﬁdit
799 3974 941 4028 unde
971 3974 1188 4043 impius,

466 4065 682 4122 l‘rredas
712 4066 824 4138 agit
852 4065 1201 4131 Nemenoius,

465 4157 718 4215 lnstando
739 4158 1171 4222 Redonensibns,

469 4248 749 4319 Simulque
775 4247 1252 4304 Namnetensibus.

521 4338 721 4394 Deinde
751 4337 1149 4395 Pictavensium

468 4428 641 4484 Trans
678 4428 915 4502 Ligerim
941 4431 1274 4486 manentium

467 4519 666 4591 Pagqu
686 4522 824 4592 petit
853 4520 1210 4592 Medalgicum

465 4609 727 4666 Clonuam
755 4609 933 4666 locum
963 4610 1410 4680 pulcherrimum.

538 4701 796 4756 Turmam
833 4710 993 4757 vocat
1018 4701 1414 4770 monachicam,

466 4792 794 4861 Multamque
820 4793 914 4847 dat
932 4793 1241 4862 pecuniam,

462 4886 622 4942 lubet
647 4901 769 4942 mox
802 4901 954 4943 suam
981 4894 1217 4942 statuam

459 4977 693 5049 Etligiari
728 4978 1087 5049 splendidam,

537 5068 709 5135 Quam
737 5076 1002 5139 ponerent
1028 5069 1315 5139 pmnaculo

463 5160 543 5213 Ad
568 5161 832 5215 orientem
858 5159 1063 5229 patulo,

463 5247 687 5321 Signum
713 5251 858 5319 quod
887 5260 1048 5318 esset,
1071 5252 1336 5325 Carolum.

463 5338 535 5396 Se
565 5356 670 5396 non
703 5342 894 5397 timere
918 5341 1214 5409 dominum.

532 5432 613 5487 llli
641 5434 823 5488 statim
853 5433 966 5504 regi
994 5449 1092 5488 suo

463 5522 590 5578 Haec
624 5522 964 5593 pertulerunt
989 5522 1205 5591 Carolo,

465 5612 568 5680 Qui
591 5612 815 5695 audiens
841 5611 1170 5684 superbiam,

1797 434 1848 490 Α

2155 427 2376 482 Miratus
2403 436 2487 482 est
2521 425 2820 481 audaciam.

2236 516 2387 573 Tune
2411 516 2574 587 jussit
2604 526 2663 572 ut
2693 516 2974 587 pecuniam

2164 608 2356 663 Totam
2392 607 2494 663 sibi
2525 608 2891 678 disponerent,

2162 698 2305 754 Illius
2328 697 2450 753 albo
2476 698 2654 769 lapide

2160 787 2381 859 Sculpta
2414 790 2556 845 risus
2580 790 2837 861 imagine,

2231 880 2403 948 Quam
2427 891 2690 951 ponerent
2721 880 2998 952 pinnacult

2158 970 2240 1026 Ad
2267 972 2531 1027 orientem
2558 972 2764 1041 patulo,

2159 1057 2386 1133 Signum
2418 1059 2557 1116 foret
2590 1061 2731 1130 quod
2770 1062 2936 1132 impio

2154 1148 2234 1208 Se
2259 1150 2650 1223 subjugandum
2679 1150 2895 1208 Carolo.

2233 1240 2408 1297 Iratus
2435 1240 2524 1295 ille
2552 1240 2765 1305 talibus,

2158 1328 2363 1385 Locum
2398 1332 2532 1401 petit
2556 1331 2824 1397 velocius;

2159 1420 2376 1477 Praedas
2396 1420 2552 1490 jubet
2577 1421 2876 1479 militibus:

2161 1513 2420 1569 Accendit
2448 1514 2623 1584 ignem
2654 1515 2921 1584 protinus.

2224 1601 2498 1661 Flammas
2525 1604 2724 1673 ubique
2756 1604 3009 1662 Britones

2158 1691 2280 1747 Mox
2305 1692 2545 1748 inferunt
2568 1698 2679 1749 iras
2708 1704 2925 1750 truces:

2160 1774 2395 1840 Sanctus
2421 1784 2572 1840 locus
2609 1785 2966 1850 comburitur,

2163 1873 2394 1929 Tantum
2428 1876 2592 1930 decus
2615 1876 2975 1933 consumitur.

2230 1962 2345 2019 Heu
2389 1980 2478 2019 me
2495 1965 2510 2019 l
2542 1965 2753 2022 dolores
2775 1966 2995 2037 patriae,

2154 2053 2269 2109 lleu
2294 2056 2411 2110 me!
2443 2055 2677 2112 honores
2704 2057 2910 2126 gloriae,

2152 2144 2325 2213 Quam
2350 2148 2499 2204 novit
2525 2148 2674 2204 orbis
2697 2149 2961 2219 pristinae,

2150 2236 2270 2293 Heu
2297 2238 2413 2292 me!
2448 2238 2621 2293 ﬂuunt
2650 2255 2793 2294 nunc
2819 2238 3093 2311 lacrymaa.

2232 2328 2385 2387 Tunc
2405 2333 2675 2386 excitatus
2695 2330 2912 2388 cmlitus

2146 2422 2390 2477 Sanctus
2415 2423 2569 2478 adest
2602 2421 2933 2487 Florentius,

2163 2512 2424 2583 Respexit
2462 2511 2923 2569 inﬂammantibus

2152 2603 2356 2658 Locum
2386 2618 2541 2658 suum
2572 2601 2904 2659 Britonibus.
2914 2631 2927 2672 χ

2225 2693 2270 2749 Ο
2310 2704 2510 2764 quanta
2532 2703 2677 2751 esset
2702 2692 2867 2751 ultio!

2156 2784 2214 2841 Si
2246 2801 2353 2841 non
2379 2785 2521 2840 foret
2546 2786 2853 2857 permissio.

2152 2875 2450 2932 Percussus
2470 2887 2562 2934 est
2583 2878 2678 2933 sed
2708 2877 2909 2949 impius

2153 2967 2456 3024 Debilitatis
2483 2969 2728 3038 pedibus.

2222 3058 2486 3114 Precatur
2510 3060 2918 3130 indulgentiam,

2153 3149 2351 3206 Redire
2376 3160 2560 3221 posset
2585 3152 2817 3221 patriam
2842 3172 2856 3206 ε

2157 3237 2427 3295 Reversus
2447 3239 2514 3294 ad
2544 3240 2876 3296 Britanniam

2154 3328 2391 3386 Nimiam
2421 3330 2515 3385 dat
2538 3332 2844 3401 pecuniam.

2224 3423 2410 3479 Abbas
2429 3432 2553 3479 erat
2572 3424 2709 3480 Dido
2736 3424 2933 3493 bonus,

2150 3515 2284 3588 Regi
2318 3514 2511 3571 Carolo
2544 3515 2845 3585 proximus,

2152 3606 2250 3661 Cui
2285 3605 2595 3661 convocatis
2620 3604 2880 3662 fratribus

2159 3694 2361 3765 Regem
2390 3695 2504 3749 adit
2524 3697 2865 3765 quantocius.

2222 3785 2457 3857 Exponit
2493 3786 2602 3841 iras
2631 3786 2928 3849 Britonum,

2154 3876 2406 3950 Magnum
2437 3879 2616 3934 scelus
2637 3877 2965 3935 crudelium.

2155 3968 2307 4026 Tunc
2334 3985 2429 4026 rex
2455 3969 2641 4026 dolens
2667 3968 2720 4024 in
2748 3980 2988 4040 pectore,

2154 4061 2360 4130 Quaerit
2382 4062 2556 4117 vicem
2588 4075 2713 4116 mox
2743 4061 2990 4117 reddere.

2225 4153 2361 4210 Hinc
2383 4153 2728 4224 Andegavam
2756 4155 3004 4224 protinus

2153 4241 2351 4299 Urbem
2389 4246 2522 4314 petit
2549 4244 2890 4299 tristissimus
2917 4263 2933 4302 :

2153 4333 2256 4387 Dat
2281 4334 2551 4388 abbatiam
2578 4333 2736 4389 loculi

2154 4423 2339 4478 Sancti
2369 4422 2595 4478 Joannis
2623 4424 2812 4479 dediti.

2225 4514 2332 4571 Sed
2363 4517 2464 4571 hoc
2502 4530 2689 4586 parum
2719 4515 2891 4573 visum
2931 4516 3053 4584 fuit,

2156 4606 2385 4679 Moxque
2430 4608 2655 4662 alterum
2698 4607 2916 4662 tradidit

2157 4698 2341 4755 Sancti
2366 4695 2618 4753 Gundulii
2645 4697 2885 4762 nomine,

2153 4788 2279 4857 Qum
2311 4787 2556 4859 partibus
2590 4794 2673 4841 est
2700 4785 2961 4841 Francize.

2224 4879 2430 4950 Magnis
2457 4878 2578 4933 data
2605 4877 2920 4932 muneribus

2153 4971 2309 5028 Circa
2349 4970 2527 5025 locum
2562 4968 2620 5023 iit
2645 4967 2882 5035 sedulus,

2153 5063 2410 5120 Restituit
2438 5061 2666 5126 felicius,

2150 5156 2377 5212 Decorat
2407 5162 2569 5223 atque
2595 5151 2891 5223 pulchrius.

2222 5244 2463 5301 Gaudete
2489 5244 2667 5299 cuncti
2696 5243 2971 5310 cordibus,

2150 5338 2374 5391 (lantate
2413 5336 2620 5406 magnis
2651 5334 2894 5403 vocibus,

2144 5427 2339 5484 Sancte
2366 5427 2621 5493 Florenti,
2651 5442 2978 5498 quaesumus,

2149 5523 2351 5578 Adesto
2376 5522 2528 5578 nobis
2557 5521 2788 5579 rmlitus.
2867 5549 2874 5555 υ

2219 5610 2415 5667 Amen.

3324 306 3461 364 HN
