3988 6428
187 419 320 475 ΗΠ

534 535 645 591 Gab
665 539 757 594 Iter
784 539 920 595 ihme
953 540 1166 613 Dugidi,

467 623 691 681 Fronisc
712 630 991 701 githigini,j

467 715 617 773 Sluel
644 720 757 775 Μει-
778 723 833 776 in
866 720 1128 777 Vrankon.

461 808 533 865 So
560 810 751 867 bruche
776 813 870 867 Iter
895 830 949 869 es
971 814 1149 887 lango.

529 923 641 979 Das
665 926 870 996 gedeild
894 945 953 983 er
972 930 1166 988 thamte

458 1011 564 1068 Sar
588 1014 679 1068 mit
702 1014 1060 1075 Karlomanne

460 1101 669 1159 Bruder
694 1106 916 1174 sinento,

465 1190 595 1246 Tlu'a
616 1192 763 1247 czala
781 1197 1079 1253 wanm’ano.

522 1303 668 1359 Odos
688 1309 851 1361 warllt
888 1308 941 1362 al
962 1311 1221 1380 geendist.

457 1391 637 1450 Κονοη
657 1395 824 1450 wolda
846 1398 928 1452 sin
955 1397 1070 1454 God
1094 1401 1163 1465 is,

462 1489 538 1544 Ob
564 1489 659 1543 Iter
687 1490 888 1544 arbeirli

454 1577 525 1633 So
549 1578 674 1651 (ang
701 1580 879 1636 tholon
903 1583 1089 1637 malui.

527 1692 671 1748 Liess
694 1694 788 1749 der
807 1696 1014 1751 heidine
1036 1714 1192 1752 manu

465 1784 608 1837 Obar
630 1785 705 1839 sie
726 1785 894 1854 lidan,

464 1873 607 1930 Tlu'ot
654 1874 930 1934 Vran'cono

458 1963 687 2020 Hannon
718 1967 801 2022 sin
830 1970 1012 2027 diana.

524 2076 686 2133 Sume
704 2098 794 2135 sar
814 2083 1103 2150 verlorane,

457 2165 692 2223 Wurden
723 2187 839 2224 sum
868 2171 1138 2228 erkoraue.

450 2257 793 2315 Haranscara
817 2263 1016 2318 tholota

450 2348 586 2404 Ther
611 2367 670 2405 er
687 2352 1028 2409 misseIebeta.

1364 420 1523 505 ’λινι
1560 428 1879 489 CAROLINI
1915 432 2243 491 CARMINA.

1793 556 1843 615 Α

518 2461 655 2518 Ther
683 2466 797 2519 (her
823 2467 1016 2523 thanne
1046 2468 1186 2524 tlu’ob
1207 2485 1332 2533 was,
1416 2482 1421 2487 '

450 2548 553 2604 Ind
573 2568 631 2606 er
652 2553 885 2610 thanana
909 2557 1085 2627 ginas,

456 2638 599 2696 Nam
626 2644 738 2699 sine
758 2654 942 2701 vastat:

446 2733 583 2788 Sidd
612 2738 777 2791 worth
801 2739 895 2793 her
914 2750 1188 2810 guotman.

516 2824 646 2879 Sum
670 2843 775 2882 was
805 2828 1056 2898 tuginari,

455 2914 584 2969 Sum
606 2931 711 2971 was
741 2917 1009 2988 skachari,

438 3002 571 3057 Sum
595 2997 852 3074 falloses,

444 3093 547 3148 Ind
571 3112 629 3149 er
656 3096 901 3165 giburtlta
925 3098 1005 3153 sila
1028 3099 1161 3154 thes.

523 3185 736 3258 Kuning
760 3204 864 3242 was
890 3191 1160 3248 ehruirrit.

442 3276 554 3331 Das
582 3278 712 3331 rio/ti
746 3278 799 3332 al
823 3281 996 3349 girrit,

441 3368 570 3426 Was
592 3371 876 3443 eltrbolgan
904 3373 1072 3443 Krist,

442 3460 571 3517 Leid
592 3465 686 3518 Iter
720 3467 831 3520 thes
854 3467 1107 3542 iugaldis.

512 3555 657 3610 Tholt
681 3558 955 3616 erbarmed
979 3575 1036 3616 es
1065 3560 1206 3630 God,

442 3646 583 3704 Wiss
611 3668 668 3705 er
688 3651 795 3706 alla
818 3655 928 3708 (hia
955 3658 1080 3721 nod,

442 3737 594 3794 Hiess
620 3741 741 3795 Iterr
768 3739 1137 3818 HLudwigan}

436 3826 634 3883 Thurot
663 3848 755 3884 sar
793 3833 951 3888 rilan.

523 3919 768 3991 Hluiwig
801 3921 997 3994 kuning
1027 3930 1135 3981 min

438 4008 602 4080 Ililph
631 4011 815 4065 minan
841 4011 1022 4080 liutin,

435 4099 649 4170 Heigun
672 4118 733 4156 sa
764 4100 1048 4158 Nordman

438 4188 614 4244 Harto
644 4191 1008 4265 biduuungan.

513 4277 728 4335 Thamte
747 4285 935 4352 εμπ-αεὴ
965 4283 1230 4357 Illudwtg.

438 4370 610 4427 Herro
633 4390 690 4428 so
720 4375 862 4431 duon
885 4377 961 4443 hi,

442 4462 540 4518 θοι
568 4464 623 4534 nj
648 4475 777 4521 reue
802 4469 903 4522 mir
929 4487 1005 4537 τι,

437 4554 504 4609 ΑΙ
531 4556 647 4611 thas
678 4557 770 4611 thu
798 4561 1072 4629 gibiudiat.

508 4645 619 4700 Tito
658 4665 779 4702 nam
808 4651 902 4704 Iter
926 4651 1098 4708 Gades
1120 4655 1273 4710 urlub
1352 4691 1361 4705 κ

436 4735 593 4791 Huob
623 4738 716 4791 Iter
739 4742 1050 4811 gundfanon
1082 4747 1160 4815 ui,

338 4816 343 4817 ί
436 4825 545 4883 Rei!
570 4829 663 4883 her
696 4830 848 4885 thara
874 4834 930 4886 in
961 4832 1226 4905 Vrankon,

438 4916 679 4990 Ingagan
705 4920 1096 4982 Nortmannou.

502 5006 645 5063 Gode
681 5011 985 5070 thancodun

438 5099 545 5155 The
565 5103 647 5157 sin
674 5104 957 5164 beidodun.

433 5190 591 5257 Quod
624 5211 638 5247 :
674 5194 783 5252 Hin
810 5199 864 5252 al
891 5201 1106 5274 fromin,

433 5279 505 5337 So
529 5286 683 5355 tango
699 5288 889 5344 bciden
914 5294 1035 5346 uuir
1062 5298 1191 5351 (Itin.

504 5372 721 5430 Thanno
762 5381 949 5448 spraclt
974 5382 1085 5437 Iulo

431 5460 674 5536 Hludwig
696 5465 791 5520 der
808 5479 965 5539 guoto
996 5487 1012 5524 :

429 5550 634 5608 Trostet
664 5557 756 5610 Itiu
786 5560 1053 5630 gesellion,

431 5642 578 5699 Hine
601 5649 904 5718 notatallon,

499 5734 645 5791 Hera
666 5750 819 5795 tanta
849 5744 957 5798 mid
979 5741 1113 5811 God,

430 5826 549 5883 ,Βοή
569 5830 672 5884 mir
698 5833 838 5888 selbo
866 5839 1055 5907 genod,

388 5912 662 6005 Parrnon.
694 5942 957 6012 CXXX.

2223 553 2380 609 Dedit
2403 553 2451 609 ei
2479 553 2702 623 Beroen,

2152 646 2394 704 lllustres
2422 648 2670 715 comites,

2159 737 2354 794 Sedem
2382 724 2471 795 hic
2492 740 2547 794 in
2569 739 2820 799 Francia.

2154 828 2251 885 Sic
2272 837 2455 885 utatur
2477 830 2583 886 illis
2609 831 2739 887 diu!

2227 936 2357 994 Haec
2377 938 2559 995 divisit
2576 949 2765 1011 postea

2157 1027 2297 1099 Cum
2325 1028 2724 1089 Carolomanno

2162 1120 2356 1176 Fratre
2380 1138 2499 1187 suo,

2156 1209 2500 1270 Portionibus
2528 1214 2715 1270 fraude
2738 1215 2963 1287 absque.

2230 1321 2365 1377 Cum
2399 1323 2502 1391 hoc
2523 1335 2667 1381 esset
2689 1342 2849 1384 omne
2874 1328 3105 1393 (initum,

2154 1417 2401 1486 Axperiri
2434 1418 2644 1486 volebat
2673 1420 2843 1490 ipsius
2865 1422 3009 1480 Deus
3039 1425 3154 1494 hoc,

2150 1510 2236 1564 An
2262 1508 2309 1563 is
2339 1509 2715 1581 tribulationes

2155 1594 2480 1665 Aliquaudiu
2515 1599 2746 1655 tolerare
2780 1613 2981 1685 posset.

2219 1707 2777 1783 Permisitgentilium
2803 1715 3027 1772 militem

2152 1795 2332 1866 Super
2360 1815 2453 1856 eos
2482 1804 2640 1858 duci:

2152 1883 2415 1956 Populum
2443 1889 2778 1949 Francorum

2151 1979 2410 2038 Militibus
2431 2000 2617 2040 eorum
2645 1987 2869 2045 servire.
2924 2058 2933 2063 ὓ

2220 2094 2325 2148 Alii
2354 2099 2540 2152 statim
2568 2100 2905 2169 defecerunt,

2146 2184 2389 2243 Fuerunt
2409 2189 2498 2245 alii
2527 2193 2718 2249 tentati
2740 2194 3096 2268 (sollicitati);

2146 2274 2515 2336 Contumelias
2534 2283 2837 2349 patiebatur

2142 2367 2465 2441 Quicunque
2489 2388 2648 2430 secus
2670 2376 2898 2433 viveret.

2202 2477 2258 2533 ls
2279 2480 2368 2548 qui
2400 2489 2512 2536 tum
2528 2482 2872 2543 latrunculos
2893 2487 3089 2552 fuerat,

2144 2565 2324 2637 Atque
2354 2570 2610 2642 ltinc(ltis
2647 2575 2701 2629 in
2741 2576 2934 2647 turbis)
2960 2579 3282 2647 iuvaltterat,

2136 2655 2447 2729 Occupavit
2473 2662 2591 2732 ejus
2621 2665 2812 2739 (regis)
2844 2678 3023 2724 castra
3052 2688 3066 2725 :

2138 2748 2218 2804 Ex
2245 2765 2352 2819 quo
2374 2751 2555 2810 factus
2576 2755 2625 2829 is
2655 2759 2871 2815 nobilis.

2204 2840 2358 2899 Alius
2393 2855 2510 2901 erat
2533 2850 2760 2904 mendax
2791 2850 3125 2926 (falsarios),

2140 2932 2296 2990 Alius
2320 2946 2441 2992 erat
2471 2939 2723 3008 sicarius,

2144 3025 2296 3081 Alius
2319 3024 2593 3097 desertor,

2147 3115 2217 3170 Et
2254 3120 2483 3188 quilibet
2520 3116 2812 3181 extollebat
2838 3141 2897 3182 se
2922 3142 2990 3183 eo
3018 3127 3288 3205 (crimine)

2215 3209 2333 3266 Rex
2353 3221 2471 3269 erat
2495 3217 2776 3273 attonitus.
2911 3293 2915 3297 ν

2138 3296 2386 3370 Regnum
2411 3312 2579 3361 totum
2606 3309 2953 3378 perplexum.

2135 3386 2268 3444 Erat
2294 3391 2468 3451 iratus
2496 3395 2772 3464 Christus,

2148 3477 2404 3539 Permisit
2434 3486 2575 3543 hanc
2606 3492 2964 3561 tyrannidem.

2204 3572 2277 3628 At
2305 3575 2557 3637 misertus
2576 3589 2658 3636 est
2684 3582 2828 3638 Deus
2850 3601 2867 3637 :

2039 3695 2045 3701 ν
2126 3667 2475 3740 Cognoverat
2501 3689 2714 3731 onmem
2748 3678 2886 3735 hanc
2913 3680 3298 3739 calamitatem.

2134 3757 2306 3814 Iussit
2337 3763 2622 3819 Dominum
2649 3766 3033 3826 HLudovicum

2135 3849 2216 3906 Eo
2252 3852 2399 3910 illico
2436 3840 2730 3925 proﬁcisci.

2200 3940 2541 4011 HLudovice,
2572 3946 2685 4025 Rex
2716 3950 2788 4004 mi

2130 4030 2271 4088 Juva
2309 4050 2489 4091 meum
2518 4039 2799 4110 populum,

2134 4124 2268 4179 Eum
2294 4114 2615 4185 Nortmanni

2131 4216 2275 4271 Dure
2298 4231 2632 4287 presserunt.

2203 4306 2355 4362 Tunc
2380 4311 2515 4364 dixit
2540 4311 2847 4370 Ludovicus
2874 4333 2890 4369 :

2124 4395 2372 4464 Domine,
2400 4400 2481 4456 sic
2502 4400 2722 4471 faciam,

2123 4484 2269 4542 Mors
2304 4504 2374 4544 ne
2407 4492 2689 4560 prohibeat
2716 4498 2844 4552 milti
2880 4498 2982 4554 hoc

2125 4574 2297 4632 Omne
2322 4582 2464 4650 quod
2497 4591 2549 4636 tu
2575 4586 2820 4641 mandas.

2194 4667 2347 4725 Tunc
2375 4672 2519 4741 cepit
2546 4672 2591 4729 is
2620 4673 2714 4730 Dei
2748 4678 2986 4746 veniam,

2125 4756 2356 4815 Sustulit
2376 4763 2629 4843 vexillum
2654 4765 2964 4835 classicum,

2122 4850 2526 4922 Expeditionem
2549 4854 2677 4911 fecit
2703 4858 2755 4913 in
2785 4858 3067 4916 Franciam

2116 4941 2390 4999 Adversus
2419 4943 2781 5006 Nortmannos
2807 4969 2820 5004 :

2200 5035 2311 5091 Deo
2332 5038 2536 5106 gratias
2559 5048 2746 5110 agens,

2124 5124 2276 5181 llttnc
2302 5136 2646 5197 exspectans,

2120 5214 2271 5269 Dixit
2297 5232 2313 5270 :
2341 5214 2580 5286 Agedum
2604 5220 2856 5293 Domine,

2122 5303 2259 5358 Tam
2288 5304 2383 5360 diu
2404 5319 2787 5387 exspectamus
2811 5312 2906 5370 Te.

2191 5395 2387 5453 Postea
2419 5400 2662 5457 elocutus
2689 5404 2835 5461 clare

2116 5487 2421 5550 Ludovicus
2446 5492 2535 5550 ille
2558 5495 2783 5554 illustris
2816 5498 2858 5553 :'

2115 5579 2263 5635 Bono
2286 5591 2460 5640 estote
2483 5586 2689 5654 animo,
2710 5590 3120 5659 commilitones.

2102 5668 2506 5730 Constabularii
2532 5679 2660 5734 mei.
2802 5752 2809 5759 _

2183 5761 2302 5821 Huc
2330 5767 2480 5823 misit
2504 5778 2600 5843 me
2628 5771 2789 5838 Deus,
2961 5849 2964 5853 ἢ

2111 5853 2218 5921 Qui
2240 5865 2296 5911 et
2326 5859 2454 5914 mihi
2480 5862 2594 5931 ipse
2620 5865 2893 5934 gratiosus
2918 5860 3030 5920 sit!

2869 5978 2955 6038 39

3318 442 3455 501 1911
