3988 6432
629 409 632 412 -
683 395 822 450 ηις
1817 393 2155 473 APPENDIX
2197 393 2290 448 an
2330 393 2678 454 suum»
2707 377 2797 456 IX.
3722 418 3806 473 tm

967 509 1044 563 Ob
1082 509 1171 564 hiu
1198 519 1278 564 rat
1314 510 1470 573 tituli,

970 597 1113 653 Tltaz
1148 600 1201 654 ilt
1232 599 1346 654 hier
1372 601 1588 672 gefum'.

1037 735 1149 790 Mil:
1177 735 1354 792 selban
1390 736 1444 791 ni
1473 737 1695 806 sparati,

969 825 1084 881 Una
1104 828 1156 881 ilt
1188 828 1279 882 hiu
1307 829 1546 899 ginerrti.

950 915 1038 971 Nu
1065 917 1170 972 vui!
1199 918 1253 971 iit
1291 919 1408 972 thas
1442 919 1544 972 mir
1570 917 1764 990 ualgan

963 1007 1078 1062 Alle
1103 1005 1275 1063 Gades
1295 1007 1510 1063 Italdan.

1034 1141 1256 1197 Giskcrit
1287 1142 1350 1196 ist
1373 1142 1484 1197 lltiu
1509 1142 1764 1197 hierttuist

964 1232 1036 1288 So
1062 1233 1219 1304 langa
1247 1251 1304 1288 sa
1333 1233 1444 1288 uuil
1474 1233 1644 1288 Krist.

972 1322 1096 1377 Vm'l
1123 1326 1216 1378 her
1234 1341 1366 1379 unsa
1394 1325 1514 1378 bina
1546 1323 1764 1390 uuarth,

963 1413 1131 1473 Thera
1155 1418 1305 1473 habet
1333 1419 1571 1489 ginno/tt.
1677 1437 1680 1440 ’

1038 1551 1111 1608 Sa
1134 1569 1264 1607 utter
1286 1570 1344 1608 sa
1381 1554 1496 1608 hier
1521 1554 1575 1606 in
1599 1552 1762 1608 ellian

966 1638 1158 1696 Giduat
1181 1641 1352 1698 Gades
1370 1643 1620 1707 uuillian,

968 1732 1166 1798 Quimit
1191 1735 1254 1788 he
1282 1736 1476 1808 gisund
1502 1753 1588 1802 us,

962 1825 1025 1878 Ili
1051 1824 1262 1896 gilanan
1284 1826 1436 1882 imas.

1034 1958 1212 2014 Bilibit
1238 1962 1331 2016 Iter
1349 1963 1613 2018 tharinne.

960 2047 1170 2104 Sinema
1194 2049 1408 2105 Ituunie.

927 2147 929 2151 '
962 2137 1072 2192 Tha
1095 2157 1216 2194 nam
1247 2141 1340 2195 Iter
1360 2142 1496 2196 skild
1519 2143 1634 2198 indi
1655 2159 1796 2214 sper,

966 2225 1286 2284 Ellianliclta
1318 2231 1412 2284 reit
1443 2232 1556 2286 Iter.

1049 2360 1216 2416 Vitald
1239 2364 1334 2418 Iter
1355 2381 1551 2420 uuarer
1571 2367 1804 2422 raltchan

961 2453 1094 2508 Sina
1118 2457 1314 2511 uuidar
1341 2459 1597 2525 salte/tan,

962 2542 1073 2598 Tha
1111 2546 1164 2600 ni
1194 2563 1328 2602 uuas
1368 2549 1419 2602 iz
1454 2549 1582 2604 (mra
1609 2551 1764 2622 lange

966 2633 1016 2687 F
1018 2636 1126 2690 and
1155 2637 1251 2691 her
1279 2639 1391 2693 tltia
1433 2640 1865 2697 Narthmannan.

1027 2769 1172 2826 Gade
1195 2771 1316 2828 Iob!
1353 2787 1533 2846 sagetn

962 2859 1076 2914 Her
1093 2861 1197 2915 silit
1221 2863 1334 2918 thes
1357 2865 1451 2918 her
1478 2866 1694 2935 gereda.

959 2949 1083 3008 Τῖκ·
1120 2953 1280 3025 kunig
1304 2958 1400 3013 rei!
1428 2955 1620 3013 kuono.

961 3038 1108 3113 Sang
1143 3042 1273 3098 (iolla
1302 3045 1481 3115 (rana.

1029 3173 1135 3230 Joh
1158 3175 1262 3232 alie
1284 3195 1471 3235 saman
1491 3197 1698 3253 sungun

958 3265 1313 3337 Kyrieleisan.

957 3358 1106 3430 Sang
1135 3380 1269 3419 uuas
1298 3382 1577 3438 gesungen.

964 3451 1098 3524 Vit-ig
1135 3471 1270 3510 uuas
1299 3450 1581 3527 bigunnen.

1026 3585 1186 3640 Bluat
1208 3588 1353 3644 skain
1380 3589 1435 3644 in
1468 3607 1716 3663 uuangon

969 3674 1228 3744 Spiladnn
1254 3679 1350 3734 der
1386 3678 1654 3738 Vraulton.

957 3765 1101 3821 Thar
1127 3770 1244 3824 ram
1267 3772 1483 3842 thegena
1508 3775 1668 3844 gelih,

953 3856 1028 3912 Ni
1058 3859 1205 3914 cllein
1235 3877 1292 3916 sa
1320 3879 1378 3917 so
1413 3862 1713 3937 Hluduuig.

1019 3991 1146 4048 Sne!
1166 3996 1280 4050 indi
1298 3996 1482 4064 kuani,

961 4080 1101 4136 Thus
1127 4100 1261 4139 uuas
1287 4087 1391 4139 imo
1419 4086 1665 4158 gekunni.

959 4170 1166 4226 Suman
1200 4175 1423 4228 tlmruch
1454 4176 1605 4246 sluag
1627 4179 1740 4243 her,

951 4263 1156 4320 Suman
1189 4267 1403 4322 tlmrucl
1443 4271 1590 4324 staclt
1615 4269 1728 4326 he'r.

1030 4397 1145 4453 Her
1166 4398 1381 4455 skancta
1407 4403 1627 4458 cehanta

954 4489 1122 4546 Sinon
1152 4493 1357 4562 ﬁantan

948 4583 1172 4640 Bitteres
1198 4587 1353 4642 (idea.

945 4673 1018 4729 Sa
1039 4677 1232 4732 uuehin
1254 4677 1340 4733 hia
1365 4679 1474 4733 thes
1497 4677 1640 4734 (ibes.

1015 4811 1218 4870 Gilabet
1247 4816 1295 4870 si
1316 4817 1428 4871 thiu
1450 4814 1622 4873 Gades
1652 4818 1815 4888 krafi,

953 4902 1199 4976 Hludwig
1227 4907 1419 4960 uuartlt
1442 4909 1664 4980 sighaft.

943 4997 1050 5068 Sag
1073 4997 1202 5052 allin
1238 4997 1467 5070 heiligan
1495 5003 1672 5058 (hanc.

944 5085 1043 5142 Sin
1076 5089 1242 5143 warm
1274 5090 1392 5145 ther
1419 5091 1700 5164 Sigiltamf.

1021 5224 1170 5279 Odar
1187 5227 1324 5281 abur
1345 5227 1398 5281 Η
1403 5228 1617 5300 Ludwig

947 5309 1162 5386 Ktming
1183 5333 1322 5371 uuar
1348 5318 1506 5389 salig.

952 5401 1095 5457 Gara
1130 5421 1187 5459 sa
1208 5422 1294 5459 ser
1314 5407 1401 5461 hia
1424 5424 1560 5463 uuas

947 5495 1100 5550 Swar
1130 5514 1187 5551 sa
1218 5503 1298 5552 ses
1323 5500 1457 5560 ωιτη
1484 5518 1644 5558 uuas.

947 5581 1616 5656 Giltaldeinan,T1uhtin,
1732 5603 1734 5605 ’
1804 5593 1816 5607 ’

945 5676 1008 5734 Bi
1032 5678 1202 5733 sinam
1217 5680 1497 5750 ergrehtin.

2289 510 2342 571 ,Α

2657 516 2724 570 Ut
2747 533 2841 572 vos
2867 518 3147 575 consilium
3191 522 3352 587 detis,

2657 609 2726 664 Ut
2752 628 2852 682 ego
2880 614 3178 670 exercitum
3193 617 3447 671 educam.

2724 743 2854 800 Mihi
2879 747 2977 816 ipsi
3015 764 3118 803 non
3141 764 3393 819 parcam,

2653 833 2833 892 Donec
2855 853 2955 908 ego
2980 855 3074 894 vos
3113 840 3362 897 liberem.

2659 924 2812 982 Nunc
2841 928 2964 984 volo
2989 940 3048 985 ut
3078 948 3164 986 me
3191 945 3483 1004 sequantur

2657 1015 2860 1075 Omnes
2889 1021 2983 1076 Dei
3021 1022 3231 1080 ﬁdeles.

2731 1148 2862 1204 Data
2885 1159 2968 1206 est
3001 1153 3116 1208 haec
3135 1155 3245 1209 vita

2659 1235 2792 1293 Tam
2823 1240 2914 1295 diu
2947 1259 3109 1312 quam
3131 1246 3249 1300 vult
3273 1246 3482 1303 Christo

2651 1329 2793 1398 Quia
2815 1333 2860 1388 is
2886 1345 3069 1391 nostra
3095 1352 3220 1393 ossa
3254 1353 3450 1406 servat,

2650 1421 2852 1478 Eorum
2877 1425 3039 1482 habet
3069 1428 3396 1484 custodiam.

2728 1535 3045 1619 Quicunque
3071 1539 3160 1595 hic
3193 1540 3248 1594 in
3279 1541 3542 1597 alacritate

2651 1629 2804 1684 Facit
2827 1630 2920 1686 Dei
2949 1632 3312 1698 voluntatem,

2655 1721 2945 1792 Egreditur
2971 1723 3015 1777 is
3041 1724 3251 1794 integer
3279 1725 3366 1795 (ex
3397 1727 3606 1795 praelia);

2653 1811 2766 1882 Ego
2793 1813 3014 1883 prmmio
3046 1813 3278 1868 alliciam
3313 1815 3496 1884 ipsum.

2723 1949 2780 2007 Si
2802 1953 2924 2021 quis
2951 1955 3218 2010 morietur
3241 1956 3331 2011 hic
3352 1957 3426 2027 (in
3453 1958 3629 2029 praelia)

2651 2043 2778 2111 Ejus
2817 2044 3036 2101 familia:
3077 2046 3289 2118 (dabo).

2653 2133 2804 2190 Tunc
2832 2136 3064 2208 arripuit
3090 2147 3308 2193 scutum
3333 2149 3387 2195 et
3415 2139 3644 2206 lanceam,

2649 2226 2993 2285 Festinanter
3021 2231 3297 2300 equitans.

2717 2360 2943 2418 Volebat
2975 2365 3018 2419 is
3045 2381 3175 2421 vere
3202 2368 3484 2425 vindictam
3513 2385 3680 2425 sumere

2651 2451 2728 2506 De
2757 2453 2870 2508 suis
2901 2454 3258 2512 adversariis.

2648 2541 2801 2599 Tunc
2832 2560 2933 2601 nec
2956 2556 3073 2602 erat
3103 2549 3444 2604 intervallum
3475 2552 3668 2620 longum.

2654 2633 2969 2692 Inveniebat
2990 2637 3383 2698 Nortmannos.

2719 2773 2829 2829 Deo
2867 2775 2936 2830 sit
2964 2775 3080 2832 laus
3105 2779 3118 2831 !
3155 2779 3386 2846 dicebat,

2654 2863 2856 2923 Videns
2881 2869 2932 2922 id
2963 2871 3104 2939 quod
3139 2871 3497 2928 desiderabat.

2652 2957 2765 3013 Rex
2798 2961 2969 3014 currit
2996 2963 3260 3018 audacter

2645 3045 2899 3104 Praecinit
2921 3050 3191 3106 canticum
3232 3051 3489 3122 publicum
3518 3051 3738 3121 (litaniam).

2717 3182 2896 3254 Atque
2925 3200 3116 3242 omnes
3144 3186 3468 3258 coniunctim
3489 3183 3706 3242 cantabant

2650 3273 2816 3346 Kyrie
2836 3276 3062 3332 eleison.

2647 3367 2929 3424 Canticum
2959 3380 3075 3426 erat
3097 3372 3443 3428 decantatum
3467 3389 3485 3438 ;

2652 3459 2903 3516 Praalium
2925 3472 3189 3534 emptum.

2719 3594 2950 3666 Sanguis
2980 3599 3234 3668 apparuit
3270 3599 3321 3653 in
3344 3598 3485 3671 genis

2639 3689 3012 3745 Exultantium
3044 3690 3408 3747 Francorum.

2649 3779 2747 3834 Hic
2776 3780 3066 3835 vindictam
3084 3778 3470 3852 sumpsitmilcs
3491 3775 3664 3850 pariter,

2642 3866 2814 3930 Nemo
2835 3873 2913 3929 sic
2936 3882 2995 3928 ut
3018 3873 3347 3929 Ludovicus.

2714 4008 2911 4066 Alacer
2939 4019 2994 4064 et
3019 4010 3222 4076 audax,

2643 4099 2757 4156 Hoc
2782 4109 2897 4155 erat
2927 4100 3031 4170 ipsi
3053 4100 3417 4173 congenitun.

2645 4187 2822 4244 Alium
2862 4188 3150 4259 percussit.

2651 4280 2826 4334 Alium
2857 4279 3110 4351 perfodit.

2714 4410 3030 4482 Propinavit
3051 4412 3283 4469 subinde

2645 4501 2773 4560 Suis
2816 4505 3060 4562 hostibus

2642 4596 2900 4650 Amarum
2945 4606 3156 4666 potum.

2646 4685 2738 4744 Sic
2759 4697 3035 4744 cesserunt
3066 4688 3156 4744 hic
3177 4689 3242 4745 de
3272 4688 3395 4751 vita,

2715 4820 3004 4877 Benedicta
3032 4821 3102 4876 sit
3127 4821 3221 4877 Dei
3242 4821 3403 4876 virtus
3429 4819 3439 4870 !

2647 4911 2950 4967 Ludovicus
2976 4910 3153 4968 factus
3178 4912 3364 4967 victor.

2640 5001 2736 5056 Dic
2765 5003 3017 5058 omnibus
3055 5002 3256 5057 sanctis
3275 4999 3482 5073 gratias.

2643 5093 2812 5162 Ipsius
2842 5093 2987 5150 facta
3016 5095 3301 5152 victoriosa
3321 5104 3497 5164 pugna.

2711 5229 2781 5282 At
2802 5244 2932 5285 vero
2957 5230 3258 5286 Ludovicus

2642 5317 2754 5373 Rex
2783 5317 2887 5374 fuit
2907 5318 3054 5374 felix.

2644 5411 2896 5465 Promtus
2919 5411 2994 5465 uti
3035 5411 3122 5466 hic
3158 5410 3275 5474 fuit,

2640 5499 2832 5556 Gravis
2870 5512 3130 5571 quantum
3161 5516 3291 5571 opus
3317 5504 3426 5554 erat

2637 5593 2802 5649 Serva
2829 5595 3024 5664 ipsum,
3065 5594 3302 5661 Domiuc5

2637 5686 2694 5740 ln
2723 5701 2816 5742 sua
2852 5683 3151 5756 Majestate!
