3992 6210
349 363 413 424 ιε
1577 345 1923 410 EUTHYMI

2008 343 2323 406 ZIGABEN
2328 340 2356 403 Ι
3424 366 3431 375 ί
3520 341 3584 403 16

413 476 486 528 Τὸ
514 472 724 527 τοιοῦτο
750 468 1036 542 τοιγαροῦν
1062 469 1157 523 καὶ
1178 464 1467 539 τηλικοῦτο
1494 465 1592 536 τῆς
1624 463 1901 526 εὐσεϐείας
1922 462 2204 533 κειμήλιον
2226 462 2332 516 τίνι
2363 458 2408 514 δ’
2435 458 2499 514 ἂν
2521 458 2693 533 ἑτέρῳ
2718 459 3180 532 προσφωνήσαιμι
3207 458 3548 532 δικαιότερον
3572 504 3587 523 ,

345 562 783 633 ἐκλαμπρότατε,
816 562 909 613 κα³ι
938 555 1510 629 μεγαλεπιφανέστατε
1542 552 1698 623 κύριε
1730 551 1967 620 Στέφανε
1997 549 2431 622 Μπραγκοϐἆνε,
2456 546 2665 620 πατρὸς
2687 548 2893 633 ἀγαθοῦ
2925 549 3160 621 χρηστὸν
3190 549 3461 619 γέννημα,
3493 551 3587 601 καὶ

344 655 443 720 τῆς
487 631 697 703 ἐκείνου
741 649 939 719 ἀρετῆς
973 647 1069 700 καὶ
1095 635 1461 715 χρηστότητος
1492 637 1789 709 ἐκμαγεῖον
1809 679 1825 705 ,
1859 638 1955 692 καὶ
1982 638 2205 709 γνήσιον
2236 636 2704 720 ἀποσφράγισμα,
2732 631 2766 707 ἢ
2792 637 2857 707 τῇ
2889 638 2953 707 σῇ
2987 635 3426 707 ἐκλαμπρότητι,
3460 636 3586 706 ἥτις

346 718 533 791 πάσαν
568 736 670 806 ημέν
716 718 815 805 τὴν
846 734 951 799 ἔξω
990 730 1376 801 λαμπρότητα,
1416 728 1515 800 τὴν
1558 728 1666 782 ἀπὸ
1694 722 1791 780 τοῦ
1827 726 2152 781 θεοστέπτου
2196 723 2433 793 κράτους
2474 723 2567 776 τοῦ
2601 718 3054 793 ἐκλαμπροτάτου
3091 724 3186 777 καὶ
3216 721 3588 792 γαληνοτάτου

266 872 277 885 ,
348 825 557 895 πατρός
592 840 687 876 σου
724 822 916 894 κυρίου
955 818 1146 890 κυρίου
1194 817 1439 873 Ἰωάννου
1476 814 1891 869 Κωνσταντίνου
1923 808 2256 883 Βασσαράϐα
2289 811 2513 865 ϐοεϐόδα
2558 812 2653 864 καλ⁸
2716 810 2986 881 ήγεμόνος
3032 812 3213 883 πάσης
3241 810 3566 883 Οὐγγροϐλα

349 914 472 983 χίας
502 910 889 981 ἐπιρῥέουσαν,
918 906 1007 959 καὶ
1040 905 1287 973 ἀφθόνως
1319 902 1843 973 μετοχετευομένην,
1879 901 2072 973 μικρὸν
2104 901 2196 955 καὶ
2235 900 2459 963 ἀσθενὲς
2486 898 2623 969 πρός
2654 915 2717 966 γε
2747 899 2846 969 τὴν
2874 899 3188 969 ἀκροτάτην
3217 898 3464 963 εὐδοξίαν
3492 900 3591 951 σὺν

347 1000 425 1067 τῷ
463 998 656 1064 ἀληθεῖ
689 995 830 1064 λόγῳ
865 982 1186 1063 ἡγησαμένη
1208 1030 1222 1054 ,
1254 992 1350 1044 καὶ
1382 993 1493 1053 τοῖς
1523 990 1775 1058 ἀγεννέσι
1802 988 2002 1059 μᾶλλον
2028 988 2273 1058 οίηθεῖσα
2293 988 2593 1057 προσήκειν
2626 984 2933 1055 ἀλλοτρίοις
2964 986 3153 1048 καλοῖς
3185 984 3589 1056 σεμνύνεσθαι,

350 1088 445 1140 καὶ
475 1084 677 1155 ἀπορία
707 1082 923 1136 οἰκείων
953 1082 1089 1151 πρὸς
1124 1080 1223 1151 τήν
1249 1079 1357 1133 τῶν
1392 1078 1676 1149 Πατέρων,
1699 1078 1773 1142 ώς
1798 1078 1929 1150 πρὸς
1957 1076 2018 1129 τδ
2043 1075 2217 1137 νόθον,
2252 1074 2348 1128 καὶ
2374 1073 2630 1145 τεχνητὸν
2660 1072 2881 1141 ἔρευθος
2913 1075 2969 1126 αἱ
2995 1072 3090 1125 τοῦ
3120 1073 3364 1141 ἐμφύτου
3393 1072 3593 1143 χηρεύ-

349 1190 531 1236 ουσαι,
574 1170 941 1240 καταφεύγειν
970 1168 1191 1238 ἀρετὴν,
1228 1168 1323 1220 καὶ
1353 1167 1712 1235 λαμπρότητα
1733 1204 1747 1228 ,
1792 1162 1966 1228 οὕτως
1995 1164 2196 1231 ἑαυτὴν
2223 1162 2517 1233 ἐξεπόνησε
2551 1162 2645 1215 καὶ
2702 1162 3032 1232 διεκόσμησε
3071 1161 3219 1232 πάσῃ
3257 1160 3358 1231 μὲν
3387 1160 3594 1231 ἀρετῆς

354 1261 490 1332 ἰδέᾳ,
519 1261 667 1330 πάσῃ
695 1258 749 1311 δὲ
770 1256 989 1327 παιδείᾳ
1042 1257 1136 1308 καὶ
1156 1254 1255 1321 (ob;
1287 1253 1559 1308 συνελόντι
1591 1254 1775 1317 πᾶσιν,
1801 1249 1885 1315 οἷς
1929 1251 2253 1319 κοσμεῖσθαι
2300 1250 2397 1303 καὶ
2419 1244 2500 1312 οἷς
2527 1251 2555 1303 ὁ
2584 1248 2790 1319 ἀληθὴς
2817 1248 3319 1318 χαρακτηρίζεσθαι
3348 1248 3594 1316 πέφυκεν

352 1349 670 1418 ἄνθρωπος,
701 1345 842 1398 ὥστε
879 1344 1102 1410 ἄγαλμα
1137 1341 1200 1412 δή
1232 1359 1285 1394 τι
1314 1344 1414 1409 τῆς
1455 1334 1661 1411 ἀρετῆς
1692 1339 1956 1409 ἔμπνουν,
1988 1339 2084 1392 καὶ
2116 1338 2322 1407 ἀγαθοῦ
2359 1338 2560 1403 παντὸς
2592 1338 2786 1409 ἐμϐιον
2821 1339 3046 1408 ἄγαλμα
3082 1340 3395 1409 πρόκειται.
3449 1335 3594 1392 ’Δνθ’

353 1442 478 1493 ὅτου
509 1440 604 1491 καὶ
642 1438 703 1489 τὸ
733 1436 831 1506 μὲν
852 1434 1026 1502 αὐτῆς
1062 1432 1222 1501 σῶμα
1254 1431 1303 1482 οί
1333 1428 1549 1491 Μυσίας
1587 1429 1704 1499 ὅροι
1730 1427 2145 1498 περιειλήφασι,
2174 1426 2235 1480 τὸ
2257 1425 2313 1479 δέ
2339 1427 2440 1497 τῆς
2468 1427 2673 1497 ἀρετῆς
2729 1427 2822 1480 καὶ
2861 1425 3267 1493 καλοκαγαθίας
3301 1424 3458 1488 κλέος
3488 1441 3591 1477 πε-

357 1528 503 1597 ριθεῖ
537 1527 636 1596 τὴν
670 1524 759 1592 ὑφ’
806 1522 958 1592 ἥλιον
981 1563 994 1585 ,
1028 1519 1125 1573 καὶ
1163 1519 1420 1587 περιηχεῖ
1446 1519 1561 1580 τοῖς
1592 1515 1835 1579 ἐπαίνοις
1865 1514 1963 1584 τῆς
1994 1518 2317 1588 σοφωτάτης
2356 1530 2451 1571 σου
2483 1518 2959 1589 ἐκλαμπρότητος.
2999 1516 3160 1582 Ἥτις
3198 1520 3255 1571 ἐν
3287 1515 3593 1590 τηλικαύτῃ

353 1614 583 1684 ἀφθονία
613 1612 720 1665 τῶν
749 1609 875 1675 ἔξω,
902 1609 996 1661 καὶ
1028 1607 1252 1679 εὐρῥοίᾳ
1284 1607 1623 1677 πραγμάτων
1651 1603 1711 1656 οὑ
1742 1604 1995 1675 παρεῖδεν
2024 1597 2224 1675 ἐαυτήν
2265 1605 2678 1676 ὑποσυρομένην
2706 1608 2784 1670 είς
2807 1605 2844 1659 ἀ
2879 1606 3124 1674 πέφυκεν
3156 1602 3406 1668 ἐλεεινῶς
3435 1604 3594 1675 ὑφέλ-

353 1718 471 1754 κειν
499 1698 796 1767 ἐξυϐρίζων
824 1698 851 1749 ὁ
878 1694 1128 1758 πλοῦτος,
1156 1692 1294 1745 ἀλλά
1323 1691 1554 1760 γενναίῳ
1604 1690 1698 1743 καὶ
1735 1688 2032 1761 ἐρῥωμένῳ
2054 1692 2361 1763 φρονήματι
2390 1692 2485 1763 ὅλη
2512 1691 2564 1761 γ’
2596 1692 2852 1762 ὑπεράνω
2877 1691 2977 1760 τῆς
3003 1690 3125 1745 κατ’
3159 1690 3322 1743 αὐτὸν
3350 1690 3470 1759 βίας
3499 1706 3594 1757 γε-

356 1787 560 1857 νομένη
580 1826 594 1849 ,
639 1786 718 1846 εἰς
747 1782 939 1851 σκέψιν
978 1782 1176 1850 ἑαυτὴν
1211 1779 1419 1848 καθῆκε
1444 1816 1459 1842 ,
1495 1777 1592 1831 καὶ
1624 1775 2030 1847 διηκριϐώσατο
2067 1778 2334 1849 νουνεχῶς
2361 1778 2502 1833 ἅττα
2541 1778 2771 1850 κοσμεῖν
2803 1774 2914 1832 οἶδε
2938 1779 3029 1832 τὸν
3067 1776 3375 1848 ἄνθρωπον.
3416 1777 3506 1829 Διὸ
3527 1778 3591 1846 δή

358 1874 581 1943 παιδείᾳ
606 1870 803 1925 σαυτὸν
836 1872 901 1922 ἐκ
934 1869 1056 1922 νέου
1085 1869 1152 1938 τῇ
1184 1864 1477 1935 ἐλευθερίῳ
1505 1862 1813 1929 ὑποϐαλὼν,
1852 1864 2036 1935 διττὴν
2067 1866 2276 1920 ἐκεῖθεν
2303 1868 2371 1937 τῇ
2405 1866 2604 1922 σαυτοῦ
2630 1868 2777 1938 ψυχῇ
2810 1865 2994 1937 πηγὴν
3024 1867 3355 1943 ἐφειλκύσω,
3385 1867 3499 1928 τοῖς
3528 1878 3591 1919 σε

358 1961 502 2017 κατὰ
528 1958 757 2029 θεωρίαν
782 1957 875 2011 καὶ
905 1957 1016 2019 τοῖς
1047 1956 1103 2008 ἐν
1132 1953 1328 2022 πράξει
1356 1951 1536 2014 καλῶς
1555 1950 2008 2022 ἐνησχολημένος.
2038 1954 2130 2006 Διὸ
2159 1956 2251 2007 καὶ
2282 1954 2589 2025 εὐδοκιμεῖς
2620 1955 2720 2024 μὲν
2750 1956 2807 2008 ἐν
2833 1954 3097 2025 συνεδρίῳ
3122 1958 3323 2023 σοφῶν,
3356 1949 3439 2018 οἷς
3464 1971 3592 2007 συν-

360 2046 705 2119 διημερεύειν
742 2048 835 2099 καὶ
896 2041 1357 2114 συμπαννυχίζειν
1379 2040 1447 2095 τὰ
1476 2038 1703 2094 πλεῖστα
1727 2040 1919 2110 φιλεῖς,
1940 2042 2066 2095 ὅσου
2095 2042 2194 2112 τῆς
2226 2042 2362 2110 πρὸς
2393 2043 2716 2113 φιλοσοφίαν
2749 2040 3079 2106 οίκειώσεως
3111 2043 3308 2113 δεῖγμα
3341 2043 3594 2113 λαμπρό-

358 2153 539 2199 τατον,
567 2134 727 2188 ὁπότε
748 2135 861 2196 τοῖς
885 2131 1095 2201 ὁμοίοις
1121 2123 1338 2199 χαίρειν
1365 2129 1598 2181 ἕκαστον
1622 2130 1733 2192 τοῖς
1756 2130 1939 2198 σοφοῖς
1964 2133 2400 2200 γνωματεύεται,
2421 2130 2606 2195 αὔξεις
2628 2131 2686 2185 δέ
2716 2131 2804 2184 διὰ
2829 2131 3026 2184 σαυτοῦ
3053 2131 3145 2186 τὸν
3167 2128 3467 2199 κατάλογον
3482 2132 3593 2183 τῶν

360 2224 501 2277 κατά
524 2221 621 2293 τῆν
649 2223 707 2275 ἐν
726 2220 921 2292 πράξει
941 2218 1146 2288 ἀρετὴν
1172 2215 1501 2285 εὐδοκίμων,
1526 2213 1845 2285 εὐαρίθμων
1864 2215 2005 2283 άγαν
2033 2218 2213 2287 φέρων
2238 2217 2307 2271 τὰ
2327 2217 2580 2286 δεύτερα.
2603 2217 2830 2281 καὶτοῖς
2858 2217 3201 2288 πρωτεύουσι
3230 2217 3350 2272 κατ’
3376 2217 3592 2285 ἐκείνην

359 2307 811 2381 διαμιλλώμενος,
852 2305 994 2359 ὥστε
1035 2320 1103 2373 με
1135 2305 1234 2356 οὐκ
1264 2304 1343 2366 είς
1378 2303 1595 2372 μακράν
1622 2318 1681 2354 σε
1712 2302 1922 2366 πάντας
1948 2303 2104 2358 ἐᾶσαι
2136 2305 2370 2359 κατόπιν
2392 2309 2458 2377 τῇ
2498 2305 2630 2377 δόξῃ
2660 2306 2769 2360 τῶν
2800 2306 3252 2376 κατορθουμένων
3284 2306 3594 2379 θαρροῦντα

362 2396 757 2461 διατείνεσθαι,
792 2396 903 2462 είγε
934 2393 1003 2447 τά
1032 2391 1316 2462 φθάσαντα
1347 2392 1457 2445 τῶν
1491 2392 1767 2462 ἐσομένων
1807 2393 2194 2462 ἀσφαλέστατα
2222 2393 2504 2463 τεκμήρια
2535 2392 2802 2462 πέφυκεν.
2849 2393 3011 2447 Ἀλλά
3039 2397 3245 2447 τούτων
3280 2396 3379 2464 μὲν
3406 2393 3554 2448 ἄλλοι
3577 2434 3592 2458 ,

363 2487 458 2541 καὶ
500 2478 579 2548 οἷς
608 2483 767 2554 ἔργον
798 2480 1050 2551 ἐγκώμια
1082 2478 1304 2533 πλέκειν
1332 2479 1459 2544 τοὺς
1487 2481 1741 2543 ἐπαίνους
1768 2479 2247 2550 φιλοτεχνούντων.
2294 2479 2437 2548 Ἐγὼ
2466 2479 2513 2532 δ’
2540 2479 2570 2533 δ
2598 2481 2699 2552 τῆς
2728 2481 3003 2551 ὑμετέρας
3033 2480 3379 2552 ἐνδοξότητος
3410 2481 3597 2549 διαφε-

368 2577 568 2647 ρόντως
600 2569 935 2639 ἀποδέχομαί
959 2584 1019 2620 τε
1052 2567 1145 2620 καὶ
1173 2564 1388 2636 ἄγαμαι
1423 2571 1549 2639 σιγῇ
1583 2568 1967 2639 παραδραμεῖν
1995 2568 2097 2620 οὐκ
2128 2566 2420 2637 ἀνέχομαι,
2461 2566 2599 2621 ἀλλά
2628 2569 2723 2621 καὶ
2750 2567 2827 2632 ὡς
2858 2568 2967 2640 ἔχω
2996 2568 3281 2639 δυνάμεως
3314 2569 3422 2633 ἕως
3455 2571 3596 2640 ὑπὲρ

366 2665 468 2731 γῆς
498 2663 614 2729 είην
645 2652 978 2728 διαθρυλλῶν
1027 2655 1122 2707 καὶ
1184 2652 1471 2722 κηρύττων
1512 2654 1651 2724 μετά
1681 2672 1745 2723 γε
1791 2653 2065 2722 θαύματος
2099 2653 2161 2705 οὐ
2194 2653 2497 2724 παύσομαι.
2530 2655 2656 2718 Πῶς
2684 2655 2795 2724 γὰρ
2840 2656 2939 2708 οὐκ
2974 2655 3041 2710 ἀν
3080 2656 3253 2726 λήθην
3301 2657 3335 2727 ἢ
3399 2658 3597 2727 φθόνον

367 2749 517 2818 δφλω
545 2746 791 2806 δικαίως,
815 2742 844 2795 ὃ
869 2758 932 2808 γε
956 2738 1043 2794 διά
1068 2738 1338 2793 πλείστων
1370 2739 1672 2810 πέπεισμαι
1699 2742 1777 2811 μή
1806 2739 2104 2812 προτιθεὶς,
2128 2740 2263 2810 μηδέ
2289 2738 2656 2811 δημοσιεύων,
2689 2742 3012 2813 ἀποστερῶν
3042 2742 3098 2795 δὲ
3128 2745 3194 2812 τῇ
3220 2743 3439 2815 ἀκαίρῳ
3470 2748 3597 2815 σιγῇ

364 2837 467 2904 τῆς
497 2835 561 2886 ἐκ
586 2830 777 2886 τούτου
807 2827 1075 2898 ὠφελείας
1103 2828 1226 2891 τούς
1253 2843 1316 2896 γε
1339 2828 1709 2899 εὐγνώμονας,
1735 2819 1816 2889 οἷς
1839 2827 2172 2897 ὑπέκκαυμα
2202 2827 2488 2896 γίγνεσθαι
2516 2828 2731 2899 φιλοῦσι
2765 2829 2902 2897 πρὸς
2928 2830 2996 2883 τά
3021 2827 3217 2899 βελτίω
3243 2827 3353 2884 τῶν
3374 2833 3598 2900 ἀγαθῶν

367 2925 545 2996 ιργων
582 2921 631 2973 οἱ
661 2920 904 2983 ἐπαινοις
931 2915 992 2969 El
1017 2916 1075 2969 δὲ
1104 2916 1173 2970 τὰ
1203 2917 1310 2969 τῶν
1350 2915 1529 2971 ἀλλων
1562 2917 1859 2988 σπινθῆρος
1889 2914 2079 2988 χρείαν
2110 2914 2475 2986 συμϐάλλοιτο
2494 2956 2510 2979 ,
2543 2915 2660 2979 πῶς
2685 2916 2806 2986 οὐχὶ
2841 2918 3054 2988 πυρσὸν
3087 2919 3147 2970 ἐν
3176 2918 3365 2982 αὐτοῖς
3397 2919 3599 2996 ἀρετῆς

367 2990 668 3066 ἀνακαύσει
693 3006 788 3061 τοῦ
820 3007 876 3061 ἐν
905 3006 988 3058 σοὶ
1018 3006 1139 3058 κατ’
1172 3004 1364 3076 ἐξοχὴν
1392 3005 1793 3076 ἐνυπάρχοντος
1820 3006 1881 3059 τδ
1912 3005 2186 3075 διήγημα;
2215 2998 2400 3076 Οὖπερ
2433 3001 2657 3068 οὐδένας
2684 2998 2841 3074 οἶμαί
2871 3006 2924 3074 γ’
2950 3006 3007 3069 ἐς
3031 3005 3148 3060 τόδε
3178 3007 3443 3060 διατελεῖν
3472 2990 3598 3075 ἀνηι

368 3101 551 3166 κόους,
585 3096 726 3168 πλὴν
748 3096 797 3149 εί
818 3094 893 3165 μή
923 3110 1007 3157 τις
1029 3090 1116 3164 εἴη
1143 3092 1443 3163 ἀνέραστος
1470 3092 1580 3146 τῶν
1603 3092 1783 3147 καλῶν
1811 3092 1906 3147 καὶ
1926 3091 2207 3163 ὀλίγωρος.
2236 3091 2372 3145 Τίνα
2394 3091 2503 3161 γάρ
2533 3090 2598 3144 ἂν
2626 3092 2718 3147 καὶ
2741 3092 2963 3164 λήσειεν
2985 3095 3013 3147 ὁ
3040 3093 3174 3164 παρ’
3197 3095 3333 3166 αὐτῇ
3398 3095 3599 3167 θερμδς

369 3190 465 3242 καὶ
513 3186 776 3256 διάπυρος
821 3181 963 3252 ὑπὲρ
1002 3178 1286 3244 εὐσεϐείας
1331 3179 1516 3249 ζῆλος,
1560 3182 1656 3234 καὶ
1725 3181 1801 3246 ώς
1852 3180 1990 3252 μετὰ
2030 3178 2232 3251 πολλῆς
2277 3180 2372 3233 καὶ
2409 3178 2668 3245 διακαοῦς
2713 3181 3023 3252 προθυμίας
3068 3184 3455 3255 ὑπεραγωνίζῃ
3506 3187 3603 3239 καὶ

369 3272 734 3347 προασπίζεις
755 3269 864 3324 τῶν
886 3267 1082 3339 ὀρθῶν,
1114 3268 1211 3321 καὶ
1238 3267 1480 3338 πατρίων
1508 3267 1819 3338 δογμάτων,
1855 3268 2150 3339 στρατείαν
2174 3266 2378 3338 ταύτην
2406 3266 2641 3339 ἀρίστην
2669 3268 2750 3340 τῷ
2774 3269 2994 3343 Χριστῷ
3025 3273 3479 3342 στρατευόμενος,
3503 3276 3602 3326 καὶ

370 3359 734 3437 προπολεμῶν
783 3355 881 3428 τῆς
923 3354 1233 3427 ὀρθοδοξίας
1259 3354 1396 3425 μετά
1435 3355 1638 3427 πολλῆς
1681 3355 1773 3408 καὶ
1805 3355 2138 3426 καρτερικῆς
2164 3354 2263 3425 τῆς
2302 3356 2607 3421 ἐνστάσεως
2637 3356 2671 3427 ή
2704 3356 2902 3421 πύλαις
2931 3357 3058 3428 ᾅδου
3086 3358 3229 3412 κατά
3256 3359 3354 3430 τὴν
3386 3359 3599 3433 ἀψευδῆ

370 3450 462 3505 τοῦ
494 3447 743 3518 Σωτῆρος
768 3441 1100 3511 ἐπαγγελίαν
1128 3441 1385 3498 οὐδέποτε
1407 3441 1889 3513 κατισχυθήσεται,
1921 3443 2030 3513 ὅσῳ
2054 3443 2216 3496 πλέον
2240 3443 2563 3515 πολεμεῖται
2598 3444 2802 3514 μᾶλλον
2828 3444 3183 3514 ἀκμάζουσα,
3208 3446 3302 3500 καὶ
3323 3448 3382 3500 ἐν
3411 3451 3477 3519 τῇ
3503 3464 3604 3503 ταο

372 3538 633 3592 πεινώσει
658 3532 828 3603 αὐτῆς
850 3529 1282 3601 λαμπρυνομένη
1316 3527 1413 3582 καὶ
1436 3527 1845 3596 meum”;
1879 3531 1977 3584 Διά
2009 3528 2164 3584 ταῦτ’
2194 3530 2303 3602 άρα
2338 3532 2495 3597 κάγὼ
2525 3534 2609 3587 σοι
2636 3530 2714 3604 τῷ
2739 3533 2927 3605 θερμῷ
2951 3534 3167 3606 ζηλωτῇ
3199 3536 3295 3589 κα)⁵
3326 3538 3600 3607 προμάχῳ

375 3626 484 3683 τῶν
514 3624 616 3693 τῆς
647 3619 905 3692 ἀληθείας
939 3617 1229 3689 δογμάτων
1259 3616 1484 3686 ταυτηνὶ
1518 3618 1698 3686 φέρων
1728 3618 2036 3687 προσφωνῶ
2054 3618 2151 3689 τὴν
2177 3619 2520 3690 δογματικῆν
2557 3621 2870 3675 Πανοπλίαν
2889 3662 2905 3687 ,
2942 3624 3090 3686 ὅπως
3125 3625 3603 3695 τεθωρακισμένος

374 3718 442 3786 τῇ
465 3713 559 3766 τοῦ
592 3706 911 3779 Πνεύματος
942 3704 1161 3777 χάριτι,
1186 3702 1616 3775 ῥωμαλεώτερον
1647 3704 2089 3775 ἀντιπαρατάιτῃ
2113 3704 2170 3757 τδ
2194 3706 2302 3759 ἀπὸ
2322 3706 2477 3759 τοῦδε
2502 3709 2616 3772 τοῖς
2642 3708 2981 3778 ἀντιλέγουσι
3007 3714 3071 3783 τῇ
3094 3712 3343 3785 ἀληθείᾳ,
3370 3714 3429 3767 τδ
3455 3713 3600 3767 θεῖον

378 3803 530 3873 ῥῆμα
566 3798 748 3868 φέρων
780 3794 922 3848 κατα
953 3793 1051 3864 τὴν
1087 3791 1364 3860 σάλπιγγα
1394 3791 1501 3845 τῶν
1543 3787 1901 3863 Ἐκκλησιῶν,
1934 3789 2146 3847 Παῦλόν
2171 3810 2315 3864 φημι
2338 3794 2432 3849 τὸν
2456 3795 2752 3867 μακάριον,
2780 3796 2921 3869 ὑπὲρ
2949 3798 3130 3852 πᾶσαν
3166 3800 3474 3871 μάχαιραν,
3504 3801 3603 3855 καὶ

378 3886 657 3960 ῥομφαίαν
680 3882 937 3953 ἀμφήκη,
971 3881 1064 3932 καὶ
1095 3878 1162 3931 δι’
1190 3874 1359 3931 αὑτοῦ
1384 3876 1509 3941 τούς
1541 3877 1636 3930 τοῦ
1669 3878 1923 3943 εὐσεϐοῦς
1953 3880 2113 3951 λόγου
2145 3881 2517 3953 διαχρώμενος
2549 3884 2865 3955 πολεμίους,
2895 3886 2990 3939 καὶ
3015 3886 3244 3958 λαμπρά
3272 3887 3390 3943 κατ’
3418 3888 3603 3942 αὐτῶν

380 3975 543 4031 ἱστῶν
569 3970 810 4044 τρόπαια
829 4008 843 4035 ,
873 3963 1057 4037 ὧνπερ
1083 3965 1145 4018 οὐ
1174 3964 1369 4035 ῥέοντα
1395 3965 1489 4017 καὶ
1527 3964 1845 4034 χαμαίζηλά
1876 3969 2083 4039 κομίσῃ
2110 3970 2177 4023 τὰ
2202 3962 2361 4035 ἆθλα,
2393 3971 2516 4025 οὐδὲ
2540 3971 2699 4035 δόξαν
2721 3971 2876 4043 ῥᾷστ’
2917 3972 3266 4029 ἀπανθοῦσαν
3309 3976 3402 4029 καὶ
3429 3974 3608 4030 ἐκλεί-

379 4082 608 4128 πουσαν,
632 4060 745 4115 ἀλλ’
767 4058 912 4128 ἅπερ
938 4054 1051 4108 οὐτ’
1080 4054 1387 4123 ὀφθαλμοῖς
1414 4055 1495 4117 είς
1516 4054 1644 4107 θέαν
1668 4057 1885 4122 ἐφικτὰ,
1912 4050 2025 4108 οὔτ’
2050 4054 2185 4122 ἀκοῇ
2213 4055 2455 4123 χωρητά,
2484 4054 2581 4108 καὶ
2609 4054 2767 4123 λόγου
2800 4056 2999 4121 παντὸς
3025 4058 3320 4126 ὑπερπαίει
3348 4058 3606 4129 δύναμιν,

382 4150 658 4223 βασιλείαν
686 4144 951 4214 οὐρανῶν,
982 4141 1073 4193 καὶ
1100 4141 1476 4210 μακαριότητα
1498 4141 1934 4205 διαιωνίζουσαν,
1966 4142 2063 4212 τὴν
2094 4144 2470 4213 ἀποκειμένην
2499 4147 2610 4209 τοῖς
2641 4146 3056 4217 ἐκλελεγμένοις
3089 4147 3194 4217 πρὸ
3220 4148 3442 4201 πάντων
3475 4150 3609 4203 αἰώ-

381 4258 506 4295 νων.
542 4235 617 4292 Οῦ
645 4232 805 4305 μόνον
836 4230 893 4283 δὲ
921 4227 1009 4281 διά
1040 4226 1216 4281 ταῦτα
1249 4228 1548 4298 προσήκειν
1577 4228 1745 4297 ἔγνων
1777 4247 1869 4282 σου
1902 4233 1967 4301 τῇ
2002 4230 2305 4302 ἐνδοξότητι
2337 4232 2398 4284 τὸ
2424 4232 2675 4303 δώρημα,
2707 4235 2846 4289 ἀλλά
2872 4235 2968 4288 καὶ
3002 4234 3089 4287 ὅτι
3116 4235 3180 4305 δὴ
3210 4234 3361 4304 παρά
3391 4237 3606 4300 πάντας

382 4328 519 4397 αὐτῇ
542 4321 833 4393 ᾠκείωται,
861 4314 1132 4387 βασίλειον
1151 4310 1284 4369 οὖσα
1310 4314 1617 4385 κειμήλιον,
1639 4319 1720 4369 σοὶ
1743 4316 1787 4369 δ’
1811 4316 1872 4370 οὐ
1898 4317 2057 4387 μόνον
2077 4318 2145 4371 τά
2169 4318 2262 4371 τοῦ
2290 4319 2481 4387 γένους
2501 4323 2566 4374 ἐκ
2588 4321 2885 4388 βασιλικῶν
2909 4323 3102 4393 πηγῶν
3122 4323 3447 4394 ἐπιρρέοντα
3467 4324 3607 4393 ὁμο-

383 4415 647 4482 λογεῑται,
676 4406 747 4461 τὰ
787 4405 923 4475 πρὸς
962 4404 1196 4474 μάμμης
1245 4402 1327 4465 είς
1360 4402 1486 4466 τούς
1512 4405 1821 4472 ἐπιφανείς
1857 4404 2349 4475 Καντακουζηνούς
2380 4406 2719 4479 ἀναγόμενα,
2756 4410 2895 4463 ἀλλά
2920 4410 2984 4481 δή
3016 4412 3111 4464 καὶ
3141 4412 3209 4464 τά
3253 4412 3607 4481 πραττόμενα

386 4497 676 4573 βασιλικῆς
715 4490 1002 4573 εὐγενείας
1029 4488 1392 4559 λαμπρότατα
1419 4489 1692 4555 ἀποσώζει
1722 4490 2000 4562 μαρτύρια
2020 4533 2037 4559 ν
2068 4498 2163 4551 καὶ
2197 4499 2460 4568 κηρύττει
2506 4500 2607 4572 τὴν
2640 4500 2772 4573 πρὸς
2809 4502 3049 4565 ἐκείνους
3079 4502 3395 4572 συγγένειαν
3430 4502 3463 4572 ἡ
3496 4502 3605 4556 τῶν

384 4570 637 4659 πράξεων
669 4579 941 4651 ὁμοιότης.
975 4570 1075 4629 Ὧν
1105 4575 1315 4630 οίκοθεν
1348 4574 1491 4645 ἐχεις
1511 4615 1528 4641 ,
1564 4577 1659 4629 καὶ
1708 4575 1801 4645 ἀφ’
1835 4578 2019 4641 ἑστίας
2066 4582 2203 4648 φασὶ
2228 4583 2288 4636 τδ
2326 4570 2708 4656 παράδειγμα,
2741 4587 2818 4650 ὡς
2849 4588 2955 4641 ὑπὸ
2989 4570 3479 4659 ζῶπιτὰρχετύπω
3527 4588 3607 4658 τῷ

383 4674 579 4745 κλεινῷ
627 4674 721 4726 καὶ
750 4665 1184 4737 ἐκλαμπροτάτῳ
1216 4662 1409 4734 γενέτῃ
1443 4663 1983 4732 παιδαγωγούμενος,
2015 4666 2113 4720 καὶ
2160 4667 2309 4723 σύνει
2339 4671 2554 4746 νύκτωρ
2586 4675 2679 4728 κιὶ
2728 4674 2847 4744 μεθ’
2880 4674 3095 4745 ήμέραν
3124 4678 3192 4746 τῇ
3227 4679 3378 4746 πηγῇ
3400 4716 3416 4741 ,
3453 4674 3513 4740 ἐξ
3540 4672 3611 4748 ἦς

383 4762 628 4835 ἀφθόνως
661 4755 899 4824 ὑπάρχει
935 4749 1203 4822 ἀρύεσθαί
1228 4766 1331 4815 σοι.
1363 4749 1459 4802 καὶ
1488 4750 1629 4804 κατὰ
1654 4749 1753 4813 τὰς
1783 4750 2076 4821 φιλεργοὺς
2104 4757 2361 4826 μελίττας
2391 4759 2503 4817 οἷον
2532 4762 2590 4829 ἐξ
2617 4764 2889 4819 ἀθανάτου
2920 4763 3185 4832 λειμῶνος
3213 4764 3611 4828 ἀπανθίζεσθιι

382 4856 492 4908 τῶν
520 4846 732 4921 ἀρετῶν
762 4844 834 4897 τά
868 4840 1043 4908 εὐώδη
1084 4840 1181 4893 καὶ
1204 4836 1431 4908 ἀειθαλῆ
1463 4837 1620 4908 ἀνθη.
1662 4838 1801 4893 Ἀνθ’
1846 4841 1966 4894 ὅτου
2008 4842 2105 4895 καὶ
2133 4843 2450 4912 διπλασίους
2496 4849 2720 4912 είκότως
2754 4849 3041 4920 τυγχάνεις
3070 4850 3300 4920 ὀφείλων
3344 4855 3411 4923 τῇ
3442 4852 3612 4906 αὑτοῦ

385 4940 686 5008 ἐκλάμπρῳ
717 4930 1045 5015 γαληνότητι
1073 4928 1301 4998 χάριτας
1322 4965 1337 4991 ,
1364 4926 1500 4996 πρός
1522 4943 1586 4995 γε
1609 4926 1687 4996 τῷ
1715 4924 1854 4982 εἶναι
1901 4929 1997 4983 καὶ
2025 4932 2188 4987 αὐτοῦ
2220 4937 2313 4989 τοῦ
2335 4932 2394 4989 εὖ
2427 4933 2565 4993 εἶναι
2587 4942 2738 5011 παρὰ
2766 4943 2864 5012 τῆς
2886 4942 3047 4994 αὐτοῦ
3077 4942 3412 5014 ὑψηλότητος
3437 4962 3612 5015 προσ.

384 5030 739 5097 υπάρχονως.
770 5013 878 5081 της
906 5017 1039 5085 δῆτα
1085 5016 1201 5103 καθ’
1230 5018 1378 5087 ἡμᾶς
1413 5020 1467 5070 αἱ
1500 5017 1689 5088 ἀρεταὶ
1717 5019 1829 5079 τοῖς
1876 5018 2073 5091 πέρασι
2106 5022 2603 5098 διατεθρύλληνται,
2649 5030 2746 5099 τῆς
2774 5030 3002 5100 ἀρίστης
3037 5013 3607 5103 εὐνομίαςίμετὶήτῆς

360 5112 728 5186 ςδικαιοσύνης
755 5102 1225 5191 καταγλαῖςούσης
1273 5104 1365 5157 τὸν
1420 5103 1753 5173 ὑψηλότατον
1794 5105 1889 5157 καὶ
1943 5105 2323 5180 λαμπρότατον
2359 5114 2567 5184 θρόνον,
2600 5117 2685 5184 ἐφ’
2717 5112 2778 5170 οὑ
2808 5118 2873 5188 δή
2906 5119 3040 5186 πρὸς
3072 5118 3207 5171 Θεοῦ
3236 5102 3404 5172 πάλαι
3426 5102 3611 5191 προω-

395 5200 626 5275 ρισμένη
665 5199 722 5250 ὲν
756 5194 834 5265 τῷ
876 5189 1199 5261 καταλλήλῳ
1230 5191 1406 5260 χρόνῳ
1444 5192 1594 5262 ποιράι
1645 5191 1744 5261 τῆς
1789 5192 1953 5245 αὑτοῦ
2003 5198 2260 5264 προνοίας
2305 5201 2610 5271 ἐφίδρυται,
2662 5203 2825 5256 ὁπότε
2871 5206 2903 5275 η
2949 5206 3040 5259 τοῦ
3085 5206 3277 5276 χρόνου
3325 5189 3615 5275 ἀνωμαλία

390 5293 480 5344 τὸν
505 5286 675 5340 δεινὸν
701 5285 778 5346 εἰς
811 5280 1077 5351 διοίκησιν
1099 5279 1317 5349 ἀπῄτει,
1343 5278 1432 5331 διὰ
1463 5279 1797 5350 πολυσχιδῶν
1821 5281 1954 5334 ὁδῶν
1989 5286 2410 5355 παραστήσοντα
2440 5288 2537 5356 τὴν
2556 5288 2794 5358 ἔμφυτον
2825 5289 3253 5360 καλοκαγαθίαν,
3278 5298 3371 5346 καὶ
3396 5294 3615 5365 ἑκάστῳ

390 5375 713 5449 προσφόρως
742 5370 1114 5442 ἐπαρκέσουτα
1148 5368 1280 5437 πρὸς
1305 5366 1402 5437 τήν
1430 5368 1637 5439 χρείαν,
1670 5369 1762 5422 καὶ
1788 5370 1864 5440 τῷ
1888 5369 2069 5437 οἰκείῳ
2100 5369 2457 5441 ὑποδείγματι
2481 5372 2571 5426 τὸν
2594 5374 2697 5426 ὑπὸ
2722 5378 2878 5447 χεῖρα
2904 5376 3041 5429 λεὼν
3068 5377 3134 5430 τά
3165 5377 3389 5448 θεοφιλῆ
3416 5381 3616 5432 ἐκπαι-

389 5464 667 5519 δεύσοντα.
711 5457 871 5511 Ἀλλά
902 5455 985 5519 τίς
1022 5454 1088 5508 ἀν
1124 5470 1211 5524 μοι
1237 5453 1393 5521 λόγος
1428 5455 1702 5525 ἀρκέσειε,
1737 5458 1886 5517 ποῖος
1923 5455 2164 5525 κάλαμος
2189 5458 2522 5531 ὑπηρετήσει
2555 5461 2621 5515 ἶν’
2650 5464 3032 5534 ἀπαριθμήσει
3063 5462 3193 5532 γοῦν
3222 5463 3358 5534 μόνῃ
3387 5465 3613 5534 χρήσω-

393 5569 491 5625 μαι
519 5545 627 5600 τῶν
655 5542 1105 5613 προτερημάτων,
1133 5536 1214 5604 οἷς
1239 5543 1266 5593 ὁ
1294 5540 1383 5604 σὸς
1412 5542 1635 5612 γενέτης
1665 5542 2088 5613 καθωραῖζεται,
2117 5546 2222 5598 τῶν
2252 5547 2472 5614 ἀγαθῶν
2491 5587 2507 5612 ,
2536 5541 2611 5602 ὧν
2642 5550 2702 5602 οὐ
2739 5555 2802 5621 τῇ
2839 5552 3022 5622 Μυσία
3051 5552 3210 5621 μόνῃ,
3236 5552 3302 5620 ἢν
3334 5554 3425 5605 καί
3453 5552 3615 5620 λόγου

395 5635 592 5713 μικροῦ
619 5633 728 5687 δεῖν
760 5632 985 5700 ἄμοιρον
1032 5630 1225 5702 πρώην
1250 5630 1415 5685 οὖσαν
1438 5670 1452 5695 ,
1489 5631 1721 5684 Μουσῶν
1755 5631 2006 5698 ἀπέφηνε
2041 5630 2385 5701 καταγώγιον
2406 5672 2421 5697 ,
2453 5634 2548 5687 καὶ
2577 5638 2758 5705 σοφῶν
2790 5638 3003 5708 ἀνδρῶν
3030 5636 3375 5707 περιώνυμον
3407 5639 3614 5692 ἐνδιαίι-

388 5745 538 5801 τημοι
558 5768 572 5796 ,
604 5724 803 5795 ἀρετῆς
834 5737 892 5774 τε
920 5722 1097 5792 πάσης
1126 5723 1202 5793 τῷ
1232 5723 1344 5780 ὄντι
1372 5725 1705 5794 γυμνάσιον,
1736 5721 1849 5777 ἀλλ’
1879 5721 1979 5792 ήδη
2012 5720 2105 5774 καὶ
2133 5722 2197 5791 τῇ
2228 5720 2438 5792 ὑφηλίῳ
2469 5722 2730 5795 ξυμπάσῃ
2761 5724 2975 5794 ὑπῆρξε
3004 5725 3187 5790 πατὴρ
3210 5762 3226 5790 ,
3258 5724 3612 5786 πολυτρόπως
