3992 6210
486 269 555 327 2³
1699 288 2079 351 EU’I‘HYMII
2117 289 2479 352 ZIGABENI
3657 286 3733 349 at

488 385 592 442 sibi
628 390 948 483 pontificum
1019 412 1217 457 munus
1254 406 1563 476 arrogavit,
1627 409 1721 466 sed
1798 412 2033 483 exemplc

2161 409 2398 481 Ἀνάγκη
2430 409 2560 480 γάρ,
2589 408 2904 471 σιωπῶντος
2938 405 3188 478 ἀκαίρως
3218 405 3315 460 τοῦ
3340 404 3439 477 τήν
3471 405 3729 472 ἐξουσίαν

491 491 591 531 suo
626 482 912 550 pontiﬁces
944 489 1237 556 excitavit,
1290 510 1457 565 seque
1490 498 1594 553 illis
1627 501 1832 557 socium
1867 513 1922 558 et
1957 482 2055 559 ad-

483 571 721 636 jutorem
786 576 1052 648 adjunxit.
1096 584 1283 655 Neque
1324 604 1455 644 vero
1500 591 1713 647 crimini
1768 604 1863 650 aut
1918 596 2052 652 vitio

489 663 808 719 vertendum
875 678 995 733 est,
1074 675 1121 726 si
1168 690 1279 730 non
1357 679 1531 735 solum
1590 682 1883 753 imperator
1934 686 2050 756 ipse

483 841 687 898 delium
724 864 981 917 numero,
1036 857 1197 912 mOdO
1225 863 1434 929 peritus
1479 866 1551 920 sit
1587 867 1912 940 dicendique
1948 887 2046 942 po-

483 941 675 993 testate
704 943 986 1014 praaditus,
1019 951 1297 1009 veritatem
1331 955 1385 1010 in
1417 958 1706 1017 discrimen
1760 941 2045 1023 adductam

414 1100 417 1103 δ
481 1025 927 1105 laborantemque
980 1048 1198 1096 tueatur
1230 1055 1393 1115 atque
1430 1049 1727 1109 defendat:
1758 1056 1863 1110 nisi
1906 1057 2047 1114 forte

478 1118 570 1187 qui
624 1120 915 1183 immanem
947 1138 1001 1185 et
1048 1135 1380 1193 mortiferam
1425 1141 1657 1212 aliquam
1694 1145 1862 1201 feram
1901 1149 2047 1205 occi-

477 1210 653 1278 derit,
683 1230 751 1271 eo
771 1223 993 1279 nomine
1020 1224 1072 1280 in
1101 1229 1305 1285 crimen
1333 1234 1516 1288 vocari
1533 1235 1693 1291 debet
1711 1275 1727 1301 ,
1755 1239 1897 1308 quod
1919 1255 2043 1296 cum

477 1316 587 1356 non
622 1306 692 1360 sit
721 1308 975 1378 indigena
995 1352 1010 1373 .
1044 1319 1319 1373 communi
1345 1331 1496 1388 peste
1527 1323 1595 1379 de
1625 1306 1804 1382 medio
1832 1328 2043 1384 sublata

478 1393 683 1491 incolas
719 1408 773 1453 et
812 1402 1094 1474 indigenas
1130 1409 1199 1463 ab
1232 1411 1352 1479 ejus
1394 1414 1639 1483 pernicie
1692 1418 2045 1491 periculoque

475 1477 807 1579 liberaverit.
864 1488 1149 1548 Beatorum
1227 1477 1413 1570 igitur-
1474 1477 1710 1559 Patrum-
1771 1477 2042 1579 rectaeque

475 1568 600 1623 ﬁdei
638 1572 987 1634 defensorum
1019 1568 1271 1641 decretis?
1300 1602 1398 1657 per
1430 1592 1707 1661 sapientes
1734 1603 1789 1651 et
1836 1568 2042 1667 peritos

476 1661 642 1730 hujus
667 1666 847 1723 atatis
876 1670 1021 1726 viros
1074 1672 1264 1731 electis
1292 1716 1308 1742 ,
1337 1678 1391 1731 in
1437 1695 1717 1753 unumque
1772 1661 2041 1756 redactis,

2158 501 2372 571 ἔχοντος
2400 501 2493 555 τοῦ
2545 501 2893 570 διαλέγεσθαι
2928 500 3060 570 περὶ
3102 498 3363 562 πίστεως,
3388 496 3729 568 ἀντιλαμϐάο

2156 593 2341 646 νεσθαι
2372 592 2774 663 κινδυνεύοντος
2810 590 2904 645 τοῦ
2935 589 3119 659 λόγου,
3142 588 3216 660 μὴ
3250 589 3332 642 ὅτι
3356 605 3420 656 γε
3449 587 3541 641 τὸν
3576 589 3728 642 εύσε-

2156 684 2416 738 δέστατον
2461 682 2710 754 βασιλέα,
2748 684 2840 739 τὸν
2862 683 2957 736 καὶ
2984 686 3095 746 τοῖς
3116 682 3349 752 δόγμασι
3379 681 3488 735 τῶν
3527 682 3720 753 ἀρχιε-

2157 777 2293 846 ρέων
2313 775 2376 829 τδ
2402 775 2567 846 κῦρος
2598 776 2684 830 διὰ
2711 774 2811 845 τῆς
2852 774 3047 828 ἐαυτοῦ
3097 776 3268 845 ῥοπῆς
3319 775 3415 829 καὶ
3450 773 3725 837 συνέσεως

2155 868 2537 939 χαριζόμενον,
2559 867 2695 922 ἀλλά
2723 867 2819 922 καί
2854 865 2946 921 τὸν
2984 865 3171 930 ἁπλῶς
3201 867 3393 919 πιστὸν
3420 864 3722 935 ἀνδρα,καὶ

2152 961 2331 1029 λέγειν
2376 961 2736 1032 ἐπιστάμενον
2797 961 2893 1014 καὶ
2939 959 3257 1029 δυνάμενον,
3287 959 3337 1011 εἰ
3371 957 3447 1028 μὴ
3499 957 3593 1010 καὶ
3622 956 3718 1009 τῖον

2155 1049 2419 1103 ἀνελόντα
2461 1047 2649 1119 θηρίον
2701 1047 3159 1118 ἀνθρωποφθόρον
3179 1045 3486 1100 αἰτιάσαιτό
3512 1061 3614 1110 τις,
3634 1044 3721 1097 ὅτι

2154 1142 2230 1211 μὴ
2245 1138 2508 1211 ἐγχώριος
2524 1139 2597 1192 ὢν
2613 1139 2703 1193 τὸν
2726 1138 2900 1193 κοινὸν
2915 1138 3035 1192 δλεθ
3041 1155 3136 1208 ρον
3155 1139 3219 1191 ἐκ
3234 1137 3401 1208 μέσου
3425 1136 3717 1206 πεποίηκε,

2150 1230 2246 1284 καὶ
2279 1231 2379 1299 τῆς
2406 1229 2654 1283 ἐντεῦθεν
2687 1229 2864 1300 λύμης
2899 1227 3172 1299 ἀπήλλαξε
3198 1229 3325 1291 τοὺς
3350 1225 3710 1297 αὐτόχθονας.

2151 1324 2261 1377 Καὶ
2294 1322 2457 1394 δῆτά
2503 1322 2750 1391 δόγματα
2783 1320 2894 1374 τῶν
2949 1312 3235 1391 μακαρίων
3288 1318 3570 1393 Πατέρων,
3619 1316 3718 1370 καὶ

2150 1413 2458 1484 προμάχων
2499 1413 2597 1483 τῆς
2638 1411 2807 1484 ὀρθῆς
2836 1412 3072 1475 πίστεως
3093 1410 3180 1466 διὰ
3199 1410 3307 1463 τῶν
3324 1407 3420 1463 τοῦ
3446 1408 3720 1480 παρόντος

2148 1506 2343 1576 καιροῦ
2377 1504 2557 1575 σοφῶν
2590 1505 2684 1558 καὶ
2718 1503 3062 1572 πολυπείρων
3092 1502 3304 1573 ἀνδρῶν
3328 1500 3715 1568 ἐκλεξάμενος,

2147 1598 2242 1652 καὶ
2262 1595 2586 1664 συναγαγὼν
2610 1596 2733 1666 ἐμοὶ
2759 1594 2860 1665 τὴν
2887 1592 3165 1663 συνθήκην
3191 1589 3397 1645 τούτων
3420 1589 3714 1660 ἐπέτρεψε,

2145 1690 2241 1744 καὶ
2263 1689 2418 1756 τάξιν
2444 1687 2716 1742 ἐπιθεῖναι
2743 1686 2977 1751 τούτοις,
2993 1685 3090 1739 καὶ
3110 1683 3513 1754 διεσκεμμένην
3538 1682 3715 1752 ἁρμο-

474 1752 617 1841 banc
648 1757 782 1811 mihi
808 1762 1144 1828 provinciam
1180 1766 1531 1827 demandavit
1556 1814 1571 1837 ,
1608 1752 1668 1830 ut
1698 1790 1886 1834 eorum
1915 1752 2033 1834 seu;

2140 1782 2282 1847 νίαν,
2306 1752 2400 1836 καὶ
2433 1780 2831 1850 λελογισμένην
2858 1778 3180 1850 οἰκονομίαν
3208 1752 3515 1831 ἐκέλευσεν.
3554 1774 3715 1828 Ἐπεὶ

474 1828 676 1903 tentias
711 1848 999 1920 diligenter
1027 1854 1083 1909 in
1118 1858 1341 1915 ordines
1378 1862 1767 1923 distribuerem
1798 1907 1813 1933 ,
1845 1879 1899 1925 et
1928 1870 2043 1926 suis

470 1951 719 2006 quasque
742 1939 874 1996 locis
901 1954 1025 2015 apte
1055 1949 1430 2023 concinneque
1457 1954 1803 2026 disponerem
1832 1977 1895 2016 ac
1925 1964 2039 2018 col-

471 2026 736 2086 locarem.
772 2031 1138 2098 Quamobrem
1168 2055 1289 2096 cum
1332 2044 1452 2114 ejus
1481 2048 1751 2106 mandatis
1785 2066 1849 2107 ac
1871 2054 2041 2124 jussis

469 2117 628 2175 nefas
664 2122 734 2177 sit
770 2126 1065 2196 adversari,
1100 2141 1267 2188 restat
1301 2144 1361 2189 ut
1402 2137 1613 2194 ratione
1662 2117 1889 2212 Deoque
1938 2147 2041 2201 liu-

466 2211 557 2280 jus
587 2216 832 2270 muneris
862 2218 1000 2274 duce
1028 2259 1043 2285 ,
1079 2238 1177 2292 per
1230 2241 1390 2295 quem
1425 2238 1480 2283 et
1516 2245 1713 2287 manus
1753 2211 2038 2293 instruun-

473 2312 560 2357 tur
590 2305 656 2359 ad
712 2322 947 2379 pugnam
981 2350 998 2376 ,
1046 2322 1099 2368 et
1146 2315 1296 2387 digiti
1331 2320 1637 2377 scribentes
1688 2324 1761 2379 ad
1802 2327 2038 2385 haereses

471 2395 832 2469 proﬂigandas
863 2402 1174 2475 diriguntur
1207 2447 1223 2474 ,
1257 2413 1681 2482 congrediamur
1708 2456 1724 2481 ,
1754 2425 1811 2471 et
1842 2434 2038 2475 manus

470 2501 821 2547 conseramus
853 2535 870 2559 ,
905 2496 991 2550 vel
1025 2497 1206 2567 potius
1256 2501 1572 2573 religionem
1610 2506 1747 2561 tueri
1777 2547 1793 2573 ,
1825 2517 1881 2563 et
1911 2525 2035 2565 cum

472 2580 717 2637 hostibus
742 2584 860 2653 ejus
879 2586 1159 2647 decertare
1176 2591 1480 2650 volentibus
1495 2612 1643 2652 arma
1663 2613 2038 2670 comparemus

470 2672 812 2729 adamantina
848 2691 913 2732 ac
933 2677 1149 2735 letbalia
1179 2697 1415 2754 vereque
1434 2686 1695 2753 caelestia,
1726 2692 1925 2761 quibus
1942 2695 2036 2764 qui

2137 1874 2195 1928 δέ
2234 1873 2335 1927 οὐκ
2377 1867 2447 1944 ἦν
2500 1870 2847 1934 ἀναδύεσθαι,
2873 1870 3063 1923 λοιπὸν
3114 1867 3207 1923 τοῦ
3236 1868 3413 1936 Λόγου
3449 1866 3543 1921 καὶ
3571 1863 3709 1917 Θεοῦ

2142 1961 2578 2033 στρατηγοῦντος
2628 1961 2721 2016 τοῦ
2760 1962 3141 2032 συντάγματος
3166 1959 3275 2013 τῶν
3326 1959 3523 2027 λόγων,
3551 1957 3618 2011 δι’
3645 1949 3713 2010 οῦ

2139 2054 2235 2108 καὶ
2254 2056 2432 2125 χεῖρες
2462 2053 2801 2109 διδάσκονται
2828 2053 2963 2124 πρὸς
2988 2049 3311 2119 παράταξιν,
3339 2050 3434 2103 καὶ
3453 2045 3713 2102 δάκτυλοι

2141 2144 2445 2217 γράφοντες
2475 2143 2801 2215 κατορθοῦσι
2824 2143 2914 2197 τὸν
2940 2143 3083 2196 κατά
3111 2140 3217 2194 τῶν
3249 2140 3517 2209 αἱρέσεων
3546 2136 3711 2190 πόλε-

2147 2252 2266 2306 μονο
2292 2236 2429 2289 ἰτέον
2460 2236 2590 2306 ἡμῖν
2620 2236 2721 2306 ήδη
2755 2234 2892 2305 πρὸς
2913 2236 3013 2305 τὴν
3039 2232 3372 2303 ἐγχείρησιν,
3398 2230 3496 2284 καὶ
3534 2245 3711 2283 κατα-

2145 2328 2491 2394 σκευαστέον,
2521 2328 2720 2397 μᾶλλον
2761 2327 2822 2379 δέ
2863 2324 3196 2380 συντακτέον
3238 2322 3550 2376 Πανοπλίαν
3593 2323 3713 2384 τοῖς

2144 2419 2487 2491 βουλομένοις
2521 2420 2860 2490 ὑπερμαχεῖν
2902 2417 2999 2487 τῆς
3028 2416 3335 2482 εὐσεϐείας,
3375 2415 3470 2468 καὶ
3498 2414 3704 2483 συρρή-

2142 2514 2372 2581 γνυσοαι
2391 2517 2502 2576 τοῖς
2525 2515 2737 2582 ἐχθροῖς
2766 2513 2955 2583 αὐτῆς,
2978 2511 3168 2565 παθεῖν
3200 2510 3300 2581 μὲν
3317 2508 3699 2579 ἀδαμαντίνην,

2143 2608 2275 2677 δρᾷν
2307 2608 2363 2661 δὲ
2394 2609 2784 2678 καιριωτάτην,
2803 2607 2901 2660 καὶ
2928 2608 3067 2671 ὅλως
3111 2602 3580 2674 ἀκαταγώνιστον,
3605 2599 3706 2657 καὶ

2142 2698 2311 2762 ὅντως
2336 2700 2846 2771 ούρανοχάλκευτον.

468 2776 631 2821 erunt
662 2768 934 2841 instructi,
959 2789 1083 2831 cum
1112 2777 1230 2832 laedi
1256 2791 1530 2852 nequeant
1561 2786 1805 2852 omnino,
1848 2796 1959 2843 tum
2029 2790 2363 2852 adversarios
2419 2797 2521 2867 ipsi
2582 2797 2885 2862 vulnerent,
2930 2804 3279 2870 prosternant
3331 2810 3397 2852 ac
3425 2801 3707 2866 superent-

539 2867 918 2936 Appellabitur
982 2884 1163 2929 autem
1210 2876 1299 2933 hic
1357 2879 1494 2935 liber
1515 2868 1849 2952 mandaui
1911 2886 2037 2956 ﬁdei

468 2957 776 3027 Dogmatica
825 2961 1114 3032 Panoplja,
1165 2968 1249 3023 vel
1304 2970 1654 3029 Decretorum
1719 2977 2038 3034 Armamen—

2214 2891 2481 2947 Ἔσταιδέ
2510 2897 2578 2966 τῇ
2602 2894 2768 2965 βίϐλῳ
2787 2894 2960 2967 ταύτῃ
2987 2894 3177 2965 κλῆσις
3198 2890 3531 2963 Δογματικὴ
3552 2894 3707 2945 Παν-

2142 2982 2347 3046 οπλίιι,
2393 2983 2426 3055 ἦ
2476 2983 2755 3055 ὁπλοθήκη
2816 2984 3124 3054 δογμάτων,
3157 2984 3297 3037 ὥστε
3346 2981 3539 3052 καιροῦ
3569 2997 3704 3034 ποτε

468 3047 825 3115 tarium,‘ut
881 3068 1004 3109 eum
1088 3061 1359 3129 pugnandi
1428 3071 1638 3133 tempus
1715 3067 2033 3136 advenerit,

2143 3073 2429 3136 καλοῦντος
2457 3076 2535 3136 εἰς
2567 3077 2767 3146 μάχην,
2793 3075 3029 3138 καὶτοὺς
3054 3072 3458 3145 πνευματικοὺς
3480 3072 3705 3134 ὁπλίτας

471 3143 882 3213 oportueritque
958 3148 1232 3218 spiritales
1298 3167 1726 3227 propugnatores
1794 3161 2032 3227 armari,

468 3245 535 3284 eo
592 3233 863 3300 patefacto
898 3274 915 3300 ,
990 3240 1155 3295 armis
1206 3242 1349 3298 bello
1426 3262 1527 3317 pro
1598 3258 1839 3321 tempore
1905 3266 2037 3308 con-

468 3324 783 3389 gruentibus
838 3327 1208 3388 instruantur.
1241 3336 1357 3391 Hoc
1416 3339 1559 3393 enim
1608 3341 1754 3395 varia
1805 3343 2033 3398 telorum

467 3429 849 3487 armorumque
902 3435 1101 3491 genera
1126 3425 1192 3479 ad
1226 3426 1406 3483 omnia
1446 3428 1582 3484 bella
1617 3432 1850 3501 gerenda
1901 3449 2035 3487 con-

466 3504 810 3577 ﬁciendaque
849 3512 1062 3568 abunde
1087 3516 1538 3576 subministrabit.
1572 3523 1837 3580 Caeterum
1861 3566 1875 3591 ,
1906 3543 2033 3583 cum

466 3601 667 3670 duplex
701 3602 805 3667 sit,
838 3606 1298 3674 quemadmodum
1334 3613 1496 3667 tradit
1531 3613 1824 3686 Gregorius
1854 3616 2035 3672 Theo-

464 3692 620 3764 logus
652 3735 667 3759 ,
699 3695 965 3753 orationis
987 3714 1159 3768 genus
1184 3739 1200 3763 ,
1236 3718 1405 3757 unum
1454 3720 1562 3775 quo
1602 3716 1788 3762 nostra
1844 3708 2033 3763 deten-

464 3783 645 3838 dimus
676 3822 693 3850 ,
748 3785 1019 3851 alterum,
1072 3803 1182 3857 quo
1237 3805 1324 3845 res
1378 3793 1814 3848 adversariorum
1865 3810 2033 3865 oppu-

462 3889 691 3943 gnamus
718 3915 733 3941 ,
765 3876 1000 3932 sicitem
1028 3894 1129 3934 nos
1180 3897 1441 3952 agemus,
1500 3897 1558 3941 ut
1618 3887 1820 3943 nomris
1881 3888 2031 3958 prius

460 3966 722 4034 expositis
752 3983 816 4023 ac
845 3970 1177 4036 constitutis,
1212 3983 1323 4028 tum
1374 3976 1591 4030 demum
1637 3979 1813 4032 aliena
1866 3988 2029 4049 atque

462 4056 677 4111 ii05tilia
730 4060 1099 4129 proﬂigemus.
1137 4063 1437 4134 Utrumque
1502 4077 1682 4122 autem
1750 4071 2028 4138 praestabi-

461 4159 582 4197 mus
612 4185 628 4208 ,
661 4155 719 4198 ut
767 4147 968 4200 dictum
1002 4159 1085 4202 est
1114 4190 1128 4213 ,
1174 4153 1373 4205 auxilio
1419 4155 1612 4209 muniti
1670 4155 1888 4211 Patrum
1936 4174 2025 4213 sa-

457 4234 963 4303 pientissimorum,
1017 4239 1107 4308 qui
1158 4251 1283 4295 ante
1336 4258 1436 4297 nos
1488 4260 1584 4313 pro
1624 4247 1848 4302 veritate
1900 4247 2024 4302 ﬁdei

457 4321 835 4388 dimicarunt,
896 4325 1208 4396 scriptaque
1268 4345 1405 4396 sua,
1440 4342 1497 4386 ut
1553 4333 1706 4388 ﬁrma
1764 4335 2023 4392 adversus

2138 3167 2465 3238 ἐγείροντος,
2486 3168 2853 3223 ἀναπτύσσειν
2873 3168 3098 3238 ταύτην,
3126 3166 3221 3221 καὶ
3255 3166 3391 3236 πρὸς
3421 3167 3521 3229 τὰς
3560 3165 3705 3229 ἰδέας

2135 3259 2241 3312 τῶν
2262 3260 2517 3330 πολέμων
2542 3259 2873 3330 φράττεσθαι
2898 3261 3009 3322 τοῖς
3025 3261 3280 3313 ἐναποκει
3288 3257 3466 3327 μένοις
3481 3255 3666 3320 ὅπλοις
3680 3270 3699 3286 ·

2136 3349 2393 3415 πολυειδῆ
2450 3350 2558 3421 γὰρ
2590 3350 2787 3415 ταῦτα,
2828 3351 2924 3405 καὶ
2971 3348 3343 3419 δαψιλῆ,.καὶ
3374 3347 3509 3418 πρὸς
3561 3363 3701 3400 πανο

2134 3440 2276 3492 τοῖον
2304 3440 2540 3511 πόλεμον
2585 3441 2945 3512 ἐξαρκοῦντα.
3000 3440 3193 3494 Διττοῦ
3221 3440 3278 3493 δέ
3329 3439 3482 3504 δντος
3533 3436 3699 3505 λόγου

2136 3531 2361 3597 παντὸς,
2397 3532 2540 3586 κατὰ
2594 3532 2687 3587 τὸν
2739 3533 3004 3601 Θεολόγον
3064 3532 3231 3602 φάναι
3260 3532 3586 3601 Γρηγόριον,
3602 3529 3698 3583 τοῦ

2136 3622 2235 3692 μὲν
2260 3622 2320 3675 τὸ
2339 3625 2537 3677 οἰκεῖον
2558 3624 3081 3691 κατασκευάζοντος,
3106 3623 3200 3676 τοῦ
3231 3622 3287 3676 δέ
3310 3622 3369 3675 τὸ
3400 3618 3698 3675 ἀντίπαλον

2132 3712 2553 3782 ἀνατρέποντος,
2585 3715 2680 3768 καὶ
2716 3716 2878 3785 ἡμεῖς
2911 3715 3001 3769 τὸν
3032 3715 3231 3768 οἰκεῖον
3251 3711 3531 3782 ἐκθέμενοι
3562 3709 3698 3780 πρό-

2131 3819 2311 3873 τερον,
2344 3803 2487 3858 οὕτω
2515 3806 2583 3859 τά
2616 3806 2726 3860 τῶν
2771 3807 3032 3860 ἐναντίων
3070 3804 3378 3874 ἀνατρέψαι
3426 3801 3696 3872 ἰιιειρασό⁹

2135 3891 2295 3963 μεθα,
2338 3896 2431 3947 καί
2464 3894 2752 3964 ἀμφότερα
2778 3895 2834 3948 δὲ
2858 3895 2945 3949 διὰ
2972 3895 3080 3948 τῶν
3107 3892 3513 3963 πανσόφων,ὼς
3551 3892 3703 3963 εἴρη-

2131 4000 2223 4037 ται
2246 4022 2260 4048 ,
2291 3983 2551 4055 Πατέρων
2579 3985 2686 4038 τῶν
2715 3987 3183 4057 προκεκμηκότων
3206 3984 3346 4055 ὑπὲρ
3375 3982 3468 4038 τοῦ
3500 3984 3700 4051 Λόγου,

2132 4072 2227 4125 καὶ
2259 4073 2513 4146 καθάπερ
2545 4076 2669 4129 τινὰ
2695 4076 2895 4147 κλῆρον
2917 4076 3392 4129 καταλελοιπότων
3415 4076 3551 4145 ήμῖν
3572 4073 3703 4135 τοὺς

2130 4166 2364 4227 οἰκείους
2394 4167 2611 4233 λόγους,
2630 4169 2724 4222 καὶ
2758 4168 2854 4231 τάς
2901 4169 2965 4220 ἐκ
2993 4166 3199 4220 τούτων
3232 4166 3369 4237 πρὸς
3394 4168 3493 4227 τὰς
3526 4166 3698 4217 ὑπεν-

2129 4256 2345 4319 αντίους
2373 4257 2625 4322 ποικίλας
2663 4257 3004 4327 συμπλοκὰς,
3037 4259 3133 4312 καὶ
3164 4258 3291 4317 τοὺς
3319 4254 3556 4326 τρόπους
3584 4257 3697 4309 τῶν

2129 4344 2658 4419 ἀνδραγαθημάτων.
2690 4349 3105 4421 Ἐκτεθήσονται
3142 4348 3199 4401 δὲ
3231 4347 3382 4414 τάξει
3421 4346 3528 4400 τινὶ
3552 4346 3695 4400 κατά

457 4412 639 4467 varios
677 4412 912 4469 hostium
972 4416 1207 4485 impetus
1248 4423 1496 4489 prmsidia
1532 4464 1546 4489 ,
1587 4436 1640 4480 et
1686 4427 2022 4485 fortitudinis

2138 4412 2254 4500 τοὺς
2305 4412 2531 4508 χρόνους
2571 4441 2627 4492 αἰ
2672 4439 2783 4491 τῶν
2839 4412 3015 4495 ἄλλων
3046 4440 3121 4503 ὡς
3152 4440 3210 4493 ἐν
3257 4412 3457 4507 ἐκλογῇ
3504 4436 3693 4490 κακῶν

458 4503 710 4571 exempla
734 4504 892 4559 nobis
921 4505 1259 4565 hereditaria
1286 4512 1649 4583 reliquerunt._
1672 4518 2025 4588 Exponentur

2138 4503 2469 4597 ἐπιλογξῖσαι
2494 4530 2789 4601 κακοήθεις
2817 4531 3058 4599 αἱρέσεις
3091 4529 3188 4592 τὰς
3221 4503 3533 4597 ἀνατροπὰς
3559 4526 3689 4577 ἐπο-

457 4602 637 4647 autem
667 4604 880 4649 servato
910 4606 1213 4669 temporum
1240 4604 1430 4660 ordine
1452 4607 1683 4663 aliorum
1714 4615 2021 4681 sententiae,

458 4696 716 4757 tauquam
748 4688 803 4743 in
837 4691 1099 4747 malarum
1132 4697 1494 4767 esplicatione
1541 4717 1737 4774 pravas
1784 4705 2022 4764 haereses

456 4780 530 4834 ita
562 4791 916 4838 recensentes
946 4823 961 4849 ,
992 4796 1051 4838 ut
1081 4789 1260 4843 statim
1292 4799 1593 4860 sequantur
1639 4810 1824 4850 earum
1885 4814 2021 4854 con-

456 4872 751 4930 futationes
774 4915 790 4940 ,
822 4884 875 4929 et
897 4876 989 4944 qui
1021 4877 1073 4931 in
1100 4878 1324 4949 singulis
1361 4886 1673 4942 evertendis
1710 4889 1913 4959 optime
1962 4908 2021 4948 se

455 4975 783 5037 gesserunt,
828 4969 1154 5038 scriptisque
1206 4974 1320 5028 suis
1382 4992 1474 5032 eas
1532 4993 1914 5052 Oppugnarunt
1967 4996 2022 5040 et

454 5057 881 5115 transﬁxorum.
945 5060 1297 5131 Antiquiores
1352 5067 1571 5133 quidem
1640 5080 2019 5143 vetustateque

450 5149 559 5218 jam
615 5152 860 5210 aboletas
916 5162 1075 5225 atque
1114 5168 1466 5227 consumptas
1526 5162 2015 5231 praetermisimus,

452 5239 946 5311 insigniores‘vero
980 5286 993 5311 ,
1044 5254 1100 5302 et
1151 5263 1381 5317 quarum
1436 5250 1562 5306 licet
1616 5256 1882 5312 exstincta
1946 5256 2019 5313 sit

450 5332 666 5388 ﬂamma
695 5376 710 5400 ,
738 5337 1002 5394 carbones
1027 5350 1202 5394 tamen
1236 5338 1532 5396 Ecclesium
1556 5344 1758 5403 laedunt
1780 5389 1794 5414 ,
1826 5351 1979 5406 nobis
1999 5392 2015 5417 ,

454 5432 511 5475 ut
547 5425 759 5491 signum
789 5469 802 5492 ,
840 5432 1104 5497 petendas
1142 5433 1461 5503 sagittisque
1511 5437 1860 5506 conligendas
1888 5457 2015 5511 pro-

452 5514 735 5580 posuimus
759 5557 772 5570 .
812 5521 887 5573 Ac
913 5523 956 5575 si
989 5540 1107 5593 qua:
1156 5536 1411 5595 przeterca
1453 5543 1517 5581 ex
1565 5529 1629 5584 iis
1662 5530 1887 5585 excissis
1910 5573 1923 5597 ,
1958 5543 2015 5587 ut

450 5606 692 5663 stolones
726 5612 944 5679 quidam
998 5620 1165 5674 relicti
1194 5663 1207 5687 ,
1252 5621 1468 5677 interim
1512 5624 1841 5693 pullularunt
1876 5666 1889 5689 ,
1921 5642 2014 5682 eas

451 5714 668 5770 quoque
735 5700 1066 5771 dejicicudas
1128 5714 1618 5783 opprimendasquc
1677 5717 2008 5775 curnitnus.

2137 4619 2303 4691 μένας
2330 4619 2571 4691 ἔχουσαι,
2602 4621 2697 4675 καὶ
2721 4622 2849 4684 τοὺς
2874 4621 2961 4688 ἐφ’
3000 4619 3237 4691 ἑκάστης
3263 4616 3692 4688 ἀριστεύσαντας

2129 4714 2562 4784 κατατρέχοντας
2589 4713 2773 4768 αὐτῶν
2808 4713 2894 4765 διὰ
2927 4710 3035 4764 τῶν
3065 4711 3285 4764 οἰκείων
3314 4709 3692 4780 άντιρρήσεων

2124 4804 2221 4859 καὶ
2268 4804 2910 4869 κατακοντίζοντας.Τάς
2965 4802 3061 4873 μέν
3092 4796 3188 4856 οὖν
3223 4799 3588 4870 παλαιοτέρας
3615 4798 3694 4861 ὡς

2123 4895 2228 4964 πρὸ
2253 4894 2448 4948 πολλοῦ
2477 4898 2905 4968 σεσηπυίας,κα¹ι
2927 4897 3105 4964 πάντη
3129 4892 3528 4964 διαφθαρείσας
3546 4908 3691 4960 παρ-

2122 4988 2449 5057 εδράμομεν,
2487 4989 2585 5053 τάς
2638 4988 3045 5060 ἐπισημοτέρας
3104 4987 3162 5040 δέ
3191 5024 3208 5049 ,
3233 4985 3329 5040 καὶ
3380 4978 3475 5049 ὧν,
3506 4985 3553 5036 εἰ
3596 4982 3694 5035 καὶ

2122 5075 2155 5145 ἡ
2182 5074 2309 5144 φλὸξ
2339 5075 2726 5147 ἀπεμαράνθη,
2755 5074 3209 5145 παραλυποῦντες
3234 5073 3313 5126 ἐτι
3331 5073 3430 5144 τὴν
3466 5068 3693 5140 Ἐκκληο

2122 5166 2243 5218 σίαν
2264 5167 2313 5219 οἰ
2344 5166 2640 5237 ἄνθρακες,
2664 5166 2869 5230 ταύτας
2903 5167 3220 5237 ἐστήσαμεν
3253 5162 3492 5225 σκοποὺς
3517 5162 3597 5222 τίς
3628 5161 3690 5213 τδ

2122 5256 2413 5329 βάλλεσθαι
2459 5260 2552 5313 καὶ
2578 5257 3062 5326 κατατοξεύεσθαι.
3093 5256 3205 5308 Καὶ
3236 5254 3290 5308 ei
3315 5270 3459 5315 τινες
3493 5251 3550 5304 δέ
3580 5251 3691 5304 τῶν

2122 5350 2325 5419 μεταξὺ
2354 5350 2448 5402 καὶ
2496 5350 2783 5421 προσεχῶν
2816 5348 3222 5418 παρειάθησαν,
3259 5345 3334 5444 di;
3380 5341 3691 5444 ducendos;

2116 5439 2345 5505 τούτων,
2374 5440 2409 5511 ἦ
2445 5440 2803 5510 παραφυάδες
2842 5438 3170 5508 ἀφείθησαν,
3233 5432 3335 5502 τῆς
3394 5432 3691 5484 καταπτώ-

2120 5547 2259 5595 σεως
2289 5531 2397 5585 τῶν
2438 5531 2900 5604 προϐεϐλημένων
2933 5528 3126 5599 ίκανῆς
3181 5525 3272 5579 καὶ
3323 5521 3523 5585 ταύτας
3556 5538 3689 5591 συγ-

2116 5642 2186 5679 κα
2198 5624 2418 5679 nam;
2429 5641 2499 5679 ιν.
