3992 6210
293 277 358 339 2:,
1466 289 1838 353 PANOPLIA
1883 294 2343 367 DOGMATICA.

3413 315 3526 380 ’26

359 389 508 444 Πόθεν
535 382 628 443 οὖν
657 389 794 460 ἡμῖν
832 391 1067 460 ἀρκτέον
1101 395 1195 449 τοῦ
1229 402 1589 469 προκειμένου
1615 404 1828 473 συντάγ-

2010 409 2211 468 Verum
2243 415 2516 473 undenam
2572 416 2798 490 hujusce
2847 420 3030 492 operis
3057 421 3338 478 exordium
3368 425 3527 482 nobis

292 498 447 554 ματος
491 483 578 534 καὶ
613 481 1078 553 σπουδάσματοςς
1116 488 1284 542 πόθεν
1329 491 1632 566 ἄλλοθεν,ῆ
1671 496 1793 549 ὅθεν
1817 498 1845 551 ό

293 575 448 644 μέγας
483 577 534 625 ὲν
567 573 825 646 θεολογίᾳ
868 577 1006 646 φησὶ
1046 578 1385 650 Γρηγόριος,
1408 586 1574 657 Τρεῖς
1609 589 1667 641 αἱ
1701 590 1844 644 ἀνω-

287 666 422 717 eam
450 661 609 728 δόξαι,
641 665 824 733 λέγων
859 670 989 739 περὶ
1012 668 1188 724 Θεοῦο
1220 673 1476 744 ἀναρχία,
1517 677 1846 749 πολυαρχία,

287 757 371 809 καὶ
425 756 710 825 μοναρχία.
764 759 833 810 Δί
884 761 985 828 μὲν
1034 759 1131 815 οὖν
1174 763 1268 817 δύο
1325 767 1514 820 παισὶν
1577 769 1846 840 Ἑλλήνων

293 849 623 917 ὲπαίχθησαν,
650 852 748 903 καὶ
799 853 1223 918 παιζὲσθωσαν·
1272 859 1334 912 τό
1374 877 1434 913 τε
1471 861 1580 932 γὰρ
1611 863 1846 934 ἄναρχον

289 942 514 1005 ἄτακτον,
570 941 632 993 τό
692 959 752 995 τε
807 945 1118 1015 πολύαρχον
1161 950 1480 1015 στασιῶδες,
1531 954 1626 1006 καὶ
1672 954 1846 1018 οὕτως

286 1032 516 1101 ἄναρχον,
547 1034 642 1084 καὶ
673 1034 850 1097 οὕτως
875 1036 1132 1093 ἄτακτον.
1163 1038 1259 1102 Εἰς
1291 1042 1491 1096 ταυτὸν
1521 1044 1630 1112 γάρ
1667 1047 1845 1115 ἀμφό-

201 1151 220 1185 ι¹
285 1136 400 1190 τερα
421 1121 569 1191 φέρει
603 1125 701 1193 τὴν
730 1125 979 1190 ἀταξίαν,
1004 1130 1036 1197 ἡ
1065 1130 1122 1182 δὲ
1157 1132 1238 1192 εις
1287 1132 1442 1188 λύσιν
1462 1151 1476 1165 ⁸
1512 1137 1710 1202 ἀταξία
1735 1139 1844 1210 γὰρ

290 1211 466 1282 μελέτη
523 1213 755 1277 λύσεως.
810 1218 978 1286 Ἦμῖν
1020 1218 1077 1271 δὲ
1109 1222 1377 1292 μοναρχία
1407 1226 1469 1276 τὸ
1506 1225 1838 1296 τιμώμενον·

290 1305 538 1370 μοναρχία
589 1303 646 1356 δὲ
680 1305 780 1374 ούχ
839 1308 906 1376 ἦν
936 1307 994 1360 ἒν
1035 1313 1373 1381 περιγράφει
1412 1315 1723 1383 πρόσωπον,
1748 1318 1842 1370 καὶ

286 1389 343 1440 τὰ
370 1389 507 1457 ἑξῆς.
534 1391 732 1444 Δοιπδν
765 1388 858 1447 οὖν
910 1396 1070 1466 ὀλίγα
1119 1401 1212 1452 καὶ
1248 1404 1670 1474 συντετμημένα
1701 1408 1842 1462 κατά

282 1497 332 1534 τε
356 1480 462 1533 τῶν
490 1481 738 1552 ἀνάρχων
781 1485 876 1538 καὶ
905 1487 1085 1540 ἀθέων
1141 1491 1558 1562 Ἐπικουρείων,
1607 1497 1698 1550 καὶ
1732 1498 1841 1552 τῶν

283 1573 448 1627 ἄλλων
473 1576 918 1646 πολυάρχων,καὶ
947 1579 1124 1634 ἀθέων
1162 1580 1433 1653 Ἑλλήνων
1451 1584 1838 1656 διεξελθόντες,

1950 501 2257 560 ducendum
2298 516 2380 563 est
2412 549 2426 572 ,
2470 509 2574 565 nisi
2605 525 2670 566 ex
2705 511 2812 568 illis
2850 514 3046 586 ,verbls
3100 515 3245 570 unde
3295 533 3525 588 magnus

1950 591 2040 648 ille
2070 596 2124 650 ln
2165 597 2434 670 theologia
2487 601 2781 673 Gregorius
2840 607 3138 672 exorditur,
3204 608 3385 677 Tres,
3441 610 3527 664 inv

1948 686 2143 755 quiens
2166 730 2182 754 ,
2218 689 2286 744 de
2316 690 2429 744 Deo
2469 697 2754 750 sententiae
2805 708 2971 762 sunt,
2999 715 3104 753 una
3144 717 3367 764 eorum,
3427 704 3520 774 qui

1949 780 2190 847 nullius;
2249 781 2453 847 altera,
2501 786 2591 854 qni
2629 789 2967 857 multorum;
3017 792 3196 856 tertia,
3233 795 3322 864 qui
3362 796 3523 849 unius

1946 879 2194 923 asserunt
2221 871 2452 940 imperio
2482 876 2743 929 mundum
2776 878 3092 946 gubernari.
3161 881 3381 938 Priores
3403 884 3524 938 dua:

1946 962 2186 1031 pueriles
2218 972 2390 1028 sunt,
2448 973 2500 1019 et
2533 980 2563 1019 a
2619 965 2824 1021 Graecis
2882 969 3150 1024 inventae.
3226 972 3406 1037 Quare
3461 984 3524 1029 ut

1946 1055 2180 1123 pueriles
2213 1065 2650 1112 contemnantur.
2679 1055 2812 1112 Nam
2838 1069 2891 1114 et
2913 1061 3055 1129 quod
3080 1062 3312 1131 imperio
3331 1074 3518 1131 caret,

1941 1144 2224 1201 confusum
2259 1155 2383 1200 est:
2422 1159 2477 1203 et
2503 1150 2648 1216 quod
2691 1151 2990 1206 multorum
3024 1154 3231 1224 regitur
3266 1154 3516 1226 imperio,

1943 1237 2285 1304 seditiosum,
2307 1247 2362 1293 et
2386 1239 2588 1296 idcirco
2623 1242 2784 1296 etiam
2820 1244 3051 1314 imperio
3105 1261 3326 1308 vacans,
3355 1257 3518 1317 atque

1945 1325 2069 1379 ideo
2107 1327 2398 1382 confusum
2424 1368 2437 1382 .
2478 1330 2666 1399 Itaque
2707 1334 2880 1386 ambae
2944 1336 3230 1389 sententiae
3265 1337 3319 1390 in
3389 1352 3520 1393 con-

1942 1415 2210 1473 fusionem
2243 1421 2559 1475 incurrunt.
2598 1423 2990 1478 Confusionem
3053 1441 3221 1494 porro
3271 1429 3520 1498 sequitur

1941 1507 2154 1562 eversio
2205 1522 2270 1562 ac
2322 1508 2625 1564 dissolutio.
2690 1510 2828 1576 Quid
2860 1512 3002 1566 enim
3046 1515 3190 1568 aliud
3245 1526 3325 1570 est
3372 1531 3518 1571 con-

1940 1594 2123 1650 fusum
2160 1611 2280 1651 esse
2351 1607 2512 1667 atque
2558 1600 2750 1654 ordine
2783 1616 2974 1655 vacare
3003 1642 3018 1668 ,
3058 1603 3164 1656 nisi
3199 1605 3264 1658 ad
3290 1604 3516 1659 exitium

287 1667 370 1716 καὶ
395 1666 490 1734 τὴν
512 1669 760 1723 ἐναντίαν
793 1670 1008 1742 πλάνην
1037 1674 1245 1727 τούτων
1277 1693 1338 1729 τε
1375 1679 1646 1732 κάκείνων
1693 1682 1828 1735 κατὰ

1942 1687 2355 1757 perniciemque
2373 1666 2755 1744 contendere?
2788 1666 3025 1746 Proinde
3057 1692 3214 1746 nobis
3247 1694 3402 1747 tertia
3425 1692 3514 1747 illa

285 1756 624 1828 παραδρομὴν
675 1760 1021 1830 ὲλέγξαντες,
1049 1767 1145 1817 καὶ
1192 1767 1625 1838 ἀνατρέψαντες,
1661 1771 1828 1838 οὕτως

1939 1749 2210 1833 sententia
2247 1749 2633 1849 comprobatur
2661 1822 2676 1846 ,
2715 1797 2822 1850 qua
2847 1781 3010 1837 unius
3040 1784 3305 1839 asseritur
3345 1785 3518 1854 impe-

287 1851 371 1902 ἐπὶ
403 1854 462 1904 τὰ
490 1853 666 1907 οὶκεῐα
699 1856 1046 1926 χωρήσομεν.
1071 1858 1198 1912 Τῶν
1223 1859 1333 1930 γὰρ
1367 1860 1640 1932 Ἑλλήνων
1661 1864 1711 1917 οἱ
1739 1866 1840 1935 μὲν

287 1943 440 2010 ἦὶιον,
482 1945 529 1996 οἱ
584 1945 641 1998 δὲ
675 1946 930 2017 σελήνην,
949 1951 998 2002 oi
1056 1951 1112 2004 δὲ
1145 1952 1400 2023 ἀστέρων
1433 1954 1658 2024 πλῆθος,
1688 1957 1740 2009 οἱ
1779 1957 1837 2010 δὲ

289 2035 491 2104 οὐρανὸν
515 2038 701 2102 αύτὸν,
729 2040 847 2106 ἃμα
897 2041 1132 2109 τούτοις,
1161 2061 1244 2109 οις
1289 2047 1383 2098 καὶ
1416 2045 1478 2100 τδ
1518 2048 1626 2102 πᾶν
1677 2049 1835 2117 ἄγειν

295 2124 524 2179 δεδώκασι
563 2131 707 2183 κατὰ
737 2131 797 2184 τὺ
819 2133 973 2186 ποιὸν
996 2135 1030 2204 ἦ
1047 2135 1108 2188 τὺ
1132 2137 1296 2189 ποσὸν
1327 2137 1428 2207 τῆς
1448 2140 1713 2209 κινήσεως
1732 2156 1746 2170 ⁸
1783 2143 1833 2195 οἰ

299 2216 349 2268 δὲ
387 2220 446 2270 si
477 2225 735 2292 στοιχεῖα,
757 2226 881 2292 γῆν,
903 2225 1070 2300 ὕδωρ,
1089 2229 1252 2298 ἀέρα,
1271 2229 1382 2301 πῦρ
1414 2231 1501 2284 διά
1547 2233 1607 2286 τὸ
1645 2233 1840 2303 χρειῶ-

310 2307 401 2372 δες,
421 2304 484 2365 ὧν
506 2313 620 2366 ἄνευ
652 2315 776 2368 οὐδὲ
811 2321 1070 2389 συστῆναι
1101 2319 1330 2372 δυνατὸν
1354 2320 1447 2372 τὸν
1495 2320 1839 2391 ἀνθρώπινον

304 2397 404 2466 βίον
423 2417 434 2430 ο
453 2403 494 2455 ol
522 2404 576 2456 δὲ
609 2405 638 2458 ὅ
669 2423 724 2458 τι
745 2405 960 2476 τύχοιεν
989 2409 1219 2473 ἕκαστος
1245 2409 1356 2463 τῶν
1378 2413 1481 2481 όρα
1511 2411 1620 2464 τῶν
1649 2413 1841 2466 ὲσεόόι-

295 2496 489 2566 σθησιν,
508 2493 580 2552 ὧν
610 2501 798 2570 ἑώρων
817 2504 885 2557 τά
908 2505 1171 2560 κάλλιστα
1193 2505 1350 2568 θεοὺς
1375 2507 1840 2576 προστησάμενοι.

1935 1867 2018 1922 rio
2049 1883 2113 1924 ac
2173 1870 2480 1940 principatu
2527 1883 2722 1928 cuncta
2752 1874 2862 1944 regi
2913 1882 3076 1943 atque
3104 1874 3499 1931 administrari.

1938 1957 2110 2015 Unius
2168 1969 2351 2015 autem
2407 1961 2774 2031 principatum
2831 1965 3073 2035 inteliigo
3109 2005 3128 2032 ,
3185 1983 3296 2021 non
3341 1983 3502 2037 quem

1933 2066 2040 2106 una
2072 2067 2304 2121 persona
2372 2052 2805 2121 circumscribit;
2857 2065 2913 2110 et
2958 2071 3079 2125 quae
3126 2057 3384 2128 deinceps
3430 2074 3516 2115 se-

1931 2151 2208 2212 quuntur.
2245 2143 2534 2213 Reliquum
2580 2154 2665 2200 est
2708 2146 2910 2217 igitur,
2944 2157 3002 2202 ut
3057 2164 3227 2218 pauca
3275 2152 3512 2221 conjun-

1935 2243 2131 2303 cteque
2159 2233 2406 2290 dicamus
2456 2244 2569 2289 tum
2599 2245 2786 2291 contra
2806 2239 3004 2308 impios
3030 2240 3324 2309 Epicureos
3357 2280 3373 2306 ,
3405 2245 3497 2312 qui

1935 2338 1965 2376 a
1997 2324 2148 2377 nullo
2176 2363 2191 2387 ,
2247 2331 2362 2378 tum
2420 2326 2682 2382 adversus
2717 2327 2852 2382 alios
2890 2329 3105 2385 Graecos
3132 2370 3148 2395 ,
3179 2333 3272 2401 qui
3312 2348 3343 2387 a
3372 2335 3513 2388 mul-

1939 2414 2009 2468 tis
2046 2413 2317 2468 afﬁrmant
2358 2417 2624 2472 mundum
2675 2419 2964 2488 gubernari
3017 2460 3034 2486 ,
3082 2421 3395 2494 duplicique
3455 2435 3513 2481 et

1953 2509 2230 2564 contrario
2271 2510 2502 2565 istorum
2538 2528 2725 2568 errore
2771 2513 3010 2568 breviter
3039 2516 3322 2572 confutata
3350 2527 3513 2589 atque

283 2594 546 2659 convicto,
600 2598 668 2651 ad
695 2607 880 2653 nostra
947 2601 1509 2672 veniamus.Reliqui
1577 2600 1750 2656 Graeci
1789 2602 1985 2671 partim
2036 2603 2230 2669 solem,
2295 2606 2494 2675 partim
2561 2607 2793 2674 lunam,
2850 2609 3048 2678 partim
3105 2610 3510 2666 multitudinem

279 2683 533 2739 stellarum
562 2724 579 2750 ,
646 2689 894 2745 nonnulli
982 2705 1091 2746 una
1124 2707 1250 2746 cum
1299 2693 1388 2749 his
1441 2693 1638 2749 caelum
1670 2694 1847 2764 ipsum
1877 2732 1895 2759 ,
1936 2707 2167 2764 quorum
2203 2697 2465 2766 qualitate
2511 2708 2692 2754 motus
2743 2708 2798 2754 et
2846 2700 3149 2768 quantitate
3190 2716 3348 2772 agere
3401 2709 3514 2756 tra~

275 2775 397 2827 dunt
416 2777 596 2831 orbem
629 2779 978 2847 universum;
1015 2784 1252 2854 quidam'
1288 2784 1558 2841 elementa
1579 2824 1594 2849 ,
1627 2794 1846 2848 terram,
1890 2799 2082 2855 aquam
2109 2825 2124 2850 ,
2163 2796 2287 2840 aera
2317 2825 2334 2852 ,
2397 2787 2576 2858 ignem
2625 2797 2846 2859 propter
2876 2790 3166 2845 utilitatem
3194 2829 3211 2856 ,
3238 2803 3362 2845 cum
3391 2789 3512 2845 sine

269 2865 347 2922 bis
377 2869 485 2923 vita
512 2870 740 2926 humana
771 2874 888 2945 degi
925 2889 1037 2929 non
1100 2877 1306 2946 possit;
1370 2877 1462 2932 alii
1531 2892 1665 2934 vero
1738 2877 1941 2948 aliquid
2007 2891 2199 2934 eorum
2253 2893 2374 2950 qua
2423 2889 2725 2935 cernuntur
2763 2882 3004 2964 venerati
3086 2891 3215 2937 sunt
3241 2923 3275 2966 ,υ
3301 2891 3357 2938 et
3394 2897 3514 2953 quae

262 2964 621 3029 pstcberrima
652 2966 859 3021 fuerant
914 2969 1217 3039 conspicati
1260 2978 1320 3024 ut
1356 2969 1580 3024 numina
1613 2969 1921 3025 coluerunt.

357 3086 500 3152 Περὶ
530 3085 631 3138 τοῦ
668 3085 1015 3156 Ἐπικούρου
1062 3091 1353 3159 ποσαχῶς
1390 3091 1457 3144 τὸ
1507 3089 1752 3160 ἄτομον.

341 3175 662 3246 Ἐπίκουρος
689 3178 746 3231 δὲ
802 3178 1082 3237 ἐκϐάλλων
1114 3180 1213 3234 καὶ
1263 3180 1399 3234 Θεὸν
1436 3179 1536 3234 καὶ
1565 3181 1825 3252 πρόνοιαν

252 3264 309 3318 τδ
339 3266 650 3334 αὐτόματον
679 3266 890 3336 εἰσῆγε,
913 3268 1011 3321 καὶ
1039 3269 1140 3333 τὰς
1167 3268 1431 3340 ἀτόμους.
1459 3270 1824 3341 Πολυσήμαν-

249 3371 338 3408 τον
372 3357 427 3408 δὲ
463 3355 524 3408 τὸ
552 3356 778 3428 ἄτομον.
811 3360 1049 3428 Λέγεται
1099 3361 1210 3431 γὰρ
1248 3361 1309 3415 τὸ
1342 3361 1669 3433 δύστμητον,
1693 3362 1767 3425 ὡς
1796 3363 1824 3417 ὁ

248 3448 487 3517 ἀδάμας,
518 3448 614 3502 καὶ
643 3451 706 3502 τὸ
733 3451 1016 3515 παντελῶς
1039 3452 1307 3523 ἄτμητον,
1324 3453 1400 3517 ὡς
1427 3455 1487 3506 τὸ
1508 3453 1822 3524 ἀσώματον,

247 3542 335 3592 καὶ
369 3541 432 3593 τὸ
469 3541 620 3609 παρά
650 3545 763 3604 τοῖς
797 3543 1115 3612 φιλοσόφοις
1149 3545 1380 3616 μερικδν
1411 3547 1510 3600 καὶ
1545 3547 1669 3600 καθ’
1693 3548 1824 3601 ἔκαε

249 3631 435 3693 στον,δ
467 3633 743 3702 τμηθῆναι
777 3634 877 3702 μὲν
904 3634 1154 3703 δύναται,
1189 3637 1538 3708 τετμημένον
1582 3638 1639 3691 δὲ
1664 3639 1821 3709 φθεί-

249 3739 418 3792 ρεται,
466 3722 661 3793 ὥσπερ
698 3725 726 3775 ό
762 3725 1064 3796 Σωκράτης
1097 3728 1300 3798 τυχόνο
1342 3729 1675 3800 τεμνόμενος
1710 3732 1820 3802 γὰρ

249 3816 319 3875 είς
348 3816 618 3885 κεφαλὴν,
648 3817 743 3868 καὶ
771 3818 981 3887 χεῖρας,
1043 3819 1140 3871 καὶ
1188 3817 1425 3883 κοιλίαν,
1468 3821 1654 3873 οὐκέτι
1703 3823 1820 3874 ἐστὶ

247 3905 569 3975 Σωκράτηςο
623 3907 892 3977 τέταρτον
950 3909 1152 3979 ἄτομον
1182 3909 1242 3962 τὸ
1269 3909 1360 3963 διὰ
1398 3908 1714 3980 βραχύτητα
1744 3911 1818 3983 μὴ

242 3993 537 4063 δυνάμενον
573 3997 972 4066 τμηθῆναι,ὠς
1005 3999 1064 4052 τὸ
1106 4002 1338 4068 σημεῖον
1370 3999 1470 4068 μὲν
1502 3999 1649 4069 παρά
1682 4017 1820 4069 γεω-

245 4085 490 4156 μέτραις,
534 4090 570 4156 ἡ
608 4088 778 4157 μονὰς
813 4088 870 4142 δὲ
921 4090 1077 4160 παρὰ
1127 4090 1536 4162 ἀριθμητικοῖς,
1561 4093 1589 4144 ό
1618 4090 1712 4145 νῦν
1761 4091 1819 4144 δὲ

240 4179 426 4245 χρόνος
453 4179 608 4248 παρά
641 4182 917 4248 φυσικοῖς.
940 4181 1196 4236 Τοιοῦτόν
1221 4199 1274 4234 τι
1305 4181 1533 4253 ἄτομον,
1553 4183 1648 4237 καὶ
1677 4183 1734 4237 τὸ
1759 4183 1817 4250 ἐξ

237 4268 473 4337 ἡλιακῆς
501 4268 724 4330 ἀκτῖνος
757 4268 816 4319 ὲν
855 4267 986 4338 ἀέρι
1023 4269 1466 4340 διαφαινόμενον,
1493 4271 1588 4325 καὶ
1613 4267 1725 4326 οἷον
1753 4274 1817 4326 ὲκ

1855 3073 1899 3129 C
2021 3084 2097 3139 De
2125 3086 2367 3155 Epicuro,
2411 3087 2779 3159 quotupliciler
2825 3098 3031 3145 atomus
3060 3091 3409 3163 intelligatur.

1995 3176 2066 3230 At
2092 3176 2378 3246 Epicurus,
2411 3176 2522 3233 Deo
2568 3181 3017 3250 providentiaque
3062 3183 3286 3252 reiecta,
3318 3199 3508 3239 casum

1929 3275 1984 3322 et
2003 3276 2212 3322 atomos
2235 3269 2554 3325 introduxit.
2587 3271 2765 3326 Multis
2814 3284 2994 3328 autem
3054 3274 3230 3330 modis
3279 3281 3495 3330 atomus

1925 3357 2266 3430 intelligitur.
2294 3361 2426 3416 Nam
2466 3371 2520 3417 et
2546 3361 2598 3416 id
2631 3363 2897 3434 signiﬁcat
2957 3365 3101 3435 quod
3127 3381 3252 3421 cum
3279 3367 3509 3424 dillicul-

1925 3457 2035 3504 tate
2063 3451 2236 3504 secari
2273 3460 2470 3522 potest,
2500 3463 2558 3506 ut
2588 3453 2842 3519 adamas;
2909 3461 2965 3508 et
3001 3455 3149 3524 quod
3183 3455 3386 3510 nullam
3421 3472 3510 3512 εεο

1925 3541 2160 3597 ctionem
2188 3543 2442 3610 admittit,
2473 3554 2533 3599 ut
2564 3545 2617 3599 id
2642 3545 2786 3616 quod
2815 3555 2968 3601 vacat
2999 3561 3248 3618 corpore,
3278 3558 3330 3603 et
3364 3549 3508 3619 quod

1921 3647 1951 3686 a
1982 3632 2316 3702 philosophis
2344 3636 2682 3691 individuum
2719 3638 3094 3709 singulareque
3117 3640 3337 3706 dicitur,
3363 3642 3508 3711 quod

1923 3723 2093 3777 secari
2119 3724 2334 3792 quidem
2365 3735 2560 3795 potest,
2589 3737 2796 3784 sectum
2821 3738 2997 3783 tamen
3015 3731 3400 3800 corrumpitur,
3425 3741 3505 3794 ut,

1919 3815 2151 3881 exempli
2190 3816 2381 3882 gratia,
2407 3815 2682 3876 Socrates.
2727 3818 2939 3874 Etenim
2979 3821 3024 3875 si
3077 3829 3295 3875 secetur
3329 3822 3383 3876 in
3416 3837 3510 3876 ca-

1920 3910 2038 3970 put,
2098 3911 2153 3956 et
2203 3920 2417 3972 manus,
2467 3915 2523 3961 et
2573 3916 2843 3973 ventrem,
2901 3918 2956 3964 et
2997 3911 3183 3979 pedes,
3241 3927 3350 3967 non
3399 3913 3506 3968 erit

1920 3995 2152 4065 amplius
2191 3995 2466 4053 Socrates.
2520 3999 2775 4055 Atomum
2823 4001 3060 4073 denique
3115 4004 3308 4061 dicunt
3355 4009 3499 4078 quod

1919 4094 2140 4155 propter
2167 4089 2514 4158 exiguitatem
2538 4089 2703 4145 dividi
2736 4094 2944 4162 nequit,
2977 4105 3039 4149 ut
3063 4105 3328 4165 punctum
3351 4102 3493 4169 apud

1919 4184 2242 4246 geometras,
2275 4181 2454 4236 unitas
2483 4183 2625 4252 apud
2686 4183 3082 4251 arithmeticos,
3145 4196 3200 4242 et
3257 4206 3504 4248 momen-

1921 4277 2036 4322 tum
2069 4271 2210 4339 apud
2243 4272 2594 4343 philosophos
2655 4275 2952 4333 naturales.
2987 4277 3147 4334 Tales
3169 4283 3332 4337 atomi
3390 4292 3502 4339 tum

239 4360 327 4411 τοῦ
365 4361 602 4428 ἐδάφους
629 4359 1007 4429 ἀνιμώμενον,
1033 4360 1301 4430 ξεσμάτιά
1325 4380 1447 4416 τινα
1470 4363 1619 4416 δοκεῖ
1640 4363 1814 4420 ταῦτα

1931 4357 1980 4412 in
2005 4373 2128 4413 aere
2162 4361 2292 4418 solis
2321 4363 2483 4419 radiis
2528 4365 2799 4421 illustrato
2836 4381 3116 4437 apparent,
3160 4379 3274 4427 tum
3305 4389 3336 4428 e
3387 4378 3506 4431 solo

241 4469 384 4504 κονιο
393 4451 576 4520 ρτώδη
591 4452 689 4504 καὶ
703 4469 736 4503 α
747 4450 876 4504 ύτοῦ
890 4451 986 4504 τοῦ
1006 4452 1128 4523 χοὸς
1147 4453 1474 4525 λεπτότερα.
1501 4456 1596 4507 Ἐκ
1612 4456 1818 4510 τούτων

235 4545 325 4598 οὖν
365 4545 702 4613 Ἐπίκουρος
737 4544 1098 4599 συνίστασθαι
1131 4548 1307 4601 πάντα
1335 4547 1544 4613 ἔλεγεν,
1563 4542 1652 4601 οἷα
1677 4549 1820 4602 κατά

235 4637 500 4690 ἀνάλυσιν
539 4637 649 4689 ἀπὸ
684 4637 796 4689 τῶν
859 4637 1115 4706 μεγεθῶν
1159 4640 1376 4710 χωρῶν,
1403 4640 1496 4693 καὶ
1530 4640 1695 4709 μηδὲν
1728 4640 1821 4694 εὐ-

236 4729 445 4795 ρίσκων
473 4727 855 4798 ἁπλούστερον
910 4728 942 4798 ἢ
979 4727 1334 4796 λεπτότερον.
1360 4732 1620 4798 Λέγονται
1641 4731 1698 4784 δὲ
1725 4731 1820 4784 καὶ

230 4820 534 4888 οὐδετέρως
563 4822 765 4889 ἄτομα,
801 4821 900 4872 καὶ
947 4819 1197 4892 θηλυκῶς
1227 4823 1444 4892 ἄτομοι.

229 4932 388 4988 Κατὰ
429 4933 861 5005 ⁹Ε.τικουρε³ων
893 4934 1001 4988 τοῦ
1019 4935 1286 5002 μεγάλου
1340 4937 1672 5005 Γρηγορῐου
1711 4939 1817 4993 τοῦ

373 5003 679 5070 Θεολότου
702 5003 772 5056 ἐκ
805 5005 912 5057 τοῦ
947 5005 1082 5072 περὶ
1110 5003 1432 5076 Θεολογίάς
1461 5003 1670 5076 λόγου.

293 5093 404 5148 Τοῦ
444 5094 548 5163 μιν
579 5093 690 5161 γὰρ
725 5089 871 5148 εῖναι
907 5095 1062 5162 Θεὸν,
1097 5097 1189 5149 καὶ
1226 5096 1326 5168 τὴν
1389 5099 1609 5153 πάντων
1653 5117 1816 5171 ποιη-

231 5189 384 5258 τικήν
423 5203 484 5238 τε
523 5186 618 5238 καὶ
657 5189 985 5256 συνεκτικὴν
1025 5188 1232 5252 αἰτίαν,
1261 5191 1355 5242 καὶ
1405 5191 1527 5259 ὄψις
1557 5192 1813 5246 διδάσκα-

233 5281 334 5343 λος,
368 5284 466 5332 καὶ
503 5281 532 5332 ό
567 5278 802 5348 φυσικὸς
859 5281 1047 5348 νόμος,
1107 5282 1139 5349 ὴ
1187 5281 1288 5350 μὲν
1341 5283 1452 5336 τῶν
1518 5286 1812 5354 ὁρωμένων

236 5369 634 5436 προϐάλλουσα,
687 5368 786 5421 καὶ
829 5368 1109 5436 πεπηγόσι
1159 5370 1362 5435 καλῶς,
1406 5372 1499 5425 καὶ
1535 5373 1809 5438 ὁδεύουσι,

236 5462 322 5511 καὶ
349 5461 652 5525 ἀκινήτως,
703 5459 772 5511 ἵν’
801 5458 975 5521 οὕτως
1002 5459 1162 5525 εἴπω,
1219 5461 1560 5532 κινουμένως
1588 5465 1682 5516 καὶ
1716 5482 1811 5533 φε.

239 5552 491 5617 ρομένως,
522 5553 550 5602 ὀ
588 5549 646 5602 δὲ
679 5548 776 5602 διά
812 5547 925 5599 τῶν
966 5550 1259 5618 ὁρωμένων
1307 5553 1398 5604 καὶ
1449 5556 1809 5623 τεταγμένων

238 5644 318 5695 τὸν
362 5645 605 5714 ἀρχηγὸν
661 5642 880 5697 τούτων
922 5642 1391 5716 συλλογιζόμενος.
1426 5647 1548 5711 Πῶς
1593 5649 1700 5720 γὰρ
1738 5649 1803 5704 ἂν

1924 4449 2343 4521 pavimentoque
2365 4453 2644 4511 tolluntur.
2679 4457 2811 4524 Quae
2833 4470 3079 4515 ramenta
3119 4465 3366 4533 quaedam
3394 4475 3504 4521 ter-

1924 4542 2116 4596 restria
2148 4543 2424 4610 videntur,
2466 4545 2584 4616 ipso
2640 4548 2804 4603 etiam
2850 4551 3073 4620 pulvere
3123 4554 3392 4610 tenuiora.
3423 4555 3501 4610 Ex

1923 4630 2008 4688 bis
2037 4638 2218 4692 omnia
2240 4640 2491 4709 componi
2521 4650 2576 4694 et
2598 4643 2900 4698 consistere
2942 4644 3175 4700 allirmat
3208 4648 3499 4718 Epicurus,

1922 4735 2044 4776 cum
2079 4740 2174 4794 per
2225 4729 2612 4784 resolutionem
2646 4747 2676 4785 a
2715 4733 2924 4802 magnis
2976 4736 3294 4805 corporibus
3322 4738 3499 4793 disce-

1921 4813 2077 4879 dens,
2118 4817 2250 4871 nihil
2279 4821 2578 4890 simplicius
2605 4822 2980 4894 subtiliusque
3012 4827 3248 4896 reperiat

1990 4943 2185 5000 Contra
2216 4945 2520 5024 Epicureos,
2553 4951 2733 5024 magni
2759 4950 2998 5024 Gregorii
3027 4952 3270 5024 Theologi
3291 4969 3495 5010 exora.

2404 5020 2542 5072 tione
2575 5034 2612 5072 ιι
2639 5020 2702 5073 de
2726 5020 3002 5093 theologia.

1989 5104 2144 5171 Quod
2179 5106 2318 5163 Deus
2349 5108 2439 5172 sit,
2468 5110 2722 5180 quodque
2754 5113 2894 5168 idem
2937 5129 3120 5168 rerum
3156 5113 3228 5168 sit
3251 5113 3492 5168 omnium

1917 5212 2077 5251 causa
2102 5199 2364 5265 eﬂ'cctrix,
2388 5211 2442 5255 et
2463 5206 2857 5269 conservatrix,
2884 5222 3006 5260 cum
3061 5207 3203 5261 oculi
3258 5223 3358 5262 nos
3396 5209 3492 5262 do-

1913 5299 2040 5345 cent
2067 5289 2187 5360 ipsi.
2224 5299 2338 5346 tum
2373 5293 2455 5349 lex
2502 5296 2782 5352 naturalis.
2820 5297 2995 5361 Oculi,
3062 5298 3191 5352 dum
3250 5299 3368 5354 illos
3423 5302 3492 5356 ad

1913 5395 2000 5436 res
2055 5396 2174 5451 quae
2234 5385 2489 5449 praclare
2523 5396 2820 5457 compactae
2863 5399 2990 5443 sunt
3043 5397 3099 5444 et
3119 5389 3310 5446 ordine
3341 5391 3492 5448 ince-

1911 5472 2069 5538 dunt,
2128 5473 2518 5546 immobilique,
2557 5489 2618 5533 ut
2675 5481 2747 5534 ita
2799 5480 2996 5543 dicam,
3048 5483 3260 5540 ratione
3327 5496 3487 5542 moue

1910 5565 2181 5622 feruntur.
2210 5567 2652 5636 contemplandas
2680 5569 3088 5638 convertimus;
3133 5583 3339 5630 natura:
3372 5576 3486 5642 lex,

1855 5732 1880 5740 ’
1911 5655 2040 5712 dum
2053 5671 2118 5714 cx
2133 5655 2250 5728 ipso
2267 5672 2473 5728 rerum,
2496 5675 2633 5730 quas
2660 5660 2936 5722 cernimus
2950 5673 3005 5725 et
3035 5669 3488 5738 contemplamur,
