4026 6212
497 303 560 367 31
1742 303 2125 365 EUTHYMII
2159 303 2519 363 ZlGABENl
3690 301 3762 362 3'2

1847 442 3721 479 Μ

518 450 1930 484 W—

1941 621 2302 719 ΠΙΝΑΞ

998 814 1136 868 ΤΗΣ
1175 813 1425 868 ΒΣΒᾹΟΥ
1466 813 1602 869 ΤΗΣ
1641 811 2309 868 ΕΠΟΝΟΜΔΖΟΜΕΝΗΣ
2344 811 2805 866 ΔΟΓΜΑΤΙΚΗΣ
2843 809 3299 864 ΠΛΝΟΠΛῙΑΣ.

1945 1214 2272 1292 INDEX

1405 1385 1586 1442 LIBRI
1639 1387 1991 1445 PANOPLIA
2041 1388 2458 1446 DOGMATICA
2509 1385 2885 1446 lNSCRlPTl.

496 1791 713 1847 Titulus
741 1790 784 1846 1.
814 1821 884 1832 --
916 1792 1277 1848 Ratiocinatio
1349 1794 1696 1866 syllogistica.
1779 1811 1882 1863 qua
1942 1795 2076 1850 Deus

2180 1791 2375 1858 Titio;
2408 1789 2582 1852 A’.—-
2615 1791 3072 1864 Συλλογιστικὴ
3130 1790 3462 1860 ἀπόδειξις,
3522 1795 3613 1848 ὅτι
3684 1789 3777 1861 εἵς

994 1901 1127 1938 unus
1152 1903 1260 1939 esse
1293 1887 1524 1954 ejusdem
1557 1897 1804 1940 natura:
1842 1886 2080 1950 Verbum,

989 1993 1053 2029 ac
1081 1975 1341 2045 Spiritum
1370 1977 1514 2037 item,
1545 1992 1728 2042 nempe
1787 1974 1988 2029 Filium
2033 1986 2084 2030 et

995 2067 1254 2134 Spiritum
1287 2078 1527 2122 sanctum
1551 2069 1740 2120 habere
1752 2070 2085 2122 demonstra-

992 2171 1101 2214 tur.
1133 2159 1210 2213 Ex
1229 2162 1467 2215 oratione
1493 2161 1799 2214 catechetica
1849 2161 2084 2230 Gregorii

989 2253 1038 2305 Ν
1042 2269 1174 2321 yssat
1205 2253 1484 2319 pontiﬁcis.

497 2345 714 2400 Titulus
746 2342 810 2399 ll.
843 2373 910 2384 —
947 2342 1024 2397 De
1055 2344 1216 2396 Patre
1243 2352 1289 2396 et
1322 2341 1466 2396 Filio
1525 2351 1576 2397 et
1628 2341 1836 2409 Spiritu
1901 2352 2083 2397 sancto

992 2435 1246 2490 distincta
1273 2436 1434 2490 simul
1455 2449 1612 2507 atque
1634 2437 1916 2505 conjuncta
1943 2437 2083 2490 divi-

991 2529 1178 2582 nitatis
1214 2530 1376 2583 ratio.

495 2621 711 2678 Titulus
743 2621 838 2678 ΙΙΙ.
863 2650 933 2663 -—
962 2622 1040 2675 De
1097 2621 1203 2675 Deo
1251 2637 1341 2677 seu
1394 2619 1685 2674 Dioinilate
1707 2620 2074 2676 communiter.

991 2714 1092 2780 Qui
1123 2713 1311 2778 Deum,
1340 2722 1434 2766 aut
1458 2711 1796 2765 Dioinitatem
1823 2721 1918 2764 aut
1952 2712 2085 2766 divi-

997 2821 1122 2859 num
1157 2804 1368 2858 Numen
1395 2803 1544 2866 dicit,
1574 2802 1840 2856 communi
1895 2801 2083 2854 horum

989 2897 1346 2967 appellatione
1399 2903 1504 2950 tres
1553 2895 1710 2949 unius
1787 2894 2083 2948 divinitatis

993 2992 1321 3060 hypostases,
1393 2989 1503 3042 sive
1586 3003 1836 3058 personas
1895 2986 2078 3041 decla-

998 3101 1058 3137 ra
1067 3100 1143 3137 re.

2690 1882 2824 1936 ἐστι
2859 1883 3028 1948 Θεὸς,
3054 1881 3152 1935 καὶ
3178 1882 3267 1935 ὅτι
3296 1883 3395 1936 καὶ
3425 1885 3620 1953 Λόγον
3647 1883 3778 1951 ἔχει

2685 1973 3018 2040 ὀμοούσιον
3097 1969 3310 2036 ἐαυτῷ.
3363 1973 3462 2028 καὶ
3533 1975 3782 2045 Πνεῦμα

2689 2064 2931 2132 ὁμοίως,
2981 2063 3132 2130 ἅπερ
3161 2063 3322 2118 εἰσιν
3350 2066 3383 2118 ό
3422 2065 3556 2131 Υιὸς
3579 2067 3679 2120 καὶ
3709 2070 3776 2121 τὸ

2684 2155 2931 2222 Πνεῦμα
2958 2155 3024 2210 τὸ
3053 2156 3227 2224 ἅγιον
3265 2155 3337 2210 ἐκ
3371 2158 3480 2212 τοῦ
3511 2175 3780 2230 κατηχη-

2688 2244 2860 2298 τικοῦ
2878 2245 3077 2313 ,λόγου
3105 2244 3213 2298 τοῦ
3247 2246 3528 2314 Νύσσης.

2186 2335 2379 2401 Titio;
2419 2333 2584 2391 B'.-v-
2619 2335 2760 2402 Περὶ
2801 2337 3033 2404 Πατρός
3089 2335 3188 2390 καὶ
3249 2336 3392 2391 Υίοῦ
3443 2336 3542 2390 καὶ
3602 2338 3784 2406 ἁγίου

2686 2429 3040 2497 Πνεύματος
3076 2429 3500 2499 διακεκριμένη
3529 2428 3649 2498 ἅμα
3671 2429 3774 2484 και

2683 2516 2965 2588 ἡνωμένη
2997 2518 3298 2587 θεολογία.

2185 2610 2380 2674 Titio;
2417 2610 2588 2666 l".—-
2617 2611 2757 2681 Περὶ
2794 2609 2945 2664 Θεοῦ
2999 2608 3240 2677 κοινῶς.
3286 2608 3487 2676 Δῆλον
3517 2610 3585 2664 δὲ
3620 2611 3704 2666 ὅτι
3739 2614 3778 2667 ὁ

2691 2704 2842 2758 Θεὸν
2855 2702 3063 2768 εἰπὼν,
3084 2701 3119 2771 ἢ
3147 2703 3481 2770 Θεότητα,ἣ
3508 2702 3573 2756 τὸ
3614 2704 3780 2758 θεῖον

2675 2794 2884 2862 ἁπλῶς
2933 2793 3033 2848 καὶ
3077 2793 3614 2862 ἀπροσδιορίο-τως,
3665 2794 3776 2860 τὰς

2686 2888 2846 2957 τρεῖς
2901 2886 3276 2954 ὑποστάσεις
3325 2884 3436 2954 τῆς
3468 2886 3613 2956 μιᾶς
3639 2886 3782 2940 Θεό-

2679 2999 2864 3050 τητος
2901 2981 3159 3050 ἐνέφηνε
3197 2978 3273 3049 τῇ
3305 2977 3599 3048 καθολικῇ
3642 2979 3781 3034 τούο

2675 3091 2794 3129 των
2825 3073 3221 3142 προσηγορίᾳ.

493 3179 708 3236 Titulus
743 3177 835 3233 ιν.
862 3206 934 3216 -
961 3132 1208 3230 Cutinam
1257 3185 1508 3229 naturam
1557 3172 1921 3243 comprehendi
1978 3186 2082 3226 non

2187 3163 2384 3230 Titio;
2426 3166 2501 3221 A'.
2525 3163 2761 3233 -Περὶ
2826 3132 2932 3218 τοῦ
2989 3132 3421 3231 ανατᾶληπτον
3480 3157 3634 3220 εἶναι
3663 3163 3780 3235 τὴν

987 3286 1158 3338 posse.

493 3364 710 3419 Titulus
742 3363 899 3419 V.--
923 3359 998 3414 De
1028 3360 1207 3415 divina
1239 3359 1616 3426 appellatione.

493 3455 710 3508 Titulus
732 3452 823 3507 Vl.
853 3481 925 3492 ——
958 3451 1034 3506 De
1062 3451 1270 3520 opiﬁcio
1306 3451 1423 3504 Dei.

495 3545 715 3600 Titulus
742 3542 955 3599 Vll.v—
989 3544 1064 3597 De
1097 3544 1279 3596 divina
1312 3542 1722 3595 humanatione.

496 3636 710 3694 Titulus
740 3636 875 3692 Vill.
903 3665 975 3677 -—
1003 3635 1204 3690 Contra
1247 3634 1509 3695 Hebrteos,
1538 3651 1601 3687 ex
1625 3633 1778 3699 libro,
1811 3642 1866 3687 ut
1896 3634 2079 3704 fertur,

995 3726 1246 3800 Nysseni,
1273 3727 1351 3781 De
1377 3728 1671 3797 cognitione
1700 3727 1818 3781 Dei.

496 3899 714 3958 Titulus
737 3900 830 3958 IX.
856 3932 926 3944 -
951 3900 1148 3955 Contra
1166 3898 1431 3955 Simonem
1447 3897 1904 3964 Samarensem,'et
1925 3897 2081 3952 Mar-

990 3996 1193 4049 cionem
1220 3993 1518 4054 Ponticum.
1551 4001 1598 4046 et
1622 3993 1885 4046 Manetem
1941 3990 2080 4047 Per-

986 4101 1129 4149 sam,
1157 4093 1207 4137 et
1235 4083 1578 4138 Manichwos.

495 4265 710 4321 Titulus
741 4264 809 4320 Χ.
835 4294 903 4307 --
932 4263 1194 4318 Adversus
1231 4261 1517 4317 Sabeliium
1542 4277 1604 4316 ea:
1625 4259 1685 4316 S.
1715 4260 1936 4332 Cyrillo.

495 4443 710 4500 Titulus
734 4442 822 4496 )tl.
841 4474 906 4484 —
927 4443 990 4498 In
1014 4442 1262 4507 Arianos,
1287 4439 1470 4510 magni
1499 4438 1798 4494 Athanasii.

497 4623 717 4679 Titulus
748 4622 866 4678 ΧΠ.
892 4653 961 4665 -
988 4623 1189 4680 Contra
1260 4623 1493 4682 Spiritus
1539 4628 1710 4681 sancti
1799 4627 2084 4699 impugna-

988 4727 1146 4772 tores.

493 4803 708 4860 Titulus
737 4803 878 4860 Xlll.
918 4834 986 4846 —
1024 4806 1203 4862 Photii
1248 4811 1591 4878 patriarcha,
1643 4817 1829 4864 contra
1844 4798 2083 4875 Latinos,

993 4902 1131 4970 quod
1155 4918 1219 4955 ea:
1244 4901 1412 4956 Patre
1442 4913 1648 4957 tantum
1682 4903 1915 4966 procedit
1961 4901 2088 4970 Spi-

997 4995 1129 5047 ritus
1155 5005 1391 5059 sanctus,
1431 5011 1532 5048 non
1567 5004 1698 5050 etes:
1719 4993 1883 5050 Filio.
2056 4982 2064 4993 ’

495 5169 709 5226 Titulus
738 5170 873 5225 XIV.
900 5200 974 5213 —-
999 5171 1194 5228 Contra
1227 5174 1640 5243 Apollinarium.

497 5258 710 5316 Titulus
746 5261 862 5316 XV.
895 5262 1184 5318 --Contra
1213 5265 1585 5322 Nestorianos.

501 5350 714 5407 Titulus
734 5353 874 5411 XVI.
903 5385 972 5397 —
1001 5354 1202 5410 Contra
1257 5357 1676 5429 Monophysitas,
1713 5376 1936 5430 quorum
1988 5377 2088 5417 au-

993 5459 1112 5503 ctor
1137 5449 1396 5521 Eutyches
1427 5453 1868 5509 archimandrita.

505 5536 721 5592 Titulus
751 5536 912 5595 XVII.
933 5570 1003 5580 —
1026 5541 1231 5597 Contra
1291 5546 1835 5612 Aphthartodocetas.

507 5629 718 5688 Titulus
746 5633 934 5690 XVIII.
959 5667 1028 5678 —
1060 5637 1260 5694 Contra
1283 5657 1368 5694 eos
1409 5642 1498 5712 qui
1535 5643 1718 5696 dicunt
1742 5643 1910 5699 Deum
1961 5643 2090 5700 Ver-

992 5730 1111 5783 bum
1135 5732 1498 5792 inmotibiliter
1528 5751 1636 5790 esse
1666 5752 1901 5793 nassum.

2659 3256 2827 3310 θείαν
2854 3254 3068 3324 φύσιν.

2184 3351 2379 3413 Titio;
2424 3350 2500 3403 E'.
2520 3376 2590 3390 -υ
2609 3347 2751 3415 Περὶ
2784 3346 3152 3415 Θεωνυμίας.

2183 3442 2376 3506 Titio;
2409 3440 2740 3509 εἶα-Περὶ
2782 3437 2891 3507 τῆς
2921 3440 3086 3506 θείας
3117 3438 3529 3511 δημιουργίας.

2183 3535 2378 3597 Titio;
2419 3532 2490 3588 Z'.
2515 3565 2583 3577 —
2602 3533 2742 3602 Περὶ
2768 3532 2880 3602 τῆς
2911 3532 3074 3600 θείας
3101 3533 3634 3602 ἐνανθρωπήσεως.

2183 3627 2376 3691 Titio;
2419 3628 2782 3682 IIS—Kurd
2834 3625 3122 3694 Ἐϐραίων
3167 3626 3237 3680 ἐκ
3263 3625 3370 3696 τῆς
3430 3625 3771 3695 λεγομένης

2683 3713 2840 3772 εἷναι
2905 3717 3013 3772 τοῦ
3063 3718 3321 3784 Νύσσης
3381 3719 3616 3781 βίϐλου,
3662 3718 3776 3787 τῆς

2683 3809 3282 3879 προσαγορευομένης
3305 3809 3698 3878 Θεοχνωονίιις.

2181 3904 2373 3970 Titio;
2413 3902 2494 3960 6'.
2523 3933 2593 3944 --
2619 3902 2782 3956 Κατὰ
2825 3903 3092 3972 Σίμωνος
3137 3901 3246 3957 τοῦ
3297 3901 3637 3970 Σαμαρέως.
3671 3904 3778 3958 καὶ

2679 3997 3036 4062 Μαρκίωνος
3066 3995 3172 4050 τοῦ
3201 3994 3517 4058 Ποντικοῦ,
3543 3994 3642 4047 καὶ
3667 3993 3777 4046 τοῦ

2674 4086 2915 4156 Πέρσου
2955 4089 3288 4155 Μάνεντος,
3326 4089 3428 4143 καὶ
3480 4085 3598 4140 τῶν
3648 4089 3776 4140 Μα-

2675 4179 2952 4248 νιχαίων.

2181 4270 2373 4337 Titio;
2415 4270 2567 4326 l'.—
2599 4272 2764 4325 Κατὰ
2806 4268 3234 4327 Σαϐελλιανῶν
3275 4269 3384 4325 τοῦ
3439 4269 3615 4339 ἁγίου
3655 4273 3777 4326 Κυ-

2645 4363 2896 4429 ρίλλου.

2107 4489 2152 4547 C
2181 4451 2374 4517 Titio;
2396 4451 2751 4523 ΙΔἎ-Κατὰ
2797 4450 3108 4520 Ἀρειανῶν
3152 4451 3262 4506 τοῦ
3307 4449 3578 4522 μεγάλου
3615 4451 3776 4512 Ἄϐας

2682 4546 2925 4600 νασίου.

2186 4637 2381 4703 Titio;
2415 4637 2514 4696 lB'.
2534 4669 2606 4681 —-
2623 4637 2785 4694 Κατὰ
2824 4637 3374 4707 Πνευματομάχων.

2189 4819 2383 4883 Titio;
2415 4817 2516 4874 lI".
2542 4818 2846 4874 -Φωτίου
2895 4814 3275 4884 Πατριὰρχου
3312 4816 3464 4870 κατὰ
3506 4814 3623 4870 τῶν
3667 4813 3781 4884 τῆς
3834 4817 3852 4823 “

2682 4906 2945 4974 παλαιᾶς
3003 4906 3253 4976 Ῥώμης,
3283 4908 3372 4961 ὅτι
3418 4908 3489 4961 ἐκ
3543 4907 3778 4976 Πατρός

2683 5002 2879 5070 μόνου
2918 5001 3308 5068 ἐκπορεύεται
3338 4999 3403 5054 τὸ
3439 5000 3679 5066 Πνεῦμα
3708 5003 3779 5056 τὸ

2693 5093 2889 5162 ἅγιον,
2921 5093 3059 5147 ἀλλ’
3098 5093 3233 5159 οὐχι
3269 5093 3369 5147 καὶ
3393 5093 3461 5146 ἐκ
3490 5093 3596 5147 τοῦ
3615 5091 3776 5150 Υιοῦ.

2189 5185 2382 5251 Titio;
2419 5186 2784 5243 [AZ—Eata
2821 5185 3314 5250 Ἀπολλιναρίον.

2192 5280 2382 5355 Titio;
2420 5277 2782 5333 lE'.-—Katt‘t
2813 5276 3253 5346 Νεστοριανῶν.

2192 5371 2384 5435 Titio;
2408 5369 2777 5439 lq".—-—Katc‘t
2799 5368 3261 5439 Μονοφυσιτῶν,
3277 5362 3364 5423 ὧν
3386 5368 3782 5441 αἰρεσιάρχης

2659 5466 2692 5516 ὀ
2722 5462 3025 5530 Εἰντυχὴς,
3050 5465 3083 5516 ό
3105 5461 3590 5532 ἀρχιμανδρίτης.

2191 5555 2379 5618 Titio;
2410 5553 2511 5610 IZ'.
2536 5587 2604 5598 -
2621 5554 2781 5609 Κατὰ
2808 5553 3389 5624 Ἀφθαρτοδοκητῶν.

2193 5647 2384 5713 Titio;
2417 5645 2765 5704 ηιξ-Κατὰ
2795 5645 2913 5702 τῶν
2937 5649 3262 5718 λεγόντων,
3283 5647 3548 5705 Ἐπαθεν
3576 5651 3608 5704 ὁ
3633 5649 3782 5719 Θεὸς

2664 5739 2855 5806 Λόγος
2887 5737 3150 5806 ἀπαθῶς.
