3992 6210
493 275 564 334 39
1764 266 2145 328 EUTHYMH
2187 265 2553 326 ZlGABENl
3677 272 3744 323 ου

490 385 772 438 auditores
819 383 1151 454 cogitatione
1208 382 1544 452 distinguant
1607 380 1846 436 Verbum
1897 382 1966 436 ab
2015 395 2076 434 eo

2184 376 2494 429 ἀκουόντων
2543 374 2752 429 διάνοια
2777 371 2939 427 αὑτόν
2970 388 3026 424 τε
3057 370 3146 424 τὸν
3171 369 3364 437 Λόγον,
3395 370 3601 424 καὶτὸν
3629 373 3748 426 ὅθεν

494 475 653 542 cujus
684 481 768 526 est
799 471 1060 535 Verbum,
1089 488 1200 526 non
1227 471 1460 540 amplius
1488 471 1805 542 mysterium
1832 470 1988 524 nobis
2019 471 2072 523 in

500 565 748 637 periculo
795 573 1069 627 versatur,
1122 579 1188 616 ne
1240 563 1366 616 dum
1421 562 1732 617 Graecorum
1792 563 2077 631 opiniones

497 657 816 716 refellimus.
846 657 1129 710 videamur
1165 655 1476 709 Judmorum
1513 655 1839 710 sententiam
1871 671 2074 725 appro-

428 805 432 810 ,
499 748 757 802 bantibus
805 747 1084 800 assentiri.
1138 745 1270 800 Nam
1323 746 1782 816 quemadmodum
1833 747 1886 800 in
1921 747 2077 800 nobis

490 840 724 894 dicimus
793 840 1017 893 verbum
1068 855 1095 892 a
1146 847 1328 892 mente
1375 839 1668 908 proﬁcisci,
1719 855 1896 909 neque
1937 840 2076 893 idem

494 932 718 983 omnino
776 945 896 983 esse
947 930 1090 998 quod
1126 939 1210 984 est
1261 946 1433 996 mens,
1466 945 1566 984 nec
1615 930 1682 984 ab
1721 931 1806 984 illa
1855 946 2079 1001 prorsus

445 1028 450 1034 '
496 1021 770 1073 diversum
802 1020 1026 1088 (etenim
1070 1030 1341 1089 quatenus
1381 1022 1449 1074 ab
1487 1022 1574 1075 illa
1617 1022 1892 1090 provenit,
1929 1021 2078 1076 aliud

491 1111 750 1177 quiddam
783 1126 945 1178 quam
993 1112 1104 1180 ipsa
1150 1121 1232 1164 est
1269 1127 1283 1164 :
1331 1123 1600 1180 quatenus
1629 1123 1809 1166 autem
1839 1123 2077 1166 mentem

495 1199 838 1266 perspicuam
875 1199 1002 1252 facit
1041 1209 1096 1252 et
1122 1200 1378 1268 eXplicat,
1436 1215 1544 1253 non
1583 1200 1732 1255 aliud
1771 1201 1880 1270 jam
1910 1201 1979 1253 ab
2017 1215 2077 1254 ea

494 1288 771 1342 diversum
832 1290 1122 1359 cogitatur,
1187 1293 1279 1345 sed
1329 1301 1519 1344 natura
1579 1307 1769 1354 unum,
1831 1292 2080 1360 subjecto

494 1386 706 1430 tantum
739 1378 1016 1444 dim-reuS)
1052 1397 1064 1432 :
1095 1379 1172 1432 sic
1203 1379 1365 1433 etiam
1395 1379 1488 1432 Dei
1520 1377 1779 1446 Verbum,
1810 1391 2079 1449 quatenus

493 1481 592 1534 per
633 1483 690 1520 se
715 1468 987 1530 subsistit,
1031 1469 1099 1521 ab
1143 1483 1208 1523 eo
1246 1468 1599 1538 distinguitur
1647 1472 1792 1523 unde
1842 1479 1900 1524 ut
1950 1471 2078 1525 sub-

493 1558 655 1611 sistat
683 1558 843 1610 habet
868 1574 880 1610 :
911 1567 1183 1626 quatenus
1211 1568 1390 1612 autem
1423 1573 1484 1612 ea
1526 1559 1769 1613 declarat
1797 1559 1850 1613 in
1879 1561 2078 1628 seipse,

495 1667 617 1718 quae
655 1660 954 1704 cernuntur
988 1650 1042 1702 in
1082 1649 1210 1713 Deo,
1257 1650 1396 1702 idem
1429 1659 1516 1703 est
1548 1661 1742 1704 natura
1778 1666 1900 1704 cum
1937 1653 2074 1720 ipso,

2177 467 2354 531 ἐστὶν,
2383 467 2484 518 οὑκ
2509 464 2588 518 ἐτ’
2611 465 2678 518 ἂν
2704 466 2836 534 ἡμῖν
2866 461 3190 534 κινδυνεύσῃ
3215 461 3274 514 τὸ
3300 463 3603 532 μυστήριον
3632 467 3748 526 ταῖς

2179 558 2486 626 ἑλληνικῶς
2530 555 2837 626 μαχόμενον
2873 552 3178 622 ὑπολήψεσι
3209 553 3323 614 τοῖς
3361 550 3430 604 τὰ
3479 551 3749 605 Ἰουδαίων

2180 646 2546 716 πρεσϐεύουσι
2579 644 2984 715 συνενεχθῆναι.
3010 644 3220 713 Ὠσπερ
3250 644 3360 712 γὰρ
3385 643 3469 710 ἐφ’
3499 643 3657 711 ἡμῶν
3691 645 3752 698 ὲκ

2178 737 2274 790 τοῦ
2314 737 2404 790 νοῦ
2460 754 2641 806 φαμεν
2688 733 2829 789 εἶναι
2885 737 2976 789 τὸν
3027 736 3210 802 λόγον,
3253 734 3378 788 οῦτε
3429 733 3608 786 διόλου
3662 737 3752 788 τὸν

2181 830 2342 882 αὑτὸν
2365 829 2494 881 ὄντα
2525 828 2600 898 τῷ
2629 828 2726 898 νῷ,
2753 827 2874 880 οὔτε
2907 828 3252 882 παντάπασιν
3321 826 3536 896 ἕτερον·
3567 827 3628 880 τδ
3653 827 3752 897 μὲν

2180 920 2288 989 γὰρ
2314 918 2373 983 ἐξ
2397 919 2606 972 ἐκείνου
2631 914 2773 971 εἶναι
2803 918 2931 972 ἄλλο
2957 937 3030 983 τι,
3059 919 3150 971 καὶ
3177 918 3277 972 οὑκ
3311 917 3489 971 ἐκεῖνό
3519 920 3659 972 ἐστι’
3693 921 3753 973 τό

2177 1012 2234 1065 δὲ
2262 1013 2426 1066 αὑτὸν
2465 1011 2552 1064 τὸν
2585 1011 2710 1064 νοῦν
2742 1011 2831 1064 τὸν
2857 1013 2936 1073 είς
2966 1010 3024 1062 τὸ
3057 1011 3297 1080 ἐμφανὲς
3331 1011 3487 1076 ἄγειν
3541 1013 3644 1064 οὑκ
3677 1011 3752 1065 ἐτ’

2181 1105 2248 1158 ἂν
2297 1104 2488 1173 ἕτερόν
2519 1121 2570 1156 τι
2595 1104 2724 1174 παρ’
2759 1105 2965 1156 ἐκεῖνον
2990 1104 3290 1165 ὑπονοοῑτο,
3326 1102 3460 1155 ἀλλὰ
3485 1105 3629 1156 κατὰ
3653 1107 3752 1174 τὴν

2183 1196 2346 1265 φύσιν
2371 1195 2430 1247 ἓν
2457 1195 2531 1248 ῶν
2569 1196 2757 1265 ἕτερον
2783 1196 2860 1265 τῷ
2895 1196 3242 1264 ὑποκειμένῳ
3270 1194 3416 1246 ἐστίν
3436 1211 3450 1225 ’
3485 1195 3633 1248 οὑτω
3661 1206 3753 1248 καί

2182 1290 2210 1340 ό
2271 1288 2363 1340 τοῦ
2402 1287 2538 1340 Θεοῦ
2592 1289 2764 1356 Λόγος
2807 1287 2884 1358 τῷ
2923 1288 3022 1357 μὲν
3051 1288 3352 1355 ὑφεστάναι
3405 1289 3529 1341 καθ’
3558 1291 3750 1344 ἑαυτὸν

2180 1379 2434 1450 διῄρηται
2475 1381 2610 1450 πρὸς
2647 1382 2854 1433 ἐκεῖνον
2895 1381 3024 1449 παρ’
3051 1373 3113 1432 οὗ
3143 1379 3242 1450 τὴν
3271 1380 3568 1434 ὑπόστασιν
3596 1382 3708 1451 ἔχει
3734 1400 3746 1413 ·

2180 1471 2258 1539 τῷ
2284 1471 2339 1522 δὲ
2383 1469 2556 1523 ταῦτα
2611 1470 2879 1523 δεικνύειν
2915 1472 2973 1522 ὲν
2997 1469 3176 1539 ἐαυτῷ
3225 1469 3262 1523 θ.
3289 1472 3417 1539 περὶ
3475 1473 3565 1522 τὸν
3613 1472 3746 1524 Θεὸν

2182 1560 2508 1629 καθορᾶται,
2553 1561 2581 1612 ό
2605 1561 2768 1623 αὑτός
2802 1563 2918 1612 ἐστι
2948 1560 3091 1613 κατὰ
3117 1561 3215 1630 τὴν
3245 1560 3408 1628 φύσιν
3439 1563 3624 1630 ἐκείνῳ
3667 1564 3738 1629 τῷ

2181 1651 2446 1704 δι”αὑτῶν
2475 1653 2584 1704 τῶν
2618 1654 3016 1722 γνωρισμάτων
3039 1652 3431 1723 εὑρισκομένῳ.
3461 1652 3584 1704 Εἴτε
3632 1654 3734 1722 γὰρ

495 1741 552 1794 in
588 1756 696 1810 quo
739 1741 932 1794 eadem
993 1739 1192 1792 iudicia
1237 1749 1292 1793 et
1333 1747 1477 1794 notae
1520 1743 1890 1809 reperiuntur.
1941 1718 2076 1795 Nam

2185 1744 2519 1811 ἁγαθότητα,
2547 1718 2659 1795 εἴτε
2685 1718 2814 1796 δῦνα
2825 1718 2937 1812 μιν,
2967 1744 3078 1795 εἴτε
3105 1718 3327 1812 *σοφία-ν,
3352 1718 3463 1795 είτε
3486 1743 3542 1796 τδ
3565 1718 3738 1804 statui;

495 1834 613 1886 sive
673 1832 995 1893 bonitatem,
1047 1832 1164 1902 sive
1217 1831 1534 1900 potentiam,
1585 1832 1699 1886 sive
1729 1833 2075 1901 sapientiam,

494 1925 612 1979 sive
637 1925 1022 1988 aeternitatem,
1057 1924 1172 1978 sive
1206 1925 1450 1987 malitiae,
1472 1912 1665 1980 mo'rtis
1692 1935 1746 1979 et
1768 1927 2076 1995 corruptio-

495 2017 581 2070 nis
612 2018 963 2081 vacuitatem,
997 2015 1110 2068 sive
1145 2014 1360 2083 aliquod
1397 2015 1541 2069 aliud
1576 2015 2076 2086 ejusmodisignum

499 2109 823 2169 constituas,
856 2122 965 2176 quo
995 2105 1152 2159 Patre
1181 2106 1295 2174 ipse
1347 2107 1862 2174 comprehendatur,
1888 2107 2078 2161 eodem

497 2199 654 2267 signo
705 2207 763 2253 et
810 2198 1088 2264 Verbum,
1141 2201 1284 2267 quod
1330 2212 1395 2251 ex
1449 2198 1541 2252 illo
1597 2201 1867 2262 subsistit,
1923 2201 2078 2255 inve-

497 2304 668 2345 neris.

993 2481 1066 2536 De
1103 2479 1306 2551 Spiritu
1340 2491 1543 2536 sancto.

569 2597 648 2650 Ac
692 2594 1152 2664 quemadmodum
1204 2593 1354 2648 hisce
1408 2593 1668 2664 gradibus
1721 2594 2081 2652 ascendentes

493 2701 564 2741 ex
591 2695 778 2740 nostra
811 2701 1119 2755 supremam
1151 2684 1294 2738 illam
1329 2693 1574 2737 naturam
1603 2687 1970 2755 cognovimus,
2003 2687 2082 2740 sic

502 2777 731 2838 umbris,
766 2792 829 2829 ac
865 2776 1170 2830 simulacris
1212 2775 1536 2844 quibusdam
1573 2778 1856 2843 potestatis
1908 2777 2077 2840 illius,

498 2883 620 2937 qua
649 2868 831 2922 verbis
861 2867 1119 2936 explicari
1173 2882 1280 2920 non
1331 2875 1530 2935 potest,
1566 2868 1618 2921 iu
1671 2877 1861 2922 natura
1895 2878 2079 2923 nostra

498 2961 810 3030 conspectis
871 2961 938 3014 ad
1016 2958 1252 3029 Spiritus
1301 2959 1672 3029 cognitionem
1740 2961 2078 3016 accedimus.

2183 1830 2347 1898 εἶναι,
2401 1835 2512 1886 εἴτε
2567 1834 2628 1886 τὸ
2683 1833 2906 1896 κακίας,
2953 1833 3049 1886 καὶ
3099 1833 3354 1897 θανάτου,
3393 1833 3488 1885 καὶ
3545 1833 3745 1902 φθορᾶς

2181 1926 2557 1992 ἀνεπίδεκτον,
2617 1927 2727 1980 εἴτε
2775 1927 2867 1979 τὸν
2927 1928 2984 1979 ὲν
3029 1925 3192 1978 παντὶ
3250 1926 3484 1990 τέλειον,
3541 1927 3650 1978 εἴτε
3700 1943 3751 1976 τι

2179 2019 2422 2071 τοιοῦτον
2454 2021 2591 2082 ὅλως
2641 2019 2870 2090 σημεῖόν
2901 2036 2982 2082 τις
3018 2021 3224 2070 ποιεῖτο
3269 2019 3366 2088 τῆς
3396 2020 3492 2069 τοῦ
3534 2019 3749 2088 Πατρός

2185 2109 2572 2178 καταλήψεως,
2613 2109 2700 2162 διὰ
2748 2108 3058 2161 τῶναύτῶν
3091 2109 3314 2179 εὑρήσει
3368 2108 3614 2178 σημείων
3665 2113 3759 2162 καὶ

2181 2207 2272 2255 τὸν
2312 2203 2370 2268 ἐξ
2411 2203 2625 2255 ἐκείνου
2665 2202 2950 2270 ὑφεστῶτα
2981 2203 3178 2270 Λόγον.

2503 2451 2646 2519 Περὶ
2709 2451 2815 2505 τοῦ
2855 2451 3030 2521 ἁγίου
3073 2453 3436 2518 Πνεύματος.

2259 2569 2480 2638 Ὠσπερ
2527 2568 2584 2621 δὲ
2615 2568 2706 2620 τὸν
2753 2569 2926 2636 Λόγον
2954 2568 3017 2619 ὲκ
3065 2567 3171 2619 τῶν
3207 2566 3331 2619 καθ’
3357 2566 3502 2636 ἡμᾶς
3539 2565 3762 2633 ἀναγω-

2186 2661 2359 2729 γικῶς
2385 2661 2478 2713 ἐπὶ
2511 2660 2606 2728 τῆς
2637 2659 3041 2727 ὑπερκειμένης
3069 2657 3317 2726 ἔγνωμεν
3349 2656 3584 2724 φύσεως,
3614 2659 3764 2710 κατά

2180 2756 2273 2805 τόν
2303 2753 2466 2804 αὑτὸν
2493 2752 2695 2821 τρόπον
2723 2751 2814 2802 καὶ
2847 2753 2914 2819 τῇ
2947 2751 3079 2818 περὶ
3105 2749 3198 2802 τοῦ
3228 2749 3546 2817 Πνεῦματος
3571 2750 3762 2821 ἐννοίᾳ

2185 2843 2643 2912 ὑπαχθησόμεθα,
2694 2843 2854 2904 σκιάς
2907 2858 3081 2907 τινας,
3155 2841 3251 2894 καὶ
3301 2841 3595 2910 μιμήματα
3656 2844 3762 2912 τῆς

2184 2937 2462 3006 ἀφραστου
2512 2935 2792 3003 δυνάμεως
2839 2936 2896 2986 ἐν
2943 2937 3011 3003 τῇ
3051 2934 3173 2988 καθ’
3218 2934 3362 3002 ἡμᾶς
3419 2932 3761 3003 θεωροῦντες

497 3025 820 3120 Quanquam
878 3025 1105 3118 Spiritus
1161 3047 1256 3118 qui
1318 3025 1395 3102 in:
1422 3049 1579 3103 nobis
1605 3057 1724 3115 est,
1773 3065 1840 3103 ex
1899 3050 2076 3104 alieno

2183 3029 2363 3098 φύσει.
2407 3026 2546 3080 Ἀλλ’
2581 3027 2666 3095 ἐφ’
2705 3026 2862 3096 ήμῶν
2904 3027 3000 3096 μὲν
3029 3028 3088 3079 τδ
3133 3025 3349 3096 πνεῦμα
3388 3026 3421 3097 ή
3465 3026 3558 3079 τοῦ
3591 3027 3758 3097 ἀέρος

498 3144 796 3204 reducitur,
835 3155 1034 3210 nempe
1072 3156 1136 3196 ex
1171 3155 1321 3200 aere.
1347 3140 1440 3209 qui
1478 3140 1545 3195 ad
1582 3142 1828 3210 corporis
1871 3145 2082 3196 consti-

498 3235 766 3288 tutiouem
807 3231 1119 3287 necessario
1148 3231 1400 3285 hauritur
1428 3239 1484 3286 et
1513 3232 1832 3299 effunditur,
1869 3243 1924 3288 et
1953 3248 2076 3288 cum

497 3325 721 3380 verbum
751 3323 1164 3395 pronuntiatur,
1194 3325 1252 3378 [it
1283 3339 1382 3377 vox
1410 3338 1531 3392 quae
1577 3325 1726 3379 verbi
1757 3334 2079 3394 potestatem

497 3415 552 3470 in
577 3417 755 3485 seipsa
782 3416 1060 3482 declarat;
1095 3415 1148 3468 in
1185 3415 1366 3469 divina
1400 3430 1527 3469 vero
1557 3425 1772 3478 natura,
1803 3417 1900 3470 etsi
1933 3417 2078 3485 pium

496 3515 601 3571 est,
635 3506 729 3561 Dei
760 3506 1027 3576 Spiritum
1076 3506 1342 3576 cogitare,
1379 3506 1838 3574 quemadmodum
1879 3516 1932 3560 et
1974 3506 2070 3560 Dei

501 3603 733 3657 Verbum
765 3601 992 3656 inferius
1023 3605 1116 3664 sit,
1157 3601 1202 3654 si
1249 3610 1493 3655 nostrum
1529 3616 1653 3656 cum
1689 3603 1908 3671 Spiritu,
1947 3603 2075 3656 illud

495 3695 614 3750 sine
661 3695 863 3765 spiritu
923 3695 1360 3762 esse.credatur,
1410 3710 1522 3749 non
1570 3705 1752 3748 tamen
1792 3705 2078 3749 consenta-

497 3800 662 3839 neum
770 3794 855 3840 est
918 3786 1136 3855 Deoque
1211 3786 1433 3856 dignum
1527 3786 1778 3840 arbitrari
1842 3787 2076 3842 alienum

499 3875 781 3945 quiddam,
824 3885 882 3929 ut
929 3875 984 3929 in
1023 3876 1216 3945 spiritu
1255 3887 1444 3930 nostro
1489 3876 1775 3948 contingit,
1819 3875 1871 3930 in
1906 3876 2076 3932 Deum

497 3967 842 4022 extrinsecus
866 3966 1190 4030 inﬂuere,iu
1227 3967 1453 4036 ipsoque
1483 3968 1732 4036 spiritum
1758 3966 1916 4021 eﬂici.
1964 3967 2072 4020 Sed

497 4060 640 4113 sicut
669 4059 762 4113 Dei
797 4058 1032 4111 Verbqu
1070 4059 1376 4119 audientes,
1431 4071 1541 4109 non
1594 4057 1896 4126 cogitamus
1944 4055 2077 4112 illud

501 4147 791 4216 ejusmodi,
842 4148 988 4215 quod
1045 4161 1139 4215 per
1185 4161 1243 4200 se
1293 4162 1403 4200 non
1447 4145 1736 4210 subsistat,
1791 4156 1884 4199 aut
1931 4147 2076 4214 quod

502 4239 748 4292 doctrina
802 4238 1174 4307 ingeneretur,
1221 4251 1419 4290 voceve
1461 4236 1786 4305 proferatur,
1841 4245 1934 4290 aut
1973 4236 2077 4292 dis-

501 4329 744 4384 solvatur
794 4337 1149 4398 posteaquam
1209 4327 1622 4396 pronuntiatum
1686 4335 1790 4393 est,
1838 4336 1934 4381 aut
1987 4327 2074 4382 cui

502 4421 737 4488 denique
779 4418 980 4486 aliquid
1029 4433 1218 4472 eorum
1266 4417 1483 4471 eveniat
1523 4433 1644 4487 quae
1678 4418 1846 4473 verbo
1890 4429 2076 4475 nostro

507 4509 764 4564 videmus
791 4508 1059 4575 accidere,
1099 4508 1194 4562 sed
1233 4517 1428 4562 natura
1477 4509 1805 4576 subsistens,
1841 4519 1895 4564 et
1940 4510 2077 4565 libe-

505 4621 646 4668 rum,
679 4613 734 4658 et
761 4603 972 4667 elIicax,
1002 4613 1056 4657 et
1091 4603 1478 4672 omnipotens:
1516 4604 1707 4657 eodem
1747 4603 1907 4658 modo
1949 4619 2074 4660 cum

509 4697 605 4751 Dei
638 4694 1038 4766 Spiritum,qui
1079 4693 1256 4748 Verbo
1301 4693 1673 4747 teStimonium
1710 4692 1886 4758 aﬂ‘ert,
1931 4693 2077 4764 ejus-

503 4803 611 4857 que
668 4786 775 4840 vim
823 4785 1162 4854 perspicuam
1225 4785 1442 4850 reddit,
1500 4784 1888 4854 intelligimus,
1966 4802 2072 4840 non

503 4879 774 4934 anhelitus
822 4875 1070 4946 spiritum
1109 4874 1410 4946 cogitamus
1445 4875 1640 4942 (nimis
1687 4875 1834 4929 enim
1870 4875 2075 4946 abjice-

505 4981 655 5026 retur
681 4969 879 5024 divina:
925 4967 1210 5037 potestatis
1259 4965 1592 5036 magnitudo,
1625 4965 1668 5019 si
1703 4965 1923 5034 spiritus
1955 4967 2074 5036 ejus

507 5073 692 5115 nostro
715 5059 905 5115 similis
940 5054 1284 5127 putaretur):
1319 5056 1413 5109 sed
1445 5071 1566 5108 cum
1596 5055 1648 5108 in
1682 5070 1740 5109 se
1782 5055 2075 5111 subsisten-

506 5159 616 5204 tem
655 5167 776 5220 quze
832 5149 885 5202 iu
939 5149 1155 5218 propria
1199 5156 1391 5200 natura
1449 5145 1794 5215 perspicitur,
1845 5163 2074 5217 quaeque

503 5257 606 5296 nec
634 5258 663 5295 a
703 5243 808 5297 Deo
832 5244 887 5295 in
920 5256 1028 5310 quo
1073 5247 1174 5302 est,
1228 5252 1328 5291 nec
1361 5253 1390 5291 a
1442 5237 1533 5291 Dei
1563 5235 1758 5304 Verbo,
1804 5239 1889 5293 cui
1927 5242 2077 5294 testi-

506 5335 748 5390 monium
800 5334 1009 5398 tribuit,
1057 5330 1296 5400 separari
1345 5338 1540 5398 potest,
1599 5338 1694 5382 aut
1737 5329 1791 5382 iu
1842 5331 2073 5386 nihilum

507 5424 699 5492 redigi,
751 5424 845 5478 sed
897 5423 964 5476 ad
1018 5422 1182 5477 Verbi
1240 5420 1333 5474 Dei
1381 5419 1815 5485 similitudinem,
1866 5436 1962 5490 per
2015 5437 2074 5475 se

505 5513 770 5577 subsistit,
803 5524 857 5568 et
883 5514 1050 5567 libera
1079 5525 1180 5577 est,
1213 5523 1267 5567 et
1299 5527 1394 5582 per
1428 5527 1487 5567 se
1513 5521 1777 5578 movetur,
1801 5521 1856 5569 et
1889 5512 2074 5567 cﬂicax

505 5616 610 5670 est,
647 5613 702 5658 et
732 5619 946 5673 semper
994 5607 1196 5659 bonum
1230 5608 1362 5668 vult,
1395 5615 1448 5660 et
1500 5607 1619 5676 ejus
1662 5605 1924 5663 voluntati
1961 5614 2074 5660 sta-

507 5698 605 5755 tim
639 5693 953 5768 perﬁcieudi
984 5704 1222 5764 potestas
1247 5697 1421 5750 adest.

2183 3123 2332 3176 ὲστὶν
2383 3121 2539 3190 ὁλκὴ,
2578 3119 2864 3190 ἀλλοτρίου
2918 3120 3250 3189 πράγματος
3302 3119 3442 3190 πρὸς
3495 3120 3594 3190 τὴν
3652 3123 3756 3173 τοῦ

2185 3214 2434 3282 σώματος
2475 3214 2733 3265 σύστασιν
2769 3213 3084 3280 ἀναγκαίως
3119 3213 3499 3282 εἰσελκομένου
3558 3231 3616 3265 τε
3656 3220 3756 3268 καὶ

2181 3301 2580 3370 προχεομὲνου,
2633 3301 2770 3369 ὅπερ
2815 3301 2872 3350 ὲν
2904 3299 2982 3369 τῷ
3013 3299 3194 3369 καιρῷ
3222 3303 3322 3369 τῆς
3377 3301 3754 3370 ἐκφωνήσεως

2181 3395 2275 3448 τοῦ
2307 3396 2467 3462 λόγου
2501 3393 2652 3464 φωνὴ
2693 3395 2906 3460 γίνεται
2950 3394 3051 3462 τὴν
3087 3392 3179 3444 τοῦ
3217 3394 3392 3461 Λόγου
3425 3393 3656 3462 δύναμιν
3695 3396 3754 3445 ἐν

2181 3481 2348 3550 ἑαυτῇ
2383 3481 2728 3550 φανεροῦσα·
2770 3481 2863 3531 ἐπὶ
2894 3479 2950 3532 δὲ
2985 3481 3085 3547 τῆς
3127 3479 3278 3544 θείας
3314 3482 3528 3549 φύσεως
3556 3486 3615 3534 το
3647 3483 3748 3553 μὲν

2180 3568 2322 3625 εἶναι
2360 3572 2585 3642 Πνεῦμα
2629 3572 2764 3625 Θεοῦ
2815 3570 3038 3634 εὐσεϐὲς
3081 3573 3364 3642 ἐνομίσθη,
3411 3573 3553 3626 καθὰ
3587 3575 3741 3643 ἐδόθη

2182 3663 2277 3716 καὶ
2320 3665 2492 3730 Λόγον
2523 3659 2664 3715 εἶναι
2703 3663 2839 3717 Θεοῦ
2871 3664 2960 3716 διὰ
3005 3665 3066 3716 τὸ
3115 3664 3282 3734 μηδὲν
3332 3664 3742 3735 ἐλλειπέστερον

2179 3750 2272 3804 τοῦ
2304 3753 2572 3822 ἡμετέρου
2601 3753 2760 3819 λόγου
2792 3754 2882 3805 τὸν
2907 3753 3001 3806 τοῦ
3023 3753 3156 3828 Θεοῦ
3188 3751 3323 3805 εἶναι
3356 3754 3550 3820 Λόγον,
3581 3756 3742 3824 εἴπερ

2177 3842 2369 3897 τούτου
2416 3844 2555 3913 μετὰ
2595 3845 2690 3896 τοῦ
2731 3844 3038 3915 πνεύματος
3088 3843 3490 3915 θεωρουμένου,
3538 3849 3744 3912 ἐκεῖνος

2177 3936 2302 4008 δίχα
2337 3937 2649 4006 Πνεὺματος
2682 3933 2824 3991 εἷναι
2864 3941 3205 3994 πιστεύοιτο’
3238 3941 3299 3993 οῦ
3329 3940 3437 4012 μὴν
3463 3941 3746 4010 ἀλλότριόν

2177 4044 2230 4079 τι
2256 4027 2380 4082 καθ’
2405 4028 2704 4098 ὁμοιότητα
2735 4029 2830 4082 τοῦ
2878 4031 3151 4100 ἡμετέρου
3189 4031 3505 4098 πνεύματος
3543 4031 3747 4094 ἔξωθεν

2178 4121 2426 4192 ὲπιρῤεῐν
2476 4122 2553 4192 τῷ
2588 4122 2731 4193 Θεῷ,
2771 4124 2864 4176 καὶ
2917 4125 2976 4175 ὲν
3030 4123 3180 4192 αὑτῷ
3223 4123 3471 4190 γίνεσθαι
3522 4125 3744 4194 πνεῦμα

2180 4207 2483 4280 θεοπρεπὲς
2542 4215 2690 4265 ἐστιν
2747 4210 2973 4265 οἴεσθαι.
3035 4209 3178 4264 Ἀλλ’
3234 4212 3310 4274 ὡς
3371 4212 3506 4266 Θεοῦ
3568 4215 3743 4282 Λόγον

2179 4300 2510 4366 ἀκούσαντες
2541 4305 2642 4355 οὑκ
2669 4301 3042 4355 ἀνυπόστατόν
3071 4318 3123 4356 τι
3167 4304 3404 4373 πρᾶγμα
3436 4304 3525 4357 τὸν
3567 4306 3742 4373 Λόγον

2108 4381 2156 4439 D
2179 4391 2462 4462 ᾠήθημεν,
2503 4393 2624 4446 οὐδὲ
2655 4395 2718 4446 ὲκ
2757 4395 3047 4464 μαθήσεως
3084 4395 3454 4465 ἐγγινόμενον,
3486 4395 3610 4450 οὔτε
3651 4399 3742 4452 διὰ

2180 4481 2361 4552 φωνῆς
2393 4483 2860 4553 προσφερόμενον,
2881 4485 3021 4539 ὀὔτε
3051 4488 3190 4557 μετὰ
3216 4488 3276 4540 τι.
3310 4490 3742 4559 προσενεχθῆναι

2177 4573 2548 4644 διαλυόμενον,
2596 4576 2716 4628 οὑδὲ
2765 4575 2894 4628 ἄλλο
2925 4595 2979 4630 τι
3015 4580 3293 4650 πάσχοντα
3337 4582 3601 4648 τοιοῦτον,
3655 4581 3745 4636 οἱα

2177 4666 2310 4736 περὶ
2361 4667 2453 4721 τὸν
2505 4669 2780 4739 ἡμέτερον
2835 4667 2994 4734 λόγον
3046 4670 3333 4739 θεωρεῖται
3389 4673 3562 4743 πάθη,
3629 4676 3744 4728 ἀλλ’

2176 4759 2450 4824 οὑσιωδῶς
2483 4762 2793 4830 ὑφεστῶτα,
2830 4763 3218 4832 προαιρετικόν
3249 4780 3308 4815 τε
3361 4770 3454 4817 καὶ
3488 4768 3738 4837 ἐνεργὸν,

2177 4852 2273 4902 καὶ
2319 4853 2729 4924 παντοδύναμον
2758 4852 2934 4906 οῦτωο
2971 4857 3065 4908 καὶ
3108 4855 3329 4926 Πνεῦμα
3365 4860 3744 4929 μεμαθηκότες

2176 4939 2332 5006 Θεοῦ,
2367 4943 2430 4996 τὸ
2457 4947 2964 5017 συμπαρομαρτοῦν
2996 4945 3074 5018 τῷ
3126 4949 3305 5020 Λόγῳ,
3351 4957 3443 5003 καὶ
3474 4957 3741 5022 φανεροῦν

2180 5036 2345 5089 αὑτοῦ
2377 5039 2474 5106 τὴν
2503 5040 2807 5107 ἐνέργειαν,
2839 5041 2899 5091 οὑ
2931 5041 3099 5110 πνοὴν
3145 5041 3386 5111 ᾄσματος
3431 5045 3737 5112 ἐννοοῦμεν.

2175 5124 2252 5180 Ἦ
2288 5130 2395 5200 γὰρ
2437 5131 2501 5184 ἂν
2548 5134 2865 5201 καθαιροίτο
2898 5133 3032 5203 «pb;
3073 5135 3439 5204 ταπεινότητα
3468 5135 3527 5186 τὸ
3568 5151 3739 5205 μεγα-

2174 5225 2316 5278 λεῖον
2351 5227 2448 5294 τῆς
2475 5225 2626 5288 θείας
2671 5227 2980 5296 δυνάμεως,
3039 5231 3086 5280 εί
3145 5228 3270 5281 καθ’
3323 5230 3614 5298 ὁμοιότητα
3649 5229 3742 5282 τοῦ

2175 5321 2444 5390 ἡμετέρου
2477 5321 2572 5371 καὶ
2615 5321 2672 5371 τὸ
2725 5321 2783 5371 ὲν
2829 5321 2980 5389 αὑτῷ
3023 5319 3246 5389 Πνεῦμα
3277 5321 3575 5381 ὑπονοοῖτο,
3607 5322 3743 5375 ἀλλὰ

2174 5411 2400 5479 δύναμιν
2444 5409 2674 5479 οὑσιώδη
2733 5411 2905 5479 αὑτὴν
2953 5412 3039 5478 ἐφ’
3102 5411 3302 5477 ἑαυτῆς
3356 5411 3412 5459 ἐν
3466 5409 3741 5483 ίδιαζοὺσῃ

2177 5503 2472 5554 ὑποστάσει
2502 5501 2910 5573 θεωρουμένην,
2959 5501 3082 5553 οὔτε
3121 5500 3574 5570 χωρισθῆναιτοῦ
3608 5504 3744 5555 Θεοῦ

2175 5595 2232 5645 ἑν
2262 5588 2304 5660 ᾧ
2336 5596 2507 5659 ἐστιν,
2543 5597 2574 5665 ἢ
2611 5595 2703 5646 τοῦ
2750 5596 2927 5663 Λόγου
2953 5593 3048 5646 τοῦ
3097 5593 3256 5657 Θεοῦ,
3302 5585 3345 5658 ᾧ
3378 5597 3739 5662 παρομαρτεῖ,

2178 5691 2505 5763 δυναμένην,
2540 5691 2661 5746 οὔτε
2695 5691 2830 5756 πρὸς
2872 5691 2932 5744 τὸ
2967 5689 3315 5759 ἀνύπαρκτον
3341 5687 3734 5756 ἀναχεομένην,
