3992 6210
421 313 490 375 43
1648 305 2036 365 EUTllYMlI
2115 303 2474 364 ZlGABENI
3627 301 3699 362 44

416 427 668 496 Ejusdem
712 423 1046 478 ratiocinatio
1103 420 1423 491 syllogistica
1472 435 1575 488 qua
1635 416 1797 470 Deum
1845 432 2004 468 auaui

2136 417 2224 468 ποῦ
2257 417 2442 471 αὑτοῦ
2473 389 2915 496 συλλογιστικὴ
2943 411 3271 479 ἀπόδειξις,
3311 411 3398 466 ὅτι
3426 409 3515 480 εἷς
3551 418 3696 483 Θεός

964 510 1074 547 esse
1102 496 1447 550 demonstrat,

490 591 634 645 Deus
664 589 716 641 in
769 586 1028 641 omnibus
1082 582 1358 649 perfectus
1407 590 1511 633 est.
1543 578 1697 644 Quod
1732 579 1773 630 si
1823 578 2004 646 plures

419 681 720 736 dixerimus
771 679 902 732 deos
948 691 1087 736 esse,
1150 687 1374 726 necesse
1421 671 1527 725 erit
1575 669 1866 724 discrimen
1910 667 2008 720 alio

421 771 641 840 quodin
673 767 773 822 illis
808 763 1058 834 perspici.
1106 760 1238 814 Nam
1273 760 1317 814 si
1359 759 1505 813 nulla
1549 758 1603 811 in
1642 758 1720 812 eis
1751 757 2006 810 elideren-

422 865 516 926 lia,
565 876 672 914 non
723 869 846 912 sunt
895 857 1117 926 plures.
1164 853 1259 908 sed
1303 866 1444 906 unus
1488 849 1688 920 potius.
1721 847 1816 902 Sin
1848 846 2006 901 dige-

426 954 597 1007 tentia
626 953 769 1005 inter
798 949 919 1001 illos
955 946 1260 1006 intercedit,
1292 945 1382 1012 qui
1426 943 1478 995 in
1531 941 1788 995 erunibus
1833 939 2010 1008 perie-

421 1058 539 1100 rtus
570 1055 671 1110 est,
699 1046 741 1097 is
787 1043 936 1095 solus
975 1051 1057 1095 est
1090 1040 1253 1093 Deus.
1307 1037 1412 1102 Qui
1456 1051 1588 1090 vero
1625 1034 1708 1087 vel
1743 1034 2006 1096 bonitate,

424 1138 504 1192 vel
542 1136 802 1206 potentia.
837 1135 918 1188 vel
939 1131 1225 1202 sapientia.
1255 1130 1337 1183 vel
1381 1129 1559 1196 aliqua
1585 1127 1686 1179 alia
1719 1124 2010 1195 perfectio-

421 1247 490 1286 ne
517 1241 684 1294 caret,
711 1231 756 1281 is
779 1229 917 1282 Deus
942 1240 1063 1279 esse
1085 1240 1189 1278 nun
1217 1219 1724 1292 putest.Pra'terea,
1754 1217 1796 1271 si
1827 1216 2010 1286 plures

423 1334 571 1384 sunt,
629 1323 719 1391 qui
768 1320 882 1373 fieri
921 1319 1140 1388 poterit,
1195 1325 1254 1368 ut
1301 1330 1406 1367 non
1461 1311 2006 1374 circumscribantur,

423 1432 544 1471 cum
576 1415 666 1468 ubi
698 1429 839 1467 unus
879 1420 983 1474 est,
1016 1411 1156 1462 alter
1181 1421 1301 1461 esse
1341 1422 1448 1458 non
1485 1413 1670 1474 queat,
1703 1402 1793 1472 qui
1825 1411 2007 1456 autem

427 1509 568 1560 licus
619 1513 719 1569 est,
763 1505 807 1556 is
856 1518 957 1555 nec
1005 1497 1507 1560 circumscribatur,
1550 1504 1605 1549 et
1655 1495 1836 1548 omnia
1895 1501 2008 1546 tum

425 1599 663 1667 impleat,
709 1606 821 1648 tum
854 1591 1266 1660 complectatur,
1313 1596 1369 1642 et
1412 1583 1886 1655 comprehendat?
1931 1584 2010 1637 Ad

427 1695 541 1746 inec
569 1705 801 1760 quonam
834 1695 992 1756 pacto
1020 1682 1388 1738 constituatur
1447 1677 1682 1731 mundus
1722 1687 1776 1730 et
1814 1675 2013 1745 guber-

429 1758 607 1842 netur,
637 1797 760 1833 eum
799 1795 860 1833 ea
895 1778 964 1832 sit
997 1772 1319 1830 differentia:
1351 1780 1563 1834 natura,
1609 1780 1666 1824 ut
1697 1769 1869 1838 pariat
1899 1767 2012 1820 dis-
2042 1758 2088 1818 B

428 1873 779 1928 aensiouetn?

431 1988 680 2058 Ejusdem
746 1984 1088 2058 ratiacmatio
1137 1979 1461 2058 sylloaistica
1513 1991 1615 2044 qua
1692 1971 1917 2027 Verbum
1966 1979 2012 2023 et

913 2052 1109 2106 Filium
1134 2068 1244 2105 esse
1281 2050 1540 2102 declarat.

504 2150 668 2208 Deus,
702 2162 824 2201 cum
855 2147 1130 2214 perlectus
1154 2143 1242 2205 sit,
1308 2141 1522 2193 ratione
1559 2151 1656 2191 seu
1693 2135 1860 2188 verbo
1905 2146 2015 2186 non

431 2254 598 2297 caret.
636 2240 875 2292 Verbum
929 2245 1113 2288 autem
1164 2234 1284 2302 ejus
1342 2237 1573 2284 nonest
1623 2225 1914 2296 ejusmodi,
1958 2231 2018 2276 ut

434 2350 528 2405 per
565 2352 623 2385 su,
657 2349 763 2384 nutt
799 2328 1088 2388 consistat,
1132 2333 1226 2378 aut
1259 2338 1383 2378 esse
1435 2321 1686 2392 cmperit.
1722 2328 1815 2370 aut
1851 2317 2015 2370 linem

432 2439 671 2494 unquam
707 2423 776 2476 sit
825 2421 1158 2472 habiturum.
1216 2413 1503 2483 Nunquam
1550 2411 1698 2465 enim
1749 2408 1854 2462 fuit
1900 2409 2018 2461 sine

432 2519 622 2580 verbo,
653 2514 745 2568 sed
774 2527 897 2566 cum
941 2523 1158 2580 semper
1186 2509 1275 2568 sit,
1329 2519 1544 2575 semper
1587 2504 1751 2556 etiam
1784 2500 2016 2554 Verbum

433 2627 590 2665 suum
647 2606 832 2663 habet.
867 2619 933 2658 ex
981 2617 1039 2656 se
1079 2600 1346 2670 genitum,
1372 2607 1428 2651 et
1473 2597 1525 2649 in
1579 2610 1639 2649 se
1675 2606 1926 2651 manens,
1965 2599 2019 2643 et

435 2707 641 2764 vivens,
666 2710 719 2753 et
748 2696 1071 2768 perfectum,
1094 2708 1203 2746 non
1229 2701 1408 2745 autem
1443 2688 1566 2752 tale,
1592 2686 1750 2755 quale
1773 2691 2018 2737 nostrum

434 2803 517 2849 est
584 2793 833 2846 verbum.
891 2787 1134 2854 Quortttu
1185 2783 1331 2838 enim
1389 2789 1582 2834 natura
1642 2778 1853 2832 diversa
1915 2782 2018 2835 est,

437 2903 624 2943 eorum
669 2895 725 2938 et
786 2881 1014 2937 verbum
1065 2887 1148 2932 est
1197 2877 1493 2930 diversum.
1548 2854 2020 2936 Quemadmodum

438 2986 618 3031 autem
650 2974 873 3028 verbum
911 2977 1157 3023 nostrum
1183 2983 1212 3020 a
1245 2975 1426 3018 mente
1455 2961 1713 3032 gignitur,
1747 2970 1847 3009 nec
1879 2953 2018 3006 idem

435 3081 520 3125 est
540 3067 785 3129 untuino,
815 3062 960 3132 quod
1002 3061 1116 3130 ipsa
1163 3072 1337 3122 mens,
1369 3072 1467 3108 nec
1502 3054 1661 3123 plane
1707 3051 2017 3104 diversum:

440 3177 562 3218 nam
605 3173 727 3212 cum
764 3170 791 3208 a
834 3161 1018 3208 mente
1059 3149 1458 3221 proﬁciscatur,
1511 3143 1657 3198 aliud
1704 3151 1787 3196 est
1858 3152 2018 3208 quam

438 3265 613 3316 meus,
670 3259 725 3303 et
776 3261 900 3300 cum
957 3253 1196 3296 mentem
1260 3239 1434 3308 ipsam
1489 3236 1715 3296 indicat,
1775 3246 1881 3285 non
1940 3237 2023 3282 est

440 3356 664 3415 prorsus
692 3341 758 3394 ab
793 3338 883 3393 illa
913 3336 1212 3397 diversum,
1239 3329 1333 3384 sed
1359 3343 1482 3381 cum
1511 3329 1582 3380 sit
1604 3339 1772 3377 unum
1806 3330 2021 3383 natura,

441 3409 585 3490 aliud
618 3442 801 3486 tamen
847 3427 1097 3496 subgecto
1134 3431 1256 3476 est:
1310 3419 1390 3474 sic
1419 3427 1474 3472 et
1509 3416 1603 3469 Dei
1635 3413 1897 3474 Verbum,
1931 3409 2024 3479 qui

444 3527 616 3581 Filius
655 3532 757 3584 est.
798 3530 1070 3591 quatenus
1111 3513 1329 3585 propria
1369 3507 1623 3563 subsistit
1670 3517 1928 3574 persona,
1959 3501 2026 3554 ab

442 3637 508 3675 eo
533 3615 905 3686 distinguitur,
937 3628 967 3664 ιι
1001 3624 1108 3680 quo
1137 3606 1381 3677 genitura
1404 3613 1507 3656 est.
1536 3598 1819 3665 Quatenus
1843 3609 2024 3648 autem

447 3714 537 3767 illa
579 3713 630 3763 in
665 3723 724 3763 se
756 3701 1034 3777 exprimit,
1076 3715 1198 3769 quae
1243 3700 1544 3750 cernuntur
1593 3691 1648 3744 in
1690 3688 1824 3752 Deo,
1860 3700 2026 3740 unum

448 3815 640 3860 natura
678 3815 803 3856 cum
833 3797 926 3852 illo
952 3802 1054 3850 est.

446 3915 698 3991 Ejusdem
731 3908 1069 3968 ratiocinatio
1091 3901 1414 3991 syllogistica
1448 3913 1551 3968 qua
1600 3892 1860 3963 Spiritum
1901 3906 2031 3944 san-

994 3972 1134 4030 ειμιιὶ
1149 3990 1256 4028 esse
1286 3972 1492 4041 probat.

524 4078 755 4145 Oportet
817 4082 876 4126 ut
947 4067 1186 4124 Verbum
1255 4064 1454 4118 habeat
1523 4057 1824 4127 Spiritum,
1878 4052 2032 4121 cujus

461 4167 770 4221 testimonio
809 4161 1135 4222 declaretur,
1185 4165 1242 4208 ct
1291 4152 1434 4206 actio
1485 4150 1654 4219 ipsius
1686 4145 2030 4200 ostendatur.

457 4257 684 4322 Quando
725 4269 825 4307 nec
855 4251 1080 4306 verbum
1122 4253 1370 4301 nostrum
1422 4241 1617 4311 spiritu
1647 4246 1820 4298 vacat,
1849 4235 1941 4305 qui
1977 4233 2032 4288 in

456 4350 574 4418 ipsa
623 4341 1068 4415 pronuntiatione
1104 4335 1254 4392 verbi
1292 4331 1465 4390 nostri
1496 4346 1596 4386 vox
1642 4328 1895 4390 ellicitur,
1929 4339 2034 4393 qua

2805 487 2995 539 ἐστιν.

2192 579 2251 630 '0
2283 579 2414 642 Θεὸς
2447 579 2649 642 τέλειός
2685 580 2800 631 ἐστι
2840 579 2980 631 κατὰ
3009 577 3206 630 πάντα.
3244 577 3306 631 ΕΞ
3337 577 3428 630 οὖν
3467 578 3698 644 πολλοὺς

2109 667 2345 736 ἐροῦμεν
2413 668 2596 731 θεοὺς,
2659 668 2873 735 ἀνάγκη
2915 667 3151 735 διαφορᾶ
3209 667 3266 718 ὲν
3319 669 3430 730 τοῖς
3479 668 3696 732 πολλοῖς

2110 761 2452 830 θεωρεῖσθαι.
2493 761 2555 812 Ei
2586 760 2694 830 γὰρ
2720 760 2943 829 οὐδεμία
2976 759 3210 828 διαφορὰ
3233 757 3318 829 εἴη
3345 761 3402 812 ὲν
3427 759 3631 824 αὐτοῖς,
3669 763 3698 815 ὁ

2114 856 2213 923 μὲν
2249 855 2392 908 κατὰ
2428 854 2606 907 πάντα
2638 853 2866 917 τέλειος,
2898 846 3051 914 οὗτος
3099 851 3164 905 ἂν
3198 853 3283 922 εἴη
3332 853 3490 921 μόνος
3538 853 3694 915 Θεὸς.

2114 947 2227 1008 Πᾶς
2259 946 2313 997 δὲ
2346 948 2372 996 ὁ
2400 944 2492 998 τοῦ
2531 944 2738 997 τελείου
2786 943 3157 1013 λειπόμενοςῆ
3188 943 3326 996 κατὰ
3357 943 3696 1011 ἁγαοὸτητα,

2109 1039 2141 1110 ἢ
2175 1039 2424 1107 δύναμιν,
2468 1038 2499 1108 ἥ
2540 1039 2753 1105 σοφίαν,
2805 1036 2838 1106 ἢ
2891 1036 3026 1098 ὅλως
3074 1035 3218 1088 κατά
3265 1053 3337 1096 τι,
3375 1036 3474 1089 οὐκ
3516 1037 3580 1089 ἂν
3606 1037 3694 1107 εἴη

2111 1131 2267 1193 Θεός.
2301 1131 2421 1192 Πῶς
2451 1128 2507 1182 δὲ
2538 1129 2627 1182 καὶ
2658 1128 2874 1192 πολλοῖς
2901 1127 3018 1181 οὖσι
3051 1127 3110 1181 τό
3154 1126 3568 1198 ἁπερίγραπτον
3593 1146 3697 1196 φυ-

2111 1221 2486 1292 λαχθήσεται;
2537 1221 2666 1274 ἔνθα
2713 1221 2821 1290 γὰρ
2854 1221 2919 1274 ἂν
2966 1219 3050 1290 εἴη
3091 1219 3118 1272 ὁ
3159 1215 3262 1282 εἷς,
3300 1221 3403 1272 οὐκ
3445 1218 3509 1273 ἂν
3549 1221 3638 1290 ειη
3667 1223 3696 1273 ό

2113 1317 2322 1384 ἕτερος.
2366 1315 2457 1366 Δεῖ
2506 1313 2563 1366 δὲ
2613 1313 2705 1366 τὸν
2747 1311 2881 1364 Θεὸν
2933 1311 3352 1380 ἀπερίγραπτςν
3397 1306 3558 1373 εἶναι,
3601 1310 3699 1362 καὶ

2114 1409 2294 1461 πάντα
2360 1405 2710 1476 πληροῦν-ια,
2760 1403 2855 1456 καὶ
2915 1403 2973 1458 ἐν
3023 1402 3205 1470 ἑαυτῷ
3257 1403 3695 1472 περιγράφοντα.

2116 1497 2328 1559 ’Ἄλλως
2356 1513 2412 1549 τε
2441 1496 2533 1550 καὶ
2560 1496 2677 1558 πῶς
2710 1495 2814 1547 ὑπὸ
2850 1493 3059 1546 πολλῶν
3088 1495 3116 1546 ὁ
3151 1492 3358 1563 κόσμος
3409 1494 3693 1560 σύγκειται

2115 1592 2210 1642 κα)⁴
2240 1588 2729 1660 κυϐερνηθήσεται,
2759 1589 2856 1657 τῆς
2886 1586 3149 1656 διαφορᾶς
3204 1584 3516 1637 ἐναντίωσιν
3539 1586 3693 1638 εἱσα-

2116 1696 2354 1748 γουση;;

2121 1978 2229 2032 Τοῦ
2254 1976 2438 2030 αὑτοῦ
2469 1972 2914 2043 συλλογιστικὴ
2945 1970 3255 2043 ἀπόδειξις
3285 1969 3417 2037 περὶ
3448 1966 3555 2023 τοῦ
3583 1967 3700 2022 Adv

2680 2042 2788 2112 του
2824 2045 2922 2096 καὶ
2962 2042 3120 2095 Υιοῦ.

2201 2141 2258 2193 Ὀ
2287 2139 2442 2203 Θεὸς,
2474 2138 2679 2199 τέλειος
2714 2135 2811 2200 ὢν,
2865 2136 2966 2187 οὐκ
3010 2131 3202 2199 ἄλογός
3248 2134 3385 2183 ἐστι.
3426 2129 3597 2197 Λόγον
3641 2128 3700 2182 ὃδ

2121 2234 2284 2302 ἔχων,
2326 2232 2428 2284 οὐκ
2455 2229 2824 2282 ἀνυπόστατον
2863 2226 2975 2293 ἔχει
3006 2222 3216 2286 τοῦτον,
3249 2221 3356 2274 οὐδ’
3393 2222 3701 2288 ἀρξάμενον

2117 2327 2210 2381 τοῦ
2241 2319 2404 2387 εἶναι,
2435 2322 2555 2375 οὐδὲ
2584 2321 2951 2389 παυσόμενον.
2975 2317 3049 2370 Οὐ
3077 2316 3184 2384 γὰρ
3220 2309 3289 2386 ἦν
3324 2331 3452 2366 ποτε
3483 2313 3702 2379 ἄλογος,

2117 2419 2253 2472 ἀλλὰ
2284 2417 2372 2470 ἀεὶ
2418 2415 2516 2477 ὢν,
2548 2416 2634 2466 ἀεὶ
2665 2413 2757 2465 τὸν
2807 2410 3004 2465 ἑαυτοῦ
3051 2410 3222 2475 Λόγον
3253 2406 3391 2476 ἔχει,
3444 2405 3506 2468 ἐξ
3535 2403 3702 2457 αὑτοῦ

2122 2526 2180 2562 τε
2207 2505 2568 2576 γεννώμενον,
2607 2503 2702 2554 καὶ
2727 2502 2784 2552 εν
2810 2498 2958 2567 αὐτῷ
2993 2495 3242 2565 μένοντα,
3269 2493 3364 2546 καὶ
3381 2493 3580 2556 ζῶντα.
3609 2489 3708 2542 καὶ

2119 2600 2344 2656 τέλειον,
2385 2597 2479 2648 καὶ
2527 2594 2587 2645 οῦ
2629 2593 2772 2646 κατὰ
2802 2591 2894 2643 τὸν
2920 2586 3187 2658 ἡμέτερον
3232 2582 3408 2651 λόγον.
3445 2578 3547 2632 Ὧν
3593 2578 3708 2647 γὰρ

2120 2695 2179 2744 τὸ
2229 2687 2369 2742 εἶναι
2416 2688 2695 2755 διάφορον,
2742 2681 2948 2735 τούτων
2996 2679 3092 2730 καὶ
3128 2679 3155 2728 ὁ
3203 2675 3360 2741 λόγος
3420 2671 3704 2739 διάφορος.

2123 2786 2333 2851 ’Ὠσπερ
2363 2781 2416 2834 δὲ
2451 2782 2478 2830 ὁ
2512 2777 2782 2848 ἡμέτερος
2814 2773 2971 2840 λόγος
3023 2773 3086 2824 ἐκ
3115 2767 3209 2822 τοῦ
3245 2765 3336 2819 νοῦ
3368 2762 3707 2834 γεννώμενος

2121 2873 2244 2927 οὒτε
2277 2869 2451 2925 διόλου
2499 2870 2527 2920 ὁ
2561 2866 2720 2928 αὑτός
2751 2866 2866 2916 ἐστι
2902 2861 2980 2931 τῷ
3024 2859 3122 2928 νῷ,
3174 2856 3300 2910 οὔτε
3356 2853 3707 2906 παντάπασιν

2123 2967 2308 3035 ἔτερος
2331 2977 2346 2992 ·
2374 2965 2439 3014 ὲκ
2465 2959 2557 3013 τοῦ
2584 2957 2676 3012 νοῦ
2718 2957 2816 3026 μὲν
2845 2955 2954 3024 γὰρ
2985 2953 3060 3006 ὢν
3091 2950 3250 3012 ἄλλος
3299 2950 3413 3000 ἐστὶ
3443 2942 3573 3013 παρ’
3601 2943 3706 2994 αὒ-

2127 3057 2236 3118 τον,
2262 3055 2423 3107 αὐτὸν
2456 3050 2510 3103 δὲ
2540 3049 2630 3101 τὸν
2653 3045 2777 3101 νοῦν
2808 3043 3090 3115 ἐμφαίνων
3137 3041 3237 3093 οὐκ
3276 3039 3390 3090 ἐστι
3420 3032 3706 3093 παντελῶς

2123 3147 2208 3199 Et:
2221 3163 2309 3215 ρος
2343 3143 2474 3212 παρ’
2502 3139 2685 3200 αὑτὸν,
2722 3136 2836 3191 ἀλλ’
2888 3136 2945 3189 ἓν
2975 3132 3049 3188 ὣν
3067 3135 3209 3187 κατὰ
3238 3129 3334 3198 τὴν
3375 3128 3560 3196 φύσιν,
3584 3123 3708 3176 ἔτει»

2127 3241 2216 3308 ρός
2242 3241 2356 3289 ἐστι
2389 3234 2467 3304 τῷ
2507 3229 2853 3298 ὑποκειμένῳ
2874 3244 2888 3258 ·
2938 3227 3079 3279 οὕτω
3114 3225 3205 3277 καὶ
3237 3226 3264 3274 ὁ
3303 3220 3397 3274 τοῦ
3431 3217 3568 3271 Θεοῦ
3598 3217 3706 3270 Λόο

2125 3345 2242 3396 γος,
2279 3330 2332 3390 ῖς
2363 3329 2509 3378 ἐστιν
2539 3325 2566 3378 ὁ
2591 3323 2739 3385 Υἱὸς,
2767 3321 2844 3392 τῷ
2879 3321 2977 3390 μὲν
3019 3317 3314 3386 ὑφεστάναι
3362 3313 3484 3365 καθ’
3512 3311 3707 3363 ἑαυτόν

2125 3422 2380 3492 διῄρηται
2429 3418 2565 3487 πρὸς
2614 3417 2823 3467 ἐκεῖνον
2877 3411 3008 3482 παρ’
3038 3405 3098 3464 οὗ
3131 3408 3229 3477 τὴν
3275 3404 3529 3473 γέννησιν
3566 3402 3702 3470 ἔχει,

2127 3514 2205 3583 τῷ
2259 3513 2315 3565 δὲ
2375 3511 2549 3564 ταῦτα
2633 3506 2902 3562 δεικνύειν
2967 3505 3025 3556 ἐν
3089 3498 3289 3568 ἑαυτῷ,
3343 3495 3380 3550 ἃ
3435 3495 3558 3563 περὶ
3614 3493 3705 3545 τὸν

2127 3607 2258 3659 Θεὸν
2299 3604 2584 3672 Θεωρεῖται
2645 3602 2703 3655 ἓν
2741 3602 2854 3653 ἔστι
2879 3597 3012 3668 πρὸς
3053 3595 3212 3646 αὐτὸν
3241 3588 3384 3645 κατὰ
3410 3586 3594 3656 φύσιν.

2139 3887 2246 3941 Τοῦ
2295 3885 2483 3940 αὐτοῦ
2550 3878 2985 3949 συλλογιστικὴ
3046 3872 3350 3938 ἀπόδειξις
3407 3868 3542 3936 περὶ
3592 3868 3699 3923 τοῦ

2632 3957 2803 4023 ἁγίου
2835 3950 3216 4017 Uret-1mm“

2205 4051 2296 4104 Δεῖ
2327 4049 2417 4102 τὸν
2466 4047 2639 4112 Λόγον
2689 4045 2833 4114 ἔχειν
2879 4045 2972 4094 καὶ
3031 4040 3252 4108 Πνεῦμα
3306 4050 3708 4105 συμπαρομαρς

2137 4143 2261 4196 τοῦν
2297 4141 2467 4210 αὐτῷ,
2514 4138 2607 4190 καὶ
2639 4134 2910 4205 φανεροῦν
2936 4133 3100 4186 αὐτοῦ
3131 4131 3226 4198 τὴν
3257 4129 3561 4197 ἐνέργειαν.
3595 4127 3704 4177 Καὶ

2140 4236 2248 4304 γὰρ
2281 4237 2308 4287 ὁ
2333 4233 2601 4301 ἡμέτερος
2634 4227 2788 4294 λόγος
2813 4228 2912 4279 οὐκ
2944 4223 3171 4294 ἄμοιρός
3207 4222 3323 4272 ἐστι
3374 4219 3706 4288 πνεύματος,

2137 4327 2275 4394 ὅπερ
2328 4327 2385 4376 ὲν
2423 4321 2502 4390 τῷ
2546 4319 2721 4388 καιρῷ
2764 4318 2860 4387 τῆς
2916 4314 3277 4382 ὲκφωνήσεως
3311 4311 3460 4380 φωνὴ
3502 4309 3712 4376 γίνεται

458 4398 572 4418 -ιγπ
623 4398 636 4415 .

458 4443 541 4496 vis
573 4440 716 4493 illius
763 4433 1093 4488 declaratur.
1146 4427 1344 4482 Verum
1381 4425 1435 4478 in
1482 4421 1639 4477 nobis
1677 4419 1898 4489 spiritus
1947 4416 2023 4470 hic

2136 4417 2214 4488 τῷ
2240 4419 2382 4487 λόγῳ
2404 4417 2436 4485 ὴ
2447 4414 2562 4483 μῶν
2589 4428 2722 4482 φανε
2735 4411 2902 4480 ροῦσα
2932 4407 3029 4477 τὴν
3058 4405 3247 4457 τούτου
3278 4403 3532 4471 δύναμιν.
3572 4398 3715 4452 Ἀλλ’

458 4536 527 4587 ab
550 4527 783 4584 essentia
816 4534 1004 4579 nostra
1038 4521 1250 4575 alienus
1279 4526 1383 4581 est,
1429 4529 1554 4569 cum
1584 4513 1656 4567 sit
1707 4509 1940 4564 inﬂuens
1983 4516 2038 4561 et

459 4625 688 4680 elllucns
711 4616 930 4687 quidam
961 4628 1074 4667 aer.
1111 4611 1169 4666 lu
1203 4610 1313 4664 Deo
1356 4615 1535 4661 autem
1581 4599 2038 4672 quemadmodum

460 4713 698 4771 Verbum
744 4721 855 4762 non
907 4703 973 4759 ad
1024 4701 1177 4757 verbi
1227 4697 1400 4754 nostri
1460 4692 1891 4753 similitudinem,
1945 4688 2040 4743 sed

462 4821 560 4878 per
595 4800 894 4858 essentiam
944 4795 1216 4859 subsistit,
1271 4801 1327 4845 et
1367 4788 1636 4852 eamdem,
1679 4799 1842 4854 quam
1888 4783 2040 4836 Pater

464 4905 716 4954 naturam
751 4891 937 4956 habet,
969 4888 1047 4943 sic
1086 4894 1140 4941 et
1177 4884 1417 4956 Spiritus
1456 4886 1679 4934 sanctus
1712 4891 1808 4944 per
1851 4887 2040 4928 eSsen-

471 4993 598 5045 tiam
637 4984 905 5047 subsistit,
954 4988 1009 5035 et
1053 4995 1116 5034 ex
1169 4978 1326 5032 Patre
1372 4971 1695 5044 procedens,
1737 4977 1792 5024 et
1835 4969 1889 5022 in
1927 4969 2044 5038 ipso

469 5081 762 5144 exsisteus,
794 5086 848 5131 et
883 5074 1055 5128 Verbo
1089 5088 1151 5125 ac
1183 5070 1314 5124 Filio
1371 5066 1740 5123 testimonium
1794 5061 2046 5125 reddens,

469 5187 701 5240 eumque
735 5167 1064 5238 signiﬁcans,
1123 5177 1283 5216 unam
1345 5169 1397 5212 et
1443 5156 1689 5213 eamdem
1738 5169 1860 5209 cum
1914 5150 2046 5222 ipsis

473 5274 725 5318 naturam
765 5261 951 5315 habet.

471 5374 724 5444 Ejusdem
751 5372 1081 5429 admirabilis
1121 5383 1211 5438 per
1251 5361 1487 5444 exempla
1541 5358 1899 5420 ratiocinatio,
1945 5370 2048 5424 qua

542 5449 778 5508 Patrem,
821 5455 868 5498 et
897 5434 1130 5506 Filium,
1163 5450 1205 5492 et
1247 5435 1502 5504 Spiritum
1533 5442 1774 5486 sanctum
1821 5443 1929 5482 esse
1956 5434 2049 5478 de-

545 5525 772 5570 monstra
783 5526 821 5568 t.

545 5628 1008 5698 Quemadmodum
1065 5627 1194 5680 solis
1249 5621 1453 5684 radius,
1496 5629 1548 5672 et
1593 5616 1681 5670 lux
1726 5613 1806 5667 sic
1853 5610 1918 5664 ad
1956 5623 2050 5660 nos

480 5742 652 5796 usque
685 5719 1029 5792 perveniunt,
1083 5728 1138 5771 ut
1170 5734 1269 5770 nec
1322 5732 1350 5766 ιι
1400 5714 1512 5767 sole
1556 5707 1860 5771 discedant,
1895 5718 1990 5755 nec
2022 5716 2051 5752 ξι

2143 4512 2229 4580 ἐφ’
2270 4509 2424 4580 ἡμῶν
2481 4508 2578 4576 μὲν
2630 4504 2908 4572 ἀλλότριον
2952 4503 3050 4569 τῆς
3100 4497 3371 4568 ἡμετέρας
3427 4494 3612 4556 οἰσίας
3652 4494 3716 4546 τὸ

2144 4602 2361 4670 πνεῦμα
2388 4601 2448 4652 τὺ
2496 4601 2657 4663 ἀέρος
2687 4595 2744 4648 ὃν
2789 4593 2976 4662 elapsi}
3036 4592 3128 4643 καὶ
3178 4588 3341 4659 ἐκροὴ
3373 4603 3388 4619 ο
3417 4586 3509 4639 ἐπὶ
3536 4586 3590 4638 δὲ
3619 4583 3717 4636 τνῦ

2145 4697 2295 4764 Θεοῦ,
2321 4695 2508 4764 ὥσπερ
2559 4691 2792 4756 ὁιΛόγος
2837 4687 2896 4739 οὺ
2935 4687 3077 4738 κατὰ
3115 4685 3205 4737 τὸν
3263 4681 3555 4751 ἡμέτερον,
3596 4679 3717 4731 ἀλλ’

2145 4788 2416 4850 οὖσιωδὼς
2465 4781 2732 4853 ὑφεστὼς,
2785 4779 2878 4831 καὶ
2911 4777 3012 4845 τῆς
3055 4775 3225 4841 αὐτῆς
3265 4772 3448 4833 οὐσίας
3492 4774 3585 4823 καὶ
3616 4769 3724 4838 φῦ·-

2150 4897 2286 4943 est»;
2325 4879 2402 4948 τῷ
2443 4876 2750 4946 γεννήτορι,
2803 4870 2943 4924 οὕτω
2975 4868 3065 4920 κα)⁹
3094 4869 3154 4918 τὸ
3205 4863 3429 4932 Πνεῦμα
3462 4862 3523 4914 τὸ
3565 4863 3726 4928 ἅγιον

2148 4971 2420 5032 οὐσιωδώτ
2477 4965 2749 5037 ὑφεστὼς,
2794 4963 2888 5015 καὶ
2933 4963 3028 5026 τῆς
3063 4958 3228 5025 αὐτῆς
3258 4955 3332 5024 τῷ
3371 4953 3489 5023 Θεῴ
3531 4952 3727 5012 οὐσίας

2149 5071 2241 5118 καὶ
2272 5064 2485 5132 φύσεως
2520 5061 2615 5112 καὶ
2651 5056 2984 5124 τελειότητος
3018 5056 3078 5104 ὲκ
3101 5051 3195 5103 τοῦ
3243 5047 3454 5117 [ἰατρὸς
3507 5042 3721 5114 προῖὸκ,

2149 5158 2245 5211 καὶ
2291 5159 2346 5207 εν
2377 5154 2526 5219 αὐτῷ
2579 5149 2659 5214 ὃν,
2695 5149 2790 5202 καὶ
2828 5146 2906 5218 τῷ
2959 5146 3119 5212 Λόγῳ
3150 5144 3244 5196 καὶ
3274 5139 3386 5210 Υἱῷ
3427 5148 3747 5208 συμπαροέ

2154 5245 2416 5320 μαρτοῦν,
2448 5245 2542 5296 καὶ
2580 5240 2914 5310 ὲκφαντικδν
2943 5237 3193 5306 ὑπάρχον
3225 5231 3412 5286 αὑτοῦ.

2156 5360 2267 5416 Τοῦ
2339 5354 2526 5411 αὑτοῦ
2579 5347 3090 5423 παραδειγματικὴ
3119 5342 3450 5423 ,ἀξιόδειξις
3485 5340 3729 5423 ,θαιυιιαο

2226 5407 2678 5492 ἇιωεοὶεῆίπερῖ
2723 5407 2974 5490 Ιιαῷὸς,
3035 5407 3132 5471 καὶ
3193 5415 3343 5477 Υἱοῡ,
3401 5407 3498 5461 καὶ
3551 5411 3731 5476 ἁγίου

2227 5499 2587 5568 Ιινεύματος.

2225 5614 2437 5681 Ὥσπερ
2469 5611 2500 5680 ὴ
2538 5609 2629 5662 τοῦ
2659 5607 2808 5680 ἡλίου
2836 5605 2990 5666 ἀκτὶς
3029 5602 3122 5656 καὶ
3163 5597 3274 5666 φῶς
3307 5594 3429 5646 οὔτε
3453 5591 3545 5646 τοῦ
3576 5591 3729 5662 ἡλῖου

2155 5703 2525 5776 χωριζόμενα,
2556 5701 2678 5755 οὔτε
2717 5701 2962 5769 ἀλλήλων
2999 5689 3463 5758 ἀποδικιρούμενα
3505 5683 3628 5739 κατὶ
3673 5702 3728 5735 σι
