4026 6212
422 267 490 328 [1-7
1638 282 1845 343 ΕΗΤΗ
1855 285 1984 343 ΥΜΙ

2097 287 2456 346 ZIGABENI
3603 281 3675 346 48

425 384 712 454 theologia.
749 385 862 451 Qua
913 389 1123 445 ratione
1155 406 1220 445 ex
1251 391 1576 461 incorporeo
1611 392 1988 462 individuoqut

2107 397 2387 464 θεολογίας
2433 399 2550 458 Πῶς
2583 400 2644 450 ἐκ
2696 398 2788 451 τοῦ
2832 399 2995 452 dii)!»
3034 399 3124 451 καὶ
3173 395 3416 466 ἀμεροῦς
3466 394 3676 462 ἀγαθοῦ

422 472 564 526 bono
595 474 782 528 intima
807 477 1059 532 bonitatis
1095 480 1296 534 lumina
1326 480 1612 548 pullulent,
1640 491 1693 534 et
1724 498 1752 533 a
1778 493 2000 536 coaeter-

422 580 490 617 na
523 580 646 619 cum
700 568 815 636 ipsa
845 571 1196 638 pullulatione
1248 572 1300 625 in
1330 571 1468 640 ipso,
1505 580 1559 625 et
1594 572 1645 624 in
1703 573 1915 642 seipsis,
1946 585 1996 628 et

423 656 561 710 inter
601 673 659 711 se
713 662 995 716 mansione
1050 663 1129 716 sic
1160 673 1378 731 exeant,
1418 675 1473 719 ut
1504 665 1572 719 ab
1598 680 1660 719 ea
1720 681 1995 735 nunquam

422 751 726 807 discedant.

546 867 632 919 Ex
668 869 839 936 capite
864 867 899 919 2
927 869 990 922 de
1020 870 1168 921 unita
1214 869 1566 939 distinctaque
1592 870 1870 938 theologia.

488 1037 547 1090 In
581 1039 783 1092 unione
809 1041 985 1095 divina
1012 1043 1128 1097 sive
1158 1056 1350 1098 natura
1389 1045 1475 1098 illa
1503 1046 1796 1100 essentiam
1836 1062 1996 1116 supe-

418 1138 571 1182 rante
602 1131 899 1199 conjuncta
940 1134 1162 1202 quidem
1217 1146 1344 1189 sunt
1395 1147 1449 1190 et
1477 1137 1789 1192 communia
1821 1139 1996 1191 unicae

417 1221 810 1292 principalique
875 1226 1098 1278 trinitati
1134 1228 1454 1281 exsistentia
1505 1229 1794 1283 essentiam
1837 1243 1996 1298 supe-

418 1326 562 1376 rans,
605 1313 862 1368 divinitas
887 1315 1172 1371 divinitate
1199 1318 1469 1385 superior,
1499 1318 1716 1372 bonitas
1752 1319 1994 1374 bonitate

418 1405 783 1470 praestantior,
814 1408 1007 1459 eadem
1047 1409 1186 1462 ratio
1221 1409 1386 1462 totius
1427 1409 1778 1478 proprietatis
1811 1411 1994 1465 omnia

417 1494 725 1562 superantis
747 1496 929 1548 omnia
957 1511 1244 1566 superans,
1277 1498 1460 1554 unitas
1493 1499 1762 1569 principio
1814 1501 1994 1555 excel—

417 1588 630 1648 lentior,
663 1586 955 1652 ineffabile,
980 1591 1123 1657 quod
1159 1591 1348 1644 ntultis
1383 1591 1614 1646 vocibus
1646 1594 1987 1657 enuntiatur,

417 1676 688 1746 ignoratio
735 1695 854 1746 quas
901 1680 1104 1748 passim
1170 1681 1491 1752 intelligitur
1519 1685 1762 1738 omnium
1797 1685 1991 1754 positio

417 1768 655 1820 ninnium
679 1769 900 1832 ablatio,
919 1771 1236 1825 excellentia
1259 1787 1476 1826 omnem
1498 1774 1826 1843 positionem
1853 1776 1995 1830 abla-

416 1857 727 1928 lienemque
753 1875 1040 1929 superans,
1075 1877 1436 1931 personarum
1490 1865 1701 1920 ratione
1737 1868 1988 1937 principii

415 1949 832 2017 dominantium,
854 1954 898 2007 si
917 1953 1102 2008 dicere
1129 1955 1201 2008 ita
1222 1956 1366 2021 licet,
1397 1967 1582 2012 mutua
1605 1958 1746 2013 inter
1763 1975 1820 2013 se
1843 1975 1995 2013 man-

414 2040 516 2104 sio,
555 2053 715 2110 atque
749 2045 905 2098 sedes
951 2060 1115 2115 supra
1149 2047 1368 2101 modum
1429 2049 1602 2115 unita,
1631 2050 1889 2119 nullaque
1927 2067 1992 2105 ex

413 2141 566 2198 parte
593 2133 838 2199 confusa,
862 2136 1321 2203 quemadmodum
1351 2137 1558 2192 lumina
1582 2140 1913 2210 lampadum,
1933 2151 1992 2195 ut

413 2224 600 2278 sensui
653 2225 916 2293 expositis
949 2235 1001 2280 et
1033 2227 1272 2296 propriis
1311 2239 1532 2283 utamur
1591 2232 1882 2298 exemplis,
1935 2232 1990 2285 in

414 2314 579 2368 domo
621 2330 725 2368 una
752 2332 873 2369 cum
913 2317 1044 2382 sint,
1083 2327 1138 2370 et
1172 2327 1282 2372 tota
1319 2319 1372 2371 in
1426 2319 1554 2374 totis
1620 2331 1806 2374 mutuo
1841 2331 1988 2385 sunt,

411 2419 465 2461 et
499 2424 688 2477 puram
724 2409 1137 2480 absolutamque
1181 2411 1324 2465 inter
1358 2427 1415 2464 se
1448 2412 1666 2481 proprie
1688 2414 1992 2467 subsisten—

413 2510 521 2552 tem
558 2499 758 2554 habent
781 2501 1216 2564 distinctionem,
1247 2503 1580 2557 discretione
1605 2505 1823 2572 quidem
1859 2521 1990 2560 con-

411 2594 616 2660 juncta,
647 2603 702 2647 et
737 2594 939 2648 unione
971 2611 1190 2650 rursum
1221 2606 1364 2674 Inter
1394 2611 1451 2650 se
1481 2596 1738 2652 discreta.
1780 2596 1836 2650 in
1872 2598 1990 2667 ipsa

409 2685 626 2753 quidem
659 2686 820 2742 domo
853 2703 979 2742 cum
1016 2688 1294 2758 lampades
1330 2703 1579 2744 accensae
1608 2699 1736 2744 sunt
1782 2690 1989 2756 multm,

412 2777 659 2832 videmus
690 2779 934 2832 omnium
977 2780 1181 2833 lumina
1227 2780 1294 2834 ad
1335 2795 1502 2834 unum
1557 2781 1826 2849 quoddam
1857 2797 1988 2835 con-

408 2867 599 2936 juncta
663 2871 867 2933 lumen,
905 2885 1183 2939 unumque
1233 2871 1582 2940 Splendoretn
1643 2872 1986 2928 individuum

413 2958 776 3024 praeferentia.
797 2959 983 3028 Neque
1008 2969 1213 3028 posset,
1248 2971 1306 3014 ut
1336 2960 1593 3024 arbitror,
1626 2961 1823 3032 aliquis
1857 2963 1992 3016 lam-

2100 490 2167 539 τὰ
2204 488 2469 558 ὲγκάρίια
2503 491 2601 558 τῆς
2638 489 2967 558 ἀγαθὸτητος
3018 488 3180 557 ἐξέφυ
3226 487 3403 554 φῶτα,
3440 483 3536 537 καὶ
3571 483 3678 556 ,τῆς

2100 579 2158 629 ὲν
2211 578 2378 646 αὐτῷ,
2435 580 2528 632 καὶ
2569 581 2626 632 ὲν
2679 582 2881 643 αὐτοῖς,
2934 581 3028 632 καὶ
3079 581 3137 631 ἐν
3191 577 3443 647 ἀλλήλοις
3497 577 3681 629 συναῖ·

2099 670 2212 722 bim
2264 675 2328 740 τῇ
2381 670 2784 741 ἀναϐλαστήσει
2827 673 2997 742 μονῆς
3047 670 3473 741 ἁπομεμὲνηκεν
3522 668 3704 720 dvst

2101 763 2328 831 φοξττ,τκ
2356 781 2370 827 ;

2113 875 2206 926 Ἐκ
2230 875 2333 926 τοῦ
2379 873 2510 941 περὶ
2539 873 2848 942 ἡνωμένης
2874 876 2968 926 καὶ
2998 871 3448 941 διακεκριμένης
3475 875 3678 926 θεολο-

2689 944 2820 1011 γίας
2853 961 2985 1010 κερ.
3011 945 3094 1006 β’.

2180 1036 2302 1087 Ἐπὶ
2333 1036 2429 1103 τῆς
2468 1035 2717 1097 ἐνώσεως
2741 1035 2837 1102 τῆς
2865 1035 3035 1099 θείας,
3059 1036 3175 1104 1ἦτοι
3227 1035 3327 1103 τῆς
3365 1036 3676 1104 ὑπερθυπὸ-

2096 1143 2277 1190 τητος,
2308 1126 2585 1194 ἡνωμένον
2622 1124 2740 1176 ἐστὶ
2771 1127 2834 1194 τῇ
2875 1126 3137 1195 ἐναρχικῇ
3189 1123 3406 1194 Τριάδι,
3439 1124 3534 1176 καὶ
3558 1142 3678 1177 κοι-

2097 1217 2186 1268 νὸν
2231 1217 2264 1284 ὴ
2315 1215 2640 1286 ὑπερούσιος
2696 1214 2950 1284 ὖπαρξις,
3009 1218 3042 1284 ἡ
3097 1215 3361 1284 ὑπέρθεος
3399 1214 3674 1287 θεότης,ή

2099 1307 2444 1376 ὑπεραγαθος
2485 1307 2777 1376 ἀγαθότης,
2812 1309 2844 1376 ἡ
2884 1306 3024 1375 ὑπὲρ
3059 1307 3320 1376 ἐναρχίαν
3361 1305 3571 1375 ἑνότης,
3613 1308 3676 1358 τὸ

2096 1400 2422 1469 ἄφθεγκτον,
2472 1399 2533 1452 τὸ
2568 1400 2906 1468 πολύφωνον,
2948 1401 2979 1468 ἡ
3033 1397 3296 1468 ἀγνωσία,
3339 1397 3399 1451 τὸ
3441 1399 3676 1468 παννὸηο

2094 1508 2208 1557 τον,
2262 1495 2295 1563 ὴ
2345 1492 2563 1546 πάντων
2615 1493 2784 1555 θέσις,
2833 1494 2864 1560 ἡ
2917 1493 3138 1546 πάντων
3187 1490 3498 1560 ἀφαίρεσις,
3543 1492 3576 1560 ἡ
3615 1493 3674 1542 ἐν

2095 1586 2372 1655 ἀλλήλαις,
2411 1588 2458 1638 ει
2501 1586 2644 1640 οὕτω
2682 1585 2789 1655 χρὴ
2821 1585 3005 1653 φάναι,
3047 1584 3158 1636 τῶν
3195 1584 3500 1653 ἐναρχικῶν
3534 1583 3672 1636 ὑπο-

2099 1677 2339 1730 στάσεων
2395 1677 2530 1746 μονὴ
2580 1677 2674 1729 καὶ
2721 1676 2953 1746 ἵδρυσις,
3007 1675 3205 1737 ὑλικῶς
3249 1675 3671 1745 ὑπερηνωμένη,

2097 1769 2353 1838 καθάπερ
2411 1768 2566 1836 φῶτα
2619 1769 2981 1839 λαμπτήρων,
3035 1767 3100 1820 ἵν’
3143 1767 3425 1837 αἰσθητοῖς
3458 1769 3552 1818 καὶ
3597 1768 3674 1818 οξ-

2096 1861 2265 1923 κείοις
2313 1861 2776 1932 παραδείγμασιν,
2820 1861 2993 1913 ὄντων
3025 1860 3082 1912 ὲν
3119 1859 3254 1928 οῐκῳ
3289 1859 3394 1913 ἑνί.
3438 1860 3546 1912 Καὶ
3575 1859 3673 1912 ὅλα

2094 1951 2205 2020 γὰρ
2238 1953 2294 2003 ὲν
2327 1950 2577 2021 ἀλλήλοις
2609 1952 2751 2014 ὅλοις
2799 1952 2935 2016 ἐστὶ,
2959 1951 3054 2004 καὶ
3086 1949 3290 2022 ἀκριϐῆ
3325 1951 3422 2020 τὴν
3451 1951 3545 2004 ἀπ’
3577 1952 3673 2003 ἁλ-

2093 2038 2268 2108 λή).ων
2299 2041 2482 2103 ἰδικῶς
2511 2041 2885 2110 ὑφισταμένην
2929 2041 3044 2110 ἔχει
3085 2041 3384 2109 διάκρισιν,
3411 2041 3673 2111 ἡνωμένα

2093 2132 2508 2203 τῇδιακρίσει,
2571 2136 2666 2188 καὶ
2719 2139 2786 2204 τῇ
2847 2135 3040 2188 ἐνώσει
3090 2135 3508 2205 διακεκριμένα.
3561 2135 3674 2188 Καὶ

2095 2225 2224 2291 γοῦν
2256 2227 2490 2295 ὁρῶμεν,
2519 2227 2576 2279 ἐν
2621 2227 2756 2296 οἴκῳ
2788 2226 2996 2280 πολλῶν
3033 2227 3261 2280 ἐνόντων
3306 2227 3669 2300 λαμπτήρων,

2095 2317 2233 2386 πρὸς
2280 2317 2339 2369 ’ἐν
2385 2334 2439 2368 τι
2487 2317 2600 2385 φῶς
2639 2317 2904 2384 ἐνούμενα
2961 2317 3030 2370 τὰ
3083 2320 3301 2372 πάντων
3351 2322 3527 2388 φιὶτα,
3577 2321 3673 2374 καὶ

2098 2410 2229 2478 μίαν
2254 2409 2449 2477 αἴγλην
2500 2408 2813 2478 ἀδιάκριτον
2860 2410 3273 2478 ἁναλάμποντα,
3320 2412 3414 2463 καὶ
3468 2413 3566 2465 οὐκ
3606 2415 3670 2466 ἄν

2092 2520 2196 2564 τις,
2228 2503 2302 2564 ὡς
2337 2498 2512 2571 οἶμαι,
2551 2502 2770 2555 δύναιτο
2801 2502 2861 2553 τὸ
2891 2502 3044 2554 τοῦδε
3074 2501 3168 2556 τοῦ
3204 2503 3528 2575 λαμπτῆρος
3553 2506 3670 2574 φῶς

2093 2595 2201 2648 ἀπὸ
2238 2595 2344 2647 τῶν
2375 2596 2554 2648 ἄλλων
2589 2597 2650 2647 ἐκ
2698 2593 2792 2647 τοῦ
2819 2594 2996 2646 πάντα
3022 2595 3089 2645 τὰ
3124 2594 3279 2661 φῶτα
3321 2597 3668 2667 περιέχοντος

2093 2688 2254 2756 ἀέρος
2313 2688 2612 2756 διακρῖναι,
2656 2688 2749 2739 καὶ
2802 2687 2929 2738 ἰδεῖν
2953 2686 3084 2739 ἄνευ
3138 2687 3368 2756 θατέρου
3416 2687 3666 2759 θάτερον,

2092 2780 2229 2834 ὅλων
2283 2781 2340 2831 ἐν
2402 2779 2544 2841 ὅλοις
2581 2777 2800 2847 ἀμιγῶς
2839 2781 3322 2846 συγκεκραμένων.
3373 2779 3532 2832 Ἀλλὰ
3576 2787 3672 2833 καὶ

2094 2872 2140 2922 εἰ
2199 2869 2290 2923 τὸν
2342 2869 2438 2922 ἕνα
2481 2887 2564 2932 τις
2629 2870 2837 2938 πυρσὸν
2883 2869 3146 2936 ὑπεξάγοι
3191 2871 3284 2923 τοῦ
3347 2873 3619 2942 δωματίου
3649 2915 3665 2940 ,

2099 2960 2539 3026 συνεξελεύσεται
2601 2961 2697 3013 κα)⁹
2752 2960 2811 3011 τὸ
2868 2959 3069 3011 οἰκεῖον
3122 2960 3270 3013 ἅπαν
3329 2962 3476 3028 φῶς,
3513 2963 3667 3015 οὖδέν

409 3051 563 3118 padis
597 3049 756 3117 hujus
795 3049 977 3104 lumen
1015 3051 1084 3104 ab
1123 3051 1241 3105 aliis
1285 3066 1351 3106 ex
1381 3067 1507 3107 aere
1537 3063 1731 3108 cuncta
1784 3054 1988 3108 lumina

2094 3069 2144 3103 τι
2201 3051 2308 3104 τῶν
2341 3051 2542 3122 ἑτέρων
2607 3053 2798 3119 φώτων
2858 3053 3036 3120 ἑαυτῷ
3077 3057 3662 3122 συνεπισπασάμενον,

411 3143 726 3198 continente
751 3157 1066 3208 secernere,
1099 3157 1154 3196 et
1189 3160 1355 3198 unum
1378 3145 1446 3200 ab
1477 3145 1648 3199 altero
1677 3146 1986 3215 sejunctnm

410 3235 636 3296 intueri,
673 3249 796 3288 cum
862 3243 972 3289 tota
1009 3235 1063 3288 in
1105 3237 1234 3289 totis
1281 3237 1399 3290 sine
1457 3237 1712 3293 mistione
1749 3240 1860 3293 sint
1902 3243 1987 3296 in-

411 3336 577 3380 serta.
612 3325 767 3392 Quod
799 3327 844 3380 si
911 3327 1031 3396 quis
1069 3327 1372 3397 lampadem
1405 3344 1566 3382 unam
1604 3345 1634 3382 e
1677 3332 1854 3385 medio
1886 3334 1986 3388 ιοι.

412 3416 519 3480 lat,
553 3416 832 3488 proprium
867 3419 988 3488 ejus
1017 3419 1197 3472 lumen
1243 3429 1413 3472 totum
1460 3421 1751 3476 abeuntem
1782 3423 1988 3494 lampa-

409 3513 534 3565 dem
560 3508 937 3572 comitabitur,
976 3525 1075 3564 nec
1102 3511 1336 3566 aliorum
1378 3512 1650 3567 luminum
1688 3515 1985 3585 quidquam

410 3613 595 3650 secum
634 3601 880 3663 trahens,
915 3614 1094 3669 neque
1144 3616 1207 3654 ex
1245 3616 1344 3655 suo
1387 3604 1604 3658 caeteris
1637 3605 1842 3675 aliquid
1885 3607 1989 3661 litt-

331 3720 342 3736 ,
408 3703 607 3757 quens.
641 3689 769 3745 Erat
801 3691 969 3752 enim,
1023 3702 1082 3744 ιιι
1116 3691 1375 3757 diximus,
1430 3694 1539 3748 illia
1575 3695 1813 3764 perfecta
1847 3707 1989 3751 toto-

411 3794 530 3832 ιἰιιιι
573 3793 698 3833 cum
745 3781 871 3834 totis
923 3784 1236 3852 conjunctio
1293 3800 1391 3839 nec
1433 3786 1542 3839 ullo
1592 3786 1752 3842 modo
1805 3788 1984 3853 mista,

408 3883 586 3938 neque
644 3869 751 3924 ulla
787 3885 854 3924 ex
912 3881 1071 3943 parte
1101 3873 1354 3929 confusa.
1400 3876 1465 3930 Et
1519 3877 1634 3932 haec
1663 3879 1878 3948 quidem
1913 3883 1987 3934 ita

408 3974 467 4012 se
527 3959 754 4024 habent,
795 3965 1047 4030 quamvis
1101 3965 1290 4020 lumen
1319 3969 1392 4021 sit
1443 3968 1495 4020 in
1529 3983 1776 4038 corpore,
1833 3987 1982 4037 aere,

408 4061 462 4103 et
519 4067 583 4105 ex
641 4055 886 4118 materia,
921 4072 1116 4124 nempe
1165 4058 1288 4127 igne
1340 4060 1662 4127 dependeat.
1717 4061 1985 4118 Unioucm

411 4158 541 4196 vero
583 4145 727 4198 illam
773 4149 1009 4202 essentia
1047 4150 1385 4218 superiorem
1423 4154 1808 4208 transcendere
1844 4156 1984 4210 dici-

409 4249 552 4298 mus,
577 4249 684 4287 tton
714 4237 942 4292 uniones
979 4246 1206 4296 tantum.
1235 4254 1355 4307 quae
1380 4242 1512 4295 liuut
1545 4241 1597 4295 in
1623 4259 1870 4314 corpore,
1891 4246 1986 4300 sed

409 4325 529 4378 illas
561 4325 748 4391 etiam,
781 4343 900 4395 qum
960 4329 1012 4382 in
1047 4331 1250 4385 animis
1285 4332 1675 4399 conﬁciuntur,
1725 4336 1834 4391 into
1893 4353 1985 4392 eas

2092 3142 2124 3213 ἦ
2159 3142 2217 3193 τὸ
2261 3141 2454 3193 ἑαυτοῦ
2505 3144 2618 3203 τοῖς
2669 3141 2876 3211 ἑτέροις
2914 3142 3230 3196 καταλιπόν.
3297 3137 3404 3194 Ἦν
3439 3145 3546 3213 γὰρ
3577 3147 3671 3196 ati-

2091 3233 2218 3296 τῶν,
2260 3233 2398 3301 ὅπερ
2449 3232 2607 3301 ἔφην,
2642 3234 2674 3302 ἡ
2711 3232 2849 3285 ὅλων
2916 3233 3052 3302 πρὸς
3097 3234 3195 3286 ὅλα
3232 3235 3502 3304 παντελὴς
3532 3236 3668 3289 ’ἐνω-

2093 3341 2175 3386 at;
2224 3325 2430 3394 ἀμιγὴς
2475 3325 2726 3383 καθόλου,
2773 3328 2866 3377 καὶ
2915 3327 3091 3379 οὐδενὶ
3134 3327 3291 3395 μέρει
3339 3345 3656 3397 συμπερυρ-

2094 3417 2252 3485 μένη.
2294 3418 2403 3469 Καὶ
2433 3415 2602 3468 ταῦτα
2642 3417 2794 3479 ὄντος
2824 3420 2881 3469 ὲν
2940 3416 3154 3486 σώματι
3182 3418 3258 3488 τῷ
3309 3419 3454 3490 ἀέρι,
3487 3421 3580 3471 καὶ
3609 3420 3668 3483 ἐξ

2093 3506 2278 3558 ὲνύλου
2333 3507 2427 3560 τοῦ
2485 3509 2654 3576 πυρὸς
2705 3508 3019 3577 ἠρτημένου
3073 3508 3166 3560 τοῦ
3208 3509 3404 3576 φωτὸς,
3439 3511 3572 3561 ὅπου
3602 3526 3662 3576 γε

2088 3597 2186 3665 τὴν
2213 3596 2538 3666 ὑπερούσιον
2587 3596 2780 3649 ἕνωσιν
2821 3596 3218 3666 ὑπεριδρύσθαι
3256 3597 3434 3665 φαμὲν
3463 3596 3524 3647 οὐ
3554 3597 3664 3646 uin

2089 3689 2146 3740 ὲν
2188 3689 2402 3756 σώματι
2442 3691 2602 3756 μόνον
2644 3687 2914 3753 ἐνώσεων,
2947 3688 3084 3741 ἀλλὰ
3125 3689 3218 3742 καὶ
3250 3688 3356 3741 τῶν
3379 3689 3435 3739 ὲν
3463 3687 3661 3755 ψυχαῖς

2089 3779 2302 3842 αὐταῖς,
2334 3781 2427 3831 καὶ
2458 3782 2513 3831 ὲν
2555 3779 2739 3842 αὐτοῖς
2789 3781 2920 3844 νοῖς,
2952 3779 3018 3842 ἃς
3059 3779 3270 3849 ἔχουσιν
3305 3777 3520 3847 ἀμιγῶς
3568 3783 3661 3832 καὶ

2091 3871 2479 3941 ὑπερκοσμίως
2513 3872 2582 3924 δι’
2624 3873 2761 3924 ὅλων
2791 3873 2887 3925 ὅλα
2950 3872 3019 3925 τὰ
3069 3871 3272 3940 θεοειδῆ
3301 3876 3392 3923 καί
3425 3871 3664 3941 ὑπερου-

2092 3965 2252 4033 ρανία
2288 3965 2442 4034 φῶτα
2491 3964 2633 4017 κατὰ
2675 3964 2892 4033 μέθεξιν
2940 3964 3201 4032 ἀνάλογον
3228 3965 3341 4025 τοῖς
3374 3961 3665 4031 μετέλουοι

2087 4058 2186 4126 τῆς
2237 4057 2456 4110 πάντων
2505 4057 2900 4128 ὑπερηρμένης
2943 4057 3211 4119 ἑνώσεως.
3278 4057 3433 4108 Ἔστι
3471 4057 3529 4108 δὲ
3571 4057 3666 4108 καὶ

2087 4149 2362 4218 διάκρισις
2409 4151 2464 4202 ὲν
2498 4152 2618 4212 ταῖς
2662 4149 3011 4220 ὑπερουσίοις
3073 4147 3395 4213 θεολογίαις,
3450 4148 3548 4216 οὐχ
3596 4148 3666 4215 ἢν

2091 4241 2228 4311 ἔφην
2278 4241 2460 4311 μόνον,
2508 4241 2590 4294 ὃτι
2636 4241 2777 4294 κατὰ
2831 4241 2932 4310 τὴν
2990 4239 3184 4292 ἕνωσιν
3240 4239 3456 4307 ἁμιγῶς
3511 4241 3662 4307 ἵδρυε

2087 4351 2177 4388 ται
2225 4335 2320 4387 καὶ
2364 4333 2685 4403 ἁσυγχύτως
2720 4334 2927 4403 ἑκάστη
2985 4333 3090 4385 τῶν
3150 4331 3455 4401 ὲναρχικῶν
3519 4331 3664 4382 ὑπο·

407 4432 644 4486 quoqtte,
680 4434 800 4488 quae
829 4421 1142 4475 eliiciuntur
1184 4424 1235 4476 in
1267 4426 1560 4491 mentibus,
1601 4444 1736 4498 quas
1763 4431 1982 4498 quidem

2094 4428 2357 4489 στάσεων,
2411 4426 2526 4479 ἀλλ’
2557 4427 2640 4479 ὅτι
2685 4428 2780 4478 καὶ
2820 4427 2888 4478 τὰ
2937 4426 3036 4493 τῆς
3092 4425 3419 4494 ὑπερουσίου
3477 4423 3664 4490 θεογο-

414 4521 522 4563 tota
560 4511 646 4563 illa
675 4511 858 4565 divina
889 4524 942 4568 ct
998 4519 1409 4585 supercoelestia
1439 4520 1667 4587 lumina,
1700 4538 1796 4592 per
1849 4533 1984 4591 tota,

410 4603 619 4656 ratione
644 4603 760 4672 plus
787 4621 948 4676 quam
983 4609 1254 4663 mundana
1284 4609 1497 4665 sincere
1525 4615 1816 4669 admodum
1855 4632 1984 4686 pose

327 4709 330 4712 λ
409 4698 614 4759 sidunt,
644 4700 1026 4754 connuunionc
1051 4704 1281 4771 quadam
1315 4703 1539 4758 unitatis
1563 4706 1706 4762 illius
1735 4709 1987 4764 omnibus

415 4787 795 4841 antecellentis
851 4798 906 4842 et
991 4792 1283 4864 unicuique
1346 4810 1444 4864 pro
1501 4797 1764 4868 cujusque
1821 4801 1986 4855 modo

405 4875 638 4944 seipsatn
669 4878 1053 4947 impartieutis.
1109 4883 1202 4936 Est
1255 4895 1434 4939 autctn
1467 4887 1724 4943 discretio
1767 4891 1818 4942 in
1872 4906 1969 4944 su-

2087 4520 2204 4583 νίλς
2251 4521 2350 4571 οὐκ
2400 4519 2752 4589 ἀντιστρέφει
2783 4520 2919 4587 πρὸς
2969 4517 3194 4587 ἄλληλα.
3239 4517 3390 4584 Μόνη
3423 4516 3478 4568 δὲ
3512 4517 3663 4587 πηγὴ

2087 4614 2184 4684 τῆς
2223 4611 2548 4680 ὑπερουσίου
2593 4610 2849 4679 θεότητος
2878 4612 2905 4660 ὁ
2939 4610 3147 4680 Πατὴρ,
3187 4611 3287 4662 οὐκ
3334 4608 3489 4670 ὄντος
3533 4608 3662 4659 Υῑού

2083 4706 2174 4758 τοῦ
2237 4705 2493 4774 Πατρὸς,
2542 4703 2660 4755 οὐδὲ
2712 4703 2923 4771 Harpe;
2983 4702 3078 4753 τοῦ
3150 4701 3273 4753 ι’ῐοῦ
3308 4714 3323 4729 ⁸
3361 4701 3662 4767 (palatov-

2084 4815 2191 4850 των
2229 4797 2284 4849 δὲ
2336 4797 2404 4847 τὰ
2435 4795 2612 4846 οἰκεῖα
2661 4793 2770 4845 τῶν
2807 4793 2993 4862 ὓμνων
3042 4793 3257 4859 sane;
3306 4793 3514 4865 ἑκάστῃ
3557 4793 3663 4844 τᾶν

2088 4887 2395 4958 θεαρχικῶν
2434 4885 2811 4938 ὑποστὰεεων.
3011 4875 3021 4884 ’

405 4985 595 5038 prema
633 4971 920 5043 theologia,
979 4991 1087 5028 non
1144 4977 1340 5041 solum,
1373 4994 1534 5050 quam
1589 4984 1750 5036 modo
1811 4984 2232 5052 dicebam,quia
2265 4983 2316 5034 in
2370 4996 2482 5050 ipsa
2552 4980 2757 5034 unitate
2800 4977 2980 5032 divina
3043 4978 3269 5050 singulae
3320 4977 3663 5033 dominantes

345 5058 348 5061 ’
407 5083 655 5136 persona:
691 5084 881 5137 puram
940 5082 994 5124 et
1040 5070 1428 5140 impermistam
1489 5077 1589 5130 sibi
1647 5089 1868 5133 servant
1920 5081 2328 5149 prOprietatem,
2388 5077 2480 5130 sed
2547 5076 2711 5130 etiam
2763 5075 3017 5144 quoniam
3053 5089 3174 5143 qua:
3216 5075 3271 5128 in
3331 5074 3419 5128 illa
3478 5075 3661 5128 divina

406 5169 460 5214 et
508 5162 799 5214 essentiam
854 5174 1153 5232 superante
1202 5168 1550 5235 generatione
1599 5180 1749 5235 sunt,
1790 5171 2028 5226 vicissim
2097 5187 2204 5224 non
2265 5179 2678 5224 convertuntur.
2739 5169 2899 5223 Solus
2955 5170 3100 5223 enim
3192 5169 3316 5222 fons
3367 5171 3662 5223 essentiam

404 5255 714 5324 superantis
755 5256 1056 5311 divinitatis
1114 5267 1198 5312 est
1249 5259 1432 5323 Pater,
1486 5276 1663 5330 neque
1716 5261 1878 5318 Pater
1907 5273 1992 5319 est
2043 5264 2233 5329 Filius,
2270 5279 2446 5334 neque
2479 5263 2647 5319 Filius
2677 5273 2761 5319 est
2795 5263 2980 5318 Pater.
3031 5263 3216 5332 itaque
3265 5264 3406 5316 sacri
3475 5263 3659 5332 ltytnni

403 5363 498 5403 sua
526 5350 820 5418 unicuique
867 5350 1174 5403 divinarum
1210 5366 1570 5418 personarum
1603 5357 1692 5424 pie
1727 5369 2027 5428 sancteque
2052 5369 2400 5414 conservant.

920 5449 1004 5498 Ετ
1039 5450 1213 5500 eodem
1261 5452 1452 5519 capite.

479 5561 496 5594 ι
536 5538 727 5594 Nullus
753 5538 952 5596 bonus,
983 5537 1083 5591 nisi
1129 5555 1267 5593 unus
1304 5541 1501 5598 Deus”.
1538 5561 1554 5594 ›
1593 5544 1724 5600 lilttd
1767 5557 1819 5601 et
1845 5547 1968 5602 alibi

2455 5458 2556 5510 Ἐκ
2589 5457 2697 5510 τοῦ
2726 5456 2912 5511 αὐτοῦ
2941 5455 3293 5525 κεφαλαίου.

2153 5550 2340 5612 Οὐδεῖς
2374 5549 2575 5617 ἀγαθὲς
2621 5551 2668 5603 εἰ
2733 5550 2808 5621 μὴ
2865 5551 2893 5602 ὁ
2939 5551 3089 5614 Θεός.
3124 5548 3290 5603 Τοῦτο
3323 5548 3423 5618 μὲν
3445 5542 3537 5601 οὖν
3566 5550 3668 5602 καῖ

476 5714 493 5744 ³
557 5706 748 5763 Matth.
789 5717 896 5759 xtx,
941 5699 1020 5751 H-
