4026 6212
314 333 394 396 υ
1304 334 1396 394 PA
1407 332 1685 396 NOPLIA
1726 335 1907 397 DOGD

2011 336 2191 400 [‘ICA.
2217 361 2288 375 -
2326 338 2478 400 ΤΙΤ.
2519 335 2604 399 Il.
3247 403 3250 408 ,
3512 338 3581 400 50

321 449 383 500 ὲν
409 448 592 508 ἄλλοις
619 444 907 511 ὲξετασθὲν
933 445 1064 515 ἡμῖν
1100 444 1476 500 ἀποδέδεικται
1498 463 1511 477 ·
1560 449 1621 501 τδ
1651 450 1827 511 πάσας
1852 449 1907 502 ἂι

2021 465 2048 504 a
2084 451 2245 505 nobis
2302 465 2604 521 etpensum
2658 465 2722 504 ac
2769 450 3199 507 demonstratum
3255 459 3358 516 est,
3390 467 3584 507 omnes

323 543 428 598 τὰς
465 537 790 604 θεοπρεπεῖς
819 534 1125 605 θεωνυμιας
1153 537 1212 590 οὐ
1245 537 1506 606 μερικῶς.
1539 538 1652 592 ἀλλ’
1689 540 1780 592 ἐπὶ
1810 542 1908 608 τῆς

328 630 469 695 ὅλης
498 629 584 681 καὶ
616 627 914 690 παντελοῦς
949 629 1042 681 καὶ
1084 628 1377 699 ὁλοκλήρου
1407 630 1499 683 καὶ
1529 630 1772 700 πλήρους
1794 631 1908 683 θεό-

328 738 496 788 τητος
518 719 620 772 ὑπὸ
642 719 750 770 τῶν
793 718 988 786 λογίων
1021 719 1306 787 ὑμνεῖσθαι
1331 735 1346 749 ⁸
1393 723 1484 774 καὶ
1535 722 1714 784 πάσας
1743 721 1909 784 αὑτὰς

324 809 577 876 ἀμερὼς,
623 806 930 871 ἀπολύτως,
968 809 1429 880 ἀπαρατηρήτως,
1479 810 1673 875 όλικῶς
1723 811 1907 882 ἁπάσῃ

319 903 390 967 τῇ
417 899 633 967 όὶότητι
672 902 773 969 τῆς
796 899 1071 961 όλοτελοῦς
1116 902 1210 952 καὶ
1240 900 1419 970 πάσης
1445 900 1694 971 θεότητος
1731 902 1912 956 ἀνατί-

320 991 381 1042 θε
399 992 547 1045 301:.
592 991 703 1044 Καὶ
747 989 876 1058 γοῦν
910 990 986 1054 ὡς
1015 993 1072 1044 ἐν
1107 993 1223 1054 ταῖς
1261 991 1597 1060 θεολογικαῖς
1625 991 1912 1046 ὑποτυπώ-

320 1099 383 1135 σε
399 1101 483 1138 τιν
531 1085 945 1155 ὑπεμνήσιμεν,
985 1087 1033 1138 εξ
1082 1085 1158 1156 μὴ
1198 1087 1327 1155 περὶ
1359 1087 1456 1156 τῆς
1501 1086 1627 1156 ὅλης
1660 1086 1911 1157 θεότητος

321 1175 465 1242 ςαὶη
520 1189 607 1236 τις
646 1173 803 1228 τοῦτο
835 1175 1112 1245 εἰρῆσθαι,
1147 1175 1240 1230 καὶ
1292 1171 1607 1247 ἆποσχέζετν
1655 1177 1910 1247 ἀθέσμως

319 1269 506 1339 τολμᾷ
536 1267 636 1337 τὴν
671 1267 1098 1339 ὑπερηνωμένην
1129 1269 1309 1335 ἑνάδα,
1332 1271 1521 1340 ῥητέον
1550 1271 1625 1334 ὡς
1658 1271 1818 1332 αὐτός
1850 1289 1908 1325 τε

319 1366 351 1416 6
375 1363 695 1433 ἀγαθοςρυὴς
738 1361 841 1432 ἔφη
891 1361 1086 1429 Λόγος,
1126 1361 1206 1415 ὅτι
1249 1381 1268 1413 ι
1291 1362 1432 1431 Ἐγὼ
1470 1363 1672 1431 ἁγαθός
1706 1366 1819 1433 εἰμι
1846 1380 1857 1392 ’
1887 1383 1904 1415 ι

325 1455 425 1506 καί
456 1471 542 1517 τις
575 1454 685 1508 τῶν
713 1454 1028 1524 θεολήπτων
1056 1454 1352 1524 προφητῶν
1383 1455 1560 1525 ὑμνεῖ,
1599 1473 1617 1508 ι
1649 1455 1720 1508 Τὸ
1750 1456 1910 1509 πνεῦ-

330 1548 412 1615 μά
449 1563 544 1598 σου
575 1546 634 1598 τὸ
680 1545 916 1613 ἀγαθόν·
953 1565 972 1597 ι
1025 1546 1120 1599 καὶ
1168 1543 1321 1609 αὖθις
1367 1547 1447 1612 τὸ,
1499 1565 1517 1598 ι
1555 1546 1693 1615 Ἐγώ
1736 1550 1850 1618 εἰμι
1883 1551 1911 1602 6

325 1637 402 1689 ὼν
433 1653 447 1665 ·
487 1655 505 1688 ›
556 1635 606 1689 ει
633 1637 709 1707 μὴ
751 1636 873 1690 καθ’
902 1637 1030 1707 ὅλης
1069 1639 1301 1708 φήσουσι
1332 1641 1428 1710 τῆς
1471 1640 1721 1710 θεότητος
1763 1642 1914 1712 εἰρῆ-

327 1729 483 1791 σθαι,
525 1729 652 1782 καθ’
683 1730 740 1783 ἓν
774 1729 830 1783 δὲ
876 1731 1040 1799 μέρος
1073 1730 1204 1784 αὐτὸ
1234 1732 1574 1802 περιγράψαι
1609 1732 1907 1803 βιάσαιντο,

2013 555 2230 610 semper
2258 537 2728 597 denominationes
2753 540 2864 595 Deo
2891 541 3080 612 dignas
3110 557 3216 595 non
3249 556 3346 612 per
3375 552 3578 610 partes,

2015 633 2110 687 sed
2142 632 2192 686 in
2238 642 2370 694 tota,
2401 633 2677 702 perfecta,
2737 632 2942 704 integra
2983 640 3039 687 et
3085 632 3243 702 plena
3294 633 3582 687 divinitate

2014 724 2065 778 in
2099 725 2303 779 sanctis
2351 724 2528 779 Libris
2560 725 2846 791 celebrari,
2881 733 2933 780 et
2958 739 3150 779 omnes
3194 724 3340 793 ipsas
3383 725 3584 778 indivi-

2011 815 2138 880 due,
2191 817 2458 881 absolute,
2513 825 2711 886 praeter
2757 832 2973 871 omnem
3011 816 3345 871 discriminis
3397 815 3584 871 obser-

2014 907 2274 971 vantiam,
2311 907 2519 978 integra
2548 909 2762 962 ratione
2795 908 3064 962 univcrsm
3106 908 3402 977 integritati
3459 923 3583 976 per-

2013 999 2167 1053 fectae
2192 1007 2245 1053 et
2276 999 2442 1054 totius
2463 999 2764 1054 divinitatis
2791 1000 3037 1054 attribui.
3065 999 3182 1054 Jam
3208 1015 3358 1063 vero,
3391 1015 3582 1068 quem—

2012 1090 2303 1144 admodum
2357 1090 2410 1144 in
2490 1091 2812 1161 theologicis
2897 1090 3331 1145 institutionibus
3390 1091 3581 1144 adum-

2012 1183 2253 1246 nuimus,
2313 1182 2417 1236 nisi
2470 1182 2593 1252 quis
2636 1183 2738 1238 hoc
2768 1184 2836 1237 de
2882 1192 2991 1236 tota
3039 1183 3323 1236 divinitate
3381 1182 3582 1235 dictum

2013 1271 2356 1336 confiteatur,
2385 1274 2634 1328 scindere
2664 1274 2826 1329 audet
2861 1273 3167 1328 temeritate
3199 1272 3433 1328 nefanda
3466 1274 3584 1326 uni-

2021 1370 2187 1416 tatem
2237 1365 2408 1434 ipsam
2459 1366 2856 1435 superunitam.
2925 1366 3222 1421 Dicendum
3268 1366 3461 1434 igitur;
3516 1365 3584 1420 dc

2017 1465 2128 1510 tota
2156 1457 2442 1512 divinitate
2483 1458 2652 1529 accipi
2685 1469 2937 1529 oportere
2971 1459 3197 1513 verbum
3232 1460 3333 1513 hoc
3380 1457 3580 1528 ipsum,

2016 1559 2210 1604 natura
2263 1551 2489 1604 bonum.
2537 1551 2716 1620 Atque
2747 1551 2945 1620 aliquis
2971 1566 3034 1604 ex
3073 1551 3354 1620 prOphetis
3386 1550 3582 1603 divini-

2017 1651 2102 1695 tus
2177 1640 2373 1694 alllatis
2432 1641 2628 1695 canit:
2697 1660 2713 1693 ι
2775 1639 3013 1710 Spiritus
3079 1641 3254 1695 bonus
3291 1642 3332 1694 ⁸.
3379 1660 3396 1690 ›
3465 1640 3582 1694 lluc

2017 1733 2188 1786 tendit
2239 1742 2293 1787 et
2343 1733 2516 1788 illud:
2580 1753 2598 1785 ‹
2629 1735 2738 1804 Ego
2787 1749 2928 1797 sum,
2984 1733 3074 1803 qui
3129 1748 3246 1786 sum
3279 1734 3320 1786 ⁵.
3361 1751 3378 1784 ι
3426 1731 3582 1798 Quod

326 1825 450 1886 πῶς
476 1821 807 1876 ἀκούσονται
866 1822 978 1887 τοῦ,
1020 1824 1189 1876 «Τάδε
1218 1823 1365 1891 λέγει
1407 1825 1434 1876 6
1486 1825 1583 1890 ὢν,
1616 1827 1708 1880 καὶ
1757 1830 1783 1880 6
1813 1823 1902 1898 ἦν,

2011 1823 2112 1876 nisi
2143 1824 2210 1877 de
2240 1832 2350 1878 tota
2377 1824 2582 1878 dictum
2613 1825 2898 1878 divinitate
2928 1825 3294 1888 consentiant,
3351 1825 3446 1878 sed
3489 1823 3582 1876 uni

322 1920 424 1967 xz".
455 1917 481 1967 ὁ
502 1915 800 1984 ἐρχόμενος
825 1917 852 1966 6
875 1917 1287 1985 παντοκράτωρ,
1331 1934 1350 1968 ι
1393 1917 1509 1980 καὶ,
1537 1935 1555 1968 ι
1585 1919 1655 1971 Σὺ
1682 1919 1738 1971 δὲ
1763 1921 1789 1971 ό
1813 1921 1909 1971 αὑ·

321 2008 416 2066 τὸς
443 2003 516 2072 εἶ,
553 2027 571 2059 ι
625 2010 739 2073 κατ,
778 2025 797 2058 ι
822 2007 894 2058 Τὸ
944 2006 1168 2076 Πνεῦμα
1209 2007 1308 2076 τῆς
1353 2005 1608 2077 ἀληθείας
1646 2009 1706 2061 τὸ
1749 2008 1828 2073 ὃν,
1881 2011 1909 2062 ὃ

323 2105 486 2173 παρὰ
535 2102 627 2155 τοῦ
675 2103 884 2172 [Ιατρδς
929 2102 1320 2173 ὲκπορεύεται;
1360 2121 1378 2154 ι
1426 2105 1534 2158 Kal
1573 2105 1620 2156 ei
1660 2105 1756 2174 μὲν
1783 2106 1910 2175 ὃλην

323 2191 470 2246 sint
502 2211 634 2261 φασι
664 2194 760 2263 τὴν
789 2193 1045 2264 θεαρχίαν
1090 2192 1253 2265 ζωὴν,
1283 2195 1400 2258 πῶς
1434 2195 1640 2265 ἀληθὴς
1675 2199 1702 2249 6
1731 2197 1909 2266 φήσας

333 2285 485 2352 ἱερὸς
513 2285 694 2349 Λόγος,
729 2285 973 2354 «Ὥσπερ
1009 2285 1036 2336 6
1066 2284 1251 2355 Πατὴρ
1279 2285 1482 2350 ἐγείρει
1507 2287 1628 2348 τοὺς
1661 2289 1904 2356 νεκροὺς,

329 2373 432 2425 καὶ
457 2373 727 2437 ζωοποιεῒ,
760 2373 903 2427 οὕτω
933 2374 1026 2427 καὶ
1053 2377 1080 2428 6
1106 2377 1230 2439 Υἱὸς
1283 2376 1373 2439 οὓς
1407 2377 1548 2430 θέλει
1577 2376 1832 2441 ζωοποιεῖ
1856 2395 1902 2444 ;ι

326 2468 426 2520 ναὶ
443 2469 526 2519 ὅτι
551 2468 610 2520 τὸ
637 2467 861 2538 Πνεῦμά
889 2470 1006 2520 ἐστι
1034 2469 1094 2522 τὸ
1120 2470 1446 2539 ζωοποιοῦν;
1475 2471 1595 2523 Ὅτι
1619 2471 1671 2525 δὲ
1693 2471 1786 2524 καὶ
1810 2471 1909 2543 τὴν

321 2561 529 2630 κυρὶαν
577 2563 693 2633 ἔχει
731 2564 840 2616 τῶν
873 2564 1068 2633 ὄλωνὴ
1119 2564 1214 2633 ὅλη
1265 2563 1473 2634 θεότης,
1522 2567 1650 2637 περὶ
1684 2567 1782 2633 μὲν
1811 2567 1912 2636 τῆς

323 2652 586 2714 θεογόνου
616 2652 892 2723 θεότητος,
932 2655 964 2726 ἢ
1000 2655 1096 2723 τῆς
1134 2654 1334 2722 υῐικῆς,
1366 2654 1487 2707 οὐδὲ
1534 2657 1710 2707 εἰπεῖν
1742 2655 1908 2720 ἔστιν,

315 2741 505 2814 οἶμαι,
549 2747 764 2815 ποσαχῆ
812 2747 910 2816 τῆς
955 2746 1229 2814 θεολογίας
1273 2747 1368 2800 ἐπὶ
1417 2747 1625 2818 Πατρὺς
1655 2748 1748 2800 καὶ
1778 2746 1909 2800 Υἱοῦ

315 2834 736 2903 διεθρυλλείται
786 2837 882 2901 τὸ,
933 2838 1166 2905 Κύριος.
1239 2838 1398 2890 Ἀλλὰ
1449 2838 1542 2891 καὶ
1598 2838 1799 2908 Κύριος
1847 2839 1909 2890 τὺ

321 2928 559 2995 Πνεῦμά
584 2929 723 2984 ἐστι.

2014 1922 2224 1967 tantum
2278 1914 2413 1982 parti
2453 1925 2720 1968 conentur
2771 1913 3064 1975 ascribere,
3123 1928 3358 1982 quonam
3419 1912 3583 1966 modo

2010 2004 2142 2059 illud
2189 2005 2457 2075 accipient
2505 2021 2520 2059 :
2578 2024 2596 2056 ι
2645 2004 2770 2060 llam
2815 2006 2891 2059 ait
2931 2004 3022 2074 qui
3059 2014 3162 2067 est,
3215 2005 3307 2072 qui
3358 2011 3496 2067 erat,
3529 2011 3584 2056 et

2009 2097 2101 2164 qui
2127 2105 2388 2151 venturus
2409 2103 2510 2160 est,
2541 2095 2632 2165 qui
2668 2104 2752 2150 est
2773 2096 3118 2165 omnipotens
3140 2096 3216 2161 ⁶;›
3255 2094 3383 2149 item
3409 2095 3535 2148 illud
3567 2114 3578 2148 :

2017 2209 2035 2240 ι
2068 2189 2150 2244 Tu
2175 2199 2355 2242 autem
2393 2189 2535 2242 idem
2594 2189 2710 2256 ipse
2745 2202 2804 2240 es
2828 2189 2884 2252 7;
2927 2206 2946 2237 ι
3007 2202 3110 2241 nec
3145 2203 3254 2241 non
3315 2197 3371 2240 et
3406 2186 3533 2241 illud
3569 2206 3581 2240 :

2017 2303 2034 2334 ι
2081 2283 2316 2352 Spiritus
2347 2281 2612 2344 veritatis,
2670 2279 2761 2349 qui
2809 2287 2914 2342 est,
2968 2278 3059 2348 qui
3114 2294 3144 2334 a
3197 2278 3356 2333 Patre
3395 2294 3584 2348 proce-

2011 2374 2178 2428 dit“?
2215 2393 2232 2425 ι
2295 2374 2457 2444 Atqui
2523 2373 2627 2427 nisi
2661 2380 2828 2426 totam
2864 2371 3200 2426 divinitatem
3245 2387 3367 2427 esse
3415 2373 3580 2426 vitam

2012 2466 2192 2523 dicant
2217 2477 2379 2534 atque
2408 2463 2698 2530 viviﬁcam,
2724 2477 2959 2532 quonam
2993 2461 3154 2517 modo
3179 2478 3362 2516 verum
3388 2473 3471 2516 est
3505 2462 3580 2527 id,

2013 2561 2158 2629 quod
2192 2559 2426 2613 Verbum
2469 2571 2684 2612 sacrum
2736 2557 2811 2610 ait
2845 2573 2859 2610 :
2921 2574 2937 2606 ι
2971 2555 3460 2620 Quemadmodum,
3499 2554 3584 2607 in-

2011 2650 2228 2718 quiens,
2265 2647 2429 2702 Pater
2472 2646 2700 2700 suscitat
2730 2654 2994 2708 mortuos,
3029 2653 3085 2699 et
3122 2644 3378 2707 vivitieat,
3423 2645 3501 2699 sic
3527 2655 3582 2698 et

2013 2744 2199 2808 Filius,
2233 2756 2368 2811 quos
2405 2740 2520 2794 vult
2567 2739 2807 2793 viviﬁcat
2835 2739 2899 2792 ’τ
2931 2758 2948 2788 ι
2983 2738 3102 2792 Jam
3128 2752 3259 2792 vero
3291 2737 3432 2807 quod
3469 2745 3579 2791 tota

2010 2836 2265 2890 divinitas
2305 2834 2504 2888 habeat
2553 2831 2796 2886 omnium
2866 2831 3230 2897 dominatum,
3287 2831 3578 2900 perspicue

2013 2936 2180 2996 patet.
2211 2926 2287 2980 Ac
2319 2925 2387 2980 de
2429 2923 2667 2979 secunda
2693 2923 2910 2992 quidem
2943 2922 3118 2977 Patris
3145 2921 3451 2986 divinitate,
3497 2921 3582 2976 vel

323 3023 398 3076 de
439 3021 732 3075 divinitate
768 3021 908 3082 Filii,
965 3037 1074 3075 non
1135 3021 1290 3077 facile
1328 3035 1552 3077 narratu
1587 3033 1690 3086 est,
1753 3031 1813 3077 ut
1852 3018 2110 3084 arbitror,
2173 3031 2335 3088 quam
2394 3016 2582 3071 multis
2651 3013 2934 3085 theologia:
2984 3014 3116 3069 locis
3174 3014 3240 3068 de
3315 3011 3472 3068 Patre
3527 3023 3582 3069 et

323 3113 467 3169 Filio
489 3117 722 3180 dicatur,
755 3117 1040 3172 Dominus.
1071 3117 1267 3176 Verum
1301 3127 1356 3174 et
1389 3118 1624 3189 Spiritus
1643 3117 1909 3173 Dominus
1940 3123 2042 3170 est.

323 3242 455 3312 "Ere
490 3240 625 3309 περὶ
653 3243 886 3312 Πατρός
917 3241 1014 3295 καὶ
1047 3241 1182 3295 Υιοῦ
1213 3243 1308 3295 καὶ
1338 3243 1507 3312 ἁγίου
1544 3244 1907 3312 Πνεύματος.

2018 3238 2092 3292 De
2123 3237 2284 3291 Patre
2312 3236 2457 3298 item,
2498 3242 2548 3287 et
2567 3232 2725 3312 Filia,
2757 3241 2804 3285 et
2833 3230 3034 3312 Spirita
3066 3237 3250 3312 sancto
3277 3229 3581 3312 distinctam

397 3310 824 3379 διακεκριμένη
877 3313 997 3380 ἅμα
1045 3312 1142 3364 καὶ
1193 3310 1468 3380 ’ἡνωμένη
1497 3310 1770 3380 θεολυγῖία
1799 3311 1904 3365 τοῦ

391 3383 668 3448 μεγάλου
724 3382 1103 3434 Ἀθαιοοσιόυ.
1161 3382 1268 3434 Καὶ
1311 3383 1400 3434 ὅτι
1446 3382 1482 3435 ἂ
1526 3383 1818 3450 λέγουσιν
1848 3384 1907 3434 al

396 3455 553 3507 θεῖαι
579 3451 812 3517 Γραραι
837 3452 970 3518 περὶ
1002 3452 1107 3505 τοῦ
1135 3451 1379 3518 Πατρός.
1408 3452 1594 3504 ταῦτὰ
1619 3468 1769 3521 φασι
1798 3451 1904 3505 πά-

395 3527 507 3576 λιν
531 3522 629 3576 καὶ
663 3522 796 3592 {rapi
824 3522 926 3574 τοῦ
957 3521 1089 3574 Υἱοῦ
1116 3523 1214 3592 καὶ
1243 3521 1498 3588 περὶτοῦ
1523 3521 1693 3592 ἁγίου
1722 3525 1909 3592 11rst-

391 3610 610 3660 ματος,
658 3589 1048 3644 δεικνύουσαι
1097 3589 1245 3660 ,ιιίᾱν
1297 3591 1412 3659 τὴν
1454 3592 1526 3644 ἐν
1570 3589 1699 3658 ’τοῖς
1746 3591 1905 3660 τρισὶ

395 3665 506 3715 06d
509 3680 576 3729 τη
588 3675 672 3716 τα.

399 3757 588 3824 Ἀπερ
619 3751 772 3808 εἶπεν
798 3757 826 3808 6
856 3755 1046 3826 Πατὴρ
1077 3756 1134 3808 ἐν
1163 3755 1239 3825 τῷ
1284 3755 1497 3825 Ἡσαΐᾳ,
1530 3753 1702 3806 ταῦτα
1734 3755 1762 3806 ὁ
1790 3755 1904 3806 Ἰω-

321 3848 500 3915 άννης
528 3846 698 3914 λέγει,
732 3848 814 3899 ὅτι
841 3848 868 3899 6
897 3847 1021 3909 Υἱὸς
1048 3842 1219 3912 εἶπεν,
1239 3847 1328 3901 Ἐν
1351 3846 1408 3899 δὲ
1431 3848 1550 3907 ταῖς
1578 3845 1848 3915 Πράξεσιν
1879 3846 1907 3897 6

321 3938 546 4000 υλῦλός
591 3954 773 4006 φησιν,
815 3937 986 3991 ὅτιτὸ
1028 3936 1252 4007 Πνεῦμα
1295 3938 1358 3990 τὸ
1402 3937 1556 4005 ἅγιον
1595 3933 1906 4017 εἶπε.Τίδὲ

321 4034 645 4100 γέγραπται
672 4032 731 4082 ὲν
761 4029 839 4098 τῷ
856 4029 1051 4100 Ἡσαΐᾳ
1074 4046 1088 4095 ;
1127 4026 1312 4082 «Εἶδον
1337 4029 1422 4082 τὸν
1452 4028 1654 4098 Κύριον
1679 4027 1904 4082 Σαὸαὼθ

324 4125 650 4191 καθήμενον
698 4123 794 4174 ἐπὶ
841 4119 1030 4189 θρόνου
1063 4119 1271 4190 ὑψηλοῦ
1301 4119 1394 4174 καὶ
1433 4120 1772 4190 ἐπηρμένου,
1813 4121 1907 4172 καὶ

323 4218 550 4284 πλήρης
591 4216 619 4267 6
649 4209 796 4276 οἶκος
837 4215 937 4284 τῆς
978 4213 1138 4281 δόξης
1183 4211 1371 4276 αὐτοῦ,
1422 4211 1515 4265 καὶ
1556 4211 1800 4281 σεραφὶμ.
1826 4212 1906 4264 εἱ-

323 4316 627 4376 στήκεισαν
665 4305 850 4378 κύκλῳ
875 4305 1062 4371 αὐτοῦ,
1091 4305 1151 4370 ἓξ
1178 4308 1448 4375 πτέρυγες
1477 4305 1555 4376 τῷ
1596 4305 1696 4367 ἑνὶ,
1725 4307 1817 4357 καὶ
1847 4305 1904 4372 ἒξ

322 4402 608 4472 πτέρυγες
656 4400 732 4469 τῷ
782 4399 885 4454 ἐνί.
916 4398 1024 4452 Kal
1048 4399 1170 4460 ταῖς
1211 4396 1310 4466 μὲν
1340 4398 1461 4450 δυσὶ
1494 4397 1750 4466 πτέρυξιν
1773 4398 1906 4451 ἐκά-

321 4493 539 4545 λυπτον
578 4490 644 4544 τὰ
677 4491 950 4558 πρόσωπα
995 4487 1194 4553 αὐτῶν,
1239 4489 1358 4550 ταῖς
1391 4487 1448 4540 δὲ
1494 4487 1615 4540 δυσὶ
1647 4488 1775 4549 τοὺς
1817 4487 1908 4539 πό-

319 4585 448 4649 δας,
479 4583 573 4636 καὶ
591 4585 712 4646 ταῖς
744 4583 899 4635 δυσὶν
923 4583 1204 4634 ἐπέταντο.
1243 4580 1353 4632 Καὶ
1382 4580 1682 4649 ἐκέκραγον
1716 4579 1903 4648 ἕτερος

2011 4595 2062 4638 ει
2087 4585 2339 4638 dicebant
2395 4600 2409 4636 :

321 4677 473 4744 πρὸς
516 4676 605 4729 τὸν
646 4676 834 4746 ἕτερον
859 4691 873 4707 ο
909 4675 1118 4742 Ἀγιος,
1156 4674 1331 4740 ἅγιος,
1380 4674 1533 4740 ἅγιος
1567 4671 1770 4742 Κύριος
1799 4675 1906 4727 Σα-

323 4768 502 4832 6αὼθ,
551 4770 765 4839 πλήρης
804 4768 956 4821 πᾶσα
997 4768 1030 4836 ἡ
1064 4767 1135 4836 γῆ
1171 4765 1266 4836 τῆς
1311 4765 1468 4834 δόξης
1515 4763 1702 4818 αὑτοῦ.
1737 4784 1756 4816 ι
1796 4765 1906 4818 Καὶ

328 4861 452 4930 μετ’
497 4859 653 4928 ὀλίγα
705 4861 735 4912 6
776 4859 976 4921 αὑτός·
1032 4859 1317 4910 «Ἤκουσα
1349 4858 1450 4923 τῆς
1490 4858 1674 4926 φωνῆς
1705 4857 1904 4928 Κυρίου

325 4953 579 5021 λέγοντος
605 4970 619 4984 ·
649 4953 783 5005 Ἰίνα
813 4953 1136 5016 ἀποστείλω,
1171 4953 1264 5004 καὶ
1298 4953 1381 5014 τίς
1417 4951 1744 5021 πορεύσεται
1771 4950 1906 5020 πρὸς

323 5045 422 5096 τὸν
463 5043 592 5096 λαὸν
633 5044 856 5110 τοῦτον;
902 5047 994 5097 καὶ
1027 5040 1158 5098 εἶπα
1187 5059 1204 5076 °
1254 5044 1382 5097 Ἰδοὺ
1424 5042 1554 5111 ἐγὼ,
1585 5042 1905 5096 ἀπόστειλόν

331 5151 423 5203 με.
455 5135 568 5188 Καὶ
588 5130 712 5189 εἶπέ
744 5152 868 5204 μοι’
911 5136 1214 5207 Πορεύθητι
1256 5136 1392 5205 πρὸς
1414 5137 1506 5188 τὸν
1530 5135 1678 5199 λαὸν,
1708 5135 1802 5188 καὶ
1831 5132 1908 5188 εῖ-

331 5240 431 5277 πον
463 5225 649 5296 αὐτῷ·
688 5225 851 5295 Ἀκοῇ
878 5226 1162 5290 ἀκούσετε,
1210 5226 1304 5278 καὶ
1345 5228 1404 5279 οὺ
1452 5226 1527 5295 μὴ
1560 5227 1777 5296 συνῆτε,
1813 5225 1908 5278 καὶ

398 5372 419 5401 ⁸
451 5372 596 5428 Psal.
627 5389 794 5438 cun,
821 5373 970 5429 6-10.
1048 5377 1068 5407 ⁸
1104 5373 1269 5428 Exod.
1326 5388 1403 5436 ιιι,
1435 5370 1624 5425 15-14.
1689 5371 1708 5402 ⁸
1737 5373 1905 5440 Apoc.

2033 5371 2086 5426 4.
2165 5373 2184 5402 ⁷
2242 5371 2383 5428 Psal.
2415 5386 2492 5441 ει,
2523 5368 2614 5424 Q8.

332 5441 422 5497 2|.
509 5445 551 5474 ¹⁰
586 5445 684 5499 lsa.
723 5459 797 5510 vr,
832 5445 853 5496 1
886 5459 1003 5514 sqq.
1081 5444 1276 5498 “ibid.
1311 5444 1340 5496 8
1371 5459 1489 5513 sqq.

408 5587 839 5659 (1)7Capitulum
871 5588 977 5642 hoc
1031 5604 1152 5643 cum
1187 5587 1434 5656 sequenti
1471 5588 1622 5641 deest
1672 5588 1724 5640 in
1775 5586 1895 5659 edi-

332 5657 477 5726 t'oae
509 5658 925 5726 Tergobystensi
958 5659 1083 5712 anni
1113 5659 1281 5717 ΠΙος
1311 5667 1526 5710 exstant
1564 5659 1614 5711 in
1645 5657 1895 5710 versione

335 5724 422 5781 Fr.
481 5724 638 5782 Zinif
685 5724 928 5783 Primum
984 5727 1170 5783 Graece
1248 5727 1414 5782 edidit
1462 5729 1562 5782 Ch.
1620 5727 1768 5781 Frid.
1827 5727 1894 5779 de.

2015 3339 2019 3342 -
2081 3309 2241 3362 simul
2273 3317 2426 3371 atque
2457 3305 2793 3372 conjunctam
2826 3318 2936 3354 esse
2967 3301 3274 3372 Divinitatis
3299 3300 3576 3372 rationem.

2077 3388 2126 3432 et
2159 3393 2276 3446 qua:
2311 3376 2489 3446 dicunt
2532 3371 2722 3446 divina:
2752 3372 3133 3446 Scripturw‘de
3176 3371 3361 3446 Patre,
3397 3371 3580 3446 eadem

2079 3440 2323 3501 siniiliter
2357 3445 2477 3498 illas
2505 3454 2553 3498 et
2590 3445 2652 3496 de
2677 3444 2834 3505 Filio,
2863 3440 2911 3495 et
2952 3443 3015 3493 de
3041 3440 3243 3507 Spiritu
3267 3451 3450 3494 sancto
3487 3440 3576 3491 di-

2081 3533 2224 3578 cere,
2269 3517 2481 3568 unicam
2530 3516 2582 3566 in
2625 3515 2789 3566 tribus
2849 3513 3184 3566 Divinitalem
3235 3511 3577 3564 ostendentes.

2077 3587 2256 3657 Magni
2286 3585 2562 3639 Athanasii
2595 3585 2692 3653 (ι).

2076 3759 2208 3825 Quae
2247 3759 2406 3813 Pater
2436 3759 2512 3812 ait
2541 3758 2683 3828 apud
2731 3757 2952 3819 lsaiam',
3005 3772 3067 3810 ea
3103 3755 3342 3810 Joannes
3385 3756 3580 3810 Filium

2005 3851 2210 3904 dixisse
2243 3850 2456 3903 asserit.
2517 3849 2714 3902 Paulus
2745 3858 2928 3900 autem
2971 3845 3160 3899 eadem
3202 3845 3316 3913 ipsa
3349 3846 3579 3914 Spiritui

2008 3944 2197 3997 sancto
2255 3943 2308 3994 in
2364 3942 2733 4012 apostolorum
2791 3937 2940 3992 Actis
2984 3936 3228 3991 ascribit.
3287 3938 3377 3992 Sic
3435 3940 3580 3991 enim

2005 4034 2146 4104 apud
2180 4033 2366 4089 Isaiam
2403 4033 2664 4101 scriptum
2699 4031 2925 4100 legimus
2952 4030 2996 4060 ³ο
3031 4048 3045 4084 :
3093 4027 3246 4082 «Υιάί
3289 4026 3577 4081 Dominum

2006 4126 2280 4182 sedentem
2312 4124 2368 4178 in
2389 4123 2525 4179 solio
2549 4124 2761 4177 excelso
2784 4131 2839 4177 et
2867 4123 3094 4184 elevato,
3117 4130 3173 4176 et
3198 4121 3353 4190 plena
3385 4122 3582 4178 domus

2005 4218 2172 4288 gloria
2205 4217 2354 4286 ejus,
2396 4226 2447 4270 et
2495 4214 2772 4284 seraphim
2810 4212 3114 4288 stabant_in
3165 4212 3400 4268 circuitu
3437 4213 3578 4282 ejus.

2009 4311 2114 4365 Sex
2139 4311 2236 4365 alae
2263 4309 2378 4372 nni,
2406 4318 2460 4363 et
2495 4323 2587 4362 sex
2616 4309 2716 4362 alm
2747 4307 2924 4362 alteri.
2978 4286 3196 4361 Duabus
3231 4307 3449 4375 quidem
3483 4321 3590 4361 ve-

2007 4401 2196 4456 labant
2227 4401 2419 4454 faciem
2456 4415 2606 4453 suam
2631 4440 2645 4465 ,
2682 4399 2894 4453 duabus
2933 4414 3060 4454 vero
3095 4399 3350 4469 legebant
3383 4400 3579 4469 pedes,

2007 4502 2060 4547 et
2103 4493 2314 4546 duabus
2354 4492 2606 4546 volabant
2640 4500 2695 4544 et
2729 4489 3196 4545 clamabantalter
3234 4493 3301 4547 ad
3330 4493 3580 4557 alterum,

2479 4582 2746 4644 Sanctus,
2781 4593 3033 4645 sanctus,
3068 4593 3290 4637 sanctus
3321 4583 3581 4636 Dominus

2012 4675 2269 4741 Sabaoth,
2292 4676 2450 4744 plena
2483 4683 2564 4729 est
2587 4675 2767 4729 omnis
2798 4684 2940 4726 terra
2964 4672 3132 4744 gloria
3164 4674 3299 4742 ejus.
3319 4673 3412 4726 οΕι
3435 4673 3574 4726 idem

2012 4768 2172 4837 paulo
2198 4775 2318 4836 post
2347 4768 2384 4797 “
2411 4782 2426 4818 :
2457 4784 2476 4816 ι
2515 4765 2583 4819 Ει
2621 4765 2801 4818 audivi
2833 4779 3016 4820 vocem
3063 4763 3273 4818 Domini
3307 4761 3574 4817 dicentis:

2009 4859 2181 4925 Quem
2217 4859 2459 4921 mittam,
2503 4868 2559 4913 et
2586 4858 2708 4926 quis
2736 4856 2836 4911 ibit
2861 4857 2926 4911 ad
2958 4857 3217 4926 populum
3253 4855 3452 4909 istum?
3512 4854 3578 4908 Et

2011 4952 2120 5005 dixi
2149 4971 2162 5004 :
2194 4951 2332 5005 Ecce
2371 4965 2490 5022 ego,
2523 4950 2676 5002 mitte
2710 4964 2816 5003 me.
2855 4949 2920 5002 Et
2957 4949 3097 5003 dixit
3130 4965 3143 5000 :
3204 4947 3350 5000 Vade
3392 4955 3447 4999 et
3485 4945 3576 5001 dic

2017 5042 2213 5110 pepulo
2248 5042 2407 5096 huic:
2439 5041 2642 5095 Auditu
2673 5039 2907 5095 audietis
2939 5050 2994 5094 et
3027 5055 3133 5092 non
3160 5037 3489 5108 intelligetis,
3522 5045 3578 5092 et

2013 5135 2261 5187 videntes
2323 5133 2596 5197 videbitis,
2647 5142 2702 5187 et
2747 5147 2858 5186 non
2907 5131 3268 5201 perspicit-tis.
3324 5129 3577 5182 Crassum

2014 5226 2159 5280 enim
2188 5232 2273 5279 est
2299 5224 2553 5280 en‘ectum
2605 5240 2699 5280 cor
2740 5224 2926 5294 populi
2962 5225 3150 5293 hujus.
3191 5223 3427 5277 Auribus
3453 5234 3577 5292 gra-

2719 5372 2739 5400 ⁸
2767 5370 2925 5424 Joan.
2971 5383 3061 5432 xv,
3093 5365 3182 5419 ξω.
3270 5366 3290 5396 ⁹
3327 5365 3486 5422 Joan.
3521 5383 3578 5439 ν,

2003 5586 2235 5641 Μειιιιιςεί
2266 5587 2319 5640 in
2348 5585 2560 5656 Proleg.
2584 5586 2648 5639 ad
2665 5583 2940 5656 Euthymii
2973 5581 3262 5656 Comment
3285 5581 3346 5656 in
3365 5579 3573 5656 Evang.

2004 5673 2060 5726 ι).
2095 5659 2160 5714 13
2193 5674 2341 5728 seqq.
2384 5672 2398 5724 ;
2431 5651 2660 5712 alterum
2688 5651 2864 5708 exstat
2898 5653 3041 5706 inter
3069 5651 3244 5721 Opera
3280 5652 3335 5706 S.
3369 5651 3573 5708 Basilii.
