3992 6210
465 315 528 390 51
1729 325 2109 389 EUTHYIIII
2150 316 2512 386 ZIGABENI
3655 323 3729 388 δε

463 444 606 496 vitor
661 441 992 525 audierunt,
1036 453 1091 518 et
1150 441 1338 500 oculos
1402 456 1531 496 suos
1584 442 1916 506 clauserunt,
1946 452 2035 494 ne-

2151 435 2439 505 βλέποντες
2463 433 2710 505 βλέψετε,
2743 433 2837 488 καὶ
2866 434 2926 488 οὐ
2957 433 3033 504 μὴ
3067 433 3236 504 ἴδητε.
3268 434 3578 506 Ἐπαχύοθη
3613 440 3727 510 γὰρ

463 534 684 602 quando
713 535 886 590 oculis
908 534 1130 590 videant
1159 544 1214 589 et
1234 535 1460 589 auribus
1493 534 1738 598 audiant,
1773 542 1829 588 et
1872 532 2035 588 corde

2145 531 2178 598 ἡ
2226 528 2422 599 καρδία
2467 527 2562 583 τοῦ
2613 528 2742 582 λαοῦ
2787 528 3006 590 τούτου,
3073 528 3169 581 καὶ
3213 529 3326 592 τοῖς
3369 528 3473 581 ὠσὶ
3512 528 3727 598 βαρέως

464 622 809 696 intelligant,
853 631 908 681 et
950 634 1272 682 convertant
1319 641 1414 686 se,
1487 633 1540 678 et
1609 638 1797 679 sanem
1843 638 1959 678 eos.
2014 641 2032 674 ι

2143 623 2411 694 ἥκουσαν,
2452 621 2548 676 ml
2591 623 2718 685 τοὺς
2759 621 3076 691 ὀφθαλμοὺς
3131 620 3313 674 αὐτῶν
3363 621 3723 690 ἐκάμμυσαν,

463 713 704 772 Joannes
747 730 927 772 autem
982 717 1312 788 evangelista
1363 711 1558 772 dicit“
1586 735 1600 771 :
1632 735 1650 767 ι
1688 715 1898 772 Idcirco
1929 731 2039 770 non

465 817 716 876 poterant
742 804 916 864 Judaei
959 809 1184 864 credere
1218 809 1273 864 in
1307 807 1518 872 Iesum,
1549 808 1806 880 quoniam
1842 809 1910 864 de
1932 808 2040 862 illis

464 900 602 954 dixit
641 900 808 955 Isaias
863 920 877 955 :
949 901 1216 957 Excaecati
1287 913 1418 958 sunt
1479 903 1620 956 oculi
1679 902 1942 972 ipsorum,
1985 909 2042 956 et

461 991 786 1045 obduratum
840 1002 924 1048 est
970 1009 1064 1049 cor
1113 1010 1326 1057 eorum,
1370 1011 1439 1049 ne
1473 995 1696 1048 videant
1730 994 1943 1056 oculis,
1983 1000 2041 1048 et

459 1082 624 1136 corde
679 1083 1001 1154 intelligant,
1036 1093 1090 1139 et
1125 1100 1313 1140 sanem
1363 1100 1480 1140 eos.
1519 1103 1538 1138 ι
1589 1083 1714 1138 Hth
1751 1083 1825 1138 ait
1845 1081 2036 1146 Isaias,

459 1172 678 1240 quando
712 1173 847 1226 vidit
878 1174 1102 1243 gloriam
1135 1175 1274 1245 ejus.
1325 1175 1526 1230 Paulus
1554 1189 1684 1231 vero
1714 1174 1884 1230 refert
1915 1189 2039 1228 ora-

458 1263 643 1317 culum
676 1264 741 1318 ad
777 1265 1040 1335 Spiritum
1071 1277 1324 1322 sanctum
1348 1269 1412 1333 ¹³,
1447 1287 1465 1319 ι
1503 1267 1672 1330 Bene,
1703 1286 1722 1318 ι
1761 1267 2035 1336 inquiens,

465 1369 482 1406 ι
516 1356 730 1412 locutus
753 1368 836 1412 eat
871 1358 1108 1428 Spiritus
1135 1369 1356 1414 sanctus
1384 1360 1453 1414 ad
1487 1369 1670 1430 patres
1703 1369 1918 1415 nostros
1943 1374 2039 1428 per

457 1446 650 1500 Isaiam
705 1449 1028 1518 prophetam
1080 1468 1094 1506 :
1149 1450 1317 1515 Aure,
1341 1453 1616 1520 inquiens,
1667 1451 1930 1516 audietis,
1984 1460 2040 1506 et

455 1554 562 1592 non
600 1539 932 1610 intelligetis,
968 1552 1024 1597 et
1055 1543 1303 1598 videntes
1331 1543 1606 1608 videbitis,
1641 1554 1696 1597 et
1759 1558 1868 1597 non
1909 1557 2038 1612 per-

456 1628 723 1698 Spicietis,
751 1631 1111 1686 incrassatum
1143 1643 1226 1686 est
1249 1633 1396 1686 enim
1448 1647 1543 1687 cor
1592 1631 1776 1702 populi
1810 1631 1989 1700 hujus,
2015 1648 2035 1682 ι

461 1735 516 1778 ct
553 1725 785 1794 reliqua.
819 1726 1086 1780 Prsrterca
1145 1742 1271 1781 cum
1311 1727 1482 1782 Filius
1509 1726 1576 1782 de
1615 1727 1774 1780 Patre
1820 1724 2039 1778 Petrum

461 1817 774 1887 alloquitur,
829 1837 846 1868 ι
886 1817 1088 1872 Beatus
1137 1833 1228 1881 es,
1269 1837 1288 1870 ι
1339 1818 1536 1888 inquit,
1595 1836 1613 1870 ι
1665 1817 1792 1887 quia
1827 1831 1954 1871 caro
1984 1824 2040 1870 et

458 1910 680 1980 sanguis
703 1923 812 1963 non
865 1909 1122 1963 revelavit
1173 1909 1295 1975 tibi,
1327 1910 1423 1963 sed
1459 1909 1619 1963 Pater
1649 1922 1834 1971 meus,
1863 1905 1954 1977 qui
1984 1906 2037 1962 in

455 2002 608 2054 cwlis
637 2000 811 2055 est“.
852 2019 870 2052 ι
903 1999 1026 2055 Hmc
1063 2003 1254 2056 eadem
1301 2001 1368 2055 de
1410 2016 1469 2055 se
1513 2000 1633 2069 ipso
1681 1999 1825 2055 idem
1867 1998 2040 2055 Filius

453 2094 730 2162 loquitur:
767 2113 784 2141 ι
827 2093 1041 2159 Nullus,
1077 2112 1094 2145 ι
1133 2095 1409 2163 inquiens,
1447 2111 1466 2146 ι
1503 2094 1654 2148 novit
1688 2094 1900 2149 Patrem
1931 2093 2039 2148 nisi

455 2185 644 2247 Filius.
677 2195 731 2240 et
762 2187 848 2240 cui
880 2188 1112 2241 voluerit
1141 2186 1312 2241 Filius
1342 2187 1588 2241 revelare
1615 2187 1681 2242 ¹⁵.
1719 2205 1739 2237 ι
1776 2185 2041 2241 Similiter

450 2289 508 2332 et
536 2279 602 2334 de
635 2276 839 2348 Spiritu
870 2279 1070 2334 Paulus
1099 2281 1175 2334 ait
1221 2295 1236 2333 :
1274 2297 1292 2331 ι
1337 2279 1504 2334 Nobis
1554 2288 1736 2334 autem
1781 2279 2042 2336 rcvelavit

455 2371 599 2428 Deus
633 2389 730 2443 per
756 2371 1018 2441 Spiritum
1049 2387 1211 2429 suum
1235 2373 1300 2426 “.
1344 2389 1362 2424 ι
1402 2373 1636 2428 Rursum
1664 2388 1787 2428 cum
1814 2373 2041 2428 dixisset

453 2463 701 2518 Paulus:
747 2478 766 2515 ι
818 2463 1169 2518 Multifariam
1207 2463 1501 2532 multisque
1550 2463 1726 2517 modis
1775 2464 1904 2518 olim
1964 2465 2040 2518 lo-

451 2567 614 2612 cutus
659 2557 800 2611 Deus
847 2557 1094 2626 patribus
1121 2556 1325 2611 nostris
1361 2555 1415 2610 in
1447 2555 1734 2627 prophetis
1757 2555 1822 2621 ⁸⁷,
1861 2573 1880 2605 ι
1910 2555 2037 2608 alibi

451 2650 583 2704 dicit
617 2650 812 2704 Filium
869 2650 1041 2720 loqui,
1108 2669 1126 2702 ι
1169 2649 1638 2720 Experimentum,
1686 2667 1704 2699 ι
1765 2649 2036 2718 inquiens,

459 2762 477 2792 ι
505 2742 750 2806 quaeritis
769 2743 906 2812 ejus,
927 2742 1018 2811 qui
1035 2743 1090 2797 in
1121 2757 1207 2796 me
1229 2741 1469 2811 loquitur
1485 2739 1738 2797 Christus
1754 2738 1767 2770 ¹
1782 2741 1821 2793 ⁸.
1837 2739 2038 2794 iFilius

458 2845 639 2892 autem
665 2834 929 2905 Spiritum
966 2834 1043 2891 ait
1070 2835 1124 2889 itt
1148 2835 1412 2905 apostolis
1432 2835 1578 2902 loqui
1609 2851 1623 2888 :
1669 2851 1688 2886 ι
1727 2835 1978 2902 Quando,
2011 2852 2031 2888 ι

452 2928 757 2999 inquiens,t
784 2927 1124 2993 tradenti-os,
1147 2928 1315 2985 nolite
1334 2927 1563 2983 solliciti
1585 2943 1726 2992 esse,
1741 2928 2033 2998 quomodo,

454 3033 550 3078 aut
583 3021 712 3092 quid
742 3020 1058 3091 loquamini.
1081 3020 1307 3076 Dabitur
1327 3021 1475 3076 enim
1494 3019 1649 3076 vobis
1675 3019 1732 3074 in
1763 3019 1852 3074 illa
1878 3018 2033 3084 hora,

2145 715 2355 786 μήποτε
2406 715 2558 770 ῐδωσι
2597 717 2711 778 τοῖς
2739 714 3041 784 ὀφθαλμοῖς
3079 714 3282 778 αὐτῶν,
3327 714 3556 776 καὶτοῖς
3587 714 3727 768 ὠσὶν

2140 807 2440 873 ἀκούσωσι,
2466 808 2562 860 καὶ
2593 809 2658 878 τῇ
2685 807 2883 877 καρδίᾳ
2930 806 3154 869 συνῶσι,
3193 808 3287 858 καὶ
3325 806 3722 875 ὲπιστρὲψωσι,

2139 899 2231 952 καὶ
2265 899 2508 968 ίὰσωμαι
2543 897 2762 960 αὐτούς.
2797 917 2814 948 ι
2864 898 2922 950 '0
2945 898 3002 950 δὲ
3032 898 3429 966 εῦαγγελιστὴς
3468 898 3727 966 Ἰωάννης

2138 993 2307 1060 λέγει·
2343 991 2469 1045 «Διὰ
2495 991 2651 1043 τοῦτο
2673 991 2771 1042 οὐκ
2791 990 3054 1059 ἠδύναντο
3078 991 3128 1041 οί
3178 990 3422 1042 Ἰουδαῖοι
3442 989 3724 1042 πιστεύειν

2138 1087 2217 1148 είς
2245 1085 2337 1138 τὸν
2371 1082 2596 1153 Ἰησοῦν,
2622 1082 2753 1135 διότι
2782 1078 2935 1136 εἶπεν
2969 1079 3196 1144 Ἡσαΐας
3222 1081 3347 1151 περὶ
3373 1081 3554 1133 αὐτῶν
3575 1095 3590 1112 ’
3620 1081 3723 1132 Τεό

2136 1176 2451 1246 τύφλωνται
2495 1175 2676 1228 αὐτῶν
2695 1167 2753 1228 ὀί
2783 1173 3077 1243 ὀφθαλμοὶ,
3118 1173 3214 1227 καὶ
3261 1171 3597 1240 πεπὼρωται
3626 1173 3725 1226 αὐ·-

2136 1271 2247 1325 τῶν
2285 1271 2318 1340 ἡ
2373 1267 2590 1338 καρδία,
2630 1267 2777 1328 ὅπως
2825 1265 2898 1336 μὴ
2933 1267 3081 1320 ἴδωσι
3131 1267 3243 1328 τοῖς
3268 1264 3591 1333 ὀφθαλμοῖς,
3627 1264 3724 1316 καὶ

2139 1362 2341 1415 συνῶσι
2387 1363 2452 1430 τῇ
2502 1358 2724 1428 καρδίᾳ,
2766 1357 2862 1412 xal
2903 1355 3298 1428 ἐπιστρέψωσι,
3331 1356 3422 1408 καὶ
3477 1357 3722 1422 ἰάσωμαι

2138 1455 2358 1518 αὐτούς.
2395 1473 2415 1506 ι
2450 1451 2638 1506 Ταῦτα
2665 1450 2724 1504 δὲ
2772 1447 2926 1503 εἷπεν
2967 1449 3213 1512 Ἡσαΐας,
3245 1450 3333 1502 ὅτε
3372 1447 3480 1500 εἶδε
3513 1448 3613 1517 τὴν
3632 1447 3721 1499 δό-

2140 1547 2236 1611 ξαν
2271 1543 2458 1598 αὑτοῦ.
2521 1541 2580 1595 ὐ
2633 1541 2692 1594 δὲ
2735 1538 2946 1601 Παῦλος
2976 1538 3054 1608 τῷ
3103 1538 3244 1608 ἁγίῳ
3299 1537 3578 1605 Πνεύματι
3623 1534 3721 1604 τὴν

2138 1634 2495 1708 χρησμῳδίαν
2521 1623 2756 1700 ἀνέθηκε
2783 1631 2957 1698 λέγων
2981 1646 2994 1660 ’
3033 1647 3051 1680 ι
3077 1628 3272 1690 Καλῶς
3311 1626 3415 1697 ἔφη
3443 1628 3502 1680 16
3549 1623 3722 1677 Πνεῦο

2145 1746 2221 1796 μα
2254 1727 2316 1780 16
2363 1727 2519 1796 ἆγιον
2551 1723 2639 1776 διὰ
2671 1721 2766 1775 τοῦ
2815 1722 3099 1791 προφήτου
3145 1719 3370 1772 Ἡσαΐου
3413 1717 3549 1787 πρὸς
3594 1716 3722 1773 τοὺς

2071 1794 2114 1853 Β
2143 1794 2387 1887 πατέρας
2412 1794 2603 1886 ὑμῶν·
2650 1814 2812 1883 ’Δκοῇ
2847 1813 3133 1873 ἀκούσετε,
3169 1811 3260 1863 ml
3297 1810 3360 1862 οὐ
3395 1808 3468 1877 μὴ
3502 1807 3722 1876 συνῆτε,

2142 1915 2237 1966 καὶ
2274 1911 2569 1982 βλέποντες
2591 1907 2838 1979 βλέψετε,
2872 1907 2965 1959 καὶ
2998 1905 3059 1956 οὐ
3099 1902 3172 1974 μὴ
3196 1902 3365 1970 ἴδητε.
3407 1899 3720 1968 Ἐπαχῦνθη

2142 2003 2251 2074 γὰρ
2276 2004 2309 2073 ἡ
2339 2001 2535 2072 καρδία
2568 1997 2663 2052 τοῦ
2707 1997 2838 2050 λαοῦ
2867 1995 3114 2058 τούτου,›
3146 1994 3240 2044 ml.
3276 1993 3342 2046 τὰ
3379 1991 3526 2059 ἑξῆς.
3554 1988 3722 2042 Πάλιν

2143 2095 2220 2159 δὲ,
2265 2095 2352 2148 ὅτε
2388 2092 2538 2162 λέγει
2581 2092 2610 2144 6
2643 2091 2769 2153 Υἱὸς
2807 2089 2937 2158 περὶ
2979 2086 3074 2141 τοῦ
3118 2084 3331 2154 Πατρδς
3363 2082 3442 2152 τῷ
3478 2082 3672 2151 Πέτρῳ
3700 2091 3719 2109 ο

2147 2205 2167 2241 ι
2196 2187 2486 2256 Μακάριος
2523 2181 2594 2250 εἴ,
2635 2185 2717 2238 ὅτι
2767 2183 2906 2253 σὰρξ
2948 2180 3043 2235 καὶ
3096 2174 3234 2247 αἷμα
3263 2179 3365 2229 οὐκ
3400 2171 3718 2240 ἀπεκάλυψὲ

2147 2299 2250 2347 σοι,
2285 2280 2402 2333 ἀλλ’
2443 2281 2470 2332 6
2501 2280 2689 2348 Πατήρ
2731 2294 2833 2346 μου
2865 2279 2892 2329 6
2916 2279 2972 2328 ὲν
3014 2275 3128 2335 τοῖς
3159 2271 3428 2340 οὐρανοῖς.
3460 2285 3477 2317 ι
3513 2267 3592 2318 Τὰ
3623 2264 3722 2316 αῦδ

2141 2372 2212 2425 τὰ
2240 2371 2334 2424 καὶ
2365 2370 2492 2439 περὶ
2517 2367 2712 2424 ἑαυτοῦ
2746 2367 2933 2433 λέγει·
2975 2383 2993 2415 ι
3023 2363 3213 2422 υῦδεὶς
3246 2356 3600 2425 ἐπιγινώσκει
3625 2354 3720 2406 τὸν

2140 2465 2387 2534 Πατέρα,
2429 2481 2446 2514 ι
2483 2462 2670 2531 φησιν,
2713 2478 2730 2511 ι
2756 2461 2802 2511 εί
2837 2459 2912 2528 μὴ
2944 2458 2971 2509 6
2999 2457 3148 2518 Υἱὸς,
3180 2457 3275 2506 καὶ
3297 2447 3338 2518 ᾧ
3361 2453 3428 2503 ἂν
3461 2449 3721 2519 βούληται

2140 2561 2168 2612 6
2199 2558 2321 2620 Υἱὸς
2348 2554 2750 2622 ἀποκαλύψαι.»
2790 2550 3022 2621 Ὁμοίως
3052 2550 3108 2603 δὲ
3150 2548 3244 2600 καὶ
3281 2544 3407 2618 περὶ
3435 2541 3526 2596 τοῦ
3552 2539 3724 2592 Πνεύ-

2145 2665 2315 2718 ματος
2349 2649 2376 2700 6
2402 2643 2613 2706 Παῦλος
2652 2643 2770 2712 λέγε
2782 2659 2820 2695 ι’
2859 2659 2878 2692 ι
2904 2642 3060 2711 Ἡμῖν
3079 2641 3136 2692 δὲ
3159 2635 3509 2704 ἀπεκάλυψεν
3530 2636 3558 2686 6
3585 2632 3722 2694 Θεὸς

2138 2739 2231 2793 διὰ
2258 2736 2352 2792 τοῦ
2377 2736 2692 2805 Πνεύματος
2721 2730 2908 2788 αὑτοῦ.
2941 2750 2960 2782 ι
2990 2731 3158 2784 Πάλιν
3197 2727 3290 2781 οῦν
3315 2725 3484 2779 είπὼν
3509 2725 3538 2778 6
3568 2721 3718 2776 Παῦ-

2139 2830 2264 2895 λος·
2307 2827 2682 2898 (Πολυμερῶς
2743 2825 2839 2879 καὶ
2886 2823 3240 2893 πολυτρόπως
3285 2820 3451 2874 πάλαι
3499 2818 3528 2870 6
3581 2815 3716 2878 Θεὸς

2139 2920 2378 2993 λαλήσας
2413 2924 2526 2983 τοῖς
2565 2918 2836 2988 πατράσιν
2881 2919 2938 2968 ἐν
2963 2918 3074 2978 τοῖς
3105 2916 3436 2985 προφήταις,
3463 2931 3481 2963 ι
3517 2911 3610 2963 ml.
3647 2908 3716 2960 τὰ

2140 3017 2290 3083 ἑξῆς,
2327 3012 2561 3082 ἀλλαχοῦ
2606 3011 2775 3078 λέγει,
2809 3011 2893 3062 ὅτι
2937 3011 2964 3060 6
3005 3007 3132 3069 Υἱὸς
3167 3005 3339 3064 λαλεῖ,
3370 3001 3448 3071 τῷ
3498 3001 3672 3054 εἰπεῖν
3696 3013 3710 3025 ’

453 3115 599 3183 quod
635 3113 950 3183 loquamini.
978 3111 1097 3168 Non
1129 3113 1274 3167 enim
1315 3127 1414 3167 vos
1445 3111 1694 3181 estis,qui
1727 3109 2035 3180 loquimini,

2148 3130 2167 3163 ι
2207 3110 2278 3161 ’Ἡ
2326 3104 2558 3172 δοκιμὴν
2607 3103 2824 3170 ζητεῖτε
2852 3097 2946 3151 τοῦ
2981 3098 3040 3150 ἐν
3081 3097 3204 3167 ἐμοὶ
3253 3092 3542 3154 λαλοῦντος
3582 3089 3714 3157 Χρι·

2242 3199 2266 3208 -
2532 3194 2570 3208 -.
2624 3195 2703 3208 υ..
2828 3190 2842 3208 ε
2893 3191 2936 3208 τ.
3151 3181 3266 3208 ετ--
3297 3184 3480 3208 πμ-.-τη
3515 3184 3571 3208 ι..
3601 3181 3714 3208 -.:.

456 3181 549 3264 sed
581 3181 819 3278 Spiritus
855 3207 1052 3271 Patris,
1093 3207 1186 3276 qui
1228 3208 1470 3276 loquitur
1498 3208 1554 3262 in
1590 3206 1746 3260 vobis
1776 3207 1838 3258 ‘9.
1881 3223 1900 3257 ι
1957 3205 2034 3257 Ac

2142 3199 2301 3265 στοῦ;
2342 3216 2359 3249 ι
2431 3193 2493 3251 ’0
2527 3194 2584 3248 δὲ
2624 3195 2745 3255 Υἱὸς
2793 3190 2852 3242 τὸ
2893 3188 3119 3257 Πνεῦμα
3147 3181 3266 3239 εἷπε
3297 3184 3480 3237 λαλεῖν
3513 3184 3571 3234 ὲν
3601 3181 3715 3241 τοῖς

454 3303 522 3356 de
560 3299 721 3356 Patre
779 3300 1021 3370 quidem,
1093 3308 1148 3354 et
1191 3299 1259 3355 de
1289 3315 1348 3355 se
1373 3299 1492 3368 ipso
1548 3299 1807 3354 Servator
1853 3297 2028 3352 dixit:

464 3413 480 3442 ι
522 3391 633 3463 Ego
665 3402 719 3447 et
754 3391 912 3446 Pater
943 3394 1247 3456 veniemus,
1279 3403 1336 3446 et
1360 3391 1700 3444 mansionem
1737 3389 1880 3459 apud
1907 3403 2034 3444 eum

455 3487 716 3540 faciemus
741 3485 808 3550 ⁸ο,
838 3481 1007 3553 ιορυό
1033 3484 1181 3538 illum
1216 3485 1422 3553 utique,
1454 3483 1547 3552 qui
1581 3482 1842 3552 templum
1882 3481 2034 3550 ipso-

459 3594 576 3630 tum
607 3578 730 3643 erit,
759 3586 812 3630 et
862 3578 1080 3646 dignus,
1106 3575 1198 3645 qui
1231 3590 1324 3630 eos
1375 3573 1656 3644 suscipiat.
1709 3574 1798 3627 Ait
1830 3571 2035 3626 Paulus

455 3670 523 3721 de
559 3678 748 3722 sancto
773 3667 1030 3738 Spiritu”
1067 3669 1147 3722 Λιι
1182 3667 1498 3737 ignoratis,i
1527 3665 1753 3735 inquit,t
1789 3679 1884 3718 vos
1908 3678 2034 3719 esse

456 3759 722 3829 templum
755 3759 992 3829 Spiritus
1017 3760 1211 3823 sancti,
1240 3759 1334 3827 qui
1365 3759 1576 3813 habitat
1602 3759 1655 3812 in
1691 3757 1846 3811 vobis
1887 3756 1971 3808 "7
2010 3773 2029 3807 ι

456 3853 725 3908 Praeterea
753 3852 1013 3907 Servator
1047 3853 1124 3906 ait
1162 3852 1216 3905 in
1249 3849 1542 3922 Evangelia
1573 3865 1586 3905 :
1629 3866 1648 3900 ι
1699 3847 1853 3902 Sicut
1875 3848 2034 3902 Pater

456 3945 685 4001 suscitat
727 3955 974 4000 mortuos
1019 3954 1075 3998 et
1122 3942 1398 4006 viviticat,
1452 3942 1533 3996 sic
1578 3951 1632 3994 et
1677 3939 1870 4006 Filius,
1895 3953 2034 4008 quos

454 4040 575 4090 vult
630 4037 867 4091 viviﬁcat
901 4037 967 4089 ¹¹.
1007 4054 1026 4088 ι
1093 4035 1296 4088 Paulus
1337 4042 1521 4088 autem
1573 4033 1640 4088 ad
1677 4031 2032 4096 Corinthios,

462 4146 481 4179 ι
525 4127 782 4197 Spiritus,
815 4147 833 4178 ι
869 4127 1064 4194 inquit,
1120 4143 1138 4175 ι
1177 4133 1262 4180 cst
1287 4124 1379 4194 qui
1416 4125 1652 4179 viviﬁcat
1690 4124 1759 4177 ’³.
1803 4143 1822 4175 ι
1863 4124 2034 4178 Docet

458 4220 601 4273 idem
630 4217 854 4283 Paulus,
893 4234 911 4266 ι
955 4217 1284 4282 Divisiunes,
1327 4235 1344 4268 ι
1375 4216 1654 4286 inquiens,
1682 4234 1700 4267 ι
1735 4215 2032 4288 gratiarum

457 4320 614 4377 sunt,
647 4311 788 4366 idem
820 4319 1006 4365 autem
1042 4309 1303 4379 Spiritus,
1351 4317 1405 4363 et
1435 4309 1731 4366 divisiones
1761 4309 2036 4364 ministra-

459 4405 667 4458 tionum
697 4412 846 4474 sunt,
878 4401 1034 4479 idem
1064 4412 1246 4455 autem
1285 4401 1580 4466 Dominus,
1631 4413 1687 4458 et
1729 4403 2032 4458 divisiones

2137 3291 2476 3352 ἀποστόλοις.
2525 3306 2543 3339 ι
2571 3287 2704 3339 Ὀτε
2757 3285 2837 3348 δὲ,
2889 3283 3048 3352 φησὶ,
3083 3279 3502 3349 παραδώσουσιν
3544 3273 3712 3343 ὑμᾶς,

2140 3385 2215 3455 μὴ
2261 3380 2663 3452 μεριμνήσητε,
2713 3376 2831 3439 πῶς
2878 3373 2914 3441 ἢ
2975 3371 3028 3424 τί
3081 3371 3372 3439 λαλήσετε.
3419 3364 3713 3455 Δοθήσεται

2137 3454 2247 3546 γὰρ
2281 3476 2411 3544 ὑμῖν
2443 3475 2500 3525 ὲν
2533 3470 2718 3539 ἐκείνῃ
2746 3471 2814 3538 τῇ
2863 3466 3002 3538 ὥρᾳ,
3052 3463 3106 3516 τί
3145 3461 3444 3532 λαλήσετε.
3490 3457 3566 3546 Οῗῦ
3601 3454 3711 3521 γὰρ

2139 3545 2300 3638 ὑμεῖς
2337 3569 2463 3620 ὲστε
2499 3565 2547 3616 οἱ
2591 3560 2905 3624 λαλοῦντες,
2933 3556 3070 3611 ἀλλὰ
3103 3555 3164 3608 16
3215 3551 3436 3619 Πνεῦμα
3461 3545 3554 3598 τοῦ
3597 3546 3708 3638 Ila:

2136 3633 2264 3728 τρὸς
2292 3657 2446 3728 ὑμῶν
2489 3655 2548 3709 16
2591 3653 2788 3707 λαλοῦν
2821 3653 2878 3704 ὲν
2926 3650 3076 3718 ὑμῖν.
3113 3665 3130 3698 ι
3163 3646 3271 3698 Kal
3305 3641 3432 3711 περὶ
3477 3639 3577 3708 μὲν
3611 3633 3707 3728 τοῦ

2139 3723 2348 3820 Π-ατρὺς
2401 3747 2494 3800 καὶ
2541 3742 2735 3798 ἑαυτοῦ
2782 3744 2810 3794 ὁ
2848 3741 3038 3808 Σωτὴρ
3079 3738 3295 3806 εἴρηκεν
3344 3733 3437 3815 ¹ὅτι
3499 3747 3517 3781 ι
3567 3723 3712 3794 Ἐγὼ

2137 3843 2233 3898 καὶ
2260 3845 2288 3896 6
2319 3839 2508 3910 Πατὴρ
2535 3833 2866 3906 ἐλευσόμεθα
2905 3832 2999 3887 καὶ
3035 3828 3198 3898 μονὴν
3222 3821 3354 3894 παρ’
3381 3820 3531 3889 αὒτῷ
3556 3821 3718 3889 ποιή-

2141 3952 2328 4006 σομεν,
2367 3951 2386 3984 ι
2437 3932 2516 4000 τῷ
2549 3927 2795 3998 γεγονότι
2834 3923 3036 3994 δηλαδὴ
3062 3920 3174 3990 ναῷ
3205 3917 3411 3972 τούτων
3444 3915 3543 4006 ml.
3582 3911 3718 3980 ἀξίῳ

2137 4005 2236 4098 τῆς
2271 4024 2540 4093 ὑποδοχῆς
2569 4019 2771 4074 αὑτῶν.
2815 4017 2950 4084 Περὶ
2995 4015 3052 4067 δὲ
3079 4013 3173 4066 τοῦ
3207 4010 3365 4080 ἁγίου
3399 4005 3720 4098 Πνεύματος

2137 4097 2241 4191 [cpt]
2276 4118 2481 4179 Παῦλος
2503 4132 2519 4148 ο
2564 4132 2584 4165 ι
2617 4114 2688 4166 *Π
2721 4112 2822 4166 οὐκ
2856 4110 3055 4171 οῐδατε,
3082 4106 3164 4158 ὅτι
3195 4105 3263 4156 τὰ
3306 4100 3535 4172 σώματα
3561 4097 3719 4191 ῦμιῖιν
3774 4176 3782 4180 Α

2137 4187 2262 4274 ναὸς
2290 4209 2382 4263 τοῦ
2424 4209 2481 4260 ἐν
2510 4206 2640 4276 ὑμῖν
2673 4204 2830 4266 ἁγίου
2880 4195 3194 4262 Πνεῦματός
3217 4195 3372 4259 ὲστις
3413 4209 3433 4243 ι
3474 4189 3584 4242 Kal
3610 4187 3717 4240 πά-

2136 4307 2255 4360 λινο
2310 4321 2328 4352 ι
2359 4301 2467 4354 Kal
2507 4298 2569 4352 16
2610 4298 2834 4365 Πνεῦμα
2873 4293 2968 4348 τοῦ
3019 4289 3154 4344 Θεοῦ
3194 4287 3255 4340 16
3305 4285 3460 4352 ἆγιον
3487 4282 3630 4333 οίκεῖ
3656 4279 3718 4332 ὲν

2139 4402 2289 4470 ὑμῖν.
2326 4416 2346 4450 ι
2381 4395 2490 4448 Kal
2520 4393 2578 4446 ὲν
2625 4392 2724 4460 μὲν
2753 4388 2830 4459 τῷ
2864 4383 3180 4454 Εὐαγγελίῳ
3208 4379 3376 4450 φησὶν
3413 4376 3710 4470 ὁνΣωτήρμ·

456 4496 844 4567 υροιοιὶοιιυιιι
877 4476 1028 4558 Sunt,
1059 4493 1200 4548 idem
1236 4502 1421 4548 autem
1463 4492 1604 4547 Deus
1632 4494 1700 4550 “.
1742 4514 1760 4545 ι
1810 4495 1891 4550 Ad
1915 4495 2030 4549 haec

2147 4466 2390 4559 «λοσπερ
2420 4489 2448 4540 6
2471 4487 2660 4555 Πατὴρ
2682 4481 2886 4550 ἐγείρει
2911 4479 3036 4540 τοὺς
3063 4475 3291 4542 νεκροὺς
3313 4472 3408 4527 καὶ
3436 4466 3717 4567 ζωοποιεῖ,

459 4590 629 4644 David
676 4587 965 4642 Dominum
1023 4601 1145 4640 esse
1176 4587 1391 4655 piorum
1441 4588 1818 4643 haereditatem
1872 4588 2027 4655 dicit,

462 4704 480 4732 ι
515 4685 799 4747 Dominus,
831 4699 850 4732 ι
878 4680 1152 4750 inquiens.
1192 4698 1210 4730 ι
1239 4696 1364 4750 pars
1394 4681 1729 4735 lnereditatis
1763 4683 1976 4737 meat".
2009 4701 2028 4734 ι

455 4776 720 4831 .Icremias
753 4783 934 4828 autem
971 4773 1220 4838 Filium,t
1258 4773 1359 4840 Qui
1399 4773 1674 4838 formavit,
1711 4794 1727 4825 ι
1761 4775 2034 4844 inquiens,

462 4889 481 4921 ι
523 4869 724 4934 omnia,
757 4867 876 4936 ipse
905 4876 987 4921 est
1010 4867 1296 4921 haereditas
1319 4865 1488 4922 Jacob
1525 4870 1590 4921 ’⁸.
1623 4887 1642 4918 ι
1680 4865 1880 4923 Paulus
1909 4884 2037 4924 vero

460 4962 727 5031 Spiritum
767 4967 1040 5021 sanctum,
1094 4977 1112 5008 ι
1139 4957 1240 5023 Qui
1289 4968 1372 5012 est
1407 4960 1604 5028 pignus
1631 5000 1645 5026 ,
1683 4977 1700 5010 ι
1753 4960 2033 5028 inquiens,

421 5100 434 5115 ,
463 5075 481 5105 ‹
524 5053 859 5108 luereditatis
880 5060 1081 5105 nostra:
1105 5053 1172 5104 ’⁷.
1214 5071 1232 5102 ι
1308 5051 1578 5107 .‘ercmias
1631 5053 1924 5107 Dominum
1953 5054 2039 5108 di-

458 5147 668 5200 rexisse
699 5145 961 5215 populum
990 5146 1084 5210 ait,
1124 5164 1142 5196 ι
1183 5144 1299 5198 Non
1331 5145 1464 5207 dixi,
1506 5165 1525 5196 ι
1563 5145 1842 5215 inquiens,
1890 5166 1908 5198 ι
1942 5147 2034 5201 ubi

457 5251 542 5296 cst
575 5239 861 5302 Dominus,
893 5239 987 5310 qtti
1024 5239 1212 5294 eduxit
1239 5254 1342 5293 nos
1368 5255 1432 5293 ex
1463 5239 1730 5310 .IEgypto,
1764 5240 1856 5309 qui
1890 5241 2030 5294 rexit

460 5351 562 5389 nos
600 5335 653 5388 in
693 5334 915 5389 deserto
941 5331 1026 5385 "‘2
1068 5351 1089 5384 ι
1145 5332 1344 5388 Paulus
1377 5342 1560 5387 autem
1616 5333 1682 5387 ad
1717 5333 2034 5388 Corinthios

458 5427 707 5483 acribeus
748 5427 1024 5483 Christum
1083 5425 1325 5480 ostendit
1369 5424 1536 5480 luisse
1594 5426 1796 5480 veteris
1850 5425 2037 5495 populi

533 5611 578 5643 “
603 5608 760 5664 Joan.
792 5626 887 5670 xu.
922 5609 1011 5670 '59,
1046 5611 1130 5664 .IO.
1177 5613 1219 5644 ⁸³
1254 5612 1372 5666 Act.
1409 5628 1596 5670 xxviii,
1631 5611 1718 5664 9.6.
1765 5611 1808 5643 ”
1839 5610 2024 5664 Matth.
2050 5627 2154 5669 xw.
2193 5607 2275 5660 Π.
2354 5603 2610 5657 "Matth.
2649 5621 2723 5665 XI,
2751 5602 2839 5654 9.7.
2911 5601 2950 5631 ¹⁶
2988 5598 3254 5670 lCur._tt,
3293 5591 3375 5646 10.

997 5654 1011 5673 ,
1046 5653 1130 5664 τυ.
1409 5653 1596 5674 ,.,.,..,,
1635 5653 1718 5664 -ν.

1002 5696 1116 5735 xm.
1151 5684 1206 5735 ὃ.
1286 5684 1324 5715 ⁸³
1366 5684 1494 5735 [.uc.
1525 5699 1616 5735 xu.
1659 5683 1742 5735 Il.
1773 5682 1852 5734 l2.
1933 5681 1978 5712 ²⁰
2013 5679 2035 5733 ,Ι

2137 5653 2167 5732 ι’.
2355 5653 2618 5731 ἓῦξηῖίνί
2652 5653 2777 5728 Cor.
2815 5653 2888 5732 vt,
2932 5673 3016 5725 19.
3097 5670 3142 5700 ³⁸
3174 5653 3330 5720 Jnan.
3369 5681 3419 5722 γ.
3448 5663 3541 5735 2t.
3609 5661 3652 5690 ⁸⁸
3683 5659 3728 5715 ιι

463 5685 499 5740 ι,
535 5681 584 5734 l.
682 5680 723 5710 "
758 5679 803 5733 Il
832 5682 956 5734 Cor.
1002 5696 1116 5742 xm,
1151 5684 1206 5736 3.
1286 5684 1324 5715 ⁸³
1366 5684 1494 5736 Luc.
1525 5699 1616 5747 χιι,
1659 5683 1742 5744 Η,
1773 5682 1852 5734 l2.

461 5752 586 5805 lior.
648 5765 723 5804 III.
764 5751 814 5806 8.
892 5748 937 5781 ’δ
975 5749 1014 5800 ll
1047 5749 1170 5806 Cur.
1233 5769 1325 5815 XII,
1386 5755 1411 5806 -ί
1456 5770 1573 5822 sqq.

1678 5754 1721 5782 "’
1757 5751 1895 5806 Psal.
1952 5767 2040 5817 xv,

2135 4585 2278 4640 οὕτω
2334 4557 2430 4636 καὶ
2476 4582 2504 4634 6
2556 4577 2704 4640 Υἱὸς,
2754 4573 2848 4634 οὓς
2894 4571 3062 4632 θέλει,
3100 4565 3378 4632 ζωοποιεῖ.
3411 4581 3430 4614 ι
3489 4559 3629 4628 Πρὸς
3661 4557 3721 4608 δὲ

2136 4673 2457 4748 Κορινθίους
2490 4670 2692 4741 γράφει
2716 4663 2927 4721 Παῦλος
2946 4678 2960 4692 ο
3002 4659 3108 4726 (T6
3146 4655 3371 4748 Πνεῦμα
3399 4653 3709 4748 ζωοποιεῖ.»

2138 4743 2246 4822 Kal.
2287 4762 2444 4828 αὖθις
2476 4763 2719 4816 διδάσκει
2771 4753 2979 4815 Παῦλος
3003 4767 3018 4782 ο
3076 4767 3095 4799 ι
3120 4747 3428 4817 Διαιρέσεις
3474 4743 3530 4796 δὲ
3560 4757 3723 4812 χαριο

2138 4859 2363 4930 ομάτων
2397 4857 2524 4921 ιίσὶ,
2548 4854 2608 4906 16
2632 4851 2691 4905 δὲ
2726 4848 2858 4905 αὐτὸ
2881 4844 3124 4913 Πνεῦμαο
3166 4841 3260 4896 xal.
3282 4835 3722 4930 διαιρέσεις-δια-

2139 4926 2338 5007 κονιῶν
2391 4951 2520 5012 εἱσι,
2569 4945 2667 4999 καὶ
2708 4943 2736 4994 6
2784 4941 2947 5003 αὐτὸς
2998 4935 3240 5007 Κύριος·
3297 4931 3390 4985 καὶ
3427 4926 3727 4997 διαιρέσεις

2138 5041 2534 5114 ἐνεργημάτων
2573 5039 2700 5101 είσὶ,
2737 5036 2831 5089 καὶ
2859 5035 2887 5086 6
2936 5031 3097 5092 αὐτὸς
3140 5027 3297 5090 Θεός.
3325 5043 3344 5077 ι
3383 5022 3493 5078 Καὶ
3548 5021 3576 5073 6
3620 5019 3728 5086 μὲν

2136 5139 2300 5195 Δαυῖδ
2333 5136 2423 5191 τὸν
2453 5134 2656 5204 Κύριον
2689 5125 2828 5183 εἶναι
2865 5128 2965 5196 τὴν
3013 5121 3386 5194 κληρονομίαν
3424 5119 3536 5174 τῶν
3568 5117 3732 5168 εὐσε-

2135 5238 2247 5290 δῶν
2274 5236 2427 5302 λέγει
2449 5250 2463 5265 ο
2507 5233 2742 5303 ιΚῦριος
2774 5231 2904 5299 γὰρ,
2938 5246 2957 5280 ι
3015 5226 3168 5296 φησὶ,
3213 5242 3231 5276 ι
3263 5219 3420 5292 μερὶς
3463 5217 3563 5286 τῆς
3589 5215 3732 5284 κλη-

2139 5331 2394 5400 ρονομίας
2424 5345 2522 5398 μου
2556 5344 2569 5358 ·
2615 5346 2632 5378 ι
2663 5327 2690 5377 6
2716 5325 2759 5378 δ’
2803 5322 3075 5393 Ἱερεμίας
3125 5317 3216 5370 τὸν
3255 5315 3380 5366 Υίόν
3404 5329 3418 5344 ·
3461 5330 3479 5362 t
3503 5311 3559 5361 '0
3589 5307 3734 5361 πλάο

2149 5439 2245 5484 σας
2289 5441 2306 5473 ι
2337 5421 2464 5491 γὰρ,
2503 5420 2656 5490 φησὶ,
2693 5436 2710 5469 ι
2743 5419 2810 5470 τα
2845 5415 3045 5478 πάντα,
3074 5412 3237 5474 αῦτὶς
3283 5403 3614 5476 κληρονομία
3648 5400 3732 5472 τῷ

3485 5593 3526 5623 ιτ
3559 5587 3728 5642 Hebr.

2233 5751 2276 5778 "‘
2309 5733 2424 5804 'Jcr.
2487 5764 2536 5801 Χ.
2618 5749 2658 5776 ³⁷
2696 5743 2895 5814 Epltcs.
2940 5758 2974 5809 ι,
3014 5741 3092 5795 ιι.
3174 5739 3216 5768 ³⁸
3248 5736 3357 5792 πίονι
3405 5750 3460 5800 ιι.
3495 5733 3547 5786 6ο
