3992 6210
465 309 536 393 tis
1707 315 2087 393 EUTHYMII
2126 315 2485 391 ZIGABENI
3658 319 3725 390 56

468 436 621 492 radix
657 477 672 502 ,
722 447 786 494 ex
817 441 926 510 qna
957 438 1079 496 lo'ns
1128 441 1251 495 vitae
1299 439 1538 510 profluit.
1583 439 1882 508 Sapientia,
1944 453 2035 507 po-

2146 443 2258 502 τοῖς
2301 435 2471 504 οὖσιν,
2526 439 2558 509 ἡ
2616 436 2740 510 ῥίζα
2803 434 2911 490 τῶν
2969 435 3209 499 ζώντων.
3257 434 3420 488 Ὅθεν
3486 436 3726 506 προῆλθε

468 519 658 594 testas,
691 531 870 603 imago
895 532 986 587 Dei
1007 533 1296 586 invisibilis
1318 531 1746 597 absolutissima,
1775 529 1945 585 Filius
1967 545 2036 583 ex

467 607 629 676 Patre
646 625 880 694 genitus,
901 625 991 694 qui
1016 627 1201 679 vivens
1233 633 1316 678 est
1341 622 1603 688 Verbum,
1633 625 1720 694 qui
1759 624 1900 679 Deus
1933 633 2036 685 est.

467 711 524 766 et
554 723 638 768 est
681 717 824 784 apud
873 718 1107 771 Patrem.
1151 711 1242 770 Sic
1287 724 1469 769 autem
1506 726 1608 779 est,
1656 725 1714 770 ut
1761 733 2037 786 nunquam

468 818 576 857 non
607 805 786 871 fuerit,
835 822 956 860 cum
993 807 1066 861 sit
1104 815 1232 861 ante
1274 808 1493 874 smcnla,
1543 823 1652 862 non
1699 817 1882 862 autem
1915 819 2038 877 post

467 897 789 963 acquisitns.
821 897 1011 961 Filius,
1038 899 1284 968 inquam,
1312 915 1420 953 non
1448 901 1754 969 possessio;
1788 901 2033 965 ell‘ector,

467 979 577 1037 lion
608 985 786 1040 factus
817 1004 829 1039 :
863 970 1096 1052 creator,
1140 1004 1248 1041 non
1279 1000 1516 1055 creatus,
1551 990 1642 1059 qui
1667 991 1826 1045 habet
1851 993 2036 1045 omnia

466 1079 587 1141 quae
642 1076 695 1129 in
733 1077 893 1132 Patre
949 1090 1099 1144 sunt,
1138 1079 1337 1134 Filium
1375 1089 1431 1134 et
1475 1079 1688 1135 Patrem
1738 1082 1882 1139 dico.
1929 1081 2038 1135 ilas

466 1159 602 1221 mihi
647 1171 1009 1240 proprietates
1047 1172 1296 1226 observa.
1335 1171 1394 1225 ln
1424 1187 1490 1226 eo
1523 1187 1756 1242 namque
1788 1189 2035 1239 manens,

467 1266 526 1310 ut
555 1258 725 1312 Filius
756 1262 848 1324 sit,
887 1264 1150 1334 quidquid
1212 1273 1297 1320 est
1340 1264 1532 1332 Pater,
1572 1269 1712 1321 idem
1768 1267 1884 1336 ipse
1931 1276 2035 1331 est,

465 1352 926 1416 quemadmodum
965 1357 1201 1425 ipsemet
1240 1360 1503 1415 Dominus
1550 1375 1681 1414 voce
1729 1369 1823 1413 sua
1859 1359 2038 1414 decla-

467 1453 582 1512 rat,
656 1465 674 1497 ι
709 1446 902 1502 Omnia
928 1487 944 1511 ,
976 1469 995 1501 ι
1047 1449 1298 1520 inquiens
1323 1492 1340 1518 ,
1427 1471 1445 1503 ι
1483 1465 1822 1520 quaecunque
1875 1451 2039 1504 habet

463 1535 646 1600 Pater,
683 1550 800 1589 mea
847 1546 974 1589 sunt
1013 1537 1079 1592 ⁸ο.
1117 1557 1135 1588 ι
1189 1537 1327 1594 Vere
1377 1539 1523 1594 enim
1567 1539 1774 1602 omnia,
1806 1538 1925 1607 quae
1979 1538 2036 1592 in

464 1633 794 1698 exemplaris
837 1630 1014 1683 forma
1063 1639 1210 1694 sunt,
1269 1635 1448 1700 imago
1505 1633 1770 1687 continet.
1829 1651 1848 1682 ι
1887 1630 2038 1686 Vidi-

467 1735 609 1781 mus,
653 1738 671 1770 ›
709 1720 889 1787 inquit
925 1722 1282 1792 evangelista,
1324 1741 1342 1774 ι
1377 1724 1603 1794 gloriam
1635 1725 1777 1794 ejus,
1809 1725 2035 1795 gloriam

467 1818 526 1862 ut
565 1807 841 1880 Unigcniti
866 1826 896 1863 a
939 1809 1098 1866 Patre
1131 1812 1198 1877 δι,
1243 1832 1262 1866 ι
1297 1814 1401 1868 hoc
1429 1825 1541 1880 est,
1589 1831 1699 1869 non
1741 1830 1826 1870 res
1859 1815 2035 1868 adrni-

464 1899 665 1954 rabiles
707 1901 758 1954 ei
802 1916 1029 1956 munere
1082 1912 1138 1956 et
1186 1905 1360 1973 gratia
1412 1907 1675 1970 tributas,
1731 1905 1825 1959 sed
1871 1920 2034 1974 quam

467 2006 533 2042 ex
561 1991 826 2045 societate
865 1994 1100 2048 naturali
1131 1993 1302 2049 Filius
1355 1996 1567 2051 obtinet
1611 2008 1850 2066 paterna:
1897 1996 2037 2051 divi-

463 2080 652 2135 nitatis
711 2083 1054 2152 dignitatem.
1111 2087 1402 2155 Accepisse
1475 2089 1618 2142 enim
1680 2104 1802 2142 cum
1871 2089 2036 2142 rebus

462 2170 661 2223 creatis
692 2186 986 2225 commune
1021 2184 1122 2237 est,
1169 2182 1365 2227 natura
1397 2189 1575 2229 autem
1616 2176 1862 2230 obtinere
1906 2191 2032 2245 pro-

463 2259 642 2328 prium
681 2270 764 2314 est
808 2261 998 2331 geniti.
1028 2262 1394 2327 Quamobrem
1461 2273 1522 2318 ut
1570 2264 1734 2320 Filius
1792 2265 2036 2334 possidet

460 2367 801 2423 quaecunque
871 2362 996 2407 sunt
1055 2354 1264 2419 l‘atris,
1325 2365 1384 2409 ut
1458 2353 1781 2426 Uuigenltus
1851 2366 2032 2411 autem

463 2459 718 2497 universa
773 2445 827 2497 in
880 2461 940 2500 se
990 2445 1112 2515 ipso
1175 2447 1424 2501 nominet
1474 2455 1528 2500 ct
1579 2448 2030 2517 ('Otttprcht‘ndil,

460 2536 610 2590 nulla
650 2550 709 2590 re
742 2552 865 2590 cum
913 2539 1019 2592 alio
1054 2539 1248 2592 divisa.
1293 2536 1370 2590 Et
1419 2539 1532 2607 ipsa
1576 2537 1739 2608 igitur
1795 2539 2034 2608 appella-

463 2637 613 2683 ttone
643 2642 768 2682 eum
821 2641 1028 2683 natura:
1074 2630 1284 2683 socium
1316 2629 1686 2700 intelligimus,
1722 2646 1831 2684 non
1879 2631 2029 2693 iussu

461 2729 729 2782 creatum,
764 2721 858 2774 sed
898 2737 962 2774 ex
1001 2721 1238 2776 essentia
1269 2720 1640 2790 ell'ulgentem,
1694 2723 1812 2776 sine
1866 2723 2034 2777 inter-

460 2811 637 2874 vallo,
683 2811 803 2865 sine
852 2811 1096 2882 tempore
1131 2813 1487 2883 coniunctum
1532 2813 1702 2879 Patri,
1737 2831 1921 2884 parem
1975 2816 2030 2870 in

460 2903 728 2967 bonitate,
786 2903 838 2956 in
911 2905 1152 2972 potentia
1198 2907 1494 2974 aequalem,
1558 2906 1741 2976 gloriae
1801 2908 2033 2962 socium.

459 2995 601 3062 Qnid
631 2995 777 3048 enim
813 2995 1089 3059 estaliud,
1133 2997 1234 3049 uisi
1269 2997 1531 3065 sigillum,
1566 3007 1620 3052 et
1649 2999 1825 3070 imago
1858 3009 2031 3054 totum

461 3080 518 3140 in
558 3101 618 3140 se
664 3087 880 3141 Patrem
919 3087 1273 3156 exprimens?
1317 3088 1448 3151 Quae
1492 3099 1676 3143 autem
1719 3099 1928 3160 postea,
1977 3091 2030 3144 in

461 3192 692 3246 corpore
725 3178 1060 3232 constitutus
1107 3179 1170 3232 ad
1203 3188 1255 3233 te
1301 3179 1561 3248 loquitur,
1604 3177 1903 3250 disponens
1936 3184 2036 3238 ho-

461 3269 670 3322 minum
719 3271 952 3323 salutem
997 3286 1159 3339 quam
1217 3271 1271 3325 in
1333 3287 1500 3327 carne
1557 3275 1718 3328 nobis
1767 3291 2036 3344 apparens

460 3363 666 3428 attulit,
697 3378 756 3417 se
797 3366 1022 3417 missum
1049 3379 1171 3418 esse
1193 3365 1408 3430 dicens,
1441 3378 1496 3419 et
1527 3367 1664 3420 nihil
1698 3383 1764 3422 ex
1792 3383 1851 3422 se
1875 3383 2038 3438 posse

461 3457 665 3518 lacere,
698 3465 754 3509 et
795 3469 855 3510 se
889 3455 1205 3509 mandatum
1241 3457 1541 3525 accepisse,
1581 3468 1636 3512 et
1680 3459 1761 3513 his
1813 3459 2034 3520 similia,

462 3555 615 3609 eave,
661 3559 730 3598 ne
775 3545 1048 3614 praebcant
1071 3545 1166 3601 tibi
1217 3549 1584 3612 occasionem,
1645 3559 1703 3604 ttt
1761 3549 2038 3620 Unigeniti

463 3637 805 3692 divinitatem
838 3639 1153 3694 imminnas.
1224 3639 1472 3694 Potentis
1495 3641 1641 3695 enim
1686 3643 1752 3695 ad
1797 3642 2040 3697 imbecil-

467 3727 672 3780 litatem
703 3737 846 3782 tuam
882 3729 1200 3783 summissio
1233 3746 1343 3783 non
1377 3729 1540 3785 debet
1571 3747 1691 3786 esse
1733 3732 2037 3787 divinitatis

463 3819 584 3888 ejus
625 3819 958 3874 imminutio.
1010 3821 1276 3874 Naturam
1315 3822 1482 3890 igitur
1521 3823 1697 3893 cogita
1753 3824 1861 3876 [leo
1907 3839 2040 3876 con-

465 3921 775 3981 gruentem,
808 3929 871 3967 ex
895 3913 1076 3968 verbis
1108 3921 1291 3968 autem
1319 3915 1704 3985 abjectioribus
1722 3915 2040 3985 dispositio-

467 4021 591 4060 nem
615 4007 876 4076 intellige.
905 4007 1100 4062 Verum
1139 4007 1182 4061 si
1209 4008 1274 4062 de
1313 4008 1396 4062 his
1435 4009 1698 4064 vellemus
1725 4009 2040 4064 accuratius

467 4099 519 4150 in
553 4100 841 4166 prmscntia
867 4100 1164 4163 disserere,
1203 4101 1420 4168 longam
1451 4111 1614 4168 atque
1660 4103 1796 4154 adeo
1850 4102 2035 4156 inlini-

465 4195 573 4239 tam
637 4188 880 4240 sermoni
929 4197 1118 4240 nostro
1175 4189 1600 4256 diSputationem
1661 4191 2041 4260 imprudenter

466 4278 854 4330 inscreremus.
907 4278 1086 4343 Quare
1150 4278 1217 4331 ad
1261 4279 1599 4348 propositum
1678 4293 2035 4339 revertamur.

463 4365 712 4433 Animus,
757 4369 902 4438 quia
951 4370 1190 4423 materiae
1227 4371 1614 4426 atlectionihus
1641 4388 1761 4428 sese
1803 4377 2040 4444 poluerit

2144 532 2364 604 ἡπηγὴ
2395 533 2492 602 τῆς
2533 527 2699 602 ζωῆς.
2744 533 2776 602 ὴ
2822 529 3003 598 σοφία,
3049 530 3081 599 ή
3129 529 3379 600 δύναμις,
3421 531 3453 598 ἠ
3503 530 3725 601 είκὼνή

2141 623 2560 693 ἀπαράλλακτος
2591 623 2682 676 τοῦ
2729 622 2964 693 ἀοράτου
2999 621 3156 686 Θεοῦ,
3207 622 3235 674 6
3283 623 3347 675 ὲκ
3388 623 3482 675 τοῦ
3517 625 3726 693 Πατρδς

2142 715 2422 782 γεννηθεὶς
2451 714 2598 778 Υἱὸς,
2649 716 2678 766 6
2718 713 2825 778 ζῶν
2867 709 3062 780 Λόγος,
3103 715 3130 765 6
3167 712 3300 775 Θεὸς
3333 713 3428 776 ὢν,
3463 714 3559 767 καὶ
3590 714 3726 781 πρὸς

2142 805 2230 858 τὸν
2278 804 2409 856 Θεὸν
2453 803 2570 856 ὢν·
2619 801 2715 867 ὢν,
2767 803 2890 871 οὐχὶ
2937 802 3410 872 προσγενόμενος’
3459 802 3724 871 ὑπάρχων

2143 895 2250 966 πρὸ
2277 893 2384 948 τῶν
2422 894 2657 956 αἰώνων,
2690 892 2822 961 ὀὐχὶ
2859 885 3228 962 προσκτηθεὶς
3261 891 3487 962 ὕστερον
3511 908 3526 922 ·
3573 891 3723 955 Υἱὸς,

2140 987 2262 1056 οὒχὶ
2310 986 2529 1053 κτῆμα’
2605 984 2874 1052 ποιητὴς.
2940 981 3062 1051 οὐχὶ
3129 982 3384 1051 ποίημα*
3459 981 3724 1051 κτίστηςξ,

2141 1079 2260 1148 οὐχὶ
2308 1077 2548 1144 κτίσμα·
2598 1075 2774 1128 πάντα
2810 1075 2884 1127 ὣν
2919 1075 3021 1127 ὅσα
3063 1075 3212 1126 ἐστὶν
3236 1075 3263 1126 ὁ
3294 1075 3486 1144 Πατήρ
3510 1089 3522 1103 ·
3561 1074 3719 1136 Υίὲς,

2141 1165 2317 1233 εἶπον,
2362 1167 2458 1222 καί
2506 1165 2718 1236 Πατήρ.
2757 1165 3004 1218 Φύλασσέ
3061 1181 3152 1234 μοι
3203 1167 3405 1226 ταύτας
3445 1165 3546 1226 τὰς
3597 1165 3725 1218 ἰδιότ-

2139 1279 2330 1332 τητας.
2369 1250 2564 1315 Μένων
2610 1257 2702 1311 οὖν
2737 1259 2793 1311 ὲν
2839 1257 2918 1328 τῷ
2965 1252 3104 1310 εἶναι
3152 1251 3298 1320 Υίδς,
3347 1256 3525 1308 πάντα
3575 1257 3724 1308 ἐστὶν

2141 1356 2242 1409 ὅσα
2299 1355 2448 1406 ἐστὶν
2494 1355 2523 1405 6
2572 1351 2786 1421 Πατὴρ,
2835 1349 2981 1403 κατὰ
3037 1347 3138 1418 τὴν
3182 1341 3368 1418 φωνὴν
3414 1346 3578 1400 αὑτοῦ
3628 1346 3725 1398 τοῦ

2141 1447 2350 1518 Κυρίου
2403 1444 2684 1507 εἰπόντος’
2730 1441 2931 1496 Πάντα
2980 1441 3097 1495 ὅσα
3127 1441 3253 1508 ἔχει
3285 1428 3317 1492 δ
3359 1438 3580 1506 Πατὴρ,
3611 1437 3727 1506 ἐμά

2141 1535 2292 1590 ἐστι.
2318 1533 2406 1604 Τῷ
2427 1535 2539 1588 δντι
2561 1535 2672 1603 γὰρ
2691 1532 2786 1602 τῆς
2811 1532 3018 1594 είκόνος
3046 1530 3165 1583 ἐστὶ
3193 1529 3394 1593 πάντα,
3429 1530 3529 1581 ὃσα
3551 1528 3726 1597 πρόσ-

2143 1645 2259 1681 εστι
2319 1627 2385 1698 τῇ
2443 1629 2787 1694 πρωτοτύπῳ
2835 1625 3039 1692 μορφῇ.
3119 1620 3528 1689 Ἐθεασάμεθα
3587 1619 3720 1688 γὰρ,

2147 1721 2312 1790 φησιν
2341 1721 2368 1772 6
2397 1717 2811 1787 εὐαγγελιστὴς,
2837 1716 2950 1783 τὴν
2975 1715 3166 1779 δόξαν
3191 1713 3403 1776 αὑτοῦ,
3433 1713 3619 1775 δόξαν
3641 1713 3726 1778 ὡς

2070 1806 2112 1860 Β
2143 1809 2522 1879 Μονογενοῦς
2547 1806 2708 1875 παρὰ
2745 1805 2976 1874 Πατρός
2998 1821 3013 1836 ο
3063 1805 3363 1866 τουτέστιν,
3398 1803 3499 1854 οὐκ
3531 1803 3594 1854 ὲκ
3621 1800 3723 1853 δω-

2147 1905 2272 1974 ρεᾶς
2304 1903 2397 1955 καὶ
2428 1902 2652 1970 χάριτος
2679 1895 2942 1951 δοθέντων
2965 1897 3114 1963 αὑτῷ
3136 1896 3244 1949 τῶν
3262 1891 3580 1964 θαυμάτων,
3605 1891 3724 1978 ἀλλ’

2141 1995 2204 2046 ὲκ
2240 1995 2338 2063 τῆς
2387 1991 2528 2044 κατὰ
2561 1990 2726 2060 φύσιν
2760 1987 3047 2049 κοινωνίας
3087 1988 3303 2056 ἔχοντος
3333 1985 3428 2038 τοῦ
3459 1984 3588 2036 Υίοῦ
3620 1983 3722 2051 τῆς

2141 2087 2421 2156 πατρικῆς
2462 2084 2718 2152 θεότητος
2755 2081 2816 2134 τὸ
2857 2081 3097 2151 ἀξίωμα.
3146 2078 3220 2132 Τὸ
3272 2079 3372 2148 μὲν
3402 2077 3509 2148 γὰρ
3536 2063 3727 2130 λαϐεῖν

2143 2179 2324 2232 κοινὸν
2365 2179 2459 2231 καὶ
2500 2175 2638 2246 πρὸς
2673 2175 2773 2244 τὴν
2799 2173 3010 2226 κτίσινο
3043 2173 3102 2224 τὸ
3137 2171 3193 2224 δὲ
3228 2170 3375 2240 ἔχειν
3405 2170 3470 2222 ὲκ
3506 2169 3725 2237 φύσεως

2143 2271 2275 2324 ίδιον
2315 2270 2410 2323 τοῦ
2456 2269 2832 2338 γεννηθέντος.
2883 2267 2971 2329 '0;
3019 2266 3118 2334 μὲν
3151 2262 3245 2318 οὖν
3296 2262 3440 2326 Υἱὸς,
3479 2262 3726 2330 φυσικῶς

2140 2365 2408 2434 κέκτηται
2439 2363 2504 2415 τὰ
2527 2361 2624 2414 τοῦ
2658 2360 2872 2429 Πατρός
2897 2377 2910 2391 ο
2945 2359 3018 2422 ὼς
3044 2360 3101 2411 δὲ
3123 2356 3457 2425 Μονογενὴς,
3483 2355 3578 2408 ὅλα
3608 2355 3725 2423 ἔχει

2139 2459 2196 2510 ὲν
2229 2455 2410 2526 ἑαυτῷ
2446 2453 2754 2516 συλλαϐὼν,
2783 2450 2998 2514 οὐδενὸς
3031 2447 3548 2518 καταμεριζομένου
3585 2445 3725 2514 πρὶς

2138 2547 2348 2617 ἕτερον.
2411 2546 2500 2610 ἘΞ
2546 2543 2720 2612 αὐτῆς
2767 2543 2950 2595 τοίνυν
3003 2541 3103 2608 τῆς
3157 2537 3284 2592 Υίοῦ
3344 2539 3725 2607 προσηγορίας

2137 2637 2520 2708 διδασκόμεθα,
2555 2639 2636 2691 ὅτι
2661 2636 2761 2705 τῆς
2788 2634 3002 2703 φύσεώς
3023 2636 3137 2687 ἐστι
3161 2631 3434 2694 κοινωνόςο
3469 2629 3530 2682 οὐ
3552 2643 3728 2698 προσ-

2137 2731 2380 2798 τάγματι
2435 2727 2701 2792 κτισθεὶς,
2766 2725 2883 2778 ἀλλ’
2939 2726 3004 2777 ὲκ
3049 2724 3150 2794 τῆς
3194 2723 3380 2785 οὐσίας
3429 2720 3723 2789 ἐκλάμψας

2137 2821 2496 2881 ἀδιαστάτως,
2539 2816 2784 2887 άχρόιως
2835 2813 2915 2884 τῷ
2973 2813 3147 2880 Πατρὶ
3189 2811 3556 2880 συνημμένος,
3607 2808 3724 2869 ῐσος

2139 2912 2198 2963 ὲν
2225 2908 2544 2978 ἀγαθότητι,
2592 2909 2707 2970 [σος
2753 2908 2812 2958 ὲν
2841 2903 3098 2974 δυνάμει,
3127 2903 3380 2966 κοινωνὸς
3404 2902 3506 2971 τῆς
3538 2901 3720 2970 δόξηςι

2142 3004 2250 3056 Καὶ
2282 3002 2335 3054 τί
2365 3000 2496 3070 γὰρ,
2525 2999 2640 3052 ἀλλ’
2675 2999 2709 3070 ἢ
2753 2997 2991 3066 σφραγὶς
3017 2995 3112 3048 καὶ
3143 2993 3332 3060 εἰκὼν,
3365 2994 3484 3047 ὅλον
3514 2995 3571 3046 ἐν
3594 2993 3723 3045 ἑαυ-

2137 3095 2214 3166 τῷ
2251 3093 2467 3154 δεικνὺς
2515 3091 2606 3143 τὸν
2646 3091 2898 3162 Πατέρα;
2935 3089 3079 3142 Ὅσα
3127 3087 3184 3139 δέ
3236 3095 3321 3138 σοι
3371 3084 3510 3154 μετὰ
3549 3084 3723 3138 ταῦτα.

2140 3188 2246 3240 ἀπὸ
2289 3185 2388 3254 τῆς
2439 3183 2764 3253 σωματικῆς
2818 3179 3168 3248 κατασκευῆς
3216 3178 3570 3245 διαλέγεται,
3617 3177 3721 3246 τήν

2139 3283 2246 3334 τῶν
2281 3277 2586 3350 ἀνθρώπων
2619 3275 2895 3346 σωτηρίαν
2925 3273 3254 3342 οἰκονομῶν,
3306 3271 3374 3342 ἠν
3402 3270 3492 3323 διὰ
3517 3269 3721 3340 σαρκὸς

2142 3371 2429 3442 ἐπιφανεὶς
2481 3371 2615 3440 ἡμῖν
2657 3365 2992 3430 ἐπεδείξατο,
3035 3363 3505 3433 ἀποστελλόμενον
3544 3362 3719 3430 λέγων

2141 3466 2353 3528 ἑαυτὸν,
2395 3462 2489 3516 καὶ
2517 3461 2684 3532 μηδὲν
2709 3459 3010 3528 δυνάμενον
3040 3458 3132 3527 ἀφ’
3161 3455 3356 3510 ἑαυτοῦ
3389 3457 3586 3515 ποιεῖν,
3626 3455 3718 3506 καὶ

2141 3559 2361 3628 ἐντολὴν
2391 3555 2646 3617 λαϐόντα,
2675 3553 2771 3607 καὶ
2815 3555 2917 3605 ὅσα
2945 3551 3189 3618 τοιαῦτα,
3221 3552 3294 3622 μή
3323 3568 3405 3602 σοι
3434 3548 3716 3619 παρεχέτω

2142 3650 2395 3719 ἀφορμὰς
2451 3645 2589 3716 πρὸς
2622 3647 2683 3697 τὺ
2718 3643 3190 3713 κατασμικρύνειν
3232 3641 3325 3695 τοῦ
3373 3635 3712 3704 Μονογενοῦς

2141 3739 2237 3810 τὴν
2266 3738 2517 3807 ϐιότητα.
2543 3736 2617 3789 Οὐ
2641 3736 2750 3805 γὰρ
2774 3736 2806 3804 ἡ
2835 3735 2969 3800 πρὸς
2993 3736 3053 3787 τὸ
3084 3734 3174 3786 σῖν
3195 3730 3416 3792 ἀσθενὲς
3441 3726 3714 3797 συγκατὰἀ

2142 3833 2299 3893 ϐασις
2325 3830 2619 3890 ἐλάττωσις
2653 3827 2858 3895 ὀφείλει
2891 3825 3136 3893 γίνεσθαι
3169 3827 3266 3894 τῆς
3297 3821 3452 3886 ἀξίας
3500 3819 3591 3873 τοῦ
3621 3819 3714 3871 δυ-

2143 3922 2336 3976 νατοῦ·
2366 3921 2501 3974 ἀλλὰ
2537 3919 2635 3989 τὴν
2671 3920 2770 3987 μὲν
2821 3917 2984 3986 φύσιν
3025 3917 3135 3969 νόει
3187 3914 3532 3985 θεοπρεπῶς,
3563 3914 3633 3965 τὰ
3661 3910 3717 3964 δὲ

2141 4011 2500 4080 ταπεινότερα
2529 4009 2638 4061 τῶν
2675 4007 2936 4079 ῥημάτων
2968 4007 3125 4076 δέχου
3169 4005 3552 4075 οἰκονομικῶς.
3587 4001 3721 4072 Περὶ

2141 4099 2216 4156 ὧν
2256 4105 2304 4155 εἰ
2365 4101 2761 4171 βουληθείημεν
2797 4103 2854 4153 ὲν
2885 4100 2963 4170 τῷ
2998 4101 3226 4169 παρόντι
3261 4101 3397 4167 πρὶς
3430 4097 3719 4167 ἀκρίϐειαν

2140 4194 2469 4264 διηγεῖσθαι,
2511 4181 2880 4260 λάθοιμεν”ἂν
2925 4193 3153 4254 ἑαυτοὺς
3198 4191 3332 4242 πολύ
3370 4207 3422 4242 τι
3459 4193 3549 4242 καὶ
3579 4189 3719 4241 ἀπέ-

2143 4305 2338 4359 ραντίιν
2395 4285 2597 4356 πλῆθος
2641 4283 2818 4354 λόγων
2879 4285 3268 4352 ἐπεισάγοντες
3304 4285 3371 4352 τῇ
3434 4281 3718 4336 ὑποθέσει.

2153 4379 2292 4433 Ἀλλ’
2351 4380 2446 4430 ἐπὶ
2495 4379 2555 4430 τὸ
2605 4380 2968 4449 προκείμενον
3015 4377 3344 4448 ὲπανίωμεν.
3403 4375 3526 4428 Ὀτι
3597 4375 3721 4428 διά-

463 4473 786 4529 expurgarc,
834 4468 889 4514 et
951 4461 1014 4515 iis
1075 4465 1195 4530 qtue
1249 4472 1431 4516 creata
1506 4475 1633 4518 sunt
1686 4469 2032 4534 posthabitis,

2141 4473 2313 4542 νοιαὴ
2352 4469 2642 4541 δυνηθεῖσα
2683 4471 2790 4522 τῶν
2819 4487 2876 4523 τε
2920 4471 3122 4525 ὑλικῶν
3159 4468 3498 4542 καθαρεῦσαι
3531 4467 3723 4521 παθῶν

465 4568 532 4606 ex
586 4552 858 4620 profundo
926 4553 991 4606 ad
1051 4567 1248 4622 supera
1299 4555 1462 4623 piscis
1515 4557 1685 4611 instar
1732 4576 2034 4630 emergere,

2137 4562 2233 4615 καὶ
2262 4563 2361 4629 τὴν
2405 4561 2602 4631 νοητὴν
2654 4561 2828 4616 κτίσιν
2873 4563 3056 4616 πᾶσαν
3095 4564 3440 4625 καταλιπεῖν,
3475 4561 3568 4615 καὶ
3610 4559 3728 4612 οἶόν

463 4646 518 4696 in
585 4661 646 4698 ea
697 4645 953 4713 puritate,
1029 4660 1134 4714 qua
1168 4646 1423 4700 conditus
1477 4659 1582 4713 est,
1622 4650 1778 4712 situs,
1836 4653 2035 4707 \idehit

2140 4672 2219 4717 τις
2276 4651 2428 4724 ἰχθὺς
2480 4655 2589 4706 ἀπὸ
2649 4653 2740 4706 τοῦ
2793 4654 2958 4723 βυθοῦ
3010 4656 3146 4724 πρὸς
3208 4655 3306 4722 τὴν
3355 4655 3465 4707 ἄνω
3518 4653 3727 4722 ἐπιφά-

461 4737 574 4793 illic
606 4753 726 4792 esse
759 4737 1024 4808 Spiritum
1068 4750 1341 4805 sanctum,
1404 4740 1493 4794 ubi
1529 4740 1720 4806 Filius,
1785 4754 1838 4798 et
1877 4745 2038 4802 Pater

461 4843 565 4897 est,
622 4833 913 4887 habentem
946 4845 1001 4886 et
1044 4832 1218 4901 ipsum
1256 4835 1440 4888 omnia
1487 4836 1847 4905 conjunctitn,
1893 4850 1945 4893 et
1972 4846 2038 4893 ex

462 4936 680 4989 natura,
730 4925 1051 4991 bonitatem,
1098 4927 1500 4993 rectitudincm,
1547 4930 1915 4992 sanctitatem.
1954 4933 2038 4986 νὶ-

430 5031 571 5088 ,ιιιιιι
613 5036 627 5073 :
673 5017 910 5090 Spiritus
973 5019 1143 5083 enim,
1176 5020 1370 5088 inquit,
1407 5030 1531 5074 tuus
1581 5021 1668 5076 ille
1725 5022 1932 5087 bonus,
1988 5035 2042 5079 et

464 5101 697 5182 Spiritus
743 5122 944 5175 rectus.
975 5124 1028 5166 et
1061 5111 1294 5181 Spiritus
1337 5124 1481 5180 tuus,
1511 5115 1658 5166 illum
1685 5128 1950 5172 sanctum.
1982 5120 2039 5172 Et

463 5200 543 5256 lex
599 5203 833 5273 Spiritus
891 5204 1034 5266 vitae,
1082 5203 1281 5258 Paulus
1329 5204 1423 5258 ait.
1473 5205 1715 5270 Quorum
1769 5207 1906 5263 nihil
1942 5210 2041 5280 ipsi

463 5308 837 5367 comparatum
884 5308 984 5362 est,
1050 5307 1143 5351 aut
1199 5297 1468 5366 posterius
1513 5301 1866 5367 adjunctum,
1938 5305 2032 5357 sed

464 5387 922 5455 quemadmodum
987 5404 1086 5441 nec
1133 5387 1483 5441 calefaciendi
1525 5391 1605 5443 vis
1637 5391 1704 5442 ah
1749 5392 1893 5461 igne,
1935 5407 2034 5446 nec

462 5479 726 5547 Splendor
761 5497 789 5532 a
839 5481 960 5534 luce
993 5481 1236 5550 separari
1274 5491 1470 5549 potest,
1514 5483 1590 5536 sic
1622 5498 1649 5536 a
1697 5483 1902 5553 Spiritu
1938 5502 2036 5540 nec

463 5569 727 5622 sanctitas
763 5572 995 5640 St'jttttgi,
1034 5587 1134 5627 nec
1181 5574 1416 5640 bonitas,
1454 5591 1555 5630 nec
1582 5578 1872 5631 rcclitudo.
1925 5578 2034 5634 Illic

465 5657 594 5730 Ergo
622 5662 878 5717 consistit
928 5663 1197 5732 Spiritus,
1234 5666 1342 5723 illic
1385 5668 1438 5721 in
1475 5668 1629 5724 beata
1660 5681 1894 5735 natura,
1936 5687 2031 5724 nt-c

539 5773 587 5806 ’θ
610 5777 765 5832 Joan.
793 5792 896 5844 nn,
933 5777 1013 5832 135.
1057 5780 1099 5810 δ’
1134 5784 1287 5836 Joan.
1331 5799 1367 5849 l,
1405 5784 1487 5838 14.

2139 4764 2288 4800 νειαν
2347 4746 2739 4814 ἁνανήξασθαι,
2769 4749 2827 4799 ὲν
2857 4745 2933 4815 τῷ
2984 4745 3210 4814 καθαρῷ
3241 4746 3339 4814 τῆς
3376 4745 3605 4812 κτίσεως
3630 4763 3730 4813 γε·

2137 4842 2358 4908 νομὲνη,
2425 4841 2542 4891 ἐκεῖ
2599 4839 2789 4908 ὄψεται
2839 4840 2899 4891 τὸ
2959 4837 3183 4906 Πνεῦμα
3239 4837 3300 4889 τὸ
3358 4837 3536 4904 ἅγιον,
3587 4840 3729 4891 ὅπου

2142 4930 2290 4992 Υἱὸς,
2322 4930 2416 4983 καὶ
2455 4930 2589 4983 ὅπου
2619 4928 2830 4998 Πατὴρ,
2865 4927 3046 4980 πάντα
3085 4925 3208 4995 ἕχον
3239 4927 3334 4979 καὶ
3367 4927 3498 4978 αὐτὸ
3531 4943 3732 4978 συνου-

2141 5021 2424 5091 σιωμένως
2474 5022 2616 5074 κατὰ
2657 5020 2754 5090 τὴν
2798 5019 2981 5088 φύσιν,
3014 5020 3114 5086 τὴν
3142 5016 3474 5087 ἅγαθότητα,
3512 5016 3611 5085 τὴν
3637 5009 3732 5069 εὖ-

2141 5115 2364 5184 θὺτητα,
2399 5116 2488 5167 τὸν
2538 5115 2832 5184 ἁγιασμδν,
2882 5115 2978 5183 τὴν
3011 5114 3179 5182 ζωήν.
3229 5114 3296 5165 Τὸ
3329 5110 3570 5180 Πνεῦμα
3599 5112 3731 5180 Ιγὰρ

2143 5226 2283 5270 σου,
2317 5208 2502 5277 φησὶν,
2539 5209 2600 5258 τὸ
2631 5207 2855 5276 ἀςπθόν
2879 5221 2892 5237 °
2922 5206 3016 5258 καὶ
3047 5203 3230 5267 πάλιν,
3265 5204 3504 5271 Πνεῦμα
3525 5203 3729 5269 εὺοέςο

2144 5305 2238 5353 καὶ
2285 5299 2461 5361 πάλιν,
2517 5298 2585 5350 Τὸ
2634 5297 2878 5366 Πνεῦμα
2909 5296 2975 5350 τὸ
3006 5296 3195 5365 ἅγιον.
3240 5295 3348 5348 Καὶ
3397 5294 3423 5343 6
3472 5293 3734 5347 Ἀπόστο-

2143 5393 2273 5455 λος·
2319 5392 2381 5444 '0
2431 5392 2612 5459 νόμος
2667 5391 2770 5444 τοῦ
2833 5394 3180 5460 ῙΙνεύιιατος
3225 5387 3330 5454 τῆς
3365 5386 3536 5453 ζωῆς.
3590 5379 3734 5438 Τού-

2146 5501 2252 5537 των
2305 5483 2457 5536 οὖδὲν
2503 5483 2799 5552 ἐπίκτητον
2856 5484 3026 5554 αὐτῷ,
3059 5484 3180 5536 οὐδὲ
3222 5482 3446 5552 ὕστερον
3472 5481 3732 5545 ἐπιγενό-

2151 5594 2311 5645 μενον
2340 5577 2658 5646 πρόσεστιν*
2693 5577 2807 5630 ἀλλ’
2843 5576 3031 5645 ὥσπερ
3065 5576 3368 5644 ἀχώριστον
3401 5571 3475 5639 τῷ
3508 5570 3642 5640 πυρὶ
3668 5571 3734 5623 τὸ

2144 5670 2476 5741 θερμαίνην,
2525 5671 2613 5723 καὶ
2661 5672 2734 5741 τῷ
2764 5671 2903 5739 φωτὶ
2932 5671 2990 5722 τὸ
3040 5669 3274 5737 λάμπειν
3298 5682 3313 5700 ⁸
3352 5663 3493 5718 οὕτω
3527 5663 3619 5718 καὶ
3649 5663 3731 5734 τῷ
