4026 6212
525 305 597 368 59

1770 309 2150 369 ΕΠΤΙΙΥΜΙΙ
2196 313 2556 375 ΖΙΟΑΒΕΝΙ

3724 322 3799 382 64)

527 424 694 476 ritum
722 430 940 491 tantum
987 421 1147 484 dixit,
1196 422 1612 493 comprehendit
1645 424 1805 477 simul
1845 425 1944 478 hac
1973 441 2106 478 con-

2221 429 2319 480 Καὶ
2363 431 2390 481 6
2442 431 2503 483 τὸ
2548 431 2769 499 Πνεῦτά
2820 434 2982 502 μόνον
3038 434 3209 487 εἶπὼί
3264 436 3675 504 συμπεριέλαόε
3735 446 3805 512 τῇ

526 512 762 568 fossione
787 514 936 567 illum
972 514 1160 577 etiam,
1212 516 1367 582 cuius
1399 525 1479 568 est
1519 515 1744 583 spiritus
1774 533 1785 569 :
1839 526 1923 569 est
1957 517 2102 570 enim

525 604 730 658 Christi
765 622 778 659 :
816 615 871 658 et
905 620 1055 668 eum,
1107 620 1172 657 ex
1200 621 1336 671 quo;
1382 621 1503 659 nam
1535 618 1617 659 est
1649 622 1712 659 ex
1749 607 1876 668 Deo,
1933 616 1989 662 ut
2025 608 2109 661 in-

524 696 643 765 quit
700 696 1023 765 Apostolus.
1074 695 1619 765 thuemadmodum
1675 698 1727 751 in
1773 708 1963 753 catena
2015 699 2109 767 qui

524 788 925 843 extremitatem
989 802 1149 840 unam
1212 787 1447 857 attingit,
1497 788 1655 841 simul
1685 790 1846 842 etiam
1876 791 2104 843 alteram

526 879 692 932 trahit
722 878 1143 942 extremitatem,
1210 878 1291 932 sic
1337 878 1429 947 qui
1483 879 1751 949 Spiritum
1809 881 1988 943 traxit,
2051 888 2113 933 ut

525 970 700 1037 inquit
729 969 1025 1036 Propheta,
1076 983 1173 1038 per
1224 968 1403 1038 ipsum
1452 980 1521 1024 et-
1562 969 1757 1025 Filium
1806 980 1863 1025 et
1896 972 2107 1025 Patrem

525 1057 688 1111 simul
735 1058 976 1112 attraxit.
1034 1058 1097 1111 Et
1125 1059 1217 1127 qui
1272 1058 1467 1112 Filium
1519 1061 1963 1129 apprehenderit,
2013 1061 2108 1114 ha-

523 1149 675 1203 bebit
707 1149 884 1219 ipsum
914 1150 982 1203 ab
1011 1150 1179 1204 altera
1214 1151 1435 1219 quidem
1474 1162 1625 1221 parte
1673 1153 1886 1205 Patrem
1924 1168 2106 1216 suum,

523 1235 592 1288 ab
632 1235 801 1290 altera
833 1246 1014 1290 autem
1050 1247 1199 1306 parte
1228 1237 1488 1306 Spiritum
1522 1240 1798 1307 proprium
1832 1240 2109 1293 adducen-

529 1335 658 1380 tem.
718 1326 1091 1394 Neque‘enim
1144 1342 1173 1380 a
1222 1326 1389 1381 Patre
1433 1328 1632 1396 poterit
1681 1329 1959 1397 separari,
2013 1331 2106 1398 qui

527 1432 746 1484 semper
771 1426 855 1469 est
893 1418 946 1469 in
981 1417 1163 1481 Patre,
1223 1433 1401 1485 neque
1432 1434 1460 1471 a
1495 1418 1701 1485 Spiritu
1727 1420 1961 1490 seiungi,
2015 1424 2107 1491 qui

525 1506 711 1560 omnia
776 1523 871 1575 per
900 1506 1079 1576 ipsum
1139 1509 1269 1578 agit.
1325 1508 1691 1574 Quamobrem
1736 1511 2105 1591 nullasectio,

525 1609 621 1651 aut
652 1599 852 1653 divisio
907 1600 1017 1654 ullo
1049 1601 1211 1662 modo
1248 1611 1431 1669 potest
1488 1602 1809 1671 excogitari,
1864 1618 1969 1672 qua
2022 1604 2151 1658 vel-

527 1689 688 1743 Pater
741 1690 861 1745 sine
906 1690 1064 1750 Filio,
1099 1692 1184 1746 vel
1245 1693 1413 1746 Filius
1445 1692 1565 1747 sine
1606 1692 1812 1762 Spiritu
1840 1694 2107 1765 intelliga-

2211 517 2474 589 ὁμολογίᾳ
2535 521 2711 591 ταύτῃ
2762 526 2857 574 καὶ
2904 522 2964 575 τὸ
3015 515 3075 574 o5
3127 526 3242 575 ἐστι
3293 525 3352 576 τὸ
3398 525 3671 595 Πνεῦμα⁶
3706 531 3806 583 τοῦ

2211 606 2449 677 Χριστοῦ
2485 610 2594 679 γάρ
2617 627 2628 641 ·
2660 612 2753 663 καὶ
2782 613 2842 664 τὸ
2876 612 2935 676 ἐξ
2976 606 3036 665 οὗ
3068 629 3080 643 '
3125 615 3189 666 ἐκ
3223 613 3318 666 τοῦ
3363 614 3502 667 Θεοῦ
3536 618 3669 687 γὰρ,
3702 638 3810 673 κα-

2212 695 2279 747 θά
2333 714 2498 767 φησιν
2546 702 2574 751 6
2628 699 2861 764 Παῦλος.
2903 704 3013 755 Καὶ
3052 702 3243 774 ὥσπερ
3290 705 3387 758 ἐπὶ
3422 706 3521 771 τῆς
3559 708 3810 773 ἁλύσεως

2209 786 2237 838 6
2270 788 2389 851 ἑνὸς
2447 788 2618 859 ἄκρου
2650 790 2953 860 [ἁψάμενος
2989 799 3081 846 καὶ
3125 795 3187 847 τὸ
3215 795 3406 863 ἕτερον
3437 797 3608 866 ἄκρον
3646 818 3810 854 συνε-

2212 879 2561 945 πεσπάσατο,
2587 880 2761 945 οὕτως
2783 884 2810 935 6
2837 886 2897 935 τὸ
2920 884 3143 955 Πνεῦμα
3171 886 3426 952 ἑλκύσας,
3460 890 3602 943 καθά
3635 908 3810 958 φησιν

2210 970 2239 1021 6
2268 974 2578 1042 προφήτης,
2614 972 2683 1025 δι’
2714 974 2879 1027 αὐτοῦ
2911 976 3118 1029 καὶτὸν
3155 978 3307 1043 Υίδν,
3339 980 3434 1031 καὶ
3463 985 3554 1034 τὸν
3587 984 3811 1054 Πατέρα

2212 1060 2549 1114 συνείλκυσε.
2597 1063 2708 1115 Καὶ
2757 1066 2805 1117 εί
2840 1065 2931 1119 τὸν
2976 1066 3105 1120 Υίόν
3135 1085 3218 1131 τις
3263 1069 3446 1137 λάϐοι,
3496 1071 3608 1136 ἕξει
3638 1074 3813 1129 αὑτὸν

2212 1150 2578 1220 ἑκατέρωθεν,
2619 1156 2694 1224 πῆ
2738 1154 2837 1224 μὲν
2874 1156 2964 1209 τὸν
3020 1157 3220 1212 ὲαντοῦ
3275 1160 3517 1229 Πατέρα,
3551 1163 3627 1230 πῆ
3663 1164 3722 1216 δὲ
3753 1166 3812 1218 τὸ

2213 1241 2344 1294 ἴδιον
2370 1243 2593 1312 Πνεῦμα
2627 1248 3089 1316 συνεπαγόμενον.
3140 1247 3282 1302 Οθτε
3316 1251 3425 1318 γὰρ
3455 1254 3550 1304 τοῦ
3585 1255 3807 1324 Πατρὸς

2210 1332 2238 1383 ό
2270 1333 2357 1386 ἀεὶ
2378 1333 2437 1384 ὲν
2470 1333 2548 1403 τῷ
2580 1335 2751 1406 Πατρὶ
2778 1338 2852 1391 ὢν
2883 1340 3271 1410 ἀποτμηθῆναι
3303 1342 3621 1412 δυνήσεται,
3679 1346 3810 1399 οὔτε

2212 1424 2306 1477 τοῦ
2355 1425 2673 1496 Πνεύματός
2730 1445 2860 1481 ποτε
2912 1431 3008 1484 τοῦ
3071 1432 3201 1485 Υἰοῦ
3268 1433 3724 1507 διαζευχθήσεται
3784 1442 3813 1492 6

2210 1516 2391 1569 πάντα
2422 1519 2480 1570 ἐν
2539 1518 2687 1587 αύτῷ
2718 1520 2984 1591 ἐνεργῶν.
3014 1523 3131 1576 Ούκ
3182 1522 3332 1577 ἐστιν
3379 1523 3474 1577 οὖν
3511 1529 3811 1598 ἐπινοῆσαι

2210 1609 2383 1679 τομὴν
2429 1610 2462 1679 ἢ
2521 1610 2788 1680 διαίρεσιν
2838 1612 2960 1665 κατ’
3008 1614 3203 1669 οὐδένα
3256 1618 3483 1684 τρόπν,
3533 1618 3675 1690 ὡςῆ
3718 1622 3814 1674 τὸν

2219 1701 2445 1772 Πατέρα
2478 1703 2650 1772 χωρὶς
2683 1703 2775 1756 τοῦ
2808 1704 2939 1758 Υίοῦ
2970 1705 3250 1774 νοηθῆναι,
3297 1708 3449 1775 ῆτὸν
3473 1709 3603 1762 Υἱὸν
3638 1713 3813 1782 χωρὶς

529 1789 636 1831 tur.
674 1777 780 1833 Sed
818 1796 879 1834 ea
930 1782 981 1833 in
1016 1782 1100 1835 his
1152 1790 1236 1847 cst
1294 1792 1406 1836 tum
1442 1784 1595 1844 unio,
1655 1791 1767 1837 tum
1813 1785 2108 1851 distinctio,

2221 1789 2310 1842 τοῦ
2364 1758 2700 1860 Πνεῦματος,
2746 1794 2884 1847 ἀλλά
2911 1812 2994 1858 τις
3020 1758 3262 1866 ἐρρητοξ
3294 1758 3410 1850 καί-
3434 1758 3813 1871 ἀκατανΙόητος

527 1886 647 1936 quia
684 1887 787 1925 nec
807 1872 1052 1927 oratione
1080 1883 1261 1943 potest
1288 1875 1573 1944 explicari.
1604 1891 1706 1930 nec
1752 1877 1935 1931 animo
1960 1894 2111 1933 com-

528 1961 814 2030 prehendi,
850 1978 973 2015 cum
1006 1980 1106 2017 nec
1145 1980 1501 2034 personarum
1539 1967 1818 2022 distinct’o
1858 1970 2111 2026 essentia:

529 2055 796 2109 distrahat
838 2056 1283 2124 c0njunctionem
1328 2074 1430 2113 nec
1488 2061 1739 2114 essentite
1790 2064 2108 2131 conjunctio

529 2158 889 2212 personarum
923 2147 1220 2200 confundat
1249 2148 1663 2218 proprietatem.
1694 2149 1921 2206 Mirabili
1954 2167 2106 2205 nam-

533 2249 639 2303 que
672 2234 881 2288 ratione
936 2236 990 2289 in
1047 2237 1130 2290 his
1159 2247 1241 2291 est
1290 2248 1399 2292 tum
1459 2241 1749 2309 conjuncta
1809 2243 2110 2309 distinctio,

533 2334 645 2380 tum
699 2326 955 2380 distincta
1003 2327 1340 2395 conjunctio.
1390 2330 1583 2384 Verum
1630 2341 1686 2386 ut
1725 2333 1904 2402 aliquo
1952 2336 2113 2390 modo

532 2418 609 2470 rei
643 2416 949 2470 obscuritas
973 2417 1291 2481 illustretur,
1343 2420 1429 2474 vel
1464 2422 1708 2491 quaedam
1743 2427 1923 2494 potius
1952 2427 2111 2480 adhi-

530 2508 723 2562 beatur
746 2510 1090 2591 adumbratio
1129 2511 1396 2573 veritatis,
1438 2514 1679 2569 caelestis
1711 2531 1894 2579 arcus,
1948 2532 2110 2587 quem

531 2599 654 2653 irim
689 2602 987 2669 appellant,
1029 2604 1340 2672 exemplum
1370 2605 1807 2662 consideremus.
1842 2607 2103 2665 Omnium

532 2689 679 2742 enim
714 2689 955 2743 colorum
984 2689 1158 2759 ipsius
1190 2693 1513 2761 splendores
1563 2705 1617 2748 et
1650 2696 1893 2752 distincti
1924 2699 2113 2755 viden-

531 2786 621 2834 tur
654 2793 792 2842 esse,
817 2782 1077 2848 quoniam
1113 2781 1278 2836 lucidi
1326 2792 1473 2849 sunt,
1524 2794 1579 2839 et
1620 2787 1921 2857 conjuncti,
1972 2807 2112 2861 quo-

531 2871 679 2922 niam
749 2870 923 2925 latent
988 2872 1178 2927 oculos
1218 2885 1433 2931 nostros
1500 2878 1816 2934 mi:tionum
1868 2883 2109 2949 termini,

532 2962 733 3029 quibus
816 2962 1232 3034 distinguuntur
1308 2967 1550 3022 colorum
1619 2970 1988 3039 diversitates,
2052 2983 2111 3029 ut

529 3050 841 3106 discernere
868 3067 1229 3123 nequeamus,
1254 3070 1545 3126 quousque
1578 3060 1852 3128 pertineat
1878 3071 1974 3117 aut
2005 3063 2111 3117 ini-

532 3143 669 3195 tium
731 3153 913 3198 sumat
972 3144 1057 3198 vel
1122 3145 1339 3209 rutilus,
1395 3147 1481 3201 vel
1537 3149 1962 3220 smaragdinus,
2029 3152 2118 3206 vel

532 3233 755 3302 glaucus
780 3232 1000 3288 luminis
1026 3236 1192 3289 nitor.
1216 3233 1334 3299 Quo
1354 3236 1574 3304 quidem
1606 3247 1814 3294 natura:
1865 3240 2118 3310 exemplo

538 3340 642 3378 nos
677 3326 815 3379 ratio
847 3325 1026 3389 docet,
1057 3342 1125 3379 ne
1157 3326 1359 3382 frustra
1395 3329 1636 3384 laborem
1689 3332 2030 3387 insumamus
2057 3335 2114 3388 in

532 3416 802 3486 dOgmatis
838 3416 1144 3472 rationibus
1178 3421 1562 3489 exquirendis,
1598 3438 1724 3478 cum
1755 3426 1811 3479 in
1840 3426 2118 3482 difﬁcilem

530 3508 766 3577 aliquam
796 3508 1220 3578 disputationem
1253 3511 1562 3578 incidimus,
1591 3524 1648 3570 et
1673 3524 1852 3571 utrum
1885 3517 1974 3585 iis,
2002 3535 2121 3589 qua:

532 3600 813 3665 dicuntur,
849 3601 1266 3657 assentiendum
1323 3604 1412 3669 sit,
1452 3605 1789 3663 hzesitamus.
1838 3608 2119 3674 Quemad-

532 3693 757 3747 modum
784 3692 931 3747 enim
960 3693 1014 3747 in
1049 3693 1113 3748 iis
1167 3710 1288 3763 qua:
1320 3696 1495 3751 oculis
1534 3709 1859 3767 cernuntur,
1890 3702 2121 3757 rationi-

532 3782 636 3840 bus
668 3794 928 3854 prazstant
974 3786 1371 3855 experimenta,
1423 3790 1501 3845 sic
1551 3791 1605 3845 in
1658 3792 1983 3848 sublimibus
2026 3794 2129 3849 do-'

534 3877 837 3947 ginatibus,
898 3878 1222 3949 cognitioni,
1253 3895 1373 3950 quae
1401 3881 1703 3938 rationibus
1750 3894 2118 3956 comparatur,

535 3968 672 4023 ﬁdes
704 3969 1001 4023 antecellit.

534 4080 792 4150 Ejusdem
836 4097 907 4136 ea:
961 4083 1163 4137 decium
1222 4093 1403 4206 οἵτιυο
1444 4088 1672 4155 capitum
1725 4090 1797 4143 ad
1850 4090 2123 4157 Amphilo-

1232 4170 1259 4206 c
1297 4171 1429 4206 tum.

1232 4170 1429 4209 cntum.

612 4242 767 4297 Unus
800 4241 941 4297 Deus
977 4253 1032 4298 et
1069 4244 1251 4309 Pater,
1286 4255 1341 4301 et
1374 4262 1514 4301 unus
1550 4248 1862 4319 unigenitus
1903 4250 2075 4309 Filius
2100 4294 2117 4322 ,

538 4346 593 4388 et
634 4350 775 4388 unus
803 4334 1041 4404 Spiritus
1069 4349 1312 4392 sanctus.
1344 4338 1796 4409 Unamquamque
1824 4358 2119 4413 personam

2141 3104 2186 3163 C

2219 1886 2278 1936 ὲν
2308 1882 2524 1946 τούτοις
2580 1888 2675 1938 καὶ
2706 1887 2905 1950 ’ἐνωσις
2937 1888 3033 1941 καὶ
3072 1888 3361 1959 διαίρεσις,
3412 1891 3538 1944 οὗτε
3565 1894 3665 1962 τῆς
3700 1895 3813 1949 τῶν

2220 1976 2576 2029 ύποστάσεων
2604 1978 2870 2048 διαφορᾶς
2915 1978 2976 2030 τὸ
3024 1980 3247 2050 συνεχὲς
3284 1981 3379 2051 τῆς
3421 1982 3636 2051 φύσεως
3688 1987 3813 2039 δια-

2221 2070 2468 2141 σπὼσης,
2496 2071 2621 2135 οὕτε
2641 2073 2738 2143 τῆς
2763 2074 2904 2127 κατὰ
2928 2075 3025 2144 τὴν
3048 2076 3237 2128 οὐσίαν
3267 2078 3564 2146 συναφείας
3589 2079 3649 2132 τὸ
3673 2081 3815 2134 ίδιάι·

2219 2160 2312 2225 ζον
2340 2161 2447 2214 τῶν
2480 2164 2882 2233 γνωρισμάτων
2922 2166 3284 2237 ἀναχεούσης.
3325 2169 3437 2221 Καὶ
3476 2169 3593 2222 ἐστι
3634 2187 3817 2235 παρα-

2218 2250 2391 2314 δόξως
2433 2252 2529 2305 ἐπὶ
2581 2251 2788 2306 τούτων
2840 2256 2936 2308 καὶ
2981 2255 3253 2325 διάκρισις
3308 2260 3659 2328 συνημμένη,
3715 2260 3813 2313 καὶ

2217 2341 2614 2413 διακεκριμένη
2670 2345 2955 2414 συνάφεια.
3017 2347 3413 2418 Προσκείσεται
3472 2349 3530 2401 δὲ
3594 2352 3690 2403 καί
3755 2369 3811 2405 τι

2219 2438 2355 2506 πρὸς
2394 2437 2690 2505 ἐπίγνωσιν
2716 2441 2965 2510 ἀμυδρὰν
2996 2440 3325 2509 ὑπόδειγμα,
3364 2443 3567 2512 μᾶλλον
3600 2442 3655 2496 δὲ
3679 2452 3811 2497 σκιά

2222 2541 2307 2588 τις
2341 2525 2600 2596 ἀληθείας
2634 2529 2665 2596 ἡ
2695 2528 2995 2599 πολύχροος
3026 2525 3157 2600 ἶρις.
3189 2530 3415 2583 Πάντων
3461 2532 3572 2602 γὰρ
3605 2533 3716 2586 τῶν
3753 2534 3814 2585 ὲν

2217 2614 2357 2687 αὐτῇ
2382 2618 2688 2688 χρωμάτων
2731 2620 2788 2671 at
2819 2620 2987 2687 αὐγαὶ
3020 2622 3114 2674 καὶ
3148 2622 3570 2692 διακεκριμέναι
3594 2623 3817 2691 φαίνον-

2220 2730 2312 2769 ται
2351 2715 2428 2786 τῷ
2488 2717 2783 2786 τηλαυγεῖς
2836 2712 2998 2783 εἶναι,
3042 2716 3140 2771 καὶ
3194 2717 3545 2789 συνηνῶσθαι
3591 2719 3815 2771 δοκοῦσι

2216 2806 2295 2877 τῷ
2325 2806 2612 2862 λανθάνειν
2658 2809 2818 2879 ἡμῶν
2856 2809 2952 2871 τὰς
3005 2809 3160 2877 ὄψεις
3198 2810 3326 2872 τοὺς
3380 2810 3541 2879 ὅρους
3573 2810 3683 2862 τῶν
3719 2812 3815 2879 μί-

2220 2897 2375 2966 ξεων,
2407 2900 2532 2963 τοὺς
2559 2899 2936 2970 διακρίνοντας
2959 2902 3059 2964 τὰς
3082 2902 3190 2952 τῶν
3217 2899 3426 2970 χρόνων
3459 2900 3811 2971 ἑτερότητας,

2216 2990 2292 3054 ὡς
2320 2992 2607 3063 ἀμήχανον
2628 2992 2871 3064 ἐξευρεῖν
2904 2993 3069 3063 μέχρι
3089 2993 3234 3055 τίνος
3265 2992 3467 3061 ἔστηκε
3499 2994 3559 3045 τὸ
3593 3010 3821 3063 πυραυ-

2217 3082 2333 3151 γὲς,
2377 3083 2409 3153 ἢ
2448 3083 2826 3154 σμαραγδίζον
2845 3083 2947 3154 τῆς
2980 3084 3253 3154 αῐγλης,ἢ
3288 3083 3519 3153 χλοάζον
3550 3086 3648 3155 τῆς
3670 3084 3821 3153 λαμ⁴

2219 3174 2470 3243 πηδόνος,
2494 3176 2592 3229 καὶ.
2613 3177 2722 3229 ἀπὸ
2752 3175 2901 3239 τίνος
2930 3176 3184 3246 ἄρχεται,
3222 3175 3593 3240 παιδεύοντος,
3628 3173 3811 3247 οἶμαι,

2217 3264 2314 3318 τοῦ
2354 3265 2515 3333 λόγου
2549 3265 2645 3319 καὶ
2676 3266 2765 3320 διὰ
2816 3267 2915 3337 τῆς
2952 3266 3185 3329 κτίσεως
3223 3267 3382 3337 ἡμῶν
3417 3266 3494 3337 μὴ
3541 3283 3818 3321 καινοπα-

2221 3355 2337 3409 θεῖν
2375 3359 2488 3419 τοῖς
2521 3356 2653 3427 περὶ
2698 3355 2793 3411 τοῦ
2844 3357 3116 3427 δόγματος
3172 3357 3375 3426 λόγοις,
3431 3360 3584 3425 ὅταν,
3632 3360 3711 3422 είς
3755 3359 3820 3412 τὸ

2218 3448 2597 3520 δυσθεώρητον
2645 3450 3000 3520 ἐμπεσόντες,
3060 3450 3197 3518 πρὸς
3248 3450 3347 3520 τὴν
3399 3452 3818 3519 συγκατάὸασιν

2221 3540 2331 3592 τῶν
2367 3540 2679 3611 λεγομένων
2717 3542 3132 3612 ίλιγγιάσωμεν.
3173 3543 3263 3607 Ὠς
3300 3544 3408 3615 γὰρ
3437 3545 3670 3597 ἐπὶτῶν
3693 3546 3811 3607 τοῖς

2220 3631 2523 3703 ὀφθαλμοῖς
2562 3633 2910 3703 φαινομένων
2945 3634 3214 3703 κρείττων
3258 3636 3430 3704 ἐφάνη
3467 3636 3567 3705 τῆς
3609 3634 3814 3687 ἀντιλο·

2221 3724 2347 3793 γίας
2381 3726 2416 3795 ἡ
2447 3728 2634 3796 πεῖρα,
2674 3726 2823 3781 οὕτω
2850 3727 2947 3780 καὶ
2980 3727 3075 3780 ἐπὶ
3101 3727 3211 3781 τῶν
3243 3726 3816 3797 ὐπεραναὸεϐηκότων

2219 3817 2510 3887 δογμάτων
2557 3821 2825 3889 κρείττων
2855 3820 2889 3890 ἡ
2934 3819 3117 3885 πίστις
3152 3819 3295 3874 ἔστω
3325 3820 3424 3891 τῆς
3462 3818 3552 3873 διὰ
3589 3819 3700 3873 τῶν
3723 3818 3818 3872 λο-

2220 3926 2314 3979 γισ
2323 3909 2441 3980 μῶν
2471 3910 2853 3982 καταλήψεως.

2235 4086 2337 4140 Ἐκ
2354 4083 2461 4139 τοῦ
2488 4088 2677 4143 αὑτοῦ
2707 4088 3243 4158 ἀποκεφαλαῐωσις
3271 4088 3493 4156 δεκάτη
3526 4084 3646 4141 τῶν
3665 4086 3824 4157 πρτνς

2825 4158 3232 4228 Ἀμφιλόχιον.

2294 4249 2389 4317 Εἷς
2413 4251 2543 4316 Θεὸς
2569 4252 2663 4305 καὶ
2692 4251 2905 4323 Πατὴρ,
2947 4250 3043 4306 καὶ
3079 4245 3160 4314 εἷς
3194 4248 3493 4321 μονογενὴς
3540 4249 3692 4313 Υἱὸς,
3722 4253 3823 4304 καὶ

2223 4344 2281 4398 ἓν
2310 4345 2465 4416 ἅγιον
2504 4345 2752 4416 Πνεῦμα.
2799 4343 3073 4417 Ἐκάστην
3106 4344 3215 4397 τῶν
3260 4346 3613 4399 ὑποστάσεων
3650 4364 3822 4416 μονα-

542 4426 822 4495 sigillatim
877 4427 1254 4485 enuntiamus.
1316 4430 1568 4502 Cumque
1613 4443 1865 4502 oporteat
1904 4451 2116 4491 connu-

2222 4436 2333 4509 χῶς
2373 4437 2799 4508 ἐξαγγέλλομεν.
2849 4438 3098 4491 Ἐπειδὰν
3127 4438 3181 4489 δὲ
3202 4437 3664 4505 συναριθμεῖσθαι
3694 4437 3819 4509 δέῃ,

543 4536 778 4583 tnerare,
810 4537 917 4576 non
949 4522 1004 4576 id
1034 4524 1266 4592 agimus,
1305 4534 1362 4578 ut
1418 4525 1691 4580 inerudita
1730 4528 2115 4585 numeratione

541 4612 611 4665 ad
662 4611 983 4681 multiplicis
1041 4613 1340 4669 divinitatis
1401 4613 1815 4686 intelligentiam
1876 4617 2122 4673 adduca-

542 4717 686 4755 mur.
742 4700 929 4771 Neque
963 4703 1106 4757 enim
1137 4705 1521 4774 componendo
1574 4721 1986 4773 enumeramus,
2041 4709 2127 4763 in-

540 4806 884 4850 crementum
915 4795 985 4850 ab
1038 4811 1149 4850 uno
1173 4796 1239 4851 ad
1266 4797 1678 4852 multitudinem
1712 4799 1999 4865 facientes,
2044 4802 2123 4856 di-

542 4894 843 4955 centcsque
898 4901 1087 4951 unum,
1144 4896 1197 4941 et
1259 4888 1389 4951 duo,
1422 4895 1478 4942 et
1507 4888 1610 4943 tria
1657 4906 1671 4944 :
1722 4900 1818 4944 aut
1856 4892 2122 4961 primum,

547 4986 641 5030 aut
669 4976 998 5042 secundum,
1025 4985 1119 5032 aut
1147 4978 1391 5033 tertium.
1432 4998 1451 5030 ί
1489 4981 1603 5051 Ego
1637 4998 1655 5031 ι
1729 4982 1896 5045 enim,
1925 4983 2123 5053 inquit,

553 5086 572 5119 ι
615 5067 756 5121 Deus
786 5067 997 5138 primus
1024 5110 1038 5136 ,
1094 5079 1149 5124 et
1203 5085 1308 5141 ego
1335 5071 1616 5142 deinceps.
1655 5091 1673 5124 ι
1719 5073 1888 5128 Deum
1924 5090 2125 5131 secun-

549 5158 679 5212 dum
716 5160 782 5213 ad
812 5160 960 5215 hunc
1004 5175 1177 5230 usque
1244 5161 1388 5217 diem
1446 5179 1727 5234 nunquam
1793 5166 2125 5223 audivimus.

550 5248 643 5303 Sic
672 5252 817 5304 enim
851 5252 1021 5306 Deum
1047 5268 1113 5306 ex
1145 5254 1256 5308 Deo
1305 5260 1618 5322 adoramus,
1676 5266 1734 5311 ut
1766 5273 2125 5327 personarum

554 5344 953 5413 proprietatem
1031 5344 1378 5410 confitentes,
1473 5349 1694 5402 unicum
1761 5352 2130 5421 principatum

554 5448 888 5501 asseramus,
922 5452 1025 5491 nec
1054 5437 1359 5493 divinitatis
1399 5441 1667 5496 rationem
1713 5442 1766 5496 in
1820 5444 2130 5499 multitudi-

552 5538 681 5579 nem
741 5528 1075 5583 subdivisam
1144 5530 1540 5596 discindimus,
1602 5536 1862 5603 quoniam
1911 5552 2018 5590 una
2074 5538 2127 5591 in

558 5615 691 5680 Deo,
716 5626 770 5672 et
801 5619 982 5683 Patre,
1013 5629 1068 5674 et
1100 5618 1240 5676 Filio
1262 5623 1547 5693 unigenito
1582 5626 1731 5694 quasi
1760 5627 1934 5680 forma
1973 5642 2133 5696 sper.-

562 5717 706 5765 tatur
756 5712 1183 5783 incommutabili
1222 5716 1509 5785 coniuncta
1545 5718 1759 5774 vinculo
1803 5719 2129 5778 divinitatis.

2222 4530 2345 4600 οὐχὶ
2381 4530 2701 4598 ἀπαιδεύτῳ
2748 4530 3050 4602 ἀριθμήσει
3080 4529 3218 4600 πρὸς
3258 4529 3553 4592 πολυθεῖας
3598 4528 3815 4584 ἔννοιαν

2220 4620 2595 4690 ἐκφερόμεθα.
2647 4622 2723 4674 Οὐ
2782 4622 2891 4689 γὰρ
2951 4621 3097 4674 κατὰ
3158 4621 3406 4674 σύνθεσιν
3467 4620 3822 4691 ἀριθμοῦμεν

2221 4714 2315 4782 ἀφ’
2346 4714 2464 4775 ἐνὸς
2509 4716 2590 4778 είς
2624 4712 2832 4785 πλῆθος
2866 4714 3185 4783 ποιούμενοι
3214 4711 3313 4783 τὴν
3354 4714 3726 4783 παραύξησιν,
3759 4714 3823 4767 ἓν

2224 4807 2462 4872 καὶδύο,
2508 4807 2602 4860 καὶ
2637 4808 2768 4877 τρία
2817 4804 3107 4873 ’.ἐγοντες-
3144 4804 3269 4857 οὐδὲ
3303 4804 3545 4874 πρῶτον,
3576 4806 3669 4858 καὶ
3698 4805 3826 4858 δεύ-

2222 4915 2403 4969 τερον,
2436 4900 2532 4952 καὶ
2559 4898 2762 4971 τρίτοι.
2804 4895 2991 4965 «Ἐγὼ
3018 4897 3153 4967 γὰρ,
3187 4914 3205 4948 ι
3252 4898 3410 4967 φησὶ,
3451 4914 3469 4947 ι
3498 4897 3630 4960 Θεὸς
3672 4899 3830 4968 πρῶ·

2224 5008 2337 5056 τος,
2363 4988 2476 5059 ἐγὼ
2516 4990 2611 5045 καὶ
2656 4988 2796 5060 μετὰ
2837 4988 3035 5043 ταῦτα.
3068 5007 3087 5041 ι
3138 4986 3405 5056 Δεύτερον
3446 4988 3577 5040 Θεὸν
3608 4989 3828 5043 οὐδέπω

2224 5083 2323 5137 καὶ
2361 5084 2603 5152 τήμερον
2638 5081 2980 5151 ἀκηκόαμεν.
3034 5080 3169 5134 Θεὸν
3221 5081 3330 5146 γὰρ
3380 5081 3444 5132 ἐκ
3477 5080 3611 5132 Θεοῦ
3652 5096 3831 5151 προσ·

2229 5173 2521 5238 κυνοῦντες
2546 5212 2560 5237 ,
2611 5175 2706 5226 καὶ
2744 5173 2808 5227 τὸ
2854 5171 3076 5236 «ἰδιάζον
3106 5173 3207 5241 τῆς
3242 5172 3593 5236 ὑποστάσεως
3624 5173 3827 5238 διολο-

2229 5265 2458 5335 γοῦμεν,
2500 5264 2596 5317 καὶ
2628 5263 2864 5334 μένομεν
2890 5264 2986 5317 επὶ
3026 5263 3123 5334 τῆς
3148 5262 3473 5334 μοναρχίας,
3507 5264 3586 5326 εἰς
3617 5263 3827 5333 πλῆθος

2229 5357 2635 5427 ἀπεσχισμένον
2660 5357 2759 5427 τὴν
2786 5356 3065 5425 θεολογίαν
3105 5356 3182 5427 μὴ
3217 5355 3625 5422 σκεδαννύντες,
3651 5356 3738 5410 διὰ
3763 5360 3827 5412 τὸ

2237 5448 2369 5518 μίαν
2420 5450 2477 5499 ὲν
2531 5446 2651 5518 Θεῷ
2702 5448 2796 5501 καὶ
2842 5448 3020 5517 Πατρὶ
3070 5449 3164 5500 καὶ
3218 5446 3331 5516 Υἰῴ
3388 5449 3671 5515 μονογενεί
3718 5448 3823 5518 τὴν

2233 5539 2396 5593 οἱονεὶ
2432 5540 2647 5610 μορφὴν
2673 5538 2998 5609 θεωρεῖσθαι
3030 5537 3107 5606 τῷ
3135 5537 3547 5607 ἁπαραλλάκτῳ
3574 5538 3673 5607 τῆς
3704 5539 3827 5591 θεό-

2234 5648 2399 5701 τητος
2441 5632 2780 5702 ὲνιξομένην.
2817 5630 2946 5693 Υίὸς
2980 5629 3183 5700 γὰριὲν
3233 5629 3429 5697 Πατρὶ,
3490 5631 3585 5683 καὶ
3633 5630 3825 5701 Πατὴρ

2238 5726 2296 5778 ἐν
2346 5723 2483 5789 Υἱῷ,
2546 5723 2733 5790 ἐπειδὴ
2789 5723 2883 5777 καὶ
2926 5716 3086 5786 οῦτος
3130 5720 3389 5788 τοιοῦτος,
3427 5715 3537 5786 οἶος
3586 5723 3817 5786 ἐκεῖνος,
