4026 6212
211 327 275 392 61
1199 338 1576 414 PANOPLIA
1617 340 1816 405 DOGM

1922 347 2080 409 'lCA.
2119 374 2183 384 -
2218 349 2366 411 ΤιΤ.
2413 348 2495 413 Il.
3422 367 3492 427 62

211 439 447 514 οἷόσπερ
503 437 682 508 οὗτος,
714 444 904 516 ὦσιιερ
946 443 1086 499 κατὰ
1109 445 1209 517 τὴν
1240 449 1481 518 ἰδιότητα
1511 451 1616 502 τῶν
1647 459 1816 520 προσ-

1930 451 2098 507 Filius
2124 455 2270 508 enim
2307 457 2359 508 in
2419 458 2598 525 Patre,
2639 468 2694 515 et
2724 460 2885 517 Pater
2913 465 2964 516 iu
3001 459 3157 520 Filio.
3216 469 3494 538 Siquidem

210 534 393 588 ώπων
432 530 536 599 εἷς,
567 536 664 588 καὶ
716 531 814 598 εἷς,
878 537 1022 589 κατά
1051 529 1108 590 δέ
1161 538 1222 590 rb
1259 539 1437 591 κοινὸν
1467 541 1563 607 τῆς
1598 539 1814 608 φύσεως

209 628 281 680 ἓν
317 629 374 682 οι
411 625 732 697 ἀμφότεροι.
782 627 906 691 Πῶς
939 625 1033 682 οὖν
1080 629 1240 700 εἴπερ
1283 625 1384 696 εἷς,
1433 632 1528 683 καὶ
1559 625 1661 695 εἷς,
1693 631 1816 701 οὐχὶ

209 717 315 769 δύο
349 719 494 782 θεοί;
534 719 658 771 Ὀτι
694 718 956 788 βασιλεὺς
988 720 1206 787 λέγεται
1234 721 1328 772 καὶ
1361 723 1393 791 ἡ
1426 721 1519 774 τοῦ
1551 720 1818 790 βασιλέως

208 811 414 870 εἰκὼν,
467 812 559 862 καὶ
613 811 675 862 οὐ
731 811 824 862 δύο
871 811 1134 879 βασιλεῖς.
1167 811 1305 864 Οὔτε
1361 813 1468 883 γὰρ
1509 813 1568 865 rb
1609 813 1816 882 κράτος

212 903 496 971 σχίζεται,
523 901 648 956 οὔτε
681 905 714 973 ἡ
744 903 994 972 βασιλεία
1023 905 1330 973 μερίζεται.
1369 903 1458 967 Ὠς
1481 904 1588 974 γὰρ
1617 906 1650 976 ἡ
1681 922 1816 975 κρα-

210 993 390 1046 τοῦσα
420 994 584 1060 ἡμῶν
615 995 757 1064 ἁρχὴ
787 996 880 1046 καὶ
911 994 1132 1059 ἐξουσία
1166 995 1287 1064 μία,
1325 994 1469 1048 οὕτω
1497 997 1588 1048 καὶ
1615 998 1646 1065 ἡ
1683 997 1816 1065 παρ’

217 1083 386 1152 ἡμῶν
413 1082 696 1150 δοξολογία
732 1085 854 1154 μία,
881 1084 975 1136 καὶ
1002 1085 1062 1136 οὐ
1107 1085 1323 1139 πολλαί.
1359 1086 1505 1138 Διότι
1552 1088 1585 1155 ἡ
1613 1087 1710 1155 τῆς
1736 1089 1817 1138 εί-

213 1178 390 1238 κόνος
445 1179 583 1245 τιμὴ
628 1176 724 1227 ἐπὶ
772 1175 836 1228 rb
888 1177 1248 1245 πρωτότυπον
1282 1176 1570 1230 διαϐαίνει.
1626 1180 1690 1230 'U
1725 1174 1818 1232 οῦν

212 1269 372 1319 ἐστιν
419 1265 662 1327 ἐνταῦθα
697 1267 1010 1336 μιμητικῶς
1053 1268 1292 1336 ὴείκὼν,
1324 1269 1485 1321 τοῦτο
1513 1271 1628 1322 ἐκεῖ
1659 1287 1820 1339 φυσι-

212 1358 332 1419 κῶς
369 1361 398 1410 ὁ
427 1358 581 1420 Υἱός.
632 1357 743 1409 Καὶ
774 1359 967 1428 ὥσπερ
992 1360 1086 1411 ἐπὶ
1112 1361 1219 1412 τῶν
1246 1362 1520 1430 τεχνητῶν
1553 1363 1694 1414 κατὰ
1720 1363 1818 1432 τὴν

212 1450 442 1521 μορέην
471 1452 504 1520 ἡ
528 1450 812 1521 ὁμοίωσις,
850 1450 995 1504 οὕτω
1028 1454 1118 1505 καὶ
1144 1454 1234 1504 ἐπὶ
1267 1457 1365 1523 τῆς
1417 1454 1570 1517 θείας
1603 1455 1819 1524 φύσεως

207 1541 321 1608 ’τῆς
352 1541 661 1594 ὀσυνθέτου
703 1543 762 1594 ὲν
789 1544 856 1612 τῇ
906 1544 1164 1615 κοινωνίᾳ
1197 1545 1292 1614 τῆς
1329 1544 1578 1618 Θεότητός
1608 1549 1757 1600 ἐστιν
1784 1549 1816 1619 ἡ

210 1636 442 1698 ἐνωσις.
491 1635 590 1687 Ἕν
620 1634 676 1686 δὲ
711 1637 806 1687 καὶ
841 1635 901 1688 rb
955 1635 1181 1706 Πνεῦμα
1213 1637 1274 1690 rb
1323 1638 1498 1705 ἅγιον,
1547 1639 1639 1692 καὶ
1685 1639 1817 1693 αὐτὸ

216 1725 539 1795 μοναδικῶς
579 1725 1048 1795 ἐξαγγελλόμενον
1090 1726 1159 1781 δι’
1201 1729 1318 1792 ὲνδς
1343 1728 1495 1792 Υίοῦ,
1529 1729 1608 1800 τῷ
1633 1726 1810 1801 Πατρὶ

214 1820 665 1888 συναπτόμενον,
714 1821 809 1872 καὶ
858 1820 925 1872 δι’
959 1820 1156 1873 ἑαυτοῦ
1190 1821 1548 1892 συμπληροῦν
1717 1795 1814 1876 πο·
1849 1795 1893 1856 Β

209 1908 535 1980 λυὺμνητον
579 1911 678 1964 καὶ
711 1912 993 1982 μακαρίαν
1025 1912 1251 1984 Τριάδα,
1305 1907 1366 1969 οῦ
1419 1914 1520 1986 τὴν
1552 1916 1689 1986 πρὶς
1723 1915 1813 1969 τὸν

215 2001 448 2072 Πατέρα
477 2004 574 2056 καὶ
603 2003 735 2056 Υίὸν
781 2002 1059 2060 οίκείωσιν
1100 2006 1299 2069 ἱκανῶς
1338 2008 1597 2076 ἐμφαίνει
1625 2007 1704 2077 τῷ
1737 2007 1812 2078 μὴ

213 2097 277 2148 ἐν
303 2094 386 2165 τῷ
420 2096 619 2166 πλήθει
650 2095 754 2166 τῆς
807 2098 1056 2160 κτίσεως,
1098 2098 1234 2152 ἀλλὰ
1267 2096 1519 2168 μοναχῶς
1554 2101 1813 2167 ἐκφωνεῖ-

216 2188 380 2239 eam.
415 2189 491 2240 Οὐ
529 2189 638 2258 γὰρ
668 2188 727 2240 ἓν
752 2189 860 2242 τῶν
911 2189 1125 2244 πολλῶν
1168 2189 1343 2253 ἔστιν,
1385 2189 1502 2242 ἀλλ’
1534 2190 1591 2244 ἓν
1619 2192 1766 2243 ἐστιν
1796 2204 1810 2221 ⁸

220 2280 302 2343 ὡς
334 2275 419 2341 εἷς
455 2281 643 2350 Πατὴρ
672 2282 769 2334 καὶ
819 2281 968 2349 Υἱὸς,
1003 2280 1148 2334 οὕτω
1182 2281 1276 2336 καὶ
1299 2282 1355 2334 ἓν
1380 2282 1602 2352 Πνεῦμα
1632 2283 1806 2350 ἅγιον.

227 2371 350 2438 Τῆς
385 2368 486 2438 μὲν
515 2371 602 2424 οὖν
634 2373 863 2443 κτιστῆς
897 2374 1116 2443 φύσεως
1158 2373 1414 2428 τοσοῦτον
1448 2374 1813 2447 ἀποκεχώρη-

220 2480 348 2526 κεν,
409 2463 535 2515 ὅσον
579 2464 728 2526 εξκδς
775 2465 836 2517 τὸ
886 2465 1177 2534 μοναδικδν
1213 2467 1322 2520 τῶν
1363 2467 1809 2537 συστηματικῶν,

217 2556 317 2607 καὶ
363 2555 690 2625 πληθυσμδν
741 2556 997 2627 ἐχόντων.
1055 2559 1229 2632 Πατρ“ι
1261 2559 1320 2613 δὲ
1373 2560 1470 2614 καὶ
1520 2559 1635 2630 rte
1668 2559 1813 2613 κατὰ

215 2646 482 2699 τοσοῦτον
515 2647 742 2716 ἥνωται,
770 2650 896 2701 καθ’
919 2651 1046 2703 ὅσον
1089 2649 1204 2720 ἔχει
1235 2651 1406 2720 μονὰς
1437 2651 1573 2721 πρὸς
1603 2652 1809 2723 μονάδα

213 2737 319 2804 τὴν
349 2736 701 2805 οἰκειότητα.
729 2737 841 2791 Καὶ
870 2739 972 2792 οὐκ
1000 2739 1252 2792 ἐντεῦθεν
1288 2740 1449 2811 μόνον
1482 2743 1514 2812 ἡ
1539 2743 1638 2812 τῆς
1667 2744 1811 2796 κατά

216 2829 390 2897 φύσιν
411 2830 710 2894 κοινωνίας
737 2830 1034 2896 ἀπόδειξις,
1068 2831 1183 2886 ἀλλ’
1215 2832 1300 2886 ὅτι
1326 2834 1418 2887 καὶ
1452 2836 1516 2887 ἐκ
1545 2833 1636 2888 τοῦ
1675 2834 1809 2890 Θεοῦ

216 2919 391 2982 εἶναι,
428 2924 530 2976 καὶ
555 2921 802 2990 λέγεται,
837 2925 936 2992 οὐχ
981 2923 1055 2985 ὡς
1078 2925 1148 2977 τὰ
1200 2925 1374 2978 πάντα
1403 2927 1467 2977 ὲκ
1515 2924 1610 2978 τοῦ
1648 2925 1806 2992 Θεοῦ,

215 3011 334 3064 ἀλλ’
369 3012 449 3075 ὡς
494 3013 558 3065 ἐκ
585 3012 723 3065 Θεοῦ
774 3013 1092 3083 προσελθὸν,
1129 3014 1191 3067 οὐ
1231 3015 1490 3084 γεννητὸν
1535 3014 1611 3078 ὡς
1659 3015 1807 3080 Υἱὸς,

215 3102 336 3153 ἀλλ’
367 3101 445 3165 ὡς
470 3103 532 3155 rb
553 3103 780 3175 Πνεῦμα
820 3104 1091 3174 στόματος
1119 3105 1309 3159 αὑτοῦ.
1351 3107 1572 3170 Πάντως
1600 3105 1658 3160 δὲ
1683 3106 1806 3160 οὔτε

216 3193 278 3247 rb
311 3194 498 3262 στόμα
528 3195 714 3261 μέλος,
743 3193 873 3249 οὔτε
895 3196 1030 3266 πνοὴ
1051 3197 1290 3266 λυομένη
1315 3197 1376 3250 rb
1412 3199 1650 3268 πνεῦμα,
1675 3198 1811 3253 ἀλλὰ

218 3286 317 3339 καὶ
374 3286 437 3338 rb
497 3287 655 3355 σῶμα
712 3285 1062 3358 Θεοπρεὴῶς,
1099 3290 1197 3340 καὶ
1254 3292 1317 3341 τὸ
1365 3287 1592 3358 Πνεῦμα
1649 3288 1810 3341 οὐσία

216 3378 398 3442 ζῶσα,
431 3377 712 3448 ἁγιασμοῦ
749 3377 938 3449 κυρία,
973 3379 1076 3448 τῆς
1116 3378 1218 3448 μὲν
1258 3379 1593 3448 οἰκειότητος
1621 3379 1812 3448 δηλου-

220 3471 400 3538 μένης
443 3470 719 3533 ἐντεῦθεν,
755 3471 850 3523 τοῦ
874 3471 931 3532 δὲ
959 3471 1161 3542 τρόπον
1196 3470 1294 3541 τῆς
1323 3470 1616 3540 ὑπάρξεως
1638 3471 1812 3542 eam-

228 3573 319 3616 ron
349 3563 789 3633 φυλασσομένου.

1918 552 1973 596 et
2007 545 2094 598 hic
2123 554 2207 600 est
2236 547 2376 608 talis,
2404 551 2580 618 qualis
2604 552 2803 623 imago,
2826 564 2881 606 et
2914 557 3026 619 ille,
3061 559 3237 625 qualis
3271 572 3356 613 est
3382 562 3494 624 hic,

1919 643 1977 688 ut
2003 650 2064 689 ex
2117 642 2450 706 proprietate
2483 657 2840 710 personarum
2873 647 2981 700 sint
3015 665 3177 711 unus,
3241 660 3296 704 et
3331 667 3490 714 unus,

1917 741 1983 780 ex
2018 735 2224 782 natura:
2257 739 2436 784 autem
2466 736 2851 788 communione
2883 739 3097 806 utrique
3127 757 3310 795 lltlllm.
3343 744 3491 807 Quo.

1923 818 2085 870 modo
2115 818 2279 888 igitur
2305 821 2350 874 si
2381 837 2543 885 unus,
2570 833 2623 876 et
2650 841 2809 887 llllllS,
2843 842 2946 879 non
2971 830 3353 904 dupdii?Qnia
3372 847 3492 883 eum

1920 907 2130 960 dicatur
2191 924 2285 963 rex
2334 918 2389 964 et
2440 912 2618 981 imago
2674 916 2814 983 ejus,
2846 932 2953 969 non
2991 931 3167 971 tamen
3217 922 3321 971 duo
3368 930 3496 974 sunt

1920 1013 2091 1068 reges.
2136 999 2323 1068 Neque
2346 1002 2491 1055 enim
2527 1014 2766 1072 potestas
2795 1006 3080 1071 Scinditur,
3112 1019 3206 1061 aut
3234 1011 3497 1064 dividitur

1918 1102 2165 1158 regnum.
2202 1089 2334 1144 Nam
2363 1093 2506 1148 sicut
2563 1105 2648 1149 est
2707 1097 2865 1151 unius
2894 1099 2946 1151 iu
2975 1114 3074 1152 nos
3106 1100 3389 1170 imperium
3443 1112 3498 1156 et

1918 1179 2274 1249 principatus,
2323 1183 2401 1237 sic
2430 1185 2593 1237 etiam
2631 1187 2720 1252 qui
2767 1203 2795 1238 a
2827 1189 2982 1242 nobis
3027 1189 3257 1244 habetur
3294 1192 3492 1253 honor.

1920 1278 2004 1322 est
2034 1286 2194 1335 unus,
2248 1288 2356 1325 non
2396 1275 2570 1328 multi.
2639 1274 2824 1330 Honor
2853 1281 3025 1343 enim,
3079 1283 3168 1348 qui
3207 1291 3496 1350 prazstatur

1919 1360 2166 1431 imagini,
2199 1365 2448 1431 pervertit
2471 1367 2537 1420 ad
2571 1369 2870 1436 exemplar.
2940 1369 3120 1435 Quare
3154 1374 3296 1442 quod
3327 1375 3414 1427 hic
3439 1373 3498 1428 lit

1917 1451 2048 1504 artis
2102 1452 2424 1519 imitatione,
2487 1457 2597 1512 illic
2655 1469 2852 1514 natura
2904 1461 3077 1515 Filius
3129 1465 3362 1518 obtinet.
3418 1465 3485 1518 Et

1918 1545 2378 1613 quemadmodum
2407 1549 2464 1602 in
2514 1549 2599 1614 iis,
2643 1567 2763 1619 qua:
2797 1553 2932 1606 ﬁunt
2967 1554 3034 1607 ab
3066 1542 3390 1617 artiﬁcibus,
3424 1573 3493 1610 ex

1919 1636 2090 1691 forma
2122 1638 2338 1692 ducitur
2360 1641 2657 1696 similitudo
2681 1683 2694 1706 ,
2729 1644 2808 1697 sic
2842 1645 2895 1697 in
2933 1645 3020 1698 illa
3062 1647 3242 1700 divina
3281 1648 3488 1701 inccm-

1923 1731 2212 1801 positaque
2266 1742 2464 1788 natura
2493 1750 2560 1788 ex
2610 1739 3002 1790 communione
3058 1739 3359 1794 divinitatis
3413 1747 3498 1793 cst

1922 1824 2039 1892 ipsa
2069 1825 2270 1878 unitas.
2330 1824 2483 1880 Unus
2513 1835 2694 1881 autem
2722 1836 2806 1882 est
2859 1838 2914 1882 et
2960 1829 3197 1898 Spiritus
3247 1839 3492 1893 sanctus,

1921 1914 2010 1983 qui
2039 1922 2094 1968 et
2121 1913 2235 1982 ipse
2268 1915 2617 1984 singulariter
2651 1919 2898 1982 eﬂ’ertur,
2932 1929 2985 1973 et
3021 1935 3116 1987 per
3171 1935 3340 1972 unum
3392 1919 3487 1973 Fi-

1921 2006 2052 2066 lium
2085 2007 2410 2076 eonjunctus
2453 2007 2619 2073 Patri,
2651 2021 2706 2064 et
2731 2022 2828 2079 per
2853 2026 2911 2066 se
2958 2011 3197 2080 complet
3229 2011 3487 2065 omnibus

1921 2098 2174 2154 laudibus
2205 2100 2583 2155 celebrandam
2616 2118 2679 2158 ac
2741 2104 3108 2158 beatissimam
3142 2102 3488 2158 Trinitatem.

1920 2189 2085 2259 Cujus
2112 2205 2235 2244 cum
2293 2188 2456 2247 Patre
2511 2193 2755 2262 Filioque
2783 2195 3096 2263 conjunctio
3131 2209 3199 2248 ex
3252 2210 3318 2248 eo
3353 2194 3491 2250 satis

1921 2283 2204 2352 perspicue
2251 2291 2418 2353 patet,
2464 2285 2609 2354 quod
2659 2301 2769 2338 non
2832 2286 2887 2339 in
2946 2301 3127 2338 rerum
3175 2294 3483 2338 creatarum

1919 2377 2310 2444 multitudine,
2360 2377 2456 2432 sed
2520 2376 2867 2446 singulariter
2923 2376 3331 2444 pronuntiatur.
3375 2377 3495 2430 Non

1916 2471 2061 2528 enim
2116 2480 2198 2526 est
2233 2487 2374 2525 unus
2405 2485 2436 2525 e
2494 2469 2697 2533 multis,
2751 2469 2844 2523 sed
2904 2483 3046 2523 unus
3090 2479 3173 2522 est
3227 2467 3488 2538 singulari

1918 2563 2148 2632 quadam
2177 2563 2409 2617 ratione.
2439 2560 2572 2616 Nam
2607 2560 2908 2615 sicutunus
2943 2571 3025 2614 est
3055 2559 3236 2624 Pater,
3263 2567 3320 2612 et
3349 2573 3493 2612 unus

1917 2651 2107 2712 Filius,
2137 2651 2216 2705 sic
2249 2667 2389 2706 unus
2411 2660 2496 2706 est
2520 2651 2682 2704 etiam
2711 2649 2950 2720 Spiritus
2976 2659 3217 2704 sanctus.
3257 2649 3490 2703 Tantum

1918 2741 2083 2812 igitur
2117 2741 2270 2795 abest
2304 2758 2331 2793 ιι
2367 2750 2562 2796 natura
2605 2749 2808 2803 creata,
2858 2749 3120 2808 quantum
3152 2739 3346 2792 abesse
3398 2752 3496 2806 par

1915 2842 1998 2886 est
2029 2831 2358 2902 singularem
2389 2845 2420 2884 a
2445 2831 2789 2901 congregatis
2815 2841 2869 2886 et
2925 2832 3253 2886 habentibus
3306 2830 3491 2885 multi-

1917 2923 2183 2988 tudinem,
2215 2921 2361 2976 Patri
2396 2936 2526 2977 vero
2556 2931 2613 2976 et.
2644 2921 2790 2978 Filio
2815 2922 2893 2977 sic
2920 2923 3105 2978 unitus
3133 2931 3236 2984 est,
3272 2930 3330 2976 ut
3364 2921 3490 2975 uni-

1918 3024 1998 3069 tas
2031 3031 2152 3069 cum
2208 3015 2419 3070 unitate
2467 3015 2835 3086 conjungitur.
2889 3014 3000 3069 Nec
3047 3014 3223 3069 solum
3273 3029 3338 3069 ex
3392 3014 3498 3068 hoc

1915 3117 2120 3161 naturae
2148 3107 2379 3162 societas
2403 3106 2728 3172 declaratur,
2759 3122 2948 3162 verum
2965 3107 3127 3162 etiam
3144 3121 3207 3160 ex
3240 3121 3306 3161 eo
3353 3105 3498 3174 quod

1918 3216 1983 3256 ex
2045 3201 2154 3255 Deo
2215 3215 2335 3256 esse
2369 3201 2590 3267 dicitur,
2625 3216 2733 3256 non
2796 3201 3255 3271 quemadmodum
3317 3199 3500 3255 omnia

1917 3300 2144 3347 suntex
2173 3293 2306 3355 Deo,
2362 3293 2460 3348 sed
2511 3291 2657 3362 quod
2689 3307 2756 3347 ex
2799 3292 2910 3346 Deo
2945 3293 3207 3361 procedit,
3265 3307 3375 3346 non
3438 3301 3502 3345 ut

1917 3381 2088 3437 Filius
2120 3383 2494 3454 generatione,
2544 3383 2639 3438 sed
2668 3391 2728 3438 ut
2787 3383 3026 3455 Spiritus
3060 3384 3172 3439 oris
3205 3383 3348 3454 ejus.
3403 3380 3500 3436 Hic

1919 3486 2098 3530 autem
2133 3476 2266 3531 mihi
2301 3493 2364 3531 os
2420 3491 2529 3532 non
2595 3487 2655 3532 ut
2689 3477 2995 3533 membrum
3038 3477 3331 3547 intelligas,
3393 3489 3498 3530 nec

1920 3567 2172 3636 spiritum
2205 3570 2279 3622 uti
2304 3571 2514 3630 ﬂatum.
2569 3568 2662 3638 qui
2688 3567 3001 3624 dissolvitur
3061 3584 3124 3624 ac
3179 3567 3496 3636 dissipatur,

221 3656 322 3710 sed
378 3669 443 3706 os
491 3654 602 3708 Deo
637 3656 884 3728 dignum,
914 3666 969 3711 et
1001 3655 1264 3734 Spiritum
1309 3656 1610 3712 essentiam
1667 3660 1869 3729 vivam,
1926 3662 2376 3721 sanctiﬁcationis
2427 3664 2730 3735 dominam,
2787 3665 2945 3737 cujus
2987 3663 3209 3734 quidem
3263 3663 3500 3719 societas

220 3763 288 3802 ex
342 3748 432 3802 bis
481 3747 807 3816 declaratur,
832 3748 1086 3804 essentia
1142 3759 1326 3804 autem
1379 3751 1573 3807 modus
1622 3767 1856 3808 arcanus
1892 3765 2165 3810 servatur.

228 3866 362 3916 Ἔτι
393 3863 527 3929 περὶ
577 3864 810 3930 Πατρός
837 3863 933 3915 καὶ
972 3862 1109 3917 Υίοῦ
1139 3863 1240 3917 καὶ
1273 3862 1448 3932 ἁγίου
1475 3863 1823 3931 Πνεύμιιτος

299 3933 726 4000 διακεκριμένη
770 3931 890 3998 ἅμα
939 3933 1038 3987 καὶ
1079 3931 1358 4000 ἡνωμένη
1404 3934 1682 4000 θεολογὶα
1715 3933 1823 3987 τοῦ

295 4003 575 4073 μετᾴλου
597 4002 934 4070 Γρηγορίου
974 4003 1079 4058 τοῦ
1111 4003 1407 4073 Θεολόγου
1444 4004 1513 4057 ἐκ
1545 4003 1652 4057 τοῦ
1687 4001 1826 4072 περὶ

301 4072 450 4125 Υἱοῦ
486 4073 676 4141 λόγου
706 4078 782 4126 α’.

314 4162 488 4232 Ἡμῖν
527 4163 585 4216 δὲ
627 4163 900 4234 μοναρχία
938 4163 1000 4217 rb
1034 4163 1369 4234 τιμώμενον.
1410 4164 1695 4235 Μοναρχία
1762 4162 1822 4217 δὲ

223 4259 333 4328 οὐχ
362 4258 435 4326 ἦν
477 4255 538 4311 ἓν
572 4258 910 4327 περιγράφει
960 4255 1252 4327 πρόσωπον
1278 4271 1291 4285 ⁸
1345 4256 1462 4310 ἐστι
1499 4257 1608 4326 γὰρ
1641 4255 1734 4310 καὶ
1757 4257 1817 4310 rb

226 4353 292 4405 ἓν
325 4351 624 4414 στασιάζον
662 4350 801 4420 πρὸς
845 4349 1009 4403 ἑαυτὸ
1044 4349 1220 4404 πολλὰ
1267 4350 1630 4406 καθίστασθαι
1652 4367 1667 4384 ο
1697 4351 1816 4404 ἀλλ’

225 4447 303 4517 ἦν
329 4444 553 4514 φύσεως
591 4443 858 4513 ὁμοτιμία
913 4442 1223 4515 συνίστησι,
1265 4448 1358 4498 καὶ
1406 4443 1633 4515 γνώμης
1681 4443 1820 4514 σύμ-

229 4555 427 4602 πνοια,
461 4537 557 4589 καὶ
588 4536 856 4606 ταυτότης
902 4537 1193 4606 κινήσεως,
1225 4539 1319 4590 κει.)⁵
1365 4537 1506 4606 πρὸς
1539 4537 1602 4590 rb
1633 4536 1694 4590 ἓν
1713 4537 1822 4590 τῶν

231 4630 295 4696 ἐξ
329 4628 505 4682 αὑτοῦ
538 4629 845 4694 σύννευσις,
879 4628 1018 4699 ὅπερ
1051 4629 1339 4698 ἀμήχανον
1386 4630 1481 4682 ἐπὶ
1505 4629 1604 4699 τῆς
1630 4645 1826 4700 γεννη-

231 4725 334 4792 ri];
362 4721 582 4790 φύσεως
605 4737 621 4751 ·
649 4720 792 4774 ὥστε
814 4721 917 4774 κᾶν
945 4721 1167 4792 ἀριθμῷ
1198 4721 1471 4791 διαφέρει,
1497 4724 1564 4792 τῇ
1602 4719 1824 4791 tenuata

240 4815 320 4883 μη
346 4813 667 4882 τέμνεσθαι.
697 4814 794 4866 Διὰ
821 4813 980 4866 τοῦτο
1007 4814 1175 4884 μονὰς
1217 4813 1311 4867 ἀπ’
1343 4813 1518 4884 ἀρχῆς
1549 4814 1628 4875 είς
1655 4813 1824 4867 δυάδα

237 4905 528 4968 κινηθεῖσα
576 4905 739 4975 μέχρι
785 4905 1016 4976 Τριάδος
1064 4905 1216 4975 ἔστη.
1287 4905 1399 4958 Καὶ
1455 4903 1618 4957 τοῦτό
1672 4905 1823 4958 ἐστιν

239 4999 380 5064 ἡμῖν
427 5000 456 5050 ὁ
492 4998 705 5069 Πατηρ,
757 4998 854 5053 καὶ
884 4999 913 5051 ὀ
951 4997 1100 5060 Υἱὸς,
1131 4997 1227 5050 καὶ
1265 4997 1326 5051 rb
1376 4996 1533 5065 ἅγιον
1568 4994 1822 5067 Πνεῦμα.

255 5088 315 5144 '0
351 5091 454 5160 μὲν
496 5092 781 5160 γεννήτωρ
807 5091 902 5144 καὶ
948 5089 1269 5160 προϐολεὺς,
1305 5089 1450 5158 λέγω
1477 5088 1536 5142 δὲ
1569 5089 1820 5157 ἀπαθῶς,

251 5183 340 5236 καὶ
365 5183 639 5254 ἀχρόνως,
673 5184 768 5236 καὶ
814 5183 1123 5252 ἁσωμάτως
1149 5198 1164 5213 ⁸
1217 5182 1328 5235 τῶν
1373 5182 1428 5234 δὲ
1458 5181 1518 5232 rb
1550 5181 1649 5252 μὲν
1699 5181 1823 5248 γέν·

251 5291 393 5346 νημα
426 5276 528 5346 (Ι),
573 5275 635 5327 rb
663 5273 722 5326 δὲ
755 5272 1068 5344 πρόϐλημα,
1107 5275 1142 5345 ἢ
1189 5274 1290 5327 οὐκ
1324 5269 1418 5326 οἷδ’
1467 5273 1616 5335 ὅπως
1646 5275 1709 5327 ἄν
1741 5290 1822 5337 τις

317 5416 391 5480 (l)
429 5416 484 5467 ln
516 5412 712 5468 codice
746 5413 762 5464 l
803 5411 1114 5481 Mosquensi
1137 5410 1279 5479 apud
1306 5409 1541 5466 Mattlirei
1572 5413 1724 5481 praei.
1754 5411 1820 5466 ad

248 5486 500 5553 Euthym.
527 5485 582 5537 in
619 5483 824 5552 Evang.
885 5484 1083 5551 legitur
1129 5483 1232 5536 hoc
1285 5483 1533 5536 scliolion
1567 5499 1596 5536 a
1652 5485 1822 5551 prima

243 5573 406 5611 manu
459 5574 473 5610 :
531 5553 593 5606 Ὀ
648 5553 783 5624 μὲν,
823 5553 1000 5624 μέγας
1067 5553 1344 5624 Βασίλειος
1417 5553 1820 5624 ἀπεδοκίμασεν

244 5629 334 5682 ἐπὶ
390 5625 487 5680 τοῦ
543 5622 678 5675 Υἱοῦ
740 5623 838 5692 τὴν
894 5623 986 5674 τοῦ
1051 5623 1392 5691 γεννήματος
1421 5622 1820 5692 προσηγορίαι,

244 5697 603 5764 κατατρέχων
630 5693 1303 5764 Εὐνομέου,ίχρησαμένου
1345 5693 1516 5762 ταύτῃ
1566 5695 1688 5746 ἀντὶ
1723 5695 1822 5757 τῆς

247 5768 336 5823 ’τοῦ
368 5763 523 5830 fiat},
556 5765 732 5831 λέγων
773 5765 852 5816 ὅτι
898 5763 1022 5826 Υἱὸς
1078 5766 1174 5820 μὲν
1229 5763 1526 5829 διαὸρἡδην
1561 5767 1694 5828 παρ’
1725 5765 1818 5816 αὐ-

1922 3867 2002 3924 De
2033 3869 2200 3923 Patre
2225 3871 2370 3935 item,
2407 3881 2454 3926 et
2490 3871 2626 3925 Filio
2652 3883 2701 3926 ct
2739 3872 2946 3939 Spiritu
3001 3879 3188 3925 sancto
3232 3868 3487 3923 distincta

1992 3959 2154 4013 simul
2199 3971 2248 4014 et
2277 3962 2425 4014 unita
2462 3962 2755 4015 ditinitatis
2818 3961 2978 4024 ratio,
3012 3958 3192 4028 Magni
3256 3955 3498 4027 Gregorii

1994 4049 2238 4120 Tlteologi
2268 4067 2332 4105 ea:
2359 4052 2602 4106 oratione
2630 4052 2804 4122 prima
2835 4052 2900 4104 de
2937 4048 3104 4104 Filio.

1990 4188 2036 4239 A
2066 4185 2227 4240 nobis
2281 4193 2466 4240 autem
2510 4183 2676 4239 unius
2743 4182 2840 4239 Dei
2889 4182 3089 4239 colitur
3137 4180 3500 4251 principatus,

1926 4287 2036 4333 non
2071 4292 2232 4348 quem
2269 4291 2374 4331 una
2398 4275 2814 4332 circumscribat
2867 4289 3098 4345 persona
3137 4290 3152 4327 :
3207 4287 3330 4327 cum
3383 4270 3501 4324 ﬁeri

1924 4367 2135 4437 possit,
2194 4375 2255 4421 ut
2281 4376 2335 4421 et
2372 4381 2542 4420 unum
2599 4382 2631 4421 a
2694 4368 2874 4433 seipso
2909 4363 3186 4427 dissideat,
3226 4373 3388 4432 atque
3431 4360 3502 4414 ita

1925 4460 2093 4516 multa
2123 4459 2194 4515 sit
2219 4475 2234 4524 ;
2272 4459 2368 4514 sed
2391 4473 2553 4528 quem
2582 4456 2805 4527 aequalis
2836 4464 3044 4510 naturae
3069 4453 3326 4524 dignitas.
3358 4451 3499 4504 idem

1925 4565 2244 4618 consensus,
2287 4551 2477 4606 eadem
2512 4549 2700 4612 motio,
2758 4557 2815 4603 et
2867 4547 3145 4609 omnium,
3195 4558 3315 4613 quae
3368 4541 3496 4595 inde

1926 4645 2122 4710 ﬂuunt,
2145 4643 2198 4696 in
2219 4657 2389 4696 unum
2409 4655 2709 4697 concursus
2733 4640 3051 4695 constituat.
3080 4636 3234 4702 Quod
3257 4637 3309 4689 in
3341 4643 3502 4688 natu-

1925 4748 1984 4790 ra
2007 4744 2290 4805 procreata
2316 4733 2430 4788 lieri
2459 4735 2669 4800 nequit,
2707 4738 2768 4784 ut
2796 4738 2852 4784 et
2887 4744 3117 4784 numero
3151 4728 3388 4790 diﬂ‘erat,
3445 4732 3500 4779 et

1925 4828 2153 4884 divisam
2189 4839 2298 4880 non
2349 4824 2548 4879 habeat
2579 4831 2923 4892 potestatem.
2960 4820 3164 4874 Idcirco
3205 4817 3382 4872 unitas
3430 4817 3500 4870 ab

1927 4916 2085 4972 initio
2114 4915 2181 4971 ad
2209 4915 2481 4970 binarium
2509 4926 2793 4982 progressa
2849 4924 3138 4965 numerum
3190 4909 3336 4961 intra
3393 4915 3500 4960 ter-

1925 5005 2142 5060 narium
2180 5003 2450 5061 consistit.
2483 5003 2542 5058 ld
2566 5002 2723 5056 nobis
2756 5009 2841 5056 est
2862 5002 3044 5066 Pater,
3083 4999 3270 5058 Filius.
3294 4994 3502 5077 et’Spi-

1926 5103 2066 5153 ritus
2096 5094 2507 5152 sanctus.Pater
2541 5093 2758 5162 quidem
2789 5093 3021 5164 genitor,
3040 5099 3094 5144 et
3132 5088 3360 5144 emissor
3386 5088 3499 5155 (hic

1926 5189 2060 5246 mihi
2097 5204 2200 5244 nec
2234 5187 2725 5258 perturbationem,
2765 5201 2866 5240 nec
2914 5195 3148 5253 tempus,
3169 5195 3271 5234 nec
3298 5190 3499 5250 corpus

1928 5281 2244 5352 intelligas),
2283 5281 2456 5335 Filius
2481 5295 2609 5334 vero
2648 5279 2884 5350 genitus,
2907 5285 2961 5332 et
2997 5275 3230 5345 Spiritus
3249 5272 3497 5328 emissus.

1929 5413 2022 5468 τοῦ
2068 5412 2162 5464 τοῦ
2211 5412 2421 5481 Πατρδς
2471 5410 2805 5482 ὠνομάσθηοί
2856 5403 3499 5482 γέννημαλδξῌοὺδαμοῦ

1928 5485 2029 5552 τῆς
2068 5484 2286 5551 Γραφῆς
2309 5477 2534 5550 ὲ-κλήθη.
2584 5477 2912 5549 ligor-fleret
2938 5481 2993 5533 δὲ
3030 5477 3140 5552 καὶ
3175 5479 3339 5552 ἄλλα
3365 5477 3496 5552 πρὸς

1927 5548 2303 5621 διαϐολὴντῆς
2331 5548 2587 5620 τοιαύτης
2635 5548 3025 5620 προσηγορίας,
3075 5551 3158 5621 ὃτι
3194 5551 3290 5602 καὶ
3312 5549 3386 5621 ὼς
3410 5548 3500 5621 bo-

1929 5624 2057 5678 κοῦν
2102 5617 2472 5688 ῦᾶιοκορὶζειν,
2502 5617 2658 5674 τοῦτο
2679 5617 2897 5679 ’ἐκεῖνος
2928 5619 3201 5688 προσίετο,
3239 5621 3319 5679 εἰς
3349 5617 3500 5669 ἔλατ.

1926 5711 2091 5746 τωτιν
2144 5695 2238 5745 τοῦ
2264 5691 2419 5746 Υἰοῦ.
2463 5694 2521 5744 Ὀ
2551 5692 2607 5744 δὲ
2658 5690 2830 5756 μέγας
2905 5691 3202 5758 Γρηγνῐριος
3248 5691 3499 5755 ενέκρινε

1928 5764 2082 5819 τοῦτο
2114 5781 2207 5818 και
2239 5762 2534 5829 ἀπεδέξατο
2584 5762 2705 5819 καθ’
2742 5761 2926 5829 ἕτερον
2943 5763 3132 5835 λόγον,
3187 5761 3264 5814 ὅτι
3291 5776 3346 5812 τε
3395 5760 3497 5809 πᾶν
