4026 6212
567 324 634 386 67
1809 321 2154 382 EUTIIYMI

2277 324 2582 383 lGABENI
3757 320 3830 381 68

572 438 858 506 Spiritum.
897 435 1032 491 Nam
1065 448 1205 489 unus
1229 443 1310 487 est
1337 431 1690 502 Unigcnitus,
1723 441 1781 486 ut
1816 432 1944 485 illud
2010 432 2148 484 (livi-

2262 440 2397 507 γίας.
2450 437 2554 488 Καὶ
2607 438 2789 504 μόνον,
2834 448 3160 503 μονογεειους
3198 430 3326 497 γάρ.
3370 430 3479 482 Καὶ
3544 431 3729 498 μόνον.
3767 434 3829 485 οὐ

573 530 759 583 uitatis
787 526 1045 591 habeant,
1082 525 1224 593 quod
1258 534 1383 577 sunt
1425 523 1747 591 singulares.
1810 523 1974 576 Filius
2029 521 2147 590 qui-

573 620 719 681 dem,
745 619 888 687 quod
927 626 1241 687 generatur,
1290 614 1523 683 Spiritus
1557 624 1762 677 autem,
1817 615 1960 683 quod
2019 629 2149 683 pro-

573 712 868 771 cedit,non
898 718 1079 761 autem
1115 717 1432 777 generatur.
1473 707 1686 760 Patrem
1726 721 1852 760 vere
1906 706 2148 767 Patrem,

574 813 733 871 atque
755 801 889 854 adeo
926 800 1094 852 multo
1124 799 1292 867 magis
1325 813 1487 867 quam
1544 797 1685 860 illos,
1726 800 1816 867 qui
1850 807 1977 850 sunt
2007 797 2146 865 apud

581 911 680 947 nos
701 904 903 962 patres,
937 893 1191 960 quoniam
1235 894 1393 945 unice
1455 890 1617 945 Pater
1675 899 1759 943 est
1819 889 2033 959 pmpria
2087 904 2150 942 ac

574 983 833 1053 singulari
870 983 1100 1051 quadam
1144 982 1374 1046 ratione,
1416 996 1535 1051 qum
1567 982 1621 1035 in
1656 994 1881 1050 corpora
1909 994 2016 1031 non
2058 993 2147 1032 ca-

576 1076 674 1129 dit.
699 1076 764 1128 Et
788 1077 994 1138 solum;
1029 1092 1150 1127 nam
1180 1077 1297 1134 sine
1328 1076 1599 1144 conjugio.
1627 1074 1691 1128 Et
1712 1074 1881 1127 solius
1915 1068 2148 1135 Patrem,

577 1182 772 1235 nempe
796 1165 1089 1233 Unigeniti.
1122 1166 1185 1217 Et
1215 1174 1421 1219 tantum
1458 1164 1693 1224 Patrem,
1757 1173 1815 1216 ut
1850 1162 1939 1230 qui
1980 1159 2151 1213 Filius

576 1267 707 1309 ante
754 1272 861 1309 non
904 1255 1089 1319 fuerit,
1148 1265 1203 1308 et
1240 1264 1410 1309 totum
1458 1265 1619 1322 alque
1673 1252 1838 1306 totius
1894 1251 2149 1303 Patrem:

578 1356 759 1399 nostra
791 1346 937 1400 enim
970 1345 1175 1401 incerta
1212 1356 1360 1398 sunt.
1396 1344 1457 1397 Et
1497 1344 1564 1397 ab
1596 1342 1770 1402 initio,
1801 1355 1975 1407 neque
2006 1340 2151 1391 enim

580 1446 765 1507 postea
794 1438 960 1506 C(Bpil.
995 1452 1137 1490 esse.
1198 1434 1417 1498 Filium,
1455 1450 1581 1486 vere
1630 1433 1850 1485 Filium.
1904 1429 2037 1485 Nam
2100 1434 2155 1482 et

578 1529 779 1582 eximio
806 1528 983 1591 modo,
1007 1536 1058 1580 et
1088 1528 1278 1588 solius.
1312 1536 1363 1579 ct
1402 1525 1569 1589 solus,
1627 1532 1682 1577 et
1713 1524 1894 1577 solum
1942 1522 2107 1574 Filius
2137 1537 2151 1573 :

506 1652 509 1653 ν
579 1635 754 1688 neque
780 1620 923 1671 enim
949 1629 1002 1673 et
1025 1618 1203 1680 Pater,
1224 1628 1276 1672 et
1296 1626 1465 1671 totum
1492 1616 1683 1682 Filius,
1710 1625 1763 1668 et
1792 1615 1974 1677 totius,
2009 1612 2157 1666 etab

580 1712 755 1773 initio,
785 1710 983 1779 quippe
1010 1710 1099 1778 qui
1123 1725 1399 1777 nunquam
1425 1723 1543 1760 esse
1577 1705 1821 1775 cwpcrit.
1846 1704 2029 1772 Neque
2063 1717 2154 1755 ve.

580 1816 641 1855 ro
677 1802 934 1853 divinitas
967 1800 1038 1851 ita
1067 1799 1523 1861 communicatur,
1561 1805 1620 1849 ut
1650 1794 2145 1854 communicantem
2187 1781 2225 1833 Β

580 1907 814 1960 unquam
846 1891 1107 1959 pmniteat
1137 1908 1151 1955 ;
1193 1900 1283 1942 aut
1308 1888 1597 1957 ejusmodi,
1638 1902 1759 1956 quae
1796 1885 2147 1955 prmeidatur,

580 1992 742 2051 atque
765 1983 1003 2046 deﬁciat,
1041 1981 1276 2034 utmodo
1304 1980 1444 2034 adsit
1470 1978 1634 2042 Patri,
1667 1978 1827 2031 modo
1885 1975 2022 2029 adsit
2062 1973 2152 2027 Fiv

580 2075 675 2128 lio.
706 2072 968 2143 Spiritum
1015 2080 1437 2136 sanctum,vere
1493 2078 1760 2124 sanctum.
1822 2067 1942 2121 Non
2004 2066 2150 2118 enim

578 2163 719 2216 alius
751 2161 890 2224 talis,
915 2169 1007 2214 aut
1031 2160 1191 2214 modo
1227 2159 1337 2213 tali.
1379 2156 1568 2227 Neque
1592 2156 1938 2211 sanctitatem
1989 2154 2151 2207 habet

581 2267 645 2306 ex
675 2252 1050 2321 adjunctione,
1084 2251 1179 2304 sed
1228 2250 1463 2319 ipsamet
1499 2247 1758 2302 sanctitas
1809 2253 1913 2300 est.
1965 2245 2153 2313 Neque

582 2359 728 2397 nunc
754 2342 945 2413 magis,
1004 2356 1151 2394 nunc
1206 2340 1389 2393 minus
1420 2347 1550 2394 est:
1595 2353 1698 2393 nec
1748 2337 1861 2390 ullo
1911 2343 2155 2405 tempore

583 2435 669 2488 vel
704 2434 870 2500 coepit
893 2446 1034 2494 esse,
1063 2431 1150 2485 vel
1171 2430 1399 2484 desinet.
1431 2428 1565 2483 Illud
1594 2428 1737 2483 enim
1767 2427 1933 2493 Patri,
1957 2435 2013 2482 et
2065 2425 2156 2481 Fi-

582 2523 676 2585 lio,
706 2531 763 2574 et
791 2518 1014 2588 Spiritui
1050 2526 1240 2571 sancto
1271 2530 1564 2571 commune
1591 2522 1694 2580 est,
1716 2514 1860 2584 quod
1897 2514 2022 2568 iaeti
2046 2528 2154 2567 non

585 2620 733 2666 sunt.
773 2609 1036 2663 Divinitas
1062 2610 1187 2662 item
1212 2617 1295 2663 est
1324 2608 1653 2662 communis.
1688 2606 1827 2660 Filio
1858 2616 2063 2666 autem,
2099 2612 2154 2657 et

583 2701 1018 2771 Spirituisancto
1042 2699 1093 2753 id
1150 2707 1233 2753 est
1284 2713 1595 2762 commune,
1654 2698 1800 2765 quod
1866 2712 1931 2750 ex
1999 2696 2157 2749 Patre

584 2801 734 2847 sunt.
768 2791 942 2845 Patris
967 2806 1130 2860 porro
1150 2790 1432 2860 proprium
1457 2799 1559 2854 est,
1588 2790 1732 2859 quod
1757 2788 1828 2848 sit
1856 2789 2155 2859 ingenitus,

587 2884 709 2940 Filii
740 2893 944 2950 autem,
976 2884 1121 2951 quod
1181 2883 1418 2952 genitus,
1475 2880 1712 2951 Spiritus
1766 2895 1896 2934 vero
1953 2879 2153 2944 sancti,

588 2976 734 3047 quod
760 2973 1037 3044 procedat.
1065 2971 1189 3026 Hzec
1218 2980 1400 3026 autem
1427 2987 1533 3040 qua
1582 2971 1794 3026 ratione
1836 2972 1965 3023 liant
2024 2969 2157 3021 nihil

587 3077 692 3131 est,
717 3064 1071 3135 quamobrem
1088 3077 1320 3133 qumras.
1351 3062 1514 3127 Nam,
1538 3071 1597 3114 ut
1616 3061 1714 3131 ipsi
1737 3069 2030 3122 testantur,
2057 3059 2155 3112 soli

594 3174 654 3213 se
679 3166 868 3211 mutuo
896 3164 951 3209 et
980 3163 1317 3222 cognoscunt
1341 3163 1397 3213 et
1414 3160 1838 3223 cognoscuntur.
1860 3150 2167 3223 lntelligent

588 3248 752 3303 etiam
776 3261 842 3300 ex
860 3244 1017 3299 nobis
1041 3244 1237 3311 illi,qui
1260 3252 1447 3313 postea
1473 3243 1761 3311 splendore
1786 3241 2027 3315 ipsorum
2048 3239 2167 3295 illu-

591 3341 932 3396 strabuntur.
962 3337 1035 3390 Da
1063 3337 1229 3407 igitur
1250 3350 1492 3403 operam,
1512 3342 1572 3387 ut
1594 3334 1746 3403 prius
1765 3347 1952 3387 eorum
1972 3330 2167 3399 aliquis

591 3440 687 3485 aut
725 3430 919 3484 similis
944 3428 1061 3482 ﬁas.
1092 3427 1245 3481 Nunc
1285 3435 1466 3480 autem
1500 3425 1602 3479 hoc
1661 3424 1797 3478 doce
1839 3433 2170 3477 tantummo-

592 3522 703 3577 do:
739 3518 1013 3572 Unitatem
1036 3517 1091 3570 in
1129 3514 1415 3579 Triuitale,
1444 3524 1500 3569 et
1531 3514 1851 3568 Trinitatem
1877 3515 1931 3566 in
1961 3513 2167 3567 uuitate

590 3611 877 3665 colendam
904 3616 959 3663 et
1023 3608 1376 3673 adorandam,
1440 3606 1812 3662 admirabilem
1862 3607 1915 3658 in
1971 3620 2028 3658 se
2055 3614 2167 3658 tum

594 3703 1023 3766 distinctionem,
1052 3711 1163 3755 tum
1198 3700 1454 3757 unionem
1483 3698 1878 3753 continentem.
1906 3696 2167 3755 Aﬂectio-

594 3806 694 3847 nes
719 3806 789 3844 ne
812 3800 1045 3855 metuas,
1066 3788 1109 3843 si
1128 3794 1532 3859 generationem
1558 3786 1797 3840 fatearis.
1830 3784 1969 3839 Deus
2000 3786 2166 3849 enim,

594 3878 697 3933 etsi
738 3888 984 3947 generat,
1050 3876 1431 3930 aﬂectionibus
1491 3884 1675 3928 tamen
1728 3880 1903 3927 vacat.
1967 3872 2025 3925 In
2072 3873 2172 3926 hoc

595 3966 691 4020 tibi
717 3965 875 4020 ﬁdem
909 3978 1085 4020 meam
1145 3962 1446 4033 obstringo.
1504 3960 1561 4016 Id
1612 3962 1757 4015 enim
1813 3960 2018 4024 divina,
2060 3974 2167 4015 non

596 4058 833 4111 humana
861 4056 1069 4109 ratione
1122 4052 1203 4108 ﬁt.
1255 4052 1389 4107 Nam
1417 4054 1525 4106 alio
1555 4053 1718 4106 etiam
1754 4051 1918 4105 modo
1950 4059 2031 4103 est
2056 4049 2172 4117 ipse

596 4148 762 4209 Deus,
799 4161 961 4214 quam
996 4146 1255 4198 humano.
1307 4143 1443 4197 lllud
1502 4143 1685 4210 potius
1724 4140 2040 4203 reformida,
2103 4156 2171 4194 ne

598 4247 814 4307 tempus
848 4238 903 4291 in
961 4238 1080 4303 ipso
1118 4234 1348 4303 cogites,
1413 4242 1731 4287 creatumve
1782 4239 1963 4301 putes.
2024 4231 2167 4286 Deus

599 4326 743 4380 enim
779 4336 1010 4386 nonest,
1049 4322 1096 4376 si
1130 4322 1304 4377 factus
1328 4332 1432 4379 est.
1485 4321 1651 4384 Cave,
1707 4336 1775 4375 ne
1832 4321 1959 4374 dum
2024 4320 2172 4380 inani

598 4417 779 4471 studio
810 4418 917 4469 Deo
954 4415 1171 4471 conaris
1202 4413 1474 4483 opitulari,
1508 4413 1673 4473 Deum
1709 4412 1887 4478 tollas,
1918 4422 1973 4466 et
2023 4412 2170 4465 illum

2250 532 2355 599 γὰρ
2383 526 2508 591 Υἱὺξ
2545 528 2599 580 τὸ
2636 528 2915 595 πρότερον.
2964 525 3072 576 Καὶ
3106 524 3227 574 ὅλον
3291 523 3509 591 Πατὴρ,
3544 522 3638 573 καὶ
3676 523 3831 576 ὅλου.

2248 623 2320 674 To
2348 621 2453 688 γὰρ
2486 620 2751 688 ἡμέτερον
2803 617 3019 685 ἄδηλον.
3057 615 3163 667 Καὶ
3205 614 3302 667 ἀπ’
3351 615 3551 683 ἀρχῆς,
3601 614 3665 666 οὐ
3718 614 3835 684 γὰρ

2249 713 2497 781 ὕστερον.
2550 709 2790 777 Ἀληθῶς
2847 708 2972 761 Υίὸν
3004 706 3095 759 τὶν
3127 706 3276 769 Υῐὸν,
3331 707 3412 757 ὅτι
3474 704 3687 774 μόνως,
3733 706 3837 762 καὶ

2252 804 2434 871 μόνος,
2478 804 2568 855 καὶ
2611 800 2795 868 μόιου,
2842 799 2932 849 καὶ
2973 796 3153 867 μόνον,
3204 796 3263 849 οὐ
3306 797 3415 864 γὰρ
3456 796 3552 847 καὶ
3607 795 3834 864 Πατήρ.

2250 899 2361 955 Καὶ
2393 896 2511 947 ὅλον
2538 893 2683 954 Υιὸς,
2729 892 2823 944 καὶ
2855 891 2999 955 ὅλου,
3034 891 3128 941 καὶ
3169 888 3264 940 ἀπ’
3308 886 3507 957 ἀρχῆς.
3564 886 3643 940 Οὐ
3698 889 3837 940 ποτὲ

2247 991 2343 1044 τοῦ
2374 987 2511 1040 εἶναι
2544 987 2672 1047 Υἱὸς
2715 985 3010 1051 ἡργμένος,
3042 981 3104 1033 οὐ
3136 979 3244 1050 γὰρ
3284 981 3348 1032 ἐκ
3379 979 3753 1049 μεταμελείας
3797 983 3836 1047 ἠ

2250 1081 2474 1148 Θεότης,
2528 1076 2649 1129 οὐδὲ
2703 1077 2766 1126 ὲκ
2821 1073 3107 1142 προκοπῆς
3152 1073 3184 1139 ἡ
3243 1070 3461 1135 θέωσις,
3518 1071 3607 1123 ἵνα
3663 1070 3839 1142 λείπῃ

2252 1173 2383 1224 ποτὲ
2420 1171 2494 1239 τῷ
2548 1169 2643 1238 μὲν
2678 1166 2736 1218 τὸ
2765 1162 2902 1218 εἶναι
2952 1166 3147 1232 Πατρδ,
3190 1164 3267 1232 τῷ
3298 1164 3355 1215 δὲ
3388 1163 3450 1215 τὸ
3488 1159 3631 1216 εἷναι
3688 1164 3838 1231 Υἱῷ.

2264 1263 2507 1333 Ἀληθῶς
2539 1262 2695 1326 ἅγιον
2727 1259 2784 1309 τὸ
2834 1256 3057 1324 Πνεῦμα
3102 1256 3162 1306 τὸ
3200 1256 3379 1322 ἅγιον.
3436 1256 3510 1307 Οὐ
3569 1254 3682 1323 γὰρ
3739 1256 3844 1307 καὶ

2253 1356 2381 1409 ἄλλο
2432 1352 2699 1416 τοιοῦτον,
2753 1350 2871 1401 οὐδὲ
2902 1348 3095 1411 οὕτως.
3143 1349 3263 1400 οὐδὲ
3322 1348 3385 1399 ὲκ
3442 1345 3770 1415 προσθήκης
3812 1347 3844 1398 ὁ

2254 1447 2546 1516 ἁγιασμὸς,
2596 1444 2710 1496 ἀλλ’
2748 1442 3129 1509 αὐτοαγιότης,
3182 1438 3305 1490 οὐδὲ
3366 1436 3570 1506 μᾶλλον
3606 1436 3702 1487 καὶ
3734 1430 3845 1501 ἧτ-

2253 1560 2365 1606 τον,
2390 1541 2511 1592 οὐδὲ
2538 1538 2842 1608 ἀρξάμενον
2864 1532 3157 1603 χρονικῶς,
3182 1531 3214 1599 ἢ
3242 1529 3608 1597 παυσόμενον.
3636 1526 3843 1583 Κοινὸν

2258 1636 2361 1705 μὲν
2407 1636 2514 1703 γὰρ
2544 1630 2718 1700 Πιτρί
2761 1621 2841 1687 τε,
2879 1644 2973 1680 και
3000 1623 3140 1694 Υίῷ,
3164 1624 3259 1677 καὶ
3293 1622 3435 1692 ἁγίῳ
3466 1619 3752 1691 Πνεύματι
3777 1619 3843 1672 τὺ

2260 1728 2332 1799 μὴ
2376 1726 2686 1794 γεγονέναι,
2735 1722 2829 1774 καὶ
2871 1721 2906 1791 η
2959 1719 3183 1781 Θεότης,
3250 1716 3365 1785 Υἱῷ
3412 1715 3469 1769 δὲ
3523 1716 3617 1766 καὶ
3689 1714 3843 1782 ἁγίῳ

2259 1823 2534 1890 Πνεῦματι
2556 1818 2616 1870 τὸ
2640 1820 2703 1869 ἐκ
2733 1816 2826 1869 τοῦ
2860 1812 3094 1882 Πατρός.
3136 1810 3297 1864 Ἷδιον
3327 1810 3382 1863 δὲ
3418 1808 3629 1877 Πατρδς
3663 1807 3768 1876 μὲν
3809 1807 3841 1881 η

2257 1910 2579 1983 ἁγεννησία,
2624 1906 2752 1967 Υἱοῦ
2804 1906 2861 1959 δὲ
2907 1906 2939 1975 ἡ
2989 1905 3269 1972 γέννησις,
3326 1900 3649 1971 Πνεύματος
3688 1898 3749 1950 δι
3802 1900 3844 1967 ἡ

2257 2007 2607 2075 ὲκπόρευσις.
2638 2002 2698 2053 Εί
2746 2000 2802 2053 δὲ
2833 1998 2923 2055 τὸν
2956 1998 3158 2066 τρόπον
3203 1995 3504 2063 ἐπιζητεῖς,
3554 1993 3607 2044 τί
3658 1990 3843 2043 κατάφ

2257 2101 2433 2171 λειψις
2468 2100 2584 2161 τοῖς
2626 2086 3134 2167 μόνο·.ςγινώσκειν
3170 2090 3399 2160 ἄλληλα,
3432 2089 3528 2143 καὶ
3566 2086 3845 2155 γινώσκει.-

2262 2194 2387 2248 σθαι
2445 2191 2536 2246 ὑπ’
2576 2190 2825 2259 ἀλλήλων
2886 2183 3383 2257 μαρτυρουμένοις,
3435 2182 3469 2252 ἢ
3522 2182 3618 2232 καὶ
3676 2180 3845 2248 ἡμῶν

2258 2290 2370 2349 τοῖς
2390 2286 2597 2338 ἐκεῖθεν
2619 2281 3157 2350 ὲλλαμςθϐησομένοις
3180 2276 3408 2345 ὕστερον
3430 2291 3444 2340 ;
3463 2272 3625 2325 Γενοῦ
3651 2289 3703 2323 τι
3728 2271 3847 2324 τῶν

2260 2378 2569 2450 εἰρημένων
2597 2377 2886 2445 πρότερον,
2928 2371 2959 2442 ἢ
3010 2369 3273 2432 τοιοῦτος,
3324 2367 3419 2419 καὶ
3473 2367 3594 2417 τότε
3648 2362 3847 2432 γνώσῃ

2260 2470 2537 2533 τοσοῦτον,
2587 2469 2711 2520 ὅσον
2771 2464 2865 2518 ὑπ’
2918 2462 3164 2533 ἀλλήλων
3214 2457 3565 2528 γινώσκεται.
3618 2454 3735 2507 Νῦν
3785 2456 3850 2507 δὲ

2261 2560 2483 2613 δίδασκε
2519 2555 2773 2610 τοσοῦτον
2814 2552 3014 2606 ειδέναι
3063 2550 3223 2622 μόνον
3266 2546 3491 2603 Μονάδα
3526 2547 3583 2598 ὲν
3623 2544 3851 2612 Τριάδι,

2262 2653 2356 2706 καὶ
2396 2650 2604 2721 Τριὰδα
2643 2649 2701 2701 ὲν
2728 2646 2937 2701 Μονάὸι
2972 2640 3485 2713 προσκυνουμένην,
3532 2633 3853 2705 παράδοξον

2264 2745 2497 2814 ἔχουοαν
2528 2742 2620 2795 καὶ
2672 2741 2770 2807 τὴν
2816 2738 3107 2807 διαίρεσιν,
3169 2734 3265 2786 καὶ
3327 2732 3427 2803 τὴν
3474 2730 3694 2783 ἕνωσιν.
3751 2728 3853 2795 Μὴ

2265 2833 2588 2909 φοϐηθῇςτὰ
2614 2829 2783 2899 πάθη,
2811 2828 3063 2896 γέννησιν
3082 2824 3376 2891 ὁμολογῶν,
3415 2821 3625 2884 ἀπαθὲς
3651 2820 3763 2889 γὰρ
3787 2820 3853 2870 τὸ

2263 2922 2416 2974 Θείον
2444 2918 2607 2977 misi
2653 2919 3002 2985 γεγέννηκεν.
3047 2912 3188 2981 Ἐγώ
3228 2910 3520 2971 σοιτούτου
3543 2909 3856 2977 ἐγγυητὴς,

2263 3014 2343 3065 ὃτι
2377 3012 2596 3075 θεῖκῶς,
2626 3008 2742 3061 ἀλλ’
2770 3008 2872 3061 οὐκ
2896 3002 3286 3075 ἀνθρωπικῶς,
3318 3001 3439 3055 οὐδὲ
3473 3002 3583 3071 γὰρ
3604 3000 3666 3054 τὸ
3700 2995 3853 3052 εἶναι

2192 3104 2419 3192 θαύτῴ
2474 3101 2833 3174 ἀνθρώπινον.
2903 3098 3180 3169 Φοϐήθητι
3244 3094 3302 3147 δὲ
3360 3095 3451 3147 τὸν
3504 3093 3698 3163 χρόνον
3751 3091 3855 3143 καὶ

2274 3201 2470 3255 κτίσιν.
2503 3199 2577 3253 Οὐ
2607 3199 2716 3268 γὰρ
2742 3195 2896 3258 θεὸς,
2933 3194 2981 3245 εί
3010 3192 3226 3261 γέγονε.
3254 3188 3347 3261 Μὴ
3373 3186 3492 3257 Θεῷ
3528 3184 3853 3253 συνηγορῶν

2271 3292 2525 3361 διακενῆς
2559 3290 2691 3343 Θεδν
2723 3288 2937 3356 ἀνέλῃς,
2967 3281 3259 3354 ὁμόδουλον
3290 3280 3463 3333 ποιῶν
3493 3280 3555 3330 τδ
3598 3276 3851 3345 ὁμὸοεον,

2272 3386 2299 3439 ὁ
2318 3386 2410 3438 καὶ
2435 3384 2494 3437 σε
2519 3384 2617 3453 τῆς
2640 3380 2881 3441 δουλείας
2904 3375 3201 3444 ἐλευθεροῖ,
3231 3376 3295 3427 ἂν
3313 3370 3549 3442 γνησίως
3576 3370 3852 3438 ὁμολογῇς

2273 3476 2612 3544 δεσποτείαν.
2671 3473 2763 3543 Μὴ
2820 3468 3067 3543 φοϐηθῇς
3131 3468 3234 3537 τὴν
3294 3464 3541 3536 πρόοδον,
3608 3464 3669 3514 οὑ
3737 3465 3853 3529 γὰρ

2274 3569 2520 3637 ἀνάγκην
2548 3566 2660 3635 ἔχει
2695 3564 2830 3626 Θεὸς
2867 3562 2900 3634 ἢ
2936 3563 3010 3631 μὴ
3056 3558 3409 3630 προϐάλλειν,
3444 3556 3476 3625 ἢ
3519 3552 3851 3624 προϐάλλειν

2276 3657 2475 3727 ὁμοίιος
2510 3656 2537 3707 ὁ
2586 3654 2764 3709 πάντα
2811 3652 3090 3714 πλούσιος.
3133 3648 3405 3719 possunt;
3456 3643 3641 3713 δὲτὴν
3680 3640 3847 3693 ἁλλο-

2275 3752 2523 3821 τρέωσιν,
2557 3749 2652 3800 καὶ
2700 3745 2799 3816 τὴν
2841 3743 3104 3814 κειμένην
3129 3740 3359 3810 ἀπειλὴν
3387 3737 3448 3790 οὐ
3497 3738 3613 3798 τοῖς
3655 3733 3851 3786 θεολο-

2277 3843 2487 3909 γοῦσιν,
2515 3839 2655 3892 ἀλλὰ
2682 3841 2796 3901 τοῖς
2821 3833 3202 3906 βλασφημοῦσι
3233 3833 3295 3886 τὸ
3324 3830 3549 3899 Πνεῦμα
3575 3829 3638 3881 τὸ
3664 3828 3734 3896 ἆγ
3746 3844 3853 3887 ιον,

2278 3939 2429 3999 Mtte
2486 3934 2585 4002 τὴν
2633 3931 2931 4001 μοναρχίαν
2984 3927 3169 3989 κακῶς
3203 3925 3445 3996 τιμήσῃς
3486 3920 3760 3991 συναιρῶν
3816 3918 3855 3990 ἢ

2279 4027 2628 4096 περικόπτων
2656 4022 2886 4092 θεότητα
2906 4035 2920 4050 ⁶
2956 4019 3095 4089 μήτε
3124 4018 3187 4071 τὸ
3213 4018 3312 4087 τῆς
3342 4013 3575 4085 Τριάδος
3600 4011 3859 4081 ἔγκλημα

2280 4118 2594 4188 αἰσχινθῇς,
2629 4115 2736 4177 ἕως
2774 4112 2840 4167 ἂν
2875 4113 2966 4165 καὶ
2997 4110 3157 4172 ἄλλος
3177 4107 3466 4181 κινδυνεύῃ
3493 4106 3593 4175 τὴν
3623 4104 3856 4158 διθεῖπιν.

2283 4211 2349 4264 Ἲ1
2391 4212 2499 4279 γὰρ
2541 4206 2856 4269 συνέλυσας,
2892 4206 2925 4274 ἢ
2966 4204 3377 4273 συνηπόρησας,
3406 4199 3439 4269 ἦ
3470 4199 3499 4253 ὁ
3536 4199 3636 4266 μὲν
3665 4197 3863 4254 ὲναυὰο

2279 4319 2417 4375 γησε
2450 4299 2587 4370 μετὰ
2620 4302 2725 4351 τὶν
2752 4296 3028 4365 λογισμῶν
3059 4296 3155 4349 καὶ
3186 4292 3449 4361 Θεότητα,
3485 4292 3569 4341 σοὶ
3602 4288 3658 4341 δὲ
3710 4305 3862 4357 παρ·

2282 4396 2463 4464 έμεινε
2523 4393 2745 4461 Θεότης.
2786 4392 2894 4444 Καὶ
2926 4394 2974 4443 εἰ
3010 4391 3037 4441 ὁ
3075 4388 3247 4455 Λόγος
3271 4386 3560 4455 ἠσθένησε,
3594 4383 3859 4449 κρεῖσσον

598 4508 691 4576 qui
733 4508 841 4561 Deo
868 4505 1089 4576 :equalis
1112 4514 1214 4569 est,
1241 4520 1561 4561 conservum
1592 4505 1784 4571 facias,
1807 4504 1896 4574 qui
1948 4513 1999 4558 te
2033 4504 2159 4556 libe-

2281 4496 2477 4562 καμεῖν
2538 4493 2595 4543 ὲν
2656 4493 2771 4550 τοῖς
2815 4488 3097 4555 λογισμοῖς
3142 4484 3282 4553 μετὰ
3332 4482 3433 4549 τῆς
3496 4477 3717 4547 ὁδηγίας
3759 4474 3861 4531 τοῦ

602 4614 722 4655 rum
756 4598 961 4660 reddet,
998 4597 1043 4651 si
1077 4597 1439 4667 principatum
1467 4596 1585 4665 ejus
1611 4610 1737 4650 vere
1771 4603 1826 4649 et
1871 4610 1934 4647 ex
1989 4592 2171 4646 animo

598 4690 925 4743 coxitiwaris.
955 4685 1033 4743 Ne
1062 4689 1252 4743 timeas
1266 4687 1498 4760 Spiritus
1526 4687 1873 4741 emissionem
1921 4686 2172 4742 admitte-

2281 4585 2688 4657 Πνεύματος,ἦ
2740 4580 3046 4654 προχείρως
3109 4574 3381 4644 ἀσεϐῆσαι
3430 4573 3529 4641 τὴν
3570 4568 3863 4641 ῥᾳστώνην

2282 4683 2564 4735 διώκοντα.

600 4799 681 4847 re,
715 4787 859 4838 nulla
895 4784 1041 4838 enim
1078 4784 1240 4847 Deus,
1271 4784 1361 4853 qui
1392 4783 1542 4837 dives
1562 4784 1614 4835 in
1647 4783 1902 4837 omnibus
1951 4790 2054 4846 est,
2087 4790 2181 4834 aut
2224 4777 2532 4840 emittendi,
2597 4784 2692 4828 aut
2735 4789 2841 4827 non
2884 4765 3165 4826 emittendi
3221 4761 3451 4819 allicitur
3503 4751 3857 4812 necessitate.

599 4879 1063 4939 Abalienationem
1101 4880 1283 4947 potius
1338 4887 1391 4930 et
1439 4875 1617 4931 minas
1670 4876 1987 4939 extimesce,
2047 4873 2188 4936 illis,
2236 4872 2327 4940 qui
2362 4871 2428 4925 de
2469 4870 2674 4939 Spiritu
2730 4875 2937 4922 sancto.
3018 4876 3124 4915 non
3184 4870 3291 4913 tam
3343 4853 3641 4924 tlteologice
3690 4866 3859 4920 quam

594 4970 994 5026 contumeliose
1043 4970 1345 5040 disputant,
1401 4969 1802 5039 impendentes.
1863 4969 1974 5024 Nec
2041 4968 2404 5039 principatum
2482 4961 2775 5034 ignominia
2861 4958 3034 5020 attice,
3089 4954 3435 5011 divinitatem
3492 4948 3574 5001 vel
3631 4945 3685 4998 in
3746 4959 3861 4999 una

597 5063 938 5123 concludens
971 5070 1177 5117 tantum
1221 5076 1475 5132 persona,
1527 5061 1610 5114 vel
1662 5065 1735 5116 ita
1790 5062 2090 5125 dissecatis,
2154 5068 2214 5113 ut
2267 5059 2449 5128 plures
2479 5055 2781 5111 constituas
2813 5052 2968 5106 deos.
3008 5049 3114 5104 Nec
3169 5048 3320 5110 time,
3352 5059 3423 5098 ne
3454 5042 3549 5097 tibi
3611 5047 3864 5092 vertatur

595 5157 836 5220 t'rimini,
870 5156 1014 5225 quod
1049 5154 1389 5210 divinitatem
1420 5169 1633 5212 asseras
1689 5154 1745 5207 in
1802 5155 1977 5210 tribus
2036 5170 2156 5210 esse
2213 5153 2487 5229 personis,
2520 5166 2641 5205 cum
2702 5148 2839 5201 alius
2889 5159 3107 5211 eamne
3165 5142 3377 5197 duabus
3441 5138 3659 5209 quidem
3722 5136 3863 5191 velit

594 5253 910 5307 attribuere.
953 5248 1272 5304 Haacautem
1310 5249 1645 5319 contingant,
1708 5250 1751 5303 si
1792 5252 1915 5318 quis
1973 5249 2271 5305 divinitatis
2331 5248 2590 5305 unitatem
2659 5243 2714 5301 in
2775 5241 3047 5297 Trinitate
3098 5250 3453 5307 personarum
3517 5240 3613 5290 aut
3659 5229 3861 5286 dissol~

592 5359 750 5409 rens,
816 5352 910 5397 aut
960 5342 1217 5396 dubitans
1267 5344 1604 5411 argumentis
1658 5351 1889 5397 conetur
1931 5352 2197 5401 evertere.
2254 5337 2334 5396 Tu
2368 5353 2495 5391 vero
2530 5338 2675 5391 illam
2705 5346 2881 5397 tuere,
2915 5333 3163 5402 quamvis
3210 5327 3408 5383 mentis
3440 5327 3587 5381 acies
3620 5325 3685 5379 ad
3737 5340 3862 5381 eam

593 5435 1165 5505 comprehendendam
1198 5438 1269 5490 sit
1302 5434 1649 5489 imbecillior.
1681 5435 1866 5491 Satius
1914 5436 2059 5489 enim
2099 5444 2184 5489 est
2253 5444 2304 5488 te
2331 5434 2431 5485 sub
2457 5431 2699 5501 auSpicio
2731 5430 3009 5498 ductuque
3054 5424 3290 5495 Spiritus
3320 5422 3661 5493 argumentis
3692 5424 3862 5476 ratio-

594 5532 865 5599 nibusque
896 5531 1137 5596 destitui,
1175 5546 1338 5601 quam
1394 5529 1659 5599 impietati
1729 5538 1979 5601 prompte
2033 5530 2298 5584 desidiam
2336 5537 2652 5594 sequentem
2683 5521 2974 5578 inservire.

2637 5661 2730 5721 Ἐκ
2754 5669 2860 5723 τοῦ
2887 5667 3193 5738 εἰρηνικοῦ
3216 5667 3403 5735 λόγου
3426 5662 3508 5729 β’.

2352 5766 2520 5837 Τρεάς
2552 5767 2627 5832 ὡς
2670 5766 2889 5837 ἀληθῶς
2924 5766 2956 5835 ἠ
2993 5763 3192 5835 Τριὰς,
3230 5757 3469 5828 ἀδελφοί.
3514 5757 3678 5828 Τριὰ,
3711 5755 3768 5807 δὲ
3800 5754 3859 5809 οὐ

958 5671 1207 5738 Ejusdem
1238 5689 1300 5725 ea:
1333 5674 1568 5727 oratione
1594 5674 1655 5727 de
1671 5689 1817 5741 pace.

670 5758 759 5813 Illa
795 5773 919 5813 vcrc
947 5760 1184 5817 Trinitas
1211 5774 1313 5831 cst,
1344 5765 1556 5833 fratres,
1588 5782 1694 5819 non
1728 5782 1846 5833 qua:
1872 5772 2167 5820 constatcx
