3992 6210
472 275 543 335 75
1725 271 2097 337 EUTiiYMii
2143 270 2498 335 ZlGABENi
3654 273 3731 337 '76

472 388 657 449 Patre,
690 384 848 449 Filio,
883 393 938 445 et
988 384 1196 455 Spiritu
1248 395 1460 443 sancto.
1516 382 1619 450 Qui
1666 398 1767 438 nec
1815 384 1889 437 ita
1936 381 2049 437 dis-

2156 386 2313 454 ποιῷ,
2354 384 2434 454 τῷ
2473 382 2669 454 Πατρὶ,
2703 379 2868 450 λέγω,
2902 382 2996 437 καὶ
3044 382 3119 453 τῷ
3160 382 3295 453 Υἱῷ.
3333 381 3428 436 καὶ
3467 382 3547 455 τῷ
3584 385 3729 458 ἁγίῳ

478 476 637 532 tracti
691 484 843 541 sunt,
886 484 946 533 ut
985 474 1316 533 dirimentur
1365 483 1560 531 natura
1599 484 1613 531 :
1648 486 1755 528 nec
1801 471 1874 526 ita
1904 487 2049 527 com-

479 566 678 639 pressi,
715 576 776 623 ut
840 579 948 624 una
1007 565 1404 627 concludantur
1464 578 1748 633 persona:
1784 562 1837 619 id
1898 562 2051 621 enim

477 659 736 714 Arianam
763 658 907 726 sapit
946 656 1213 715 ineaniam
1252 670 1268 719 ;
1336 655 1442 711 hoc
1470 655 1832 713 Sabellianam
1859 654 2052 723 impie-

478 761 649 808 tatem
687 768 701 804 :
734 750 827 806 sed
875 759 931 806 et
981 748 1140 817 plane
1197 748 1478 807 diatractis
1545 747 1888 814 conjunctior
1947 754 2050 809 est,

464 855 534 899 et
567 844 785 914 penitus
814 840 1071 897 solitariis
1100 840 1395 910 copiosior.
1439 840 1719 909 Posterior
1762 840 2052 899 nobiscum

477 945 602 997 est,
631 944 687 990 et
736 948 860 1003 qua
903 942 1094 991 creata
1143 943 1293 997 sunt,
1346 933 1600 992 universa
1646 930 2050 1001 complectitur,

477 1041 732 1097 quorum,
756 1034 817 1080 ut
834 1025 1261 1094 unumquodque
1284 1024 1474 1095 magis,
1496 1037 1595 1080 aut
1612 1023 1793 1079 minus
1840 1021 2053 1077 accedit

479 1120 547 1174 ad
607 1118 799 1184 Deum,
872 1120 952 1174 sic
1012 1118 1159 1174 inter
1216 1128 1410 1179 caetera
1463 1118 1659 1189 magis,
1715 1126 1810 1177 aut
1866 1116 2053 1177 minus

478 1210 712 1267 excellit.

551 1298 680 1355 llaec
715 1312 840 1353 cum
869 1297 945 1355 ita
969 1312 1028 1353 se
1068 1296 1323 1361 habeam,
1363 1297 1563 1366 quibus
1602 1297 1871 1353 Dominus
1897 1298 2050 1353 cordi

476 1401 582 1455 est,
619 1390 653 1444 ii
692 1391 955 1447 accedam
991 1390 1058 1444 ad
1089 1404 1211 1452 nos,
1246 1398 1304 1445 ut
1348 1404 1510 1444 unam
1547 1390 1601 1442 in
1632 1390 1808 1445 tribus
1839 1389 2050 1445 Divini-

479 1490 645 1532 tatem
713 1479 1026 1542 adoremus,
1095 1479 1233 1532 nihil
1311 1478 1610 1547 abjeetum,
1688 1489 1784 1534 aut
1848 1480 2051 1534 humile

480 1568 704 1623 sublimi
754 1568 829 1622 illi
879 1569 1281 1637 inaccessaeque
1333 1570 1518 1637 gloria:
1557 1569 1919 1633 ascrihentes,
1954 1570 2050 1625 sed

477 1658 753 1715 excelsam
789 1658 953 1712 unius
989 1658 1084 1712 Dei
1114 1658 1458 1728 majestatem
1493 1657 1546 1717 in
1593 1656 1767 1714 tribus
1799 1660 2050 1727 personis

2154 478 2455 546 Πνεύματι,
2489 475 2526 529 ἃ
2561 478 2698 546 μήτε
2728 474 2902 540 οὕτως
2935 474 3180 545 ἀλλήλων
3209 476 3541 546 ἀπήρτηται,
3584 476 3730 533 ὥστε

2154 568 2317 636 φύσει
2349 567 2640 637 τέμνεσθαι
2660 605 2674 632 ,
2704 567 2851 637 μήτε
2882 564 3057 633 οὕτως
3083 565 3376 619 ἐστένωται
3396 606 3411 630 ,
3439 564 3514 629 ὡς
3545 568 3626 630 είς
3663 566 3727 620 ἓν

2154 659 2443 729 πρόσωπον
2468 657 2924 727 περιγράφεσθαι.
2948 657 3021 709 Τὸ
3048 656 3145 725 μὲν
3166 656 3272 729 τάρ
3298 657 3395 726 τῆς
3438 658 3729 728 Ἀρειανῆς

2157 750 2372 819 μανίας,
2404 751 2463 802 τὸ
2506 749 2566 804 δὲ
2608 752 2705 819 τῆς
2750 748 3113 818 Σαϐελλιαιῆς
3147 747 3335 811 ἀθεῖας
3368 749 3537 805 ἐστίν.
3584 750 3728 805 Ἀλλ’

2152 844 2270 899 ἐστι
2322 843 2431 895 τῶν
2483 843 2582 912 μὲν
2640 841 2857 905 πάντως
2908 840 3200 910 διαιρετῶν
3247 840 3568 908 ὲᾺκὼτερα,
3616 840 3730 896 τῶν

2148 935 2210 989 δὲ
2240 934 2460 997 τελείως
2483 932 2791 1003 μοναδικῶν
2814 931 3190 1007 ἀφθονώτερα.
3231 930 3296 983 Ἦ
3327 932 3383 986 δὲ
3415 930 3536 999 μεθ’
3567 932 3730 998 ἡμῶν

2151 1044 2211 1078 τε
2281 1025 2397 1079 ἔστι
2452 1024 2546 1079 καὶ
2603 1021 2849 1079 καλείται
2917 1022 3131 1087 κτίσις,
3192 1021 3297 1077 κᾶν
3355 1022 3492 1077 ἄλλα
3549 1022 3732 1078 ἀλλων

2154 1115 2430 1185 ὑπεραίρῃ
2473 1114 2615 1171 κατά
2656 1113 2757 1183 τὴν
2789 1112 3083 1181 ἀναλογίαν
3127 1112 3227 1181 τῆς
3269 1112 3405 1189 πρὸς
3449 1113 3581 1171 Θεὸν
3632 1115 3727 1182 ὲγ-

2153 1206 2255 1271 γύτ
2264 1224 2413 1276 ητος.

2223 1295 2444 1349 Τούτων
2471 1294 2528 1347 δὲ
2552 1293 2725 1357 οὕτως
2753 1294 3004 1363 ἐχόντων,
3034 1294 3144 1362 ὅτῳ
3176 1293 3275 1362 μὲν
3307 1295 3339 1365 ἡ
3364 1296 3557 1365 καρδία
3592 1299 3733 1368 πρὶς

2154 1387 2379 1455 Κύριον,
2415 1386 2512 1437 ἴτω
2549 1386 2665 1453 μεθ’
2696 1386 2872 1454 ἡμῶν,
2905 1386 2997 1439 καὶ
3031 1387 3431 1455 προσκυνῶμεν
3462 1389 3560 1458 τὴν
3595 1390 3731 1460 μίαν

2155 1478 2211 1529 ἐν
2237 1479 2346 1542 τοῖς
2383 1478 2529 1543 τρισὶ
2554 1476 2816 1545 Θεότητα,
2842 1474 3008 1546 μηδὲν
3034 1478 3423 1548 ταπεινότητος
3450 1479 3621 1550 ὄνομα
3656 1486 3730 1552 τῇ

2152 1570 2438 1639 ἀπροσίτῳ
2472 1568 2599 1639 δόξῃ
2632 1572 3022 1638 προσάγοντες,
3055 1570 3190 1629 ἀλλὰ
3221 1569 3318 1633 τὰς
3357 1571 3593 1641 ὑψώσεις
3627 1574 3730 1626 τοῦ

2152 1660 2269 1720 ὲνὲς
2309 1659 2443 1713 Θεοῦ
2480 1660 2534 1711 ὲν
2571 1662 2682 1720 τοῖς
2714 1661 2858 1729 τρισὶ
2889 1661 2975 1715 διὰ
3018 1662 3219 1724 παντὸς
3263 1662 3321 1714 ἐν
3362 1662 3439 1731 τῷ
3488 1663 3731 1734 λάρυγγι

479 1749 762 1821 perpetuis
804 1748 1084 1811 laudibus,
1123 1725 1323 1803 etiuno
1354 1762 1450 1803 ore
1499 1725 1862 1805 celebrantes.
1900 1748 2048 1817 Quo-

2154 1750 2429 1818 φέροντες.
2483 1744 2589 1813 Ἧς
2642 1725 2761 1821 γὰρ
2803 1752 2924 1805 οὐδὲ
2977 1752 3206 1823 μέγεθος
3257 1725 3471 1823 φύσεως
3519 1725 3731 1827 κῦρε-(ές

479 1840 643 1901 modo
715 1840 865 1901 enim
942 1839 996 1895 ei
1069 1848 1296 1903 naturae,
1372 1839 1531 1910 cujus
1607 1838 2050 1910 amplitudinem,

476 1933 735 2003 quoniam
786 1932 1058 1987 immensa
1109 1930 1430 2000 inﬁnitaque
1486 1939 1595 1995 est,
1633 1930 1906 2000 explicare
1942 1946 2051 1985 non

476 2038 794 2093 possumus,
828 2021 1128 2093 quidquam
1154 2021 1453 2091 abiectum,
1480 2030 1576 2077 aut
1601 2020 1808 2091 humile
1840 2020 2051 2077 tribuc-

481 2131 602 2173 tuus
621 2115 643 2167 2
662 2114 923 2183 Quisquis
947 2121 1132 2175 autem
1151 2112 1309 2171 aliter
1330 2111 1497 2167 sentit
1514 2113 1582 2167 de
1612 2111 1743 2177 Deo,
1768 2120 1825 2166 et
1845 2110 2050 2167 idcirco

479 2205 982 2276 praestantissimam
1029 2205 1149 2275 ejus
1192 2204 1484 2259 essentiam
1512 2204 1569 2258 in
1599 2214 1825 2260 naturas
1852 2203 2054 2260 scindit

479 2295 799 2365 inaequales,
854 2296 902 2353 is
926 2294 974 2351 si
1008 2294 1192 2353 divino
1222 2293 1402 2367 gladio
1427 2293 1809 2359 disseeabitur,
1838 2302 1895 2349 et
1924 2308 2053 2365 pars

480 2388 657 2457 ipsius
707 2396 945 2458 ponetur
998 2401 1130 2449 cum
1182 2385 1513 2449 inﬁdelibus,
1566 2394 1623 2441 et
1677 2399 1825 2440 nunc
1881 2394 1936 2442 et
1993 2385 2052 2441 in

480 2484 757 2547 posterum
781 2473 1010 2535 acerbos
1034 2489 1216 2546 pravas
1235 2474 1511 2546 Opinionis
1529 2474 1741 2533 fructus
1764 2472 2050 2546 percipiat,

478 2564 707 2621 minime
739 2563 841 2623 erit
872 2563 1271 2625 admirandum.

550 2658 627 2713 Ac
662 2655 729 2709 de
758 2652 919 2711 Patre
952 2653 1175 2727 quidem
1214 2653 1352 2708 nihil
1408 2655 1608 2709 attinet
1644 2654 1852 2722 dicere,
1896 2655 2051 2723 cujus

479 2747 547 2803 ab
596 2746 860 2807 omnibus
907 2745 998 2813 qui
1044 2745 1283 2802 naturali
1344 2746 1657 2817 cognitione
1689 2756 1746 2801 et
1773 2748 2049 2801 communi

476 2849 644 2889 sensu
693 2832 906 2902 prmditi
945 2840 1094 2892 sunt,
1129 2832 1430 2901 amplitudo
1476 2834 1820 2901 conceditur,
1872 2850 2051 2902 quan-

474 2938 638 2992 quam
664 2920 975 2993 ignominiae
998 2920 1203 2991 primas
1232 2920 1347 2990 ipse
1378 2920 1520 2986 tulit,
1556 2938 1679 2976 cum
1710 2938 1741 2975 a
1774 2923 2050 2978 veteribus

476 3014 582 3067 illis
604 3027 867 3067 novarum
902 3027 1084 3065 rerum
1116 3011 1375 3069 studiosis
1410 3012 1466 3071 in
1496 3012 1701 3068 bonum
1734 3024 1789 3069 et
1845 3016 2046 3069 malum

474 3104 725 3173 cpiticem
768 3104 976 3158 divisus
1028 3112 1134 3157 est.
1184 3102 1258 3158 De
1307 3102 1444 3158 Filio
1516 3115 1700 3159 autem
1741 3116 1795 3160 et
1838 3106 2045 3176 Spiritu

475 3206 670 3249 sancto
729 3193 925 3258 videte,
987 3208 1150 3261 quam
1217 3192 1451 3261 simplici
1498 3201 1554 3246 et
1614 3192 1766 3247 brevi
1834 3196 2046 3249 ratione

478 3287 835 3348 disseramus,
868 3286 911 3340 si
964 3286 1089 3353 quis
1137 3284 1338 3352 poterit
1368 3284 1569 3353 aliquid
1605 3286 1657 3338 in
1711 3286 1795 3338 his
1846 3287 2045 3355 depre-

477 3377 741 3438 hendere,
789 3377 934 3444 quod
988 3375 1185 3429 inverti
1244 3374 1641 3429 eommutarive
1668 3382 1870 3443 queat;
1902 3373 2047 3443 quod

472 3466 759 3537 temporis,
810 3474 907 3520 aut
969 3466 1099 3529 ioci,
1154 3475 1249 3519 aut
1312 3466 1619 3534 potestatis,
1675 3474 1772 3519 aut
1817 3465 2051 3521 actionis

471 3560 657 3628 aliquo
710 3559 839 3622 ﬁne,
892 3566 987 3611 aut
1037 3570 1295 3612 mensura
1364 3556 1884 3626 comprehendatur,
1939 3556 2048 3612 nisi

476 3653 655 3720 ipsum
696 3658 888 3703 natura
931 3649 1161 3713 bonum,
1217 3648 1323 3702 nisi
1395 3657 1592 3717 sponte
1646 3662 1744 3703 sua
1793 3649 2047 3715 mobiles,

472 3744 582 3796 nisi
614 3742 861 3811 ejusdem
902 3740 1177 3803 essentia),
1210 3740 1318 3794 nisi
1361 3741 1645 3801 adorandi,
1693 3739 1797 3794 nisi
1843 3740 2052 3795 oollau~

473 3833 662 3895 dandi,
693 3831 797 3885 nisi
832 3829 1151 3892 venerandi,
1177 3828 1282 3881 nisi
1313 3828 1507 3882 eodem
1543 3843 1774 3883 numero
1807 3828 2046 3884 habendi

472 3924 636 3993 plane
681 3921 1034 3987 videbuntur,
1099 3920 1153 3974 id
1219 3919 1605 3989 comprobetttr
1653 3929 1815 3990 atque
1859 3930 2048 3977 osten-

470 4020 653 4079 datur,
699 4029 803 4069 nec
849 4014 1077 4068 verbum
1110 4011 1326 4076 iaciam,
1356 4011 1493 4079 quin
1518 4012 1806 4069 sententia:
1850 4023 2048 4069 vestras

2153 1843 2300 1894 ἐστιν
2329 1844 2502 1897 εἰπεῖν
2531 1843 2619 1899 διὰ
2644 1842 2704 1895 τὸ
2732 1842 2959 1909 ἄπειρον
2987 1847 3079 1900 καὶ
3106 1846 3375 1916 ἀόριστον,
3408 1849 3525 1911 πῶς
3549 1853 3732 1925 ταύτῃ

2150 1933 2517 2003 ταπεινότητα
2547 1933 2948 2003 ὲπεισάξομεν;
2982 1936 3173 2001 Ὅστις
3204 1937 3259 1990 δὲ
3292 1938 3587 2009 ἀλλοτρίως
3612 1941 3732 2011 ἔχει

2151 2021 2307 2087 θεοῦ,
2337 2022 2431 2075 καὶ
2453 2023 2542 2076 διὰ
2570 2022 2727 2077 τοῦτο
2754 2026 2941 2092 τέμνει
2962 2027 3060 2097 τὴν
3092 2028 3218 2095 μίαν
3250 2028 3345 2081 καὶ
3378 2028 3518 2099 ὑπὲρ
3545 2030 3732 2084 πάντα

2149 2113 2220 2166 τά
2248 2112 2375 2167 ὄντα
2402 2114 2588 2168 οὐσίαν
2618 2117 2698 2180 είς
2722 2116 3020 2188 ἀνισότητα
3052 2117 3268 2188 φύσεων
3286 2160 3301 2183 ,
3334 2118 3646 2190 θαυμαστὸν
3673 2122 3731 2173 εί

2154 2202 2229 2273 μὴ
2276 2205 2343 2275 τῇ
2385 2204 2631 2275 ῥομφαίᾳ
2671 2205 3057 2276 τμηθήσεται,
3104 2210 3199 2261 καὶ
3238 2208 3301 2262 τὸ
3346 2209 3511 2280 μέρος
3555 2211 3727 2265 αὐτοῦ

2154 2295 2289 2363 μετὰ
2333 2296 2440 2348 τῶν
2456 2296 2712 2355 ,ἀπίστων
2752 2299 3060 2369 τεθήσεται,
3104 2300 3339 2372 πονηρὸν
3386 2301 3729 2373 δρεπομένου

2151 2388 2395 2459 πονηρᾶς
2425 2386 2584 2458 δόξης
2616 2388 2828 2459 καρπὸν
2857 2391 2951 2449 καὶ
2976 2389 3071 2445 νῦν
3090 2429 3108 2461 ,
3137 2393 3225 2445 καὶ
3262 2392 3511 2465 ὕστερον.

2220 2646 2357 2717 Περὶ
2398 2646 2498 2719 μὲν
2528 2646 2638 2718 γὰρ
2675 2648 2769 2703 τοῦ
2808 2650 3023 2719 Πατρὸς
3050 2652 3107 2705 τί
3136 2651 3244 2725 χρὴ
3279 2659 3373 2708 καὶ
3405 2654 3623 2725 λέγειν;
3658 2650 3729 2711 οὗ

2150 2738 2243 2791 καὶ
2280 2738 2341 2790 τὸ
2383 2739 2535 2809 παρά
2576 2740 2795 2795 πάντων
2836 2746 3261 2815 συγκεχωρηκὸς
3300 2746 3562 2816 φείδεται,
3600 2753 3727 2815 ταῖς

2150 2832 2409 2897 φυσικαῖς
2458 2831 2689 2895 ἐννοίαις
2736 2835 3316 2909 προκατειλημμένων,
3369 2839 3419 2892 εί
3470 2842 3564 2893 καὶ
3614 2841 3723 2910 τῆς

2149 2919 2373 2989 ἀτιμίας
2404 2921 2472 2976 τὰ
2519 2924 2709 2993 πρῶτα
2738 2924 3030 2994 ἠνέγκατο,
3072 2928 3289 2997 πρῶτος
3336 2931 3584 3002 τιμηθεὶς
3638 2933 3725 2997 είς

2150 3013 2357 3083 ἀγαθὸν
2399 3016 2495 3069 καὶ
2524 3015 2859 3085 δημιουργὸν
2902 3017 3054 3088 παρά
3084 3020 3185 3089 τῆς
3215 3022 3448 3092 ἀρχαίας
3480 3042 3726 3078 καινοτοο

2150 3106 2321 3176 μίαςο
2366 3107 2493 3175 περὶ
2527 3105 2583 3158 δὲ
2628 3106 2721 3159 τοῦ
2765 3107 2895 3161 Υίοῦ
2924 3110 3015 3164 καὶ
3057 3112 3152 3164 τοῦ
3196 3112 3354 3180 ἀγίου
3405 3116 3727 3185 Πνεύματος

2148 3198 2402 3251 σκοπεῖτε
2428 3238 2443 3261 ,
2474 3198 2548 3261 ὡς
2582 3197 2765 3262 ἁπλῶς
2798 3201 2891 3252 καὶ
2927 3203 3207 3272 συντόμως
3247 3204 3626 3276 διαλεξόμεθα.
3659 3211 3723 3263 Ei

2150 3287 2250 3358 μέν
2276 3304 2359 3351 τις
2390 3286 2503 3358 ἔχοι
2533 3289 2737 3347 τούτων
2769 3306 2821 3343 τι
2856 3289 3034 3358 λέγειν
3053 3294 3308 3363 τρεπτὸν,
3344 3297 3375 3366 ἢ
3408 3299 3724 3365 ἀλλοιωτὸν,

2146 3380 2179 3448 ἢ
2210 3387 2405 3450 χρόνῳ.
2440 3380 2473 3451 ἢ
2506 3382 2715 3450 τρόπῳ,
2742 3381 2774 3451 ἢ
2798 3382 3043 3452 δυνάμει,
3072 3385 3104 3454 ἢ
3136 3386 3385 3457 ἐνεργείᾳ
3425 3392 3725 3461 μετρούμε-

2146 3486 2258 3535 νον,
2286 3471 2319 3539 ἢ
2347 3469 2408 3521 οὐ
2438 3472 2686 3539 φυσικῶς
2707 3473 2932 3541 ἀγαθὸν,
2959 3474 2992 3545 ἢ
3022 3476 3123 3531 οὐκ
3154 3478 3531 3550 αὐτοκίνητον,
3546 3483 3591 3551 ii
3621 3484 3720 3536 οὐκ

2149 3557 2516 3625 αὐτεξούσιον,
2540 3560 2572 3631 ἢ
2602 3560 2935 3629 λειτουργὸν,
2960 3563 2991 3634 ἢ
3022 3564 3283 3634 ὑμνῳδὸν,
3308 3568 3715 3638 ἢηφοὸούμσνον,

2147 3650 2182 3721 ἢ
2210 3650 2684 3721 ὲλευθερούμενον,
2715 3653 2749 3724 ἢ
2787 3654 2849 3706 οὐ
2887 3655 3386 3725 συναριθμούμενον
3409 3676 3423 3691 ο
3455 3660 3716 3714 δεικνύτω

2146 3743 2325 3809 τοῦτο,
2378 3744 2472 3797 καὶ
2516 3746 2679 3814 ἡμεῖς
2726 3745 3021 3815 στέρξομεν
3074 3748 3369 3803 συνδούλων
3424 3751 3718 3820 σεμνότητι

2146 3835 2524 3905 δοξαζόμενα,
2560 3836 2611 3889 εί
2642 3837 2740 3890 καὶ
2768 3837 2901 3890 Θεὸν
2939 3838 3279 3908 ζημιούμεθα
3306 3853 3320 3867 ’
3355 3840 3403 3892 εί
3440 3841 3499 3894 δὲ
3544 3842 3720 3898 πάντα

2147 3928 2248 3981 ὅσα
2292 3927 2406 3998 ἔχει
2436 3930 2467 3983 ό
2504 3929 2714 4000 Πατὴρ,
2743 3928 2838 3983 τοῦ
2878 3930 3010 3984 Υίοῦ
3044 3934 3161 3985 ἐστι
3194 3930 3332 4003 πλὴν
3361 3933 3463 4002 τῆς
3495 3936 3728 4005 ἀγεννη-

2150 4019 2293 4085 σίας,
2326 4021 2503 4075 πάντα
2530 4021 2586 4073 δὲ
2627 4021 2727 4074 ὅσα
2766 4021 2861 4075 τοῦ
2917 4022 3067 4087 Υίοῦ,
3114 4024 3210 4078 καὶ
3261 4023 3356 4078 τοῦ
3407 4026 3723 4096 Πνεύματος

468 4107 882 4173 acquiescentes
932 4117 1031 4157 eos
1077 4116 1470 4156 conservorum
1521 4103 1731 4157 honore
1779 4104 2043 4160 colendos

474 4209 601 4249 esse
648 4193 939 4254 fateamur,
995 4193 1127 4245 licet
1168 4206 1236 4245 eo
1288 4192 1515 4245 nomine
1561 4192 1621 4246 in
1670 4192 1757 4246 his
1798 4192 2045 4253 iacienda

478 4287 553 4338 sit
584 4283 900 4337 Divinitatis
927 4284 1161 4352 jactura,
1190 4282 1274 4336 sin
1298 4282 1502 4345 omnia,
1531 4297 1652 4353 qua)
1672 4282 1834 4338 Pater
1857 4285 2042 4353 habet,

478 4375 597 4428 Filii
628 4384 777 4439 sunt,
802 4384 1053 4443 excepto,
1080 4382 1226 4443 quod
1270 4372 1440 4427 Filius
1463 4388 1576 4427 non
1609 4383 1696 4430 est
1728 4375 2041 4444 ingenitus:

2149 4110 2287 4181 πλὴν
2331 4112 2430 4179 τῆς
2471 4112 2738 4180 υίότητος,
2780 4114 2872 4167 καὶ
2911 4115 3021 4167 τῶν
3067 4116 3167 4169 ὅσα
3220 4117 3551 4183 σωματικῶς
3598 4118 3727 4186 περὶ

2149 4200 2315 4256 αὐτοῦ
2365 4201 2582 4269 λέγεται
2652 4204 2741 4257 διὰ
2792 4205 2885 4259 τὸν
2928 4205 3061 4275 ἐμὸν
3108 4205 3416 4274 ἄνθρωπον,
3476 4208 3573 4263 καὶ
3624 4208 3727 4276 τὴν

2150 4293 2290 4364 ἐμὴν
2342 4296 2653 4365 σωτηρίαν,
2707 4297 2795 4349 ἵνα
2847 4297 2910 4351 τὸ
2967 4298 3098 4366 ἐμὸν
3158 4297 3340 4350 λαϐὼν
3403 4297 3466 4352 τὸ
3523 4299 3725 4353 ἑαυτοῦ

2074 4426 2118 4482 D
2148 4385 2440 4457 χαρίσηται
2482 4388 2570 4440 διὰ
2610 4388 2708 4453 τῆς
2757 4390 2947 4459 καινῆς
2996 4390 3347 4458 ἀνακράσεως
3374 4405 3387 4420 ⁸
3435 4388 3727 4443 παύσασθε

468 4478 525 4523 ut
574 4480 917 4536 quaecunque
967 4474 1099 4525 sunt
1158 4464 1306 4530 Filii,
1360 4475 1488 4523 sunt
1551 4468 1713 4523 etiam
1759 4469 2039 4539 Spiritus,

2152 4477 2609 4548 παραληροῦντες.
2689 4478 2816 4550 Ὀψὲ
2886 4480 3037 4548 γοῦν,
3113 4475 3157 4534 ὦ
3222 4484 3474 4550 σοφισταὶ
3526 4483 3729 4535 κοινῖιν

468 4568 666 4627 praeter
704 4572 871 4610 unum
926 4557 1003 4620 id,
1056 4557 1203 4626 quod
1248 4557 1484 4627 Spiritus
1521 4575 1631 4614 non
1667 4570 1754 4618 est
1799 4563 2036 4632 genitus.

2152 4569 2407 4638 ῥημάτων
2467 4571 2632 4625 αὐτοῦ
2692 4573 3033 4639 πιπτόντων,
3090 4574 3184 4628 καὶ
3238 4572 3325 4627 ἴνα
3385 4574 3437 4626 τί
3488 4572 3730 4642 ἀποθνή-

465 4649 747 4718 Quidquid
799 4661 982 4704 autem
1026 4647 1094 4707 de
1134 4646 1275 4703 Filio
1305 4649 1523 4714 dicitur,
1562 4652 1703 4719 quod
1741 4652 1807 4707 ad
1839 4667 2039 4724 corpus

2152 4674 2340 4728 σκητε,
2377 4656 2523 4723 οἶκος
2584 4662 2832 4732 Ἰσραὴλ,
2880 4663 2944 4713 ἵν’
3005 4666 3069 4717 ἐκ
3139 4665 3237 4735 τῆς
3302 4664 3529 4735 Γραφῆς
3579 4663 3729 4732 ὑμᾶς

358 4730 366 4736 ’
465 4750 696 4809 spectet,
758 4740 809 4794 id
843 4739 917 4795 ad
976 4748 1325 4811 assumptum
1376 4739 1612 4810 pertinet
1661 4742 1937 4798 hominem
1983 4754 2039 4800 et

2152 4749 2427 4822 ὀδύρωμαι
2458 4771 2474 4820 ;

462 4839 700 4893 salutem
767 4846 1035 4903 nostram,
1114 4852 1243 4893 cum
1295 4837 1376 4903 id,
1439 4836 1588 4907 quod
1655 4848 1906 4894 nostrum
1954 4851 2094 4911 erat,
2149 4849 2531 4918 assumpserit,
2586 4858 2646 4904 ut
2696 4863 2835 4903 nova
2890 4847 3280 4917 conjunctione
3323 4849 3518 4916 nobis,
3573 4851 3729 4920 quod

464 4952 625 4993 suum
670 4944 789 4992 erat
822 4935 1181 5005 elargiretur.
1248 4932 1491 4989 Desinite
1522 4933 1740 4990 tandem
1773 4936 2065 5006 aliquando
2126 4940 2381 5011 delirare,
2425 4944 2672 5002 inanium
2710 4944 2999 5002 verborum
3028 4953 3085 4999 et
3115 4959 3214 4999 nos
3246 4944 3316 4998 ab
3367 4944 3487 5016 ipso
3529 4946 3731 5017 depel-

464 5028 692 5082 lentium
746 5029 1060 5091 inventores
1127 5026 1199 5087 lit
1264 5026 1397 5096 quid
1454 5025 1736 5096 deperitis,
1778 5040 1811 5082 0
1873 5027 2071 5085 domus
2154 5031 2393 5097 lsraelis,
2472 5044 2531 5089 ut
2603 5033 2902 5106 Scriptura:
2975 5035 3158 5090 verbis
3230 5034 3405 5090 vicem
3483 5045 3731 5095 vestram

462 5119 749 5189 deplorem
768 5122 792 5175 τ

536 5214 781 5269 Veneror
816 5214 1075 5285 equidem
1096 5212 1217 5268 Filii
1245 5212 1639 5283 appellationes
1696 5223 1804 5271 tam
1832 5215 2035 5275 multas

2218 5212 2309 5275 Ὦς
2343 5210 2520 5281 ἔγωγε
2558 5212 2812 5283 αἰδοῦμαι
2846 5215 2944 5285 μὲν
2976 5214 3074 5278 τὰς
3108 5213 3202 5270 τοῦ
3234 5215 3409 5286 Λόγου
3438 5235 3733 5289 προσηγο-

458 5314 690 5375 tamque
756 5309 1020 5373 sublimes
1078 5316 1137 5362 et
1215 5321 1480 5377 magnas,
1550 5323 1686 5378 quas
1761 5311 2034 5369 immunes

2152 5302 2269 5371 ρίας
2316 5301 2587 5365 τοσαύτας
2644 5319 2703 5356 τε
2752 5304 2940 5370 οὔσας,
2990 5304 3086 5357 καὶ
3136 5304 3309 5369 οὕτως
3361 5305 3570 5376 ὑψηλὰς
3622 5311 3733 5363 καὶ

464 5410 684 5465 quoque
748 5400 1162 5467 pertimescunt.
1243 5395 1489 5453 Veneror
1561 5397 1693 5459 item
1769 5398 2032 5467 aqualem

2152 5394 2424 5463 μεγάλας,
2466 5393 2529 5457 ἃς
2568 5396 2660 5448 καὶ
2703 5394 2956 5467 δαίμονες
2998 5396 3411 5467 ἐνετράπησαν·
3458 5398 3732 5469 αἰδοῦμαι

466 5484 707 5554 Spiritus
760 5491 933 5545 sancti
988 5489 1337 5557 dignitatem,
1389 5487 1488 5547 sed
1540 5489 1720 5549 minas
1770 5489 2033 5544 adversus

2152 5487 2195 5545 Σὲ
2229 5485 2326 5557 τὴν
2359 5487 2651 5556 όμοτιμίαν
2678 5490 2772 5541 τοῦ
2816 5489 3132 5559 Πνεύματος
3161 5505 3173 5517 ·
3214 5486 3488 5569 φοσοῦμαι
3522 5491 3579 5544 δὲ
3616 5493 3729 5564 τὴν

456 5573 606 5639 illos,
642 5576 737 5645 qui
769 5578 1029 5646 Spiritum
1062 5580 1244 5648 ipsum
1282 5586 1663 5643 exsecrantur,
1710 5576 2027 5637 reformido,

2152 5578 2452 5649 Ιιρισμένην
2515 5580 2745 5650 ἀπειλὴν
2809 5583 2922 5643 τοῖς
2980 5582 3062 5645 είς
3118 5570 3251 5635 αὐτὸ
3307 5581 3725 5653 βλασφημοῦσι.

456 5662 779 5724 Exseerasio
812 5670 958 5725 enim
989 5678 1095 5736 est,
1134 5687 1241 5729 non
1286 5669 1578 5740 theologia,
1612 5684 1734 5741 qua?
1761 5666 2025 5739 Spiritum

2152 5670 2462 5740 δλασφημία
2496 5669 2551 5724 δὲ
2582 5671 2679 5741 οὐχ
2708 5673 2743 5742 η
2778 5671 3021 5741 θεολογία
3041 5714 3057 5739 ,
3093 5673 3152 5727 τὸ
3181 5672 3235 5725 δὲ
3268 5672 3582 5742 ἀλλοτριοῦν
3615 5673 3728 5744 τῆς
