3992 6210
485 292 554 356 79
1695 285 2041 347 EUTHYMI

2145 284 2505 349 ZIGABENI
2542 249 2549 257 ’
3656 289 3726 355 so

554 407 626 462 At
660 421 782 462 cum
802 403 991 464 Patris.
1020 412 1073 458 et
1103 401 1256 470 Filii,
1285 407 1338 457 et
1368 400 1613 473 Spiritus
1630 403 2041 472 sauctijnomcn.

2229 406 2382 458 Μετά
2420 406 2603 460 Λουκᾶ
2627 404 2999 476 ἑμπνεύσθητι
3041 404 3429 477 ταῖςἮράξεσι
3464 408 3574 462 τῶν
3598 410 3725 465 ἀπο-

492 513 605 555 trrs
629 499 819 568 utique
848 497 1207 567 proprietates
1240 536 1254 560 ,
1290 509 1395 547 una
1428 509 1551 548 cum
1580 494 1725 548 Luca
1780 493 1833 548 in
1890 494 2059 549 rebus

486 594 553 647 οἲ)
592 591 853 663 apostolis
878 590 1043 661 gestis
1074 602 1301 643 versans
1329 586 1565 650 invenis,
1600 601 1700 641 cur
1732 600 1855 641 cum
1912 588 2059 639 Ana-

486 685 571 738 nia
600 694 655 739 et
694 682 938 752 ‘Sapliira
973 680 1131 734 novis
1157 678 1367 732 furibus
1409 677 1515 733 inis
1538 678 1851 733 societatem
1873 679 1897 732 ‘i
1918 678 2059 735 Vere

486 776 629 830 enim
657 789 856 829 novum
892 770 1105 825 furandi
1146 784 1319 841 genus
1349 779 1453 836 est,
1486 785 1607 825 cum
1648 771 1771 840 quis
1819 786 1882 826 ea
1938 785 2060 841 quae

483 868 695 937 propria
718 862 1120 932 suntsnbripit,
1159 862 1459 929 prtesertim
1504 862 1549 917 si
1607 878 1713 918 non
1749 872 2057 934 argentum,

481 968 574 1011 aut
603 957 746 1011 aliud
766 954 1041 1024 quidpiam
1067 954 1211 1024 quod
1238 955 1345 1009 vile
1387 970 1721 1025 parvumque
1748 954 1841 1018 sit,
1867 964 1925 1009 ut
1956 955 2059 1029 lin;

481 1066 637 1121 guam
658 1063 901 1113 auream,
955 1056 1046 1101 aut
1077 1056 1421 1113 tenuem,aut
1446 1046 1784 1109 didrachma,
1815 1055 1873 1100 ut
1904 1046 2058 1101 miles

484 1145 570 1198 ille
622 1143 896 1212 quondam
942 1142 1290 1206 insatiabilis,
1334 1141 1429 1195 sed
1479 1140 1827 1196 Divinitatem
1886 1139 2055 1209 ipsam

484 1237 718 1300 furetur,
742 1235 1145 1303 mentiaturque
1166 1231 1624 1301 quemadmodum
1643 1229 1916 1294 audivisti,
1946 1243 2055 1283 non

485 1328 711 1391 homini,
753 1328 847 1381 scd
889 1325 1018 1380 Deo.
1048 1323 1421 1379 Venorandam
1458 1321 1693 1392 Spiritus
1739 1320 1855 1374 cole
1905 1328 2059 1389 pote-

480 1427 697 1482 statem,
727 1416 921 1484 quibus
978 1414 1112 1478 vult,
1168 1422 1224 1466 ct
1259 1411 1478 1481 quando
1515 1410 1651 1475 vult,
1694 1420 1749 1464 et
1788 1419 2055 1478 quantum

477 1510 609 1569 vult,
638 1508 953 1577 aSpirautis.
998 1504 1288 1560 Descendit
1319 1504 1465 1557 enim
1530 1516 1695 1572 super
1741 1502 2054 1556 Cornelium

476 1609 529 1651 et
553 1599 884 1652 domesticos
941 1597 1083 1664 ejus,
1134 1602 1258 1649 ante
1304 1594 1632 1663 baptismum
1664 1609 1680 1659 ;
1712 1607 1876 1661 super
1919 1594 2055 1646 alios

476 1700 656 1743 autem
681 1705 778 1758 per
801 1688 1073 1757 apostolos
1099 1693 1221 1756 post
1253 1685 1610 1754 baptismum,
1634 1693 1694 1737 ut
1737 1693 1794 1738 et
1842 1698 1909 1739 ex
1964 1684 2053 1749 iis,

2164 495 2367 550 στόλων
2406 497 2779 567 προσομιλῶν.
2804 498 2871 550 Τί
2910 498 3050 568 μετά
3101 498 3345 553 Ἀνανίου
3398 500 3594 572 τάττῃ,
3636 504 3729 555 καὶ

2164 586 2507 658 Σαπφείρας,
2567 589 2677 641 τῶν
2724 588 2928 642 καινῶν
2972 590 3303 658 νοσφιστῶν.
3364 589 3482 659 εῐγε
3546 592 3733 647 καινὸν

2160 676 2331 740 ὅντως
2362 678 2396 745 ἡ
2432 679 2541 731 τῶν
2592 678 2737 731 ίδίων
2780 680 2984 749 κλοπῆς
3038 682 3132 732 καὶ
3180 682 3352 734 ταῦτα
3402 683 3732 752 νοσφιζόμε-

2160 784 2249 831 νος
2293 769 2394 822 οὐκ
2443 770 2733 840 ἀργύριον,
2772 770 2882 824 οὐδ’
2937 771 3067 826 ἄλλο
3112 790 3164 826 τι
3195 774 3306 826 τῶν
3353 774 3587 828 εὐτελῶν
3637 778 3732 831 καὶ

2162 860 2400 931 μικρῶν,
2452 857 2566 915 οἷον
2606 864 2861 931 γλῶσσαν
2895 865 3128 934 χρυσῆν,
3160 865 3192 936 ἡ
3231 866 3415 938 ψιλὴν,
3454 868 3735 938 ἡδὶδραχ-

2162 966 2285 1020 μον,
2321 952 2397 1015 ὼς
2450 953 2582 1006 ποτὲ
2638 955 2983 1026 στρατιώτης
3044 957 3342 1026 ἄπληστος,
3392 958 3507 1011 ἀλλ’
3561 960 3734 1031 αὐτὴν

2160 1041 2415 1096 κλέπτων
2464 1045 2718 1116 θεότητα,
2769 1049 2866 1099 καὶ
2901 1047 3231 1119 ψευδόμενος
3284 1050 3386 1103 οὐκ
3416 1050 3730 1121 ἄνθρωπον,

2157 1134 2295 1189 ἀλλά
2346 1136 2505 1202 Θεὸν,
2536 1139 2672 1208 ὅπερ
2700 1139 2935 1211 ἡκουσα.
2982 1140 3049 1193 Τί
3108 1158 3200 1209 μοι
3240 1141 3295 1193 δὲ
3343 1140 3443 1211 τὴν
3479 1142 3733 1206 ἐξουσίαν

2158 1228 2285 1298 αἰδῇ
2313 1228 2409 1282 τοῦ
2446 1230 2792 1298 Πνεύματος,
2823 1232 2909 1301 ἐφ’
2944 1232 3039 1297 οὓς
3073 1234 3239 1297 θέλει,
3263 1235 3359 1287 καὶ
3396 1235 3580 1305 ἡνίκα,
3634 1235 3734 1289 καὶ⁵

2155 1318 2280 1371 ὅσον
2312 1320 2603 1386 πνέοντος;
2635 1306 2933 1392 Ἐπιδημεῖ
2957 1327 3069 1388 τοῖς
3126 1328 3252 1396 περὶ
3281 1327 3582 1396 Κορνήλιον
3622 1330 3730 1398 πρὸ

2156 1409 2251 1462 τοῦ
2312 1410 2709 1482 βαπτίσματος,
2750 1414 2935 1479 ἄλλοις
2996 1416 3137 1484 μετὰ
3166 1416 3227 1468 τὸ
3290 1416 3576 1486 βάπτισμα
3644 1419 3732 1473 διὰ

2155 1498 2265 1552 τῶν
2290 1501 2630 1557 ἀποστόλων.
2667 1504 2828 1557 Ὥστε
2867 1504 3258 1575 ἀμφοτέρωθεν
3299 1506 3364 1560 ἐκ
3393 1524 3450 1560 τε
3484 1501 3559 1561 ὧν
3608 1510 3734 1561 ἐπι-

2158 1595 2329 1663 φοιτᾷ
2379 1594 2740 1660 δεσποτικῶς,
2775 1596 2894 1649 anu
2948 1599 3011 1651 ού
3048 1597 3339 1665 δουλικῶς,
3398 1600 3493 1652 καὶ
3546 1600 3608 1665 ἐξ
3653 1595 3733 1655 ὧν

2156 1685 2497 1757 ἐπιζητείται
2525 1688 2661 1757 πρὸς
2685 1687 2783 1759 τὴν
2810 1688 3093 1743 τελείωσιν
3120 1690 3220 1763 τὴν
3252 1690 3482 1763 Θεότητα
3512 1709 3698 1764 μαρτυ

476 1795 615 1850 qua},
643 1795 751 1833 non
781 1788 841 1832 ut
868 1793 1077 1843 servus,
1116 1776 1209 1831 scd
1236 1785 1493 1844 tanquam
1525 1774 1781 1829 dominus
1811 1774 1973 1844 gerit,
1994 1784 2041 1828 et

2158 1754 2374 1849 pateﬁat
2406 1778 2501 1832 τοῦ
2546 1754 2687 1833 Πνεύ
2695 1754 2890 1851 ματος.

477 1887 540 1925 ex
564 1871 688 1936 illis,
727 1885 847 1941 qua:
882 1870 936 1923 in
968 1884 1063 1932 eo,
1097 1868 1189 1938 qui
1221 1867 1520 1922 initiandus
1546 1875 1652 1931 est,
1676 1866 1925 1936 requirit,
1964 1865 2051 1921 di-

477 1962 757 2015 vinitatem
798 1968 1029 2014 testetur
1059 1972 1239 2014 suam.

541 2052 677 2107 Cum
707 2052 892 2115 Paulo,
925 2051 1016 2121 qui
1040 2052 1092 2105 in
1126 2048 1345 2104 tertium
1406 2046 1653 2103 sublatus
1695 2056 1777 2102 est
1827 2046 2048 2113 caelum,

475 2156 645 2199 tracta
706 2145 1050 2214 theologiam,
1080 2143 1169 2211 qui
1230 2154 1374 2194 nunc
1432 2148 1541 2194 tres
1571 2145 1853 2209 perSonas,
1906 2140 2052 2193 ordi-

479 2254 549 2292 ne
582 2244 919 2290 commutato
969 2234 1041 2287 ita
1096 2240 1472 2294 connumerat,
1544 2238 1603 2283 ut
1643 2245 1789 2283 nunc
1849 2231 2047 2299 primo,

2226 2044 2383 2098 Μετά
2408 2044 2626 2099 Παύλου
2653 2044 2982 2116 Θεολόγησον
3004 2044 3095 2099 τοῦ
3122 2045 3259 2113 πρὸς
3290 2047 3481 2117 τρίτον
3546 2047 3717 2117 ούρα-

2154 2135 2243 2189 νὸν
2280 2135 2630 2206 ἀναχθέντος,
2666 2137 2796 2189 ποτὲ
2832 2137 2933 2206 μὲν
2968 2136 3430 2209 συναριθμοῦντος
3455 2140 3552 2203 τὰς
3574 2143 3725 2211 τρεῖς

2153 2228 2509 2292 ὑποστάσεις,
2544 2231 2641 2282 καὶ⁵
2680 2228 2839 2282 τοῦτο
2868 2229 3313 2300 ἐνηλλαγμένως,
3376 2231 3437 2284 ού
3490 2249 3726 2303 τετηρη-

474 2339 621 2379 nunc
654 2323 919 2387 secundo,
959 2335 1108 2375 nunc
1136 2321 1297 2383 tertio
1321 2321 1439 2373 loco
1476 2320 1722 2373 eamdem
1761 2334 2041 2388 personam

2155 2321 2331 2389 μένως
2360 2323 2478 2383 ταῖς
2500 2320 2707 2385 τάξεσι,
2741 2321 3243 2391 προαριθμοῦντος,
3274 2323 3724 2392 ἐναριθμοῦντος,

468 2414 784 2481 nominans,
831 2422 1040 2467 naturas
1103 2412 1347 2467 declaret
1405 2413 1765 2482 aequalitatem
1821 2429 1836 2465 :
1902 2426 2041 2466 nunc

2152 2412 2595 2483 ύπαριθμοῦντος
2639 2414 2701 2466 τὸ
2727 2414 2860 2466 αύτό
2890 2430 2903 2443 ·
2942 2414 3028 2466 ἵνα
3077 2414 3131 2466 τί
3178 2414 3431 2488 δηλώσῃ;
3481 2414 3577 2485 τὴν
3614 2416 3725 2469 ίσο-

471 2508 749 2567 duas,‘aut
777 2520 938 2559 unam
970 2519 1157 2558 earum
1193 2503 1428 2571 aliquam
1468 2513 1677 2557 tantum
1710 2503 1884 2572 ponit,
1924 2511 2041 2555 tan-

2146 2506 2333 2576 τιμίαν
2369 2507 2469 2575 τῆς
2528 2504 2744 2573 φύσεως
2767 2521 2779 2534 ’
2820 2506 2949 2557 ποτὲ
3002 2505 3058 2557 δὲ
3087 2504 3196 2558 τῶν
3236 2505 3406 2573 τριῶν
3438 2507 3724 2573 μεμνημέ-

470 2616 632 2670 quam
662 2600 880 2667 reliqua:
907 2604 1312 2665 consequantur
1340 2596 1587 2649 omnino.
1632 2594 1782 2648 Alias
1813 2593 2041 2662 Spiritui

2146 2614 2259 2662 νου,
2317 2595 2448 2647 ποτὲ
2488 2594 2545 2647 δὲ
2589 2595 2697 2647 τῶν
2744 2593 2777 2665 ἦ
2839 2594 3005 2659 τινὸς,
3070 2594 3144 2657 ὡς
3188 2595 3459 2663 ἑπομένου
3496 2596 3718 2661 πάντως

469 2692 711 2760 assignat
745 2688 1014 2742 actionem
1040 2687 1155 2749 Dei,
1187 2686 1339 2753 quasi
1372 2683 1510 2738 nihil
1557 2685 1782 2749 referat,
1802 2686 1948 2738 hunc
1974 2700 2041 2738 an

2145 2688 2238 2741 τοῦ
2287 2688 2606 2749 λείποντος·
2669 2688 2763 2740 καὶ
2817 2686 2946 2738 ποτὲ
2995 2689 3095 2756 μὲν
3142 2686 3240 2761 τὴν
3296 2688 3576 2759 ἐνέργειαν
3627 2690 3722 2743 τοῦ

467 2785 618 2839 illum
642 2781 807 2836 dicat.
839 2781 984 2834 Alias
1008 2789 1188 2832 autem
1211 2793 1308 2848 pro
1328 2777 1536 2848 Spiritu
1560 2779 1835 2832 Christum
1864 2777 2039 2832 atl'ert.

2145 2779 2278 2833 Θεοῦ
2332 2780 2412 2849 τῷ
2452 2778 2732 2847 Πνεύματι
2760 2778 3015 2845 διδόντος,
3060 2778 3132 2841 ὡς
3176 2778 3328 2830 οὐδὲν
3351 2778 3718 2849 διαφέροντος,

468 2875 533 2929 Et
571 2873 859 2942 aliquando
896 2871 1112 2940 quidem
1134 2884 1398 2938 personas
1428 2870 1755 2938 distinguit:
1796 2868 2033 2933 «Unusn

2145 2874 2273 2925 ποτὲ
2298 2870 2355 2924 δὲ
2384 2871 2506 2924 ἀντὶ
2528 2870 2621 2923 τοῦ
2673 2869 2990 2939 Πνεύματος
3026 2872 3115 2922 τὸν
3144 2871 3377 2939 Χριστὸν
3428 2872 3716 2939 ἐπιφέρον-

466 2963 739 3033 inquiens,
774 2980 793 3011 t
830 2960 989 3025 Deus,
1022 2973 1085 3012 ex
1118 2973 1224 3027 quo
1247 2961 1452 3019 omnia,
1490 2968 1545 3012 et
1570 2973 1671 3012 nos
1698 2958 1753 3011 in
1804 2959 1982 3026 ipsum
2017 2974 2033 3011 :

2139 2981 2250 3031 τος,
2281 2966 2376 3018 καὶ
2400 2965 2488 3018 ὅτι
2518 2965 2616 3032 μὶν
2641 2963 2840 3033 διαιρεί
2867 2963 2963 3024 τὰς
2998 2964 3344 3028 ὑποστάσεις,
3376 2957 3498 3025 «Εἷς
3522 2964 3707 3027 Θεὸς,›

466 3063 541 3119 οι,
562 3067 702 3107 unus
730 3048 992 3104 Dominus
1021 3045 1179 3101 Iesus
1206 3046 1484 3111 Christus,
1518 3061 1613 3116 per
1632 3061 1799 3115 quem
1828 3047 2033 3111 omnia,

501 3153 514 3158 -
730 3157 760 3158 η
813 3143 823 3153 ο
847 3157 850 3158 ν
874 3154 890 3158 Α
920 3156 982 3158 ._s
1012 3136 1061 3158 ιι
1123 3157 1130 3158 κ
1179 3138 1465 3158 AI:_-_-_.I-
1501 3147 1671 3158 ---ι-..Α
1719 3153 1877 3158 --..-..-
1946 3154 2002 3158 ___

2145 3056 2407 3125 λέγοντος,
2438 3057 2526 3123 σιξ
2552 3052 2614 3111 οὗ
2642 3056 2710 3109 τὰ
2741 3056 2941 3123 πάντα,
2974 3054 3069 3108 καὶ
3096 3057 3256 3123 ἡμεῖς
3284 3056 3364 3117 εις
3395 3056 3579 3109 αὐτόν.
3604 3056 3712 3111 Καὶ

465 3153 519 3201 et
548 3159 649 3198 nos
679 3157 778 3213 per
813 3143 990 3212 ipsom
1012 3136 1082 3192 “.
1121 3157 1139 3191 ι
1167 3138 1469 3206 Aliquando
1497 3147 1677 3192 autem
1719 3153 1883 3194 unam
1939 3154 2036 3192 ex-

465 3236 656 3307 primit
683 3232 1057 3288 divinitatem:
1093 3246 1112 3280 ι
1187 3228 1475 3295 Quoniam,
1528 3248 1548 3282 ι
1578 3230 1853 3300 inquiens,
1917 3247 1936 3280 ι
1964 3245 2035 3283 ex

467 3324 608 3393 ipso,
644 3333 699 3375 et
731 3336 827 3392 per
849 3321 1053 3389 ipsum,
1086 3329 1140 3373 et
1170 3318 1225 3372 in
1260 3319 1435 3387 ipsum
1486 3320 1667 3373 omnia
1696 3320 1762 3383 ",
1798 3337 1817 3370 ι
1872 3319 2039 3372 nimi-

2140 3142 2219 3209 εἷς
2268 3147 2467 3218 Κύριος
2508 3148 2717 3218 Ἰησοῦς
2760 3148 3019 3217 Χριστὸς,
3054 3147 3122 3201 δι’
3155 3143 3216 3201 οὗ
3263 3148 3331 3201 τὰ
3370 3151 3569 3217 πάντα,
3621 3151 3714 3203 καὶ

2384 3241 2398 3261 ν
2434 3240 2593 3261 ..κο-,9

2142 3242 2301 3309 ἡμεῖς
2329 3241 2398 3293 δι’
2428 3241 2616 3294 αὑτοῦ·
2647 3259 2666 3292 ι
2696 3241 2783 3293 ὅτε
2813 3241 2869 3293 δὲ
2896 3241 3119 3308 συνάγει
3158 3242 3255 3313 τὴν
3288 3243 3421 3310 μίαν
3464 3243 3711 3314 Θεότητα,

2144 3348 2163 3381 ι
2177 3332 2300 3384 ’Ότι
2321 3328 2380 3394 ἐξ
2402 3330 2589 3395 αὐτοῦ,
2609 3328 2788 3383 καὶδι⁹
2804 3330 2992 3393 αὑτοῦ,
3011 3329 3197 3394 καὶείς
3223 3331 3465 3387 αύτὸντά
3484 3334 3708 3395 πάντα.»

462 3429 587 3469 rum
616 3427 716 3483 per
745 3412 921 3482 ipsum
951 3409 1238 3480 Spiritum,
1269 3410 1729 3479 quemadmodum
1759 3410 1813 3463 in
1853 3411 2037 3465 multis

2145 3422 2337 3491 δηλαδὴ
2357 3422 2445 3475 διὰ
2463 3421 2557 3474 τοῦ
2575 3422 2731 3489 ἁγίου
2758 3421 3098 3491 Πνεύματος,
3118 3423 3192 3485 ὡς
3215 3422 3484 3493 πολλαχοῦ
3508 3424 3711 3476 δείκνυ-

465 3507 760 3576 Scriptum:
776 3504 911 3559 locis
928 3503 1257 3558 declaratur.

464 3616 714 3687 Ejusdem
744 3632 809 3671 ea:
861 3616 1100 3670 oratione
1140 3615 1191 3668 in
1238 3615 1489 3680 Arianos,
1554 3616 1737 3685 inqua
1798 3625 1845 3670 et
1896 3614 2036 3671 dese

1060 3688 1172 3754 ipso
1203 3687 1454 3755 loquitur.

528 3778 640 3835 Nos
666 3788 847 3835 autem
874 3777 1167 3834 adoramus
1185 3777 1424 3842 Patrem,
1450 3788 1504 3832 et
1532 3775 1751 3841 Filium,
1783 3787 1838 3832 ct
1857 3777 2037 3847 Spiri-

462 3883 572 3927 tum
605 3883 875 3936 sanctum,
896 3870 1105 3924 Patrem
1136 3872 1324 3933 Deum,
1353 3870 1548 3925 Filium
1578 3871 1766 3932 Deum.
1792 3880 1846 3924 et
1869 3871 2038 3941 Spiri-

461 3977 572 4020 tum
615 3976 888 4027 sanctum,
920 3963 1023 4016 nisi
1088 3965 1313 4017 moleste
1346 3962 1475 4027 fers,
1536 3962 1728 4016 Deum.
1775 3962 2033 4017 Naturam

461 4074 623 4110 unam
668 4057 723 4109 in
777 4056 949 4109 tribus
1010 4053 1589 4123 preprietatibus,qu:e
1647 4062 1828 4106 mente
1864 4052 2036 4120 perci-

461 4150 708 4217 piuntur,
730 4146 1090 4214 perfectmque
1125 4154 1273 4205 sunt,
1301 4152 1354 4195 et
1388 4158 1487 4211 per
1521 4156 1578 4194 se
1605 4151 1873 4195 constant.
1905 4145 2036 4207 Qua:

461 4250 689 4291 numero
714 4234 931 4303 quidem
954 4229 1679 4301 distinguuntur,divinitate
1710 4249 1838 4287 vero
1869 4234 2033 4289 dividi

458 4333 757 4391 nequeunt.
785 4324 893 4375 llas
918 4323 1047 4375 mihi
1082 4339 1240 4378 voces
1260 4325 1499 4378 concede
1524 4334 1599 4390 tu,
1633 4326 1723 4395 qui
1759 4325 1915 4379 hodie
1935 4325 2035 4380 mi-

2138 3529 2227 3566 ται
2253 3512 2350 3583 τῆς
2380 3514 2623 3582 Γραφῆς.
2647 3512 2805 3585 Δύτῷ
2832 3514 2866 3584 ἡ
2886 3512 3013 3577 δόξα
3034 3516 3109 3574 είς
3132 3515 3257 3578 τοὺς
3281 3515 3501 3578 αἰῶνας.
3518 3516 3710 3586 Ἀμήν.

2148 3620 2245 3674 Ἐκ
2280 3620 2592 3689 τοῦλόγου
2620 3620 2725 3674 τοῦ
2755 3622 2917 3743 πρὸὲ
2940 3621 3297 3690 Ἀρειανοὺς,
3328 3624 3425 3676 καί
3455 3626 3542 3690 εἰς
3574 3626 3711 3677 ἐαυ-

2848 3708 2877 3743 τ
2919 3707 2975 3743 ν.

2848 3707 2975 3745 τον.

2212 3781 2376 3835 Αὐτοὶ
2428 3781 2485 3836 δὲ
2538 3781 2966 3852 προσκυνοῦμεν
3015 3782 3106 3836 τὸν
3167 3782 3407 3852 Πατέρα,
3459 3785 3553 3835 καὶ
3612 3783 3703 3836 τὸν

2137 3875 2289 3940 Υῐὸν,
2326 3877 2421 3929 καὶ
2453 3875 2516 3927 τὸ
2546 3877 2772 3945 Πνεῦμα
2806 3876 2867 3928 τὸ
2914 3876 3089 3943 ἅγιον.
3118 3874 3253 3929 Θεὸν
3309 3875 3406 3929 τὸν
3460 3876 3701 3945 Πατέρα,

2136 3966 2267 4018 Θεὸν
2322 3966 2413 4016 τὸν
2465 3965 2614 4030 Υιὸν,
2666 3964 2838 4030 Θεὸν,
2896 3967 2944 4016 εί
3006 3963 3082 4034 μὴ
3130 3963 3397 4033 τραχύνῃ,
3432 3962 3495 4014 τὸ
3540 3959 3706 4015 [ινεῦ-

2140 4073 2217 4126 μα
2259 4057 2321 4109 τὸ
2352 4056 2545 4123 ἅγιον·
2593 4056 2721 4124 μίαν
2773 4056 2935 4123 φύσιν
3000 4058 3059 4107 ὲν
3110 4056 3287 4125 τρισὶν
3323 4055 3548 4123 ἰδιότησι
3601 4068 3713 4105 νοε-

2139 4151 2280 4218 ραῖς,
2316 4148 2570 4210 τελείαις,
2611 4147 2732 4199 καθ’
2790 4147 2987 4208 ἑαυτὰς
3049 4148 3388 4214 ύφεστώσαις
3421 4181 3437 4205 ,
3496 4142 3711 4212 ἀριθμῷ

2136 4240 2471 4309 διαιρεταῖς,
2533 4240 2626 4291 καὶ
2683 4239 2744 4292 ού
2805 4240 3101 4308 διαιρεταῖς
3177 4236 3410 4305 θεότητι.
3491 4236 3711 4288 Τούτων

2138 4332 2459 4401 παραχώρει
2516 4348 2607 4400 μοι
2665 4331 2774 4383 τῶν
2826 4331 3019 4397 φωνῶν
3087 4330 3194 4391 πᾶς
3230 4329 3257 4380 ό
3315 4329 3556 4380 ἀπειλῶν
3613 4330 3711 4397 σή-

459 4417 673 4479 uitaris,
704 4418 907 4487 reliqua
937 4417 1028 4486 qui
1061 4417 1271 4479 volunt,
1304 4428 1513 4471 curent.
1543 4419 1663 4471 Non
1714 4417 1916 4488 patitur
1974 4418 2029 4471 in

2145 4439 2324 4492 μερον,
2352 4425 2459 4476 τῶν
2478 4424 2531 4477 δὲ
2558 4423 2733 4475 ἄλλων
2763 4421 3268 4491 μεταποιείςθωσαν
3285 4421 3332 4471 oi
3368 4419 3705 4489 βουλόμενοι.

456 4508 593 4563 Filio
634 4509 1077 4578 Paterjacturatn
1129 4508 1266 4572 fieri,
1322 4524 1423 4563 nec
1470 4510 1660 4574 Filius,
1718 4511 1771 4564 in
1828 4509 2033 4579 Spiritu

455 4610 666 4655 sancto.
701 4597 881 4654 Fieret
910 4608 1090 4655 autem
1117 4601 1355 4669 jactura,
1381 4602 1425 4655 si
1454 4615 1635 4657 essent
1660 4600 1827 4657 creati
1851 4618 1862 4651 :
1889 4600 2033 4672 quod

451 4695 594 4748 enim
633 4704 872 4748 creatum
895 4702 997 4754 est,
1033 4692 1175 4746 Deus
1227 4709 1335 4747 non
1397 4704 1504 4749 est.
1560 4692 1677 4747 Non
1743 4693 1881 4759 fero,
1944 4697 2032 4747 in-

450 4785 594 4852 quis,
616 4783 1009 4851 perfectionem
1041 4783 1289 4838 imminui
1326 4804 1338 4838 :
1367 4800 1541 4854 neque
1581 4800 1702 4854 ego.
1735 4786 1855 4841 Una
1876 4785 2031 4848 ﬁdes,

440 4866 598 4928 unus
629 4872 915 4936 Dominus,
948 4890 1117 4927 unum
1157 4876 1446 4943 baptisma.
1487 4877 1542 4929 Si
1598 4876 1667 4928 ab
1726 4876 1828 4928 hoc
1881 4876 2031 4929 exci-

451 4967 605 5029 dero,
639 4965 727 5018 ubi
756 4966 1045 5019 nanciscar
1106 4967 1381 5020 alterum?
1439 4965 1643 5035 Ecquid
1694 4966 1877 5019 dicitis
1915 4984 2030 5031 vos,

451 5056 540 5126 qui
572 5056 880 5126 baptizatis,
917 5066 1011 5110 aut
1048 5057 1438 5126 rebaptizatis?
1469 5057 1692 5112 Licetne
1753 5073 1874 5112 esse
1918 5060 2033 5129 Spi-

454 5148 657 5201 ritalem
689 5148 809 5203 sine
842 5146 1089 5218 Spiritu?
1144 5147 1253 5201 Aut
1308 5148 1577 5217 particeps
1634 5148 1867 5215 Spiritus
1924 5159 2030 5217 est,

451 5239 541 5305 qui
568 5235 829 5306 Spiritum
863 5254 972 5292 non
1010 5238 1181 5292 colit?
1215 5238 1322 5291 Aut
1357 5240 1621 5308 Spiritum
1656 5241 1781 5293 colit
1808 5241 1872 5303 is,
1931 5243 2022 5309 qui

452 5327 505 5379 in
540 5329 763 5385 nomine
799 5331 967 5385 creati
996 5332 1362 5400 conscrvique
1394 5332 1621 5401 spiritus
1684 5333 2022 5405 baptizatur?

447 5416 668 5475 Minime
696 5437 845 5476 vero.
878 5422 1168 5492 Nunquam
1196 5422 1346 5478 diues
1379 5431 1485 5475 tam
1520 5422 1709 5489 multa,
1742 5436 1849 5477 uta
1895 5440 2020 5479 vera

445 5513 715 5565 sententia
760 5514 1056 5571 discedam.
1094 5518 1212 5573 Non
1256 5515 1439 5570 fallam
1502 5525 1575 5580 te,
1616 5515 1777 5571 Pater
1826 5532 2020 5586 expers

515 5679 563 5709 “
592 5679 612 5732 1
645 5678 767 5735 Cor.
811 5696 927 5749 uti,
952 5687 1005 5738 ι).
1084 5687 1129 5718 ⁸⁷
1164 5685 1278 5741 Col.
1303 5702 1343 5751 ι,
1382 5687 1466 5742 10.

2132 4515 2249 4567 (lux
2273 4515 2527 4583 ἀνέχεται
2566 4514 2752 4585 Πατὴρ
2796 4515 2921 4568 Υίὸν
2970 4514 3360 4583 ζημιούμενος,
3399 4513 3520 4566 οὐδὲ
3578 4514 3707 4573 Υἱὸς

2132 4605 2194 4657 τὸ
2231 4606 2455 4674 Πνεῦμα
2491 4606 2548 4656 τὸ
2600 4606 2756 4672 ἅγιον
2782 4620 2796 4632 ο
2842 4604 3283 4672 ζημιοῦταιδὲεί
3325 4603 3476 4667 ποτὲ,
3512 4603 3605 4655 καὶ
3657 4604 3707 4654 εί

2137 4698 2366 4766 κτίσμα.
2401 4697 2475 4749 Ού
2502 4696 2609 4766 γὰρ
2648 4696 2781 4755 Θεὸς
2820 4696 2880 4747 τὸ
2912 4696 3251 4763 κτιζόμενον.
3312 4695 3385 4746 Ού
3423 4696 3573 4763 φέρω
3609 4697 3708 4764 ζη-

2138 4786 2429 4855 μιούμενος
2456 4788 2577 4839 οὐδὲ
2608 4787 2721 4853 ἐγὼ
2766 4786 2864 4855 τὴν
2890 4784 3187 4837 τελείωσιν.
3230 4779 3325 4844 Εἷς
3355 4783 3576 4854 Κύριος,
3614 4788 3711 4853 μία

2133 4880 2339 4941 πίστις,
2393 4878 2453 4929 ἒν
2525 4879 2831 4947 βάπτισμα.
2888 4877 2949 4928 Ei
3011 4873 3170 4926 τοῦτο
3225 4876 3540 4943 ἀκυρωοείη
3594 4892 3709 4944 μοι,

2134 4974 2283 5040 παρὰ
2314 4971 2457 5033 τίνσς
2471 4971 2527 5022 τὸ
2547 4971 2800 5040 δεύτερον
2826 4987 2839 5035 ;
2866 4968 2929 5021 Τί
2950 4984 3085 5035 φατε
3102 4968 3153 5019 οἱ
3184 4966 3708 5030 καταϐαπτίζοντες,

2131 5065 2162 5137 ἢ
2209 5063 2713 5127 ἀνασαπτίζοντεςς
2750 5062 2938 5115 Ἔστιν
2987 5054 3127 5113 εἶναι
3167 5058 3538 5128 πνευματικὸν
3574 5062 3708 5111 ἄνευ

2132 5156 2226 5210 τοῦ
2260 5155 2577 5225 Πνεύματος
2605 5173 2619 5221 ;
2655 5156 2892 5223 Μετέχει
2921 5153 2979 5205 δὲ
3010 5150 3323 5221 Πνεύματος
3359 5151 3388 5201 ό
3419 5149 3494 5219 μὴ
3527 5151 3708 5219 τιμῶν

2131 5247 2192 5299 τὸ
2224 5244 2485 5314 Πνεῦμα;
2516 5245 2665 5314 Τιμᾷ
2688 5244 2745 5296 δὲ
2767 5246 2795 5295 ὁ
2830 5246 2912 5306 εἰς
2967 5245 3198 5310 κτίσμα,
3262 5243 3355 5294 καὶ
3413 5241 3708 5309 ὁμόδουλον

2135 5337 2567 5407 βαπτιζόμενοςς
2604 5338 2717 5388 υύκ
2746 5338 2919 5388 ἔστιν.
2970 5337 3083 5403 Οὐχ
3133 5334 3275 5385 οὕτω
3325 5332 3492 5384 πολλά
3531 5334 3701 5401 ἐρεῖς.

2133 5427 2208 5479 Ού
2236 5426 2520 5495 ψεύσομαι
2554 5441 2637 5490 σε,
2672 5427 2855 5495 Πάτερ
2901 5427 3125 5495 ἅναρχε.
3168 5426 3247 5476 Ob
3285 5422 3558 5490 ψεύσομαι
3622 5439 3705 5487 σε,

2133 5518 2425 5591 μονογενὲς
2480 5519 2643 5588 Λόγε.
2686 5518 2760 5571 Ού
2794 5519 3069 5588 ψεύσομαι
3130 5534 3211 5582 σε,
3249 5517 3309 5569 τὸ
3348 5514 3575 5584 Πνεῦμα
3644 5516 3707 5569 τὸ
