3992 6210
261 375 322 441 81
1248 374 1632 438 PANOPLIA
1673 373 1853 434 DOGh

1957 371 2133 433 PICA.
2172 398 2238 408 —
2274 374 2422 433 TlT.
2444 373 2528 435 II.
3438 368 3506 434 8?.

262 495 435 560 ἅγιον.
475 483 609 543 Οἶδα
656 490 712 543 τί
743 488 1092 559 ὡμολόγησα,
1124 490 1217 544 καὶ
1257 491 1363 544 τίνι
1421 489 1809 561 απεταξαμην.
1842 523 1853 545 Α

1957 487 2196 557 rmmpii.
2230 486 2350 541 Non
2375 480 2555 542 fallam
2591 493 2665 550 te,
2704 486 2943 542 Verbum
3000 488 3361 559 unigenitum.
3388 488 3506 543 Non

264 588 337 641 Ού
377 584 598 654 δέχομαι
654 582 757 645 τὰς
790 583 982 637 πιστοῦ
1013 584 1195 652 φωνὰς
1222 584 1562 655 διδαχθῆναι.
1590 587 1685 638 καὶ
1724 604 1827 655 μα-

1929 578 2109 632 iallam
2133 590 2204 642 te,
2234 588 2422 634 sancte
2451 577 2874 646 Spiritus.Quid
2898 579 3178 633 confessus
3207 579 3509 645 sim,quem

272 678 382 730 0er
411 676 651 736 ἄπιστος
697 674 1033 744 ὁμολογῆσαι
1081 675 1367 745 ἀλήθειαν,
1420 678 1517 729 καὶ
1570 676 1827 743 γενέσθαι

1957 669 2285 731 leseruerim,
2308 686 2467 741 quem
2492 673 2714 727 secutus
2735 671 3106 735 sim,memini.
3124 670 3239 723 Non
3269 671 3519 725 commit-

281 770 415 838 μετὰ
442 766 525 819 τοῦ
552 764 803 834 ψεύδουςο
852 766 928 829 ὡς
961 766 1339 835 τελειούμενος
1393 765 1696 833 κατελθεῖν,
1736 767 1830 822 καὶ

279 857 506 909 ἀνελθεῖν
561 854 913 926 ἁτελέστερος
932 871 948 886 ο
974 854 1049 918 ὡς
1080 855 1383 924 ζησόμενος
1437 853 1826 923 βαπτισθῆναι,

276 950 365 1002 καὶ
391 946 799 1018 ἑννεκρωθῆναι
830 947 910 1017 τῷ
938 945 1113 1012 ὕδατι,
1140 946 1398 1016 καθάπερ
1416 944 1485 998 τὰ
1504 946 1625 1008 ταῖς
1646 944 1831 997 ὠδῖσιν

272 1038 758 1108 ἐναποθνήσκοντα
786 1038 1068 1108 κυήματα,
1105 1037 1199 1088 καὶ
1241 1035 1542 1106 σύνδρομον
1599 1034 1833 1088 λαϐόντα

271 1132 332 1199 τῇ
364 1129 623 1198 γεννήσει
664 1129 757 1181 τὸν
800 1127 1049 1182 θάνατον.
1090 1127 1155 1181 Τί
1207 1144 1275 1197 με
1330 1129 1508 1189 ποιεῖς
1562 1126 1834 1196 μακάριον

269 1221 323 1271 ὲν
341 1220 556 1289 ταυτῷ,
590 1219 685 1273 καὶ
699 1219 881 1273 ἄθλιον
909 1234 925 1286 ;
959 1218 1338 1288 νεοφὼτιστον,
1372 1218 1467 1271 καὶ
1488 1218 1832 1285 ἀφώτιστονς

267 1312 438 1373 θεῖον,
483 1314 580 1365 καὶ
601 1312 790 1379 ἄθεον,
822 1312 908 1365 ἵνα
940 1313 1235 1379 ναυαγήσω
1261 1312 1353 1365 καὶ
1384 1310 1483 1381 τὴν
1518 1310 1714 1363 δλπίδα
1733 1311 1833 1379 τῆς

273 1404 643 1466 ὰναπλάσεως
672 1420 685 1468 ;
716 1404 931 1473 Βραχὺς
968 1403 997 1454 ὁ
1020 1403 1176 1469 λόγος
1204 1418 1217 1432 ·
1258 1400 1530 1471 μνήσθητι
1587 1402 1685 1470 τῆς
1714 1400 1841 1471 ὀμο-

269 1492 478 1559 λογὶας.
514 1494 605 1554 Εἰς
643 1492 696 1545 τί
750 1492 1083 1561 ἐϐαπτίσθης
1120 1509 1136 1557 ;
1172 1492 1254 1553 είς
1290 1490 1549 1560 Πατέρα;
1622 1490 1838 1553 Καλῶς,

276 1584 425 1653 πλὴν
470 1583 739 1636 ἱουδαῖκὸν
775 1584 877 1638 ἔτι.
918 1581 1010 1649 Εἰς
1046 1582 1211 1649 Υῑόνς
1246 1580 1467 1644 Καλῶς,
1488 1580 1591 1633 ούκ
1620 1579 1700 1632 ἔτι
1744 1579 1841 1649 μὲν

276 1676 572 1739 ιουδαίκδν,
603 1675 753 1730 οὔπω
789 1675 843 1728 δὲ
864 1675 1084 1728 τέλειον.
1128 1674 1218 1734 Et;
1266 1676 1328 1725 τδ
1379 1672 1536 1740 ἅγιον
1567 1671 1793 1742 Πνεῦμα
1822 1690 1838 1739 ;

288 1767 621 1834 Ὑπέρευγε,
695 1764 851 1818 τοῦτο
900 1765 1119 1819 τέλειον.
1162 1752 1313 1833 ’τΔρ’
1350 1757 1446 1816 οὖν
1505 1761 1694 1824 ἁπλῶς
1762 1762 1844 1825 είς

1933 770 2065 824 tam,
2105 772 2164 817 ut
2187 763 2276 831 qui
2296 766 2532 835 magistri
2566 767 2736 821 ﬁdelis
2772 780 2931 819 voces
2963 765 3151 818 doctus
3182 778 3326 825 sum,
3353 762 3518 817 disci-

1933 856 2094 924 pulus
2119 854 2221 909 sim
2242 855 2471 910 inﬁdelis
2494 875 2507 922 ;
2533 858 2623 926 qui
2646 860 2930 913 veritatem
2953 857 3235 910 confessus
3252 871 3395 919 sum,
3411 871 3523 909 am-

1933 946 2143 1015 plectar
2167 945 2507 1000 mendacium
2532 966 2545 1013 ;
2567 950 2654 1016 qui
2687 958 2743 1003 ut
2763 950 3354 1019 perfectusevaderem,
3376 949 3523 1014 veni,

1935 1044 2178 1089 revertar
2201 1036 2357 1106 longe
2381 1052 2543 1105 quam
2571 1054 2826 1092 venerant
2880 1039 3253 1107 imperfectior
3278 1056 3292 1091 :
3318 1039 3411 1107 qui
3468 1047 3527 1092 ut

1935 1126 2103 1181 vitam
2136 1142 2477 1196 assequercr,
2510 1144 2629 1182 sum
2658 1130 2993 1198 baptizatus,
3031 1131 3082 1182 in
3119 1145 3257 1199 aqua
3295 1140 3525 1183 mortem

1938 1217 2231 1283 inveniam,
2271 1218 2442 1273 instar
2471 1236 2683 1284 eorum,
2709 1222 2801 1289 qui
2826 1223 2876 1275 in
2921 1222 3039 1289 ipso
3086 1233 3244 1290 partu
3278 1222 3527 1275 moriun-

1940 1319 2049 1372 tur,
2086 1321 2141 1365 et
2201 1312 2408 1365 obitum
2464 1330 2587 1367 cum
2648 1322 2770 1367 ortu
2828 1316 3188 1385 coniungunt.
3246 1314 3389 1379 Quid
3440 1329 3528 1367 me

1945 1402 2139 1455 eodem
2170 1412 2441 1472 -tempore
2474 1404 2694 1461 beatum
2741 1405 2877 1460 facis
2938 1414 2992 1460 et
3035 1405 3337 1460 miserum?
3389 1404 3529 1458 luci-

1940 1492 2068 1546 dum
2104 1502 2159 1547 et
2207 1492 2547 1548 obscurum?
2580 1496 2729 1564 pium
2776 1505 2831 1551 et
2871 1496 3137 1566 impium?
3165 1500 3245 1549 An
3279 1506 3337 1551 ut
3370 1512 3524 1565 spem

1942 1582 2373 1650 regenerationis
2401 1586 2690 1640 amittam?
2712 1585 2941 1653 Verum,
2971 1597 3027 1642 ut
3050 1587 3239 1656 paucis
3257 1603 3373 1642 rem
3391 1603 3529 1641 con-

1944 1673 2156 1728 cludam
2188 1690 2203 1727 :
2234 1682 2354 1729 esto
2411 1675 2771 1731 confessionis
2796 1691 3027 1731 memor.
3057 1676 3115 1731 In
3150 1693 3309 1746 quem
3352 1677 3531 1745 bapti-

1946 1771 2099 1817 zatus
2164 1764 2266 1817 es?
2308 1764 2365 1817 in
2427 1764 2695 1819 Patrem?
2753 1766 2925 1830 Bene,
2980 1766 3077 1820 sed
3133 1765 3423 1821 Judaicum
3481 1765 3534 1820 id

278 1857 479 1923 ταῦτα,
518 1857 554 1926 ἦ
582 1856 675 1909 καὶ
707 1857 882 1909 κοινὸν
912 1856 1116 1909 τούτων
1162 1854 1366 1923 ὅνομας
1402 1855 1511 1907 Καὶ
1550 1853 1750 1907 κοινόν.
1778 1852 1843 1906 Τί

1957 1862 2034 1908 est
2059 1853 2257 1908 adhuc.
2284 1853 2345 1927 lu
2376 1856 2572 1910 Filium
2605 1858 2628 1911 ?
2660 1857 2849 1921 Recte,
2885 1873 3065 1928 neque
3101 1858 3248 1912 enim
3280 1859 3382 1912 hoc
3421 1872 3538 1911 am-

282 1949 487 2011 τοῦτος
523 1949 733 2019 Δηλαδὴ
776 1950 835 2001 τὸ
862 1948 954 2003 τοῦ
989 1948 1148 2001 Θεοῦ.
1200 1946 1293 2010 Εἰς
1344 1946 1506 2000 τοῦτο
1554 1947 1616 1999 τὸ
1668 1946 1845 2000 κοινὸν

280 2038 459 2107 ὃνομα
495 2038 737 2098 πίστευε.
776 2038 868 2091 καὶ
907 2038 1224 2103 κατευοδοΰ,
1268 2038 1364 2091 καὶ
1402 2036 1677 2106 βασίλευε.
1734 2036 1847 2090 Καὶ

287 2127 528 2197 μετέϐης
571 2127 816 2179 ἐντεῦθεν
868 2128 946 2189 είς
986 2126 1083 2195 τὴν
1116 2127 1328 2180 ἐκεῖθεν
1367 2127 1777 2196 μακαριότητα·
1808 2128 1843 2197 ἡ

286 2216 343 2268 δέ
374 2219 544 2280 ἐστιν,
571 2218 642 2281 ὡς
676 2221 796 2289 ἐμοὶ
809 2220 973 2284 δοκεῖ,
994 2221 1026 2289 ἡ
1050 2217 1257 2272 τούτων
1274 2218 1455 2273 αὐτῶν
1481 2218 1848 2288 ὲκευπωτέρα

289 2308 617 2377 κατάληψις.

1946 1944 2090 2015 plius
2142 1943 2450 2011 Judaicum,
2484 1956 2724 2002 attamen
2789 1949 3032 2003 nondum
3092 1948 3421 2018 perlectum.
3468 1945 3539 2001 Et

1948 2035 2004 2089 in
2072 2034 2335 2105 Spiritum
2388 2040 2686 2092 sanctum?
2736 2040 2978 2109 Optime,
3044 2039 3352 2109 perfectum
3391 2038 3540 2094 istud

1944 2125 2056 2196 jam
2097 2136 2201 2183 est.
2250 2126 2523 2183 Caeterum
2581 2145 2701 2202 age,
2758 2147 2891 2185 num
2934 2132 2988 2185 in
3051 2146 3146 2185 eos
3192 2130 3536 2200 simpliciter,

1951 2231 2021 2270 an
2068 2217 2288 2286 aliquod
2328 2230 2413 2273 est
2463 2221 2631 2274 etiam
2686 2220 2883 2275 horum
2940 2235 3234 2274 commune
3292 2216 3536 2291 nomen?

1951 2306 2154 2374 Quidni
2185 2310 2209 2363 Ἰ
2240 2310 2462 2379 Ecquod
2496 2312 2627 2368 illud
2688 2313 2813 2367 est?
2845 2313 3009 2365 Deus.
3057 2311 3115 2365 in
3167 2311 3271 2364 huc
3328 2323 3533 2362 nomen

292 2414 582 2455 commune
607 2402 785 2466 crede,
818 2402 1025 2467 incede,
1043 2410 1099 2457 et
1129 2416 1315 2473 regna,
1352 2412 1407 2457 et
1434 2402 1699 2458 ascendes
1756 2400 1889 2456 hinc
1949 2400 2018 2456 ad
2054 2402 2335 2461 caelestem
2362 2404 2511 2460 illam
2562 2404 2905 2472 felicitatem,
2951 2418 3093 2475 quae,
3124 2415 3185 2459 ut
3225 2404 3355 2457 mihi
3416 2403 3541 2472 qui-

289 2498 413 2550 dem
439 2496 666 2556 videtur,
704 2496 835 2551 nihil
882 2496 1024 2551 aliud
1056 2505 1159 2562 est,
1196 2497 1301 2551 nisi
1323 2512 1579 2566 expressa
1620 2496 1816 2550 horum
1857 2496 2301 2566 comprehensio.

294 2609 413 2665 Τοῦ
463 2610 645 2664 αὐτοῦ
665 2610 731 2664 ἐκ
762 2611 865 2665 τοῦ
886 2610 1069 2678 λόγου
1086 2610 1195 2665 τοῦ
1217 2611 1307 2676 είς
1326 2609 1441 2677 τὴν
1466 2607 1587 2664 τῶν
1608 2606 1701 2678 pr’
1726 2607 1852 2663 ἑπι-

737 2683 983 2736 ονκόπων
1012 2682 1372 2747 παρουσίαν.

366 2774 450 2825 Τὰ
480 2772 538 2825 δὲ
581 2772 698 2824 καθ’
722 2772 971 2834 ἕκαστον,
998 2768 1065 2825 ἵν’
1087 2770 1299 2824 ἐπέλθω
1332 2768 1635 2839 συντόμως.
1678 2768 1853 2840 ἄναρ-

293 2887 415 2941 χον,
468 2866 565 2920 καὶ
590 2866 751 2936 ἀρχὴ,
785 2866 879 2919 καὶ
920 2866 981 2919 τὺ
1039 2866 1175 2936 μετὰ
1202 2864 1302 2933 τῆς
1337 2862 1537 2933 ἀρχῆς,
1572 2857 1653 2926 εἷς
1698 2862 1853 2924 Θεός.

294 2960 439 3015 Οὔτε
468 2959 564 3011 τοῦ
596 2959 832 3029 ἀνάρχου
854 2957 914 3010 τὸ
947 2958 1182 3028 ἄναρχον
1228 2954 1422 3024 φύσις,
1457 2954 1492 3025 ἢ
1536 2954 1598 3007 τὸ
1626 2954 1856 3023 ἀγέννη-

296 3070 415 3107 τον.
450 3051 585 3106 Οὐδὲ
614 3052 706 3120 μία
738 3052 847 3121 γὰρ
898 3050 1078 3120 φύσις,
1109 3050 1191 3104 ὅτι
1226 3048 1304 3120 μὴ
1344 3047 1463 3101 τόδε
1496 3047 1669 3113 ἐστὶν,
1732 3046 1854 3100 ἀλλ’

1960 2606 2045 2663 Ex
2066 2611 2326 2677 oratione,
2359 2627 2523 2682 quam
2552 2610 2736 2695 habuit
2764 2611 2821 2693 iu
2849 2619 3128 2678 conspectu
3145 2615 3355 2660 centum
3382 2606 3540 2662 aui»-

2418 2691 2672 2751 quaginta
2720 2691 3100 2750 episcoporum.

2028 2774 2232 2829 Verum
2263 2781 2325 2826 ut
2346 2772 2464 2826 haec
2490 2771 2706 2841 singula
2739 2769 2981 2824 breviter
3026 2780 3444 2838 percurramus,
3476 2764 3540 2824 is.

1959 2868 2053 2939 qui
2082 2869 2203 2922 sine
2240 2864 2515 2936 principio
2549 2872 2656 2928 est,
2684 2870 2739 2917 et
2764 2863 2811 2916 is
2830 2860 2921 2931 qui
2946 2859 3281 2931 principium
3331 2865 3439 2920 est,
3490 2864 3545 2909 et

1959 2959 2027 3020 is,
2065 2957 2311 3029 quicum
2334 2954 2605 3025 principio
2630 2962 2736 3015 est,
2769 2959 2900 3005 sunt
2953 2966 3096 3004 unus
3120 2950 3282 3002 Deus.
3333 2947 3442 3000 Nec
3477 2945 3545 2998 il-

1962 3051 2089 3113 lius,
2118 3048 2213 3118 qui
2239 3054 2327 3102 est
2350 3047 2473 3101 sine
2510 3044 2818 3115 principio,
2852 3051 3048 3096 natura
3082 3042 3137 3095 in
3177 3055 3244 3096 eo
3284 3039 3388 3094 sita
3437 3047 3543 3102 cst,

296 3148 381 3200 ὅτι
420 3146 563 3198 τόδε.
604 3146 667 3196 Ἢ
703 3143 796 3197 τοῦ
824 3145 975 3206 ὄντος
1012 3142 1182 3207 Θέσις,
1216 3143 1317 3213 οὐχ
1365 3144 1400 3212 ἠ
1455 3138 1551 3194 τοῦ
1590 3139 1666 3210 μὴ
1702 3139 1853 3202 δντος

1960 3142 2107 3213 quod
2138 3141 2257 3195 sine
2286 3138 2575 3208 principio,
2602 3145 2695 3190 aut
2724 3135 3004 3204 ingenitus
3036 3134 3128 3187 sit.
3173 3132 3327 3185 Nulla
3377 3145 3537 3184 nam-

298 3240 605 3307 ἀνιίρεσις.
638 3236 771 3290 Οὔτε
798 3237 831 3306 ὴ
865 3236 1007 3307 ἁρχὴ
1034 3235 1113 3304 τῷ
1144 3236 1287 3305 ἀρχὴ
1313 3230 1456 3289 εἶναι
1484 3234 1581 3287 τοῦ
1610 3233 1855 3305 ἀνάρχου

295 3330 622 3401 διείργεται.
655 3329 726 3381 Ού
756 3328 862 3397 γὰρ
896 3327 1055 3396 φύσις
1084 3326 1234 3396 αὐτῷ
1272 3328 1306 3397 ἡ
1334 3324 1500 3396 ἁρχὴ,
1534 3324 1859 3394 ὥσπερούδ’

298 3421 501 3487 ἐκείνῳ
536 3419 596 3470 τὸ
632 3420 883 3488 ἄναρχον.
921 3418 1053 3487 Περὶ
1073 3416 1182 3486 γὰρ
1211 3416 1313 3487 τὴν
1358 3416 1543 3485 φύσιν,
1573 3417 1639 3470 οὐ
1680 3416 1861 3470 ταῦτα

298 3512 487 3578 φύσις.
534 3512 641 3563 Καὶ
688 3510 748 3562 τὸ
802 3508 938 3579 μετά
971 3507 1063 3563 τοῦ
1098 3508 1360 3579 ἀνάρχου,
1410 3511 1505 3563 καὶ
1538 3509 1636 3578 τῆς
1684 3508 1861 3578 ἀρχῆς

299 3604 405 3656 οιέικ
461 3601 591 3656 ἄλλο
632 3619 703 3666 τι,
754 3602 787 3674 ἢ
835 3604 967 3671 ὅπερ
1019 3601 1220 3655 ἐκεῖνα.
1261 3598 1470 3671 Ὀνομα
1517 3601 1573 3654 δὲ
1632 3601 1712 3672 τῷ
1761 3600 1862 3670 μὲν

301 3692 533 3762 ἀνάρχῳ
562 3693 762 3763 Πατὴρ,
794 3696 858 3764 τῇ
901 3692 958 3747 δὲ
1014 3694 1158 3763 am
1189 3692 1341 3757 Υἱὸς,
1372 3693 1453 3763 τῷ
1495 3692 1552 3747 δὲ
1587 3693 1726 3762 μετὰ
1757 3691 1861 3762 τῆς

303 3788 486 3858 ἀρχῆς
540 3784 755 3856 Πνεῦμα
816 3785 989 3853 ἅγιον.
1057 3785 1222 3846 Φύσις
1268 3784 1325 3838 δὲ
1376 3788 1488 3849 τοῖς
1528 3790 1676 3855 τρισὶ
1738 3787 1859 3853 μία,

309 3882 469 3945 Θεὸς,
495 3880 686 3942 ἒνωσις
723 3880 779 3932 δὲ
807 3881 836 3932 ὁ
878 3877 1086 3949 Πατὴρ,
1118 3879 1177 3944 ἔξ
1207 3873 1287 3944 οὗ,
1328 3882 1424 3933 καὶ
1458 3881 1597 3950 πρὸς
1630 3880 1690 3933 ὃν
1733 3879 1862 3932 ἀνά-

310 3988 470 4039 γεται
498 3971 563 4023 τὰ
593 3970 734 4042 ἑξῆς,
767 3973 864 4041 οὐχ
900 3970 972 4033 ὡς
1002 3970 1447 4040 συναλείφεσθαι,
1477 3969 1594 4024 ἀλλ’
1617 3970 1694 4033 ὡς
1733 3970 1856 4039 ἐχε-

312 4070 467 4133 σθαι,
510 4067 644 4136 μήτε
700 4068 887 4137 χρόνου
933 4066 1283 4136 διείργοντος,
1326 4067 1466 4135 μήτε
1525 4066 1862 4135 θελήματος,

315 4162 457 4229 μήτε
492 4159 787 4229 δυνάμεως.
814 4158 998 4214 Ταῦτα
1029 4160 1138 4230 γὰρ
1164 4160 1310 4229 ἡμᾶς
1346 4158 1522 4213 πολλὰ
1577 4155 1725 4212 εἶναι
1768 4173 1866 4209 πε-

313 4254 565 4321 ποίηκεν,
593 4252 750 4306 αὐτοῦ
776 4270 831 4305 τε
865 4253 1095 4306 ἑκάστου
1120 4252 1253 4318 πρὸς
1279 4250 1464 4313 ἑαυτὸ,
1492 4254 1587 4303 καὶ
1640 4249 1778 4322 πρὸς
1806 4249 1867 4302 τὸ

313 4344 506 4414 ἕτερον
542 4340 1039 4409 πασιάςοντος.οίς
1065 4343 1123 4396 δὲ
1152 4344 1295 4411 ἁπλῆ
1321 4342 1505 4412 φύσις,
1525 4339 1618 4396 καὶ
1648 4339 1709 4393 τὸ
1725 4335 1868 4392 εἶναι

318 4438 546 4499 ταυτὸν,
574 4435 778 4499 τούτοις
810 4438 904 4490 καὶ
936 4437 999 4491 τὸ
1032 4435 1091 4489 ἐν
1120 4436 1335 4507 κίφιον.

1962 3247 2069 3301 que
2109 3240 2303 3285 natura
2330 3227 2687 3283 constituitur
2723 3240 2788 3279 ex
2819 3240 2907 3284 eo,
2938 3223 3081 3291 quod
3136 3223 3240 3275 hoc
3270 3230 3365 3275 aut
3415 3220 3547 3274 illud

1961 3339 2075 3378 non
2104 3324 2195 3386 sit,
2217 3321 2313 3375 sed
2346 3319 2490 3388 quod
2522 3318 2627 3371 hoc
2674 3322 2763 3371 sit.
2828 3316 2920 3369 Est
2956 3315 3102 3367 enim
3156 3312 3355 3382 positio
3377 3312 3549 3375 illius,

1960 3414 2106 3484 quod
2124 3422 2228 3478 est,
2256 3428 2367 3466 non
2393 3421 2577 3465 autem
2616 3408 2819 3463 ablatio
2874 3406 3038 3467 illius,
3069 3406 3225 3473 ;quod
3282 3420 3391 3456 non
3442 3412 3546 3456 est.

1964 3505 2150 3574 Neque
2184 3501 2517 3573 principium
2552 3514 2619 3554 ex
2642 3514 2731 3561 eo,
2760 3497 2906 3567 quod
2936 3495 3271 3566 principium
3310 3504 3414 3557 est,
3479 3492 3549 3546 ab

1966 3611 2056 3660 eo,
2096 3593 2188 3664 qui
2212 3594 2331 3648 sine
2361 3592 2635 3663 principio
2664 3599 2770 3655 est,
2818 3589 3105 3646 dividitur.
3160 3587 3348 3655 Neque
3402 3586 3548 3639 enim

1966 3696 2158 3741 natura
2191 3683 2517 3754 principium
2558 3692 2661 3747 est,
2684 3680 3141 3750 quemadmodum
3175 3694 3275 3731 nec
3305 3677 3427 3744 ejus
3459 3690 3554 3728 na-

1965 3788 2108 3838 tura,
2131 3776 2224 3843 qui
2255 3774 2589 3842 principium
2627 3788 2735 3824 non
2797 3771 2985 3831 habet.
3024 3779 3111 3823 est
3168 3767 3305 3820 illud
3366 3766 3551 3834 ipsum

1964 3865 2107 3934 quod
2144 3872 2299 3917 vacat
2324 3862 2613 3931 principio.
2654 3859 2776 3912 llrec
2807 3860 2977 3920 enim,
2999 3872 3219 3924 nempe,
3243 3857 3363 3907 sine
3394 3854 3551 3922 prin-

1965 3958 2111 4025 cipio
2139 3970 2262 4009 esse
2290 3995 2304 4015 ,
2333 3963 2388 4006 ct
2423 3969 2545 4007 esse
2602 3952 2961 4019 principium,
3019 3950 3084 4002 ad
3127 3956 3375 4001 naturam
3434 3960 3554 4014 spe-

1966 4054 2135 4110 ctant,
2160 4061 2270 4098 non
2298 4051 2479 4096 autem
2510 4050 2715 4095 naturae
2745 4048 2892 4093 sunt.
2925 4039 3056 4092 Illud
3083 4039 3266 4099 etiam,
3300 4032 3554 4087 nimirum

1966 4152 2087 4191 esse
2113 4150 2235 4189 cum
2260 4132 2373 4197 illo,
2407 4130 2500 4198 qui
2533 4127 2797 4199 principio
2831 4135 3007 4191 vacat,
3062 4134 3118 4179 et
3172 4138 3298 4177 cum
3338 4135 3409 4173 ευ
3458 4119 3555 4188 qui

1968 4225 2303 4298 principium
2334 4222 2522 4276 itidem
2551 4220 2739 4273 habet.
2764 4217 2976 4272 Nomen
3046 4228 3173 4268 vero
3222 4210 3395 4275 illius,
3453 4209 3550 4277 qui

1968 4333 2081 4372 non
2111 4317 2275 4371 habet
2309 4312 2666 4384 principium,
2704 4319 2788 4364 est
2822 4308 3000 4363 Pater.
3037 4306 3169 4375 Ejus
3212 4312 3395 4357 autem
3455 4300 3550 4374 qui

1972 4419 2056 4465 est
2079 4406 2431 4479 principium,
2456 4404 2647 4460 Filius.
2678 4405 2748 4455 At
2784 4402 2952 4465 illius,
2985 4400 3233 4468 quicum
3283 4393 3557 4469 principio

316 4536 432 4588 est».
455 4526 679 4595 Spiritus
710 4540 942 4584 sanctus.
992 4529 1198 4584 ﬂorum
1265 4528 1429 4584 trium
1485 4544 1594 4583 una
1641 4538 1860 4581 natura.
1920 4524 2119 4581 Unitas
2145 4522 2327 4586 Pater,
2377 4536 2445 4576 ex
2473 4535 2582 4588 quo
2613 4527 2765 4581 sunt,
2820 4514 2963 4572 etad
3018 4528 3181 4584 quem
3239 4510 3558 4565 referuntur

322 4618 543 4687 reliqui,
567 4636 666 4674 non
697 4632 753 4677 ut
788 4622 841 4675 in
875 4637 980 4677 una
1026 4621 1427 4677 confundantur
1476 4634 1734 4693 persona,
1794 4617 1892 4674 sed
1944 4627 2005 4672 ut
2032 4614 2112 4670 sic
2147 4616 2289 4670 inter
2320 4629 2379 4668 se
2404 4612 2648 4666 vicissim
2706 4610 2967 4669 habeant,
2997 4620 3123 4661 cum
3160 4605 3213 4660 id
3268 4618 3369 4658 nec
3417 4609 3558 4654 tem“

326 4725 457 4779 pus,
489 4726 584 4765 nec
609 4713 867 4777 voluntas,
892 4728 993 4769 nec
1038 4722 1278 4784 potestas
1322 4714 1604 4783 impediat,
1670 4727 1792 4780 qua:
1844 4708 2025 4763 solent
2085 4723 2206 4762 esse
2262 4719 2465 4770 causae,
2524 4718 2625 4758 cur
2678 4715 2779 4755 nos
2832 4700 2888 4753 in
2938 4698 3105 4752 multa
3161 4695 3557 4756 distrahamur,

328 4819 437 4858 nec
462 4806 626 4859 solum
652 4808 717 4862 ab
778 4806 917 4873 aliis,
946 4822 1134 4862 verum
1170 4808 1335 4863 etiam
1396 4823 1427 4863 a
1488 4806 1652 4864 nobis
1681 4805 1791 4876 ipsi
1832 4803 2120 4859 distemus.
2161 4800 2233 4857 At
2267 4816 2503 4871 quorum
2547 4806 2742 4853 natura
2790 4794 3026 4865 simplex
3072 4799 3175 4857 est,
3224 4789 3259 4843 ii
3312 4798 3369 4842 et
3414 4785 3559 4838 idem

326 4904 475 4960 esse,
527 4904 578 4950 et
602 4913 757 4952 unum
779 4912 899 4952 esse
928 4898 1146 4967 proprie
1170 4896 1451 4953 dicuntur.
1502 4918 1511 4951 τ

406 4985 520 5042 τὰς
552 4985 642 5053 μὲν
668 4985 757 5038 οὖν
781 4986 1115 5055 φιλονεικους
1142 4987 1237 5039 ἐπὶ
1290 4988 1498 5058 θάτερα
1530 4984 1849 5056 μετακλίσει

1957 5001 1961 5030 ι
2053 4983 2444 5041 Contentiosas
2478 4994 2607 5035 vero
2634 4979 2687 5033 in
2717 4980 3036 5035 alterutram
3062 4973 3327 5031 sermonis
3347 4977 3557 5040 partem

344 5076 443 5131 τοῦ
511 5076 682 5144 λόγου,
742 5079 837 5131 καὶ
881 5077 1273 5149 ἁντισηκώσεις
1335 5079 1545 5148 χαίρειν
1601 5077 1852 5145 ἐάσωμεν

1974 5077 2370 5132 declinationes
2422 5071 3009 5139 compensationesque
3036 5065 3218 5120 valere
3240 5060 3551 5128 iubeamus.

341 5166 467 5219 οὒτε
492 5167 563 5236 τῷ
581 5169 654 5220 ἑνὶ
677 5148 1080 5235 σαϐαλλίζοντες
1103 5169 1246 5223 κατὰ
1274 5170 1381 5224 τῶν
1401 5169 1593 5239 τριῶν,
1626 5169 1719 5222 καὶ
1747 5185 1853 5221 συν

1975 5165 2054 5219 Νε
2078 5164 2163 5218 vel
2192 5162 2246 5215 in
2282 5175 2393 5215 uno
2426 5166 2614 5213 contra
2640 5165 2752 5213 tres
2780 5156 3079 5212 Sabellium
3112 5150 3279 5206 secuti
3305 5148 3553 5218 improba

344 5262 552 5330 αιρέσει
590 5264 722 5332 κακῇ
752 5263 848 5333 τὴν
898 5263 1162 5332 διαίρεσιν
1188 5261 1429 5325 λύοντες,
1455 5261 1581 5314 οὕτε
1610 5264 1724 5324 τοῖς
1754 5278 1853 5332 τρι

1977 5254 2351 5310 contractione
2387 5249 2803 5305 distinctionem
2824 5257 3134 5303 evertamus
3167 5260 3179 5294 :
3238 5240 3320 5294 vel
3348 5240 3401 5292 in
3464 5239 3560 5293 tri-

346 5354 433 5405 αὶν
462 5329 843 5421 ἀρειανίζοντες
859 5358 1000 5410 κατὰ
1016 5329 1125 5410 -τοῦ
1156 5357 1296 5422 ἑνὸς,
1347 5355 1441 5410 καὶ
1471 5356 1682 5425 πονηρᾷ
1740 5329 1852 5407 anu

1978 5346 2081 5399 bus
2104 5352 2293 5397 contra
2344 5355 2515 5394 unum
2583 5338 2714 5392 Ario
2755 5337 3004 5392 faventes
3071 5329 3340 5387 divisione
3392 5342 3557 5397 prava

1983 5435 2245 5489 unitatem
2284 5431 2670 5487 dissolvamus.
2697 5429 2817 5482 Non
2848 5427 2992 5482 enim
3026 5422 3227 5477 malum
3249 5419 3393 5473 malo
3419 5433 3562 5473 com-

1984 5536 2198 5581 mutare
2220 5526 2538 5594 qumrimus,
2564 5522 2656 5576 sed
2691 5537 2721 5574 a
2758 5521 2904 5574 bono
2936 5533 3047 5572 non
3078 5516 3360 5570 aberrare.
3423 5509 3562 5565 lllud

1983 5618 2128 5674 enim
2155 5616 2423 5670 ludicrum
2467 5612 2698 5681 improbi
2756 5610 3067 5680 cuiuspiam
3118 5608 3209 5673 sit,
3268 5606 3410 5661 male
3470 5618 3559 5655 res

1986 5722 2198 5767 nostras
2226 5706 2605 5777 expendentis.
2645 5703 2831 5774 Itaque
2872 5720 2992 5769 nos,
3044 5718 3144 5772 per
3200 5698 3433 5754 mediam
3495 5708 3562 5749 ac

1985 5806 2189 5877 regiam
2254 5802 2569 5858 incedentes
2625 5799 2791 5867 viam,
2828 5799 2882 5853 in
2943 5813 3047 5870 qua
3079 5795 3339 5852 virtutum
3395 5790 3560 5844 etiam

352 5444 576 5513 ρέσειτὺ
635 5447 688 5501 ἓν
732 5449 1140 5521 ἀνατρέποντες.
1185 5450 1261 5504 Οὐ
1317 5450 1424 5517 γὰρ
1478 5447 1649 5501 κακοῦ
1713 5446 1883 5499 κακὸν

350 5533 676 5600 ἀλλάξασθαι
703 5538 760 5591 τὸ
780 5518 1131 5610 ζητούμενον,
1160 5538 1297 5596 ἀλλὰ
1324 5539 1415 5592 τοῦ
1447 5537 1614 5591 καλοῦ
1686 5536 1751 5590 τὺ
1810 5535 1885 5606 μὴ

350 5627 671 5698 διαμαρτεῖν.
719 5630 799 5693 Ὠς
852 5632 1027 5688 ταῦτά
1072 5650 1136 5703 γε
1186 5631 1281 5685 τοῦ
1337 5630 1577 5700 πονηροῦ
1637 5628 1884 5699 παίγνια,

352 5718 535 5782 κακῶς
572 5723 635 5773 τὰ
677 5724 913 5795 ἡμέτερα
970 5723 1409 5786 ταλαντεύοντος.
1476 5722 1641 5775 Αὐτοὶ
1687 5720 1744 5773 δὲ
1790 5721 1886 5790 τὴν

352 5812 526 5884 μέσην
556 5812 864 5889 βαδίζοντες,
902 5821 993 5874 καὶ
1033 5817 1341 5890 βασιλικὴν.
1395 5818 1452 5870 ὲν
1484 5809 1517 5889 ᾖ
1548 5815 1642 5868 ναὶ
1688 5813 1749 5865 τὸ
1779 5813 1885 5869 τῶν
