4026 6212
443 298 512 360 3-,
1710 305 1806 361 ac
1831 304 2088 362 t‘ﬂYMtl
2133 306 2497 371 ZlGABENI
3641 317 3712 380 88

443 411 674 484 singulis
707 431 720 466 :
752 413 1008 470 Socrates
1035 415 1183 473 enim
1214 417 1380 472 homo
1405 416 1512 472 dici
1539 424 1738 487 potest,
1770 395 2025 472 humani-

2135 421 2221 476 λον
2251 424 2509 496 ἐνεργοῦν
2562 426 2793 485 ἕκαστον
2853 431 3052 487 αὐτῶν.
3101 431 3346 502 Θεότητα
3383 430 3438 485 δὲ
3491 430 3712 502 Παὲρὸς

442 513 526 558 tas
557 513 736 560 autem
769 517 1113 578 nequaquam
1155 517 1365 578 potest;
1431 509 1510 564 sic
1563 509 1728 563 etiam
1774 510 1918 565 Deus
1967 520 2024 565 et

441 595 702 651 divinitas
735 596 959 652 habent.
1019 599 1163 654 Deus
1223 601 1367 654 enim
1427 609 1674 671 agentem
1731 601 2019 672 signiﬁcat,

441 689 702 745 divinitas
737 703 921 747 autem
955 692 1250 747 actionem.
1279 691 1466 747 Trium
1506 709 1632 746 vero
1663 708 2021 763 personarum

441 782 589 837 nulla
616 792 719 850 est,
749 799 870 850 qua:
899 784 972 839 sit
1002 783 1166 849 actio,
1196 785 1292 840 sed
1313 800 1480 856 agens
1513 786 1693 855 potius
1742 795 1827 841 est
1891 801 2026 840 una-

2129 513 2385 586 λέγομεν,
2459 521 2557 572 καὶ
2623 520 2853 593 θεότητα
2905 523 3060 589 Υίοῦ,
3117 525 3212 578 καὶ
3261 524 3494 594 θεότητα
3547 523 3709 592 ἁγίου

2132 607 2445 680 Πνεύματος
2477 651 2493 676 ,
2567 614 2643 675 ὡς
2694 616 2788 668 καὶ
2854 615 3255 688 ἁνθρωπὸτητα
3336 617 3663 686 Σωκράτους
3690 654 3708 679 ,

2131 702 2228 754 καὶ
2284 703 2475 756 οὐσίαν
2501 747 2515 770 ,
2553 705 2648 757 καὶ
2709 703 2896 777 φύσιν,
2947 709 3044 759 καὶ
3072 708 3126 760 εί
3147 725 3199 760 τι
3227 708 3407 762 κοινὸν
3431 707 3544 760 τῶν
3575 708 3711 760 ὐπο-

2132 791 2397 846 στάσεων.

440 891 669 948 quaeque
726 878 960 934 illarum.
999 878 1239 935 Dicimus
1289 890 1471 936 tamen
1526 881 1866 936 divinitatem
1928 881 2126 952 Patris,
2197 893 2252 942 et
2309 888 2648 944 divinitatem
2707 889 2848 955 Filii,
2876 898 2930 945 et
2963 888 3306 946 divinitatem
3360 889 3535 945 sancti
3589 887 3716 960 Spi-

443 967 597 1035 ritus,
623 969 764 1023 sicut
796 971 1187 1028 humanitatem
1223 972 1488 1037 Socratis,
1514 982 1570 1028 et
1597 975 1915 1038 essentiam,
1962 985 2017 1030 et
2053 986 2326 1045 naturam,
2357 991 2412 1036 et
2435 982 2478 1037 si
2513 981 2644 1052 quid
2701 982 2847 1037 aliud
2899 993 2982 1039 est
3031 984 3282 1053 personis
3327 996 3639 1038 commune.

443 1123 695 1193 Ejusdem
722 1140 788 1180 ea:
835 1131 1208 1201 oratione_ad
1250 1131 1538 1201 Evagrmm
1598 1147 1912 1185 monacnum
1961 1147 2025 1185 ae

1080 1199 1392 1258 Divinitate.

511 1304 982 1371 Quemadmodum
1017 1311 1161 1364 inter
1190 1313 1573 1383 cogitationem
1601 1322 1653 1369 et
1691 1322 1953 1376 mentem,
1976 1319 2032 1366 ct

450 1397 696 1452 animum
732 1401 880 1454 nulla
917 1402 1139 1466 divisio,
1204 1405 1486 1458 autsectio
1541 1413 1721 1474 potest
1772 1404 2026 1469 inveniri,

442 1491 518 1543 sic
565 1491 714 1546 nulla
769 1491 912 1546 inter
969 1501 1217 1549 sanctum
1273 1494 1559 1564 Spiritum,
1613 1505 1667 1551 et
1715 1496 1908 1552 Filium
1973 1505 2029 1552 et

442 1580 656 1635 Patrem
691 1583 861 1638 sectio
911 1596 999 1640 aut
1031 1586 1226 1641 divisio
1253 1588 1475 1658 cogitari
1509 1597 1708 1657 potest.
1768 1588 2028 1660 intelligi-

443 1671 633 1726 bilium
672 1675 816 1728 enim
842 1676 1260 1747 divinarumque
1282 1693 1461 1732 rerum
1488 1690 1682 1733 natura
1704 1688 1785 1734 est
1825 1677 2026 1733 indivi-

443 1764 639 1818 sibilis.

986 1882 1067 1936 Ex
1096 1885 1281 1939 eadem
1303 1888 1563 1941 oratione.

514 1991 670 2045 Sicut
734 1995 788 2047 in
853 1995 982 2050 solis
1025 1996 1317 2066 Splendore
1369 1999 1506 2054 radii
1538 1997 1770 2054 naturali
1797 1997 2032 2068 quodam

445 2081 630 2139 habitu
664 2085 738 2139 ita
761 2085 1037 2154 conjuncti
1068 2099 1197 2142 sunt
1229 2089 1468 2145 utdividi
1496 2091 1636 2145 inter
1659 2105 1718 2145 se
1738 2096 2032 2160 nequeant,

444 2190 548 2231 nec
599 2176 668 2231 ab
728 2179 842 2248 ipsa
905 2179 1024 2234 luce
1098 2182 1484 2249 separari,sed
1533 2182 1755 2236 luminis
1807 2182 2032 2253 gratiam

447 2268 512 2321 ad
551 2281 653 2323 nos
679 2285 852 2338 usque
873 2269 1131 2325 deferunt
1168 2273 1290 2326 :sic
1309 2273 1502 2337 Filius,
1536 2283 1592 2328 et
1615 2272 1851 2342 Spiritus
1904 2287 2035 2326 san-

443 2368 591 2424 ctus,
662 2365 920 2428 tanquam
983 2361 1182 2431 gemini
1237 2361 1416 2418 Patris
1465 2363 1625 2428 radii,
1669 2373 1876 2418 etcum
1916 2363 2035 2432 ipsa

442 2451 721 2520 conjuncti
761 2461 890 2506 sunt
923 2451 1104 2519 Patre,
1127 2461 1183 2508 et
1203 2455 1270 2508 ad
1305 2469 1406 2509 nos
1434 2471 1608 2524 usque
1650 2455 1904 2510 veritatis
1939 2455 2034 2509 de-

442 2543 670 2598 mittunt
701 2542 909 2600 lumen.
936 2544 1002 2598 Et
1037 2544 1499 2614 quemadmodum
1565 2545 1635 2601 ab
1683 2559 1792 2599 uno
1851 2543 2034 2610 aliquo

446 2647 712 2701 aquarum
735 2633 884 2689 fonte
911 2634 1037 2688 bina
1085 2633 1310 2688 flumina
1344 2635 1665 2700 decurrunt,
1691 2643 1744 2688 et
1780 2648 1904 2688 cum
1924 2634 2032 2686 situ

443 2722 663 2791 quidem
694 2721 896 2778 ﬂuenta
921 2723 1166 2778 dividant
1223 2738 1340 2788 sua,
1367 2739 1530 2778 unam
1557 2733 1760 2787 tamen,
1794 2734 1849 2778 et
1883 2739 2034 2779 eam-

446 2813 570 2866 dem
605 2812 854 2868 humoris
876 2814 1128 2868 obtinent
1153 2815 1491 2884 qualitatem,
1519 2824 1576 2870 et
1605 2830 1782 2886 neque
1819 2815 2033 2884 disiun-

445 2913 647 2973 guntur
695 2904 916 2970 afoute,
988 2915 1043 2960 et
1075 2907 1216 2961 inter
1264 2919 1324 2960 se
1375 2923 1472 2976 per
1520 2909 1697 2977 ipsum
1751 2907 2031 2976 conjuncti

448 3006 600 3061 sunt,
624 3007 680 3052 et
712 2998 929 3066 propria
963 3007 1142 3052 tamen
1179 3006 1475 3068 utrumque
1522 3000 1732 3054 ratione
1777 2998 1972 3053 deﬂuit
2010 3017 2025 3052 :

448 3088 639 3141 codem
676 3088 842 3142 modo
881 3094 935 3141 et
963 3087 1138 3156 prima
1173 3087 1263 3141 illa
1286 3101 1472 3152 causa,
1503 3102 1702 3158 nempe
1730 3089 1909 3150 Pater,
1976 3097 2032 3143 et

447 3177 575 3232 vita:
600 3177 724 3231 fons
753 3178 1026 3246 duplicem
1058 3176 1348 3247 quamdam
1410 3175 1554 3240 Filii,
1587 3183 1642 3231 et
1663 3177 1838 3232 sancti
1865 3177 2034 3244 Spiri-

448 3277 536 3323 tus
569 3269 626 3323 in
655 3286 756 3325 nos
795 3270 1026 3341 gratiam
1063 3269 1287 3335 emittit,
1343 3285 1446 3325 nec
1477 3270 1592 3340 ipse
1616 3269 1916 3340 quidquam
1947 3285 2034 3326 es-

449 3361 642 3416 sentite
675 3376 789 3416 suae
842 3362 1026 3417 damni
1076 3361 1206 3416 facit
1243 3377 1258 3414 :
1301 3362 1447 3416 nulla
1498 3361 1643 3416 enim
1680 3371 1901 3432 propter
1943 3376 2036 3416 εο-

451 3468 572 3506 rum
601 3453 668 3508 ad
711 3468 813 3508 nos
841 3453 1230 3524 perfectionem
1252 3453 1398 3508 illius
1425 3451 2030 3522 sequiturimminutio:

449 3555 507 3600 et
535 3545 590 3598 lii
633 3561 756 3600 cum
802 3546 868 3599 ad
918 3559 1017 3602 nos
1054 3560 1226 3615 usque
1250 3545 1589 3614 perveniant,
1613 3558 1720 3600 non
1753 3553 1934 3600 tamen
2001 3559 2032 3599 a

452 3636 612 3690 Patre
639 3644 988 3706 separantur.

446 3903 580 3958 Item
606 3903 671 3955 de
703 3901 892 3967 Patre,
926 3912 977 3956 et
1011 3901 1172 3968 Filio,
1201 3913 1249 3957 et
1289 3901 1496 3972 Spiritu
1556 3914 1738 3958 sancto
1761 3903 2026 3957 distincta

512 3972 684 4044 simul,
714 3982 773 4044 et
812 3975 961 4027 unita
1006 3974 1298 4028 divinitatis
1368 3977 1524 4027 ratio.
1553 3972 1612 4028 S.
1639 3973 1831 4044 Cyrilli
1869 3988 2029 4041 expo-

505 4044 626 4095 sitio
651 4042 795 4108 ﬁdei.

514 4176 804 4234 Credimus
835 4176 893 4231 in
919 4191 1089 4230 unum
1113 4177 1280 4230 Deum
1311 4177 1549 4244 Patrem,
1578 4179 1671 4244 qui
1710 4194 1813 4234 nec
1870 4180 2024 4250 prin.

445 4269 648 4338 cipium
680 4267 863 4334 habet,
901 4283 1001 4322 nec
1031 4268 1247 4339 genitus
1279 4280 1380 4333 est,
1411 4279 1693 4339 etsemper
1719 4271 1821 4326 fuit
1842 4273 2024 4338 Pater,

445 4375 548 4417 nec
575 4369 762 4430 postea
787 4359 839 4415 id
867 4370 1154 4416 assecutus
1182 4368 1283 4415 est.
1342 4360 1529 4429 Neque
1577 4362 1724 4418 enim
1773 4363 1874 4418 fuit
1922 4381 2022 4419 un-

2142 1139 2252 1193 Τοῦ
2280 1140 2467 1194 αὑτοῦ
2498 1139 2568 1194 ἐκ
2606 1140 2714 1195 τοῦ
2734 1143 2924 1211 λόγου
2947 1143 3055 1196 τοῦ
3083 1144 3235 1209 πρὸς
3272 1142 3573 1211 Εὑοίγριον
3597 1158 3712 1212 μο-

2557 1215 2750 1281 ναχὸν
2779 1212 2912 1282 περὶ
2937 1213 3245 1281 Θεότητος.

2209 1323 2420 1392 Ὥσπερ
2447 1326 2546 1378 οὐκ
2601 1325 2720 1380 ἔστι
2757 1326 2959 1395 μεταξῦ
2998 1326 3380 1396 ἐνθυμήσεως,
3431 1324 3528 1379 καὶ
3581 1325 3708 1390 νοῦ,

2135 1418 2230 1470 καὶ
2263 1418 2448 1488 ψυχῖής
2478 1417 2745 1490 διαίρεσιν
2799 1418 3159 1487 ὲπινοηθῆναί
3187 1435 3311 1472 τινα
3350 1419 3444 1470 καὶ
3511 1418 3711 1486 τομὴν,

2136 1509 2311 1573 οὕτως
2338 1510 2461 1563 οὐδὲ
2493 1510 2589 1564 τοῦ
2621 1509 2780 1580 ἁγίου
2812 1510 3154 1579 Πνεῦματος,
3181 1509 3276 1563 καὶ
3308 1508 3404 1562 τοῦ
3439 1509 3596 1572 Υίοῦ,
3618 1509 3715 1562 καὶ

2133 1603 2230 1656 τοῦ
2272 1602 2487 1674 Πατρὸς
2540 1603 2600 1655 ὲν
2642 1603 2792 1674 μέσῳ
2829 1602 3000 1673 τομὴν
3039 1602 3070 1673 ἢ
3119 1601 3386 1669 διαίρεσιν
3415 1598 3714 1669 ἐπινοηθῆ-

2137 1693 2227 1748 ναί
2259 1710 2414 1749 ποτε.
2443 1694 2565 1748 Τῶν
2597 1695 2706 1765 γὰρ
2731 1695 2939 1765 νοητῶν
2966 1695 3060 1748 καὶ
3095 1693 3263 1748 θείων
3313 1691 3624 1762 ἀδιαίρετος
3676 1694 3711 1763 ἡ

2063 1776 2107 1833 Β
2137 1786 2319 1854 φύσις.

2539 1903 2637 1958 Ἐκ
2666 1904 2772 1958 τοῦ
2801 1904 2990 1959 αὐτοῦ
3010 1904 3216 1975 λόγου.

2210 2016 2422 2086 Ὥσπερ
2454 2017 2512 2068 αἱ
2552 2016 2644 2069 τοῦ
2683 2016 2908 2085 ἡλιακοῦ
2938 2019 3119 2086 φωτὸς
3166 2019 3388 2084 ἀκτῖνες
3407 2019 3714 2090 ἀμέριστον

2137 2108 2359 2177 ἔχουσαι
2397 2109 2541 2161 κατὰ
2590 2094 2755 2177 φύσιν
2795 2107 2897 2178 τὴν
2946 2108 3081 2178 πρὸς
3127 2109 3331 2181 ἄλληλα
3376 2111 3560 2182 σχέσιν
3585 2109 3713 2163 οὔτε

2135 2197 2231 2251 τοῦ
2269 2197 2448 2264 φωτὸς
2474 2197 2828 2267 χωρίζονται,
2861 2199 2983 2253 οὔτε
3013 2199 3260 2271 ἀλλήλων
3283 2202 3709 2271 ἀποτέμνονται,

2136 2289 2229 2340 καὶ
2256 2288 2446 2359 μέχρις
2468 2290 2624 2360 ἡμῶν
2644 2291 2740 2362 τὴν
2771 2291 2932 2363 χάριν
2956 2291 3047 2345 τοῦ
3073 2293 3247 2362 φωτὸς
3275 2293 3605 2346 ἀποστέλλου
3616 2310 3667 2347 σι
3687 2307 3707 2326 ⁶

2135 2382 2228 2436 τὸν
2281 2381 2667 2454 αὐτὸντρόπον
2712 2385 2805 2437 καὶ
2845 2385 2873 2437 ὁ
2937 2384 3086 2449 Υίὺς,
3123 2386 3215 2439 καὶ
3251 2387 3311 2440 τὸ
3372 2385 3601 2456 Πνεῦμα
3652 2384 3716 2438 τδ

2137 2472 2367 2542 ἆγιον,ή
2398 2473 2618 2542 δίδυμος
2648 2474 2741 2527 τοῦ
2765 2473 2973 2544 Πατρὸς
2995 2475 3174 2540 ἀκτὶς,
3205 2477 3302 2530 καὶ
3328 2478 3522 2546 μέχρις
3547 2477 3712 2548 ἡμῶν

2137 2562 2446 2617 διακονοῦσι
2477 2565 2538 2617 τὸ
2597 2565 2713 2633 φῶς
2774 2566 2874 2635 τῆς
2926 2565 3207 2634 ἀληθείας,
3271 2567 3366 2621 καὶ
3418 2567 3496 2638 τῷ
3537 2568 3714 2640 Πατρὶ

2138 2658 2490 2726 συνήνωνται.
2521 2658 2631 2711 Καὶ
2659 2657 2719 2710 δν
2747 2657 2948 2728 τρόπον
2977 2659 3085 2711 ἁπό
3120 2677 3264 2722 τινος
3287 2659 3497 2713 ὑδάτων
3524 2661 3713 2730 πηγῆς

2136 2746 2230 2800 δύο
2272 2749 2507 2817 ποταμοὶ
2540 2749 2745 2819 ῥέουσι,
2772 2750 2865 2803 καὶ
2895 2753 2959 2819 τῇ
2989 2751 3085 2821 μὲν
3114 2750 3262 2805 θέσει
3301 2752 3590 2822 διῄρηνται
3641 2753 3712 2806 τὰ

2140 2839 2354 2910 ῥεῖθρα,
2413 2839 2515 2910 τὴν
2554 2840 2612 2892 δὲ
2644 2840 2736 2893 τοῦ
2766 2841 2942 2910 χυμοῦ
2976 2843 3244 2912 ποιότητα
3303 2843 3433 2912 μίαν
3457 2846 3552 2897 καὶ
3609 2845 3713 2915 τὴν

2137 2933 2307 3002 αὐτὴν
2343 2932 2661 3002 κέκτηνται,
2684 2935 2780 2987 καὶ
2801 2933 2926 2988 οὔτε
2955 2936 3052 3003 τῆς
3076 2937 3258 3006 πηγῆς
3288 2938 3712 3006 ἀποτέμνονται.

2139 3027 2239 3080 καὶ
2275 3026 2344 3079 δι’
2372 3025 2545 3097 αὐτῆς
2563 3026 2812 3094 ἀλλήλοις
2833 3028 3097 3097 ἥνωνται,
3129 3030 3234 3081 κᾶν
3263 3029 3571 3092 ίδιαζόντως
3584 3029 3717 3083 Exa-

2062 3113 2108 3173 C
2143 3135 2266 3181 στος
2301 3120 2386 3187 ρεί
2407 3134 2421 3147 ·
2448 3119 2541 3173 τὸν
2579 3119 2743 3172 αὐτὸν
2770 3120 2974 3190 τρόπον
3019 3121 3112 3174 καὶ
3171 3119 3232 3172 τὺ
3263 3120 3481 3188 πρῶτον
3541 3123 3715 3180 αίτιον

2141 3209 2168 3262 ὁ
2201 3210 2409 3279 Πατὴρ⁹
2444 3213 2478 3281 ἡ
2502 3210 2654 3282 πηγὴ
2703 3211 2804 3280 τῆς
2842 3211 3011 3282 ζωῆς,
3061 3212 3314 3284 cippum
3353 3231 3475 3267 τινα
3519 3215 3613 3269 τοῦ
3651 3234 3714 3270 τε

2149 3303 2272 3356 Υίοῦ
2295 3303 2389 3356 καὶ
2421 3303 2515 3356 τοῦ
2545 3302 2702 3371 ἁγίου
2743 3303 3062 3374 Πνεῦματος
3093 3305 3175 3368 είς
3213 3306 3361 3375 ἡμᾶς
3385 3305 3714 3370 ἀποστείλας

2137 3395 2322 3466 χάριν,
2347 3393 2460 3448 οὔτ’
2492 3395 2654 3456 αὐτός
2684 3413 2738 3448 τι
2767 3395 3039 3449 πέπονθεν
3077 3397 3161 3459 είς
3202 3395 3298 3466 τὴν
3327 3397 3520 3450 οὐσίαν
3581 3395 3714 3466 βλα-

2138 3489 2252 3553 ϐείς
2272 3507 2286 3521 ·
2329 3489 2390 3543 οὑ
2421 3489 2530 3560 γὰρ
2557 3489 2783 3560 μείωσιν
2820 3489 3029 3558 ὑπέστη
3068 3489 3192 3542 τινὰ
3216 3489 3303 3543 διὰ
3335 3490 3435 3562 τὴν
3459 3491 3540 3552 είς
3565 3489 3717 3559 ἡμᾶς

2137 3581 2361 3636 ἐκείνων
2395 3581 2581 3650 ἄφιξιν
2607 3599 2622 3614 ’
2673 3582 2766 3635 καὶ
2801 3573 2946 3635 οὗτοι
2981 3582 3177 3653 μέχρις
3205 3581 3365 3651 ἡμῶν
3391 3582 3716 3651 προεχώρη-

2125 3677 2272 3739 σαν,
2307 3676 2400 3728 καὶ
2446 3673 2542 3728 τοῦ
2578 3673 2792 3746 Πατρδς
2823 3675 2975 3728 οὐδὲν
3012 3669 3175 3731 ἦττον
3226 3675 3516 3746 ἀχώριστοι
3571 3674 3711 3728 καθ-

2133 3770 2445 3840 εστήκασιν.

2135 3910 2264 3962 Ἔτι
2294 3907 2429 3975 περὶ
2460 3909 2690 3977 Πατρός
2717 3907 2817 3962 καὶ
2858 3905 2996 3961 Υίοῦ
3027 3907 3126 3960 καὶ
3159 3906 3333 3975 ἁγίου
3361 3907 3713 3972 Πνεύματος

2200 3977 2620 4047 διακεκριμένη
2649 3979 2770 4047 ἅμα
2811 3979 2909 4033 καί
2947 3977 3224 4045 ἡνωμένη
3279 3977 3558 4046 θεολογία
3603 3977 3713 4032 τοῦ

2199 4048 2375 4116 ἁγίου
2409 4051 2715 4116 Κυρίλλου
2735 4047 2976 4114 ἔκθεσις
3005 4048 3288 4113 πίστεως.

2208 4181 2548 4249 Πιστεύομιν
2600 4183 2678 4245 είς
2715 4181 2814 4236 ενα
2845 4182 2976 4236 Θεδν
3004 4183 3244 4254 Πατέρα,
3304 4183 3563 4254 ἄναρχον,
3613 4180 3717 4236 καὶ

2131 4276 2463 4347 ἀγέννητον,
2516 4274 2605 4329 ἀεὶ
2651 4276 2782 4328 ὄντα
2827 4275 3066 4344 Πατέρα,
3118 4276 3218 4344 οὐχ
3273 4273 3501 4342 ’ὕστερον
3551 4273 3714 4328 τοῦτο

2134 4368 2500 4438 κτησάμενον.
2536 4367 2610 4420 Οὐ
2639 4363 2838 4438 γὰρῆν
2865 4369 2954 4420 ὅτε
2981 4368 3082 4421 οὐκ
3126 4362 3216 4436 ἦν,
3245 4365 3366 4420 ἁλλ’
3392 4366 3600 4420 ἄνωθεν
3642 4361 3715 4437 ἦν

448 4468 640 4522 quam,
665 4467 792 4506 cum
824 4467 933 4507 non
964 4461 1134 4515 esset,
1174 4453 1268 4507 sed
1319 4467 1383 4507 ex
1416 4454 1566 4507 omni
1593 4457 1898 4510 aeternitate
1924 4455 2025 4512 Pa-

2139 4435 2350 4528 Πατήρ.
2387 4456 2524 4512 Οὐδὲ
2557 4435 2748 4526 γέγονε
2781 4435 3002 4526 πρῶτον
3029 4457 3178 4522 Υἱὸς,
3209 4450 3328 4511 εἶτα
3359 4456 3549 4527 Πατὴρ
3567 4435 3714 4513 κατὰ

448 4553 530 4598 ter
558 4551 662 4598 est.
697 4540 882 4612 Neque
929 4543 1080 4612 prius
1108 4542 1284 4597 factus
1335 4552 1420 4598 est
1453 4541 1642 4609 Filius,
1673 4544 1871 4600 deinde
1932 4545 2033 4600 Pa-

446 4652 530 4704 ιει·
565 4636 743 4705 qualis
758 4644 843 4690 est
876 4637 930 4690 in
959 4635 1280 4702 corporibus
1325 4636 1481 4702 ordo,
1513 4635 1609 4690 sed
1663 4651 1729 4691 ex
1780 4653 1892 4707 quo
1929 4648 2032 4704 est,

444 4738 661 4794 semper
691 4732 874 4779 autem
907 4733 1011 4788 est,
1040 4725 1198 4778 Pater
1222 4731 1277 4778 et
1303 4731 1388 4778 est
1417 4733 1471 4778 et
1500 4724 1822 4793 appellatur.

504 4815 796 4870 Credimus
824 4825 879 4869 et
903 4816 956 4869 in
986 4830 1152 4869 unum
1185 4813 1376 4869 Filium
1405 4814 1648 4870 Genitori
1677 4825 2028 4885 coaeternum,

443 4909 536 4978 qui
567 4922 849 4977 nunquam
878 4907 1207 4976 cmpitesse,
1248 4907 1340 4961 sed
1395 4921 1609 4976 semper
1639 4915 1744 4972 est,
1804 4916 1859 4962 et
1905 4924 2028 4963 cum

448 4999 605 5052 Patre
639 5010 745 5053 est.
777 4998 854 5052 Ex
887 5013 994 5066 quo
1017 4998 1162 5053 enim
1193 5007 1277 5052 est
1335 4998 1511 5064 Pater,
1569 5013 1787 5068 semper
1842 5007 2025 5055 autem

445 5094 550 5150 est,
582 5100 650 5139 ex
680 5102 745 5141 eo
783 5095 838 5141 et
886 5085 1056 5140 Filius
1101 5093 1204 5148 est,
1264 5085 1385 5139 llaec
1445 5086 1591 5140 enim
1643 5095 1752 5139 tam
1788 5087 2029 5151 nomina,

446 5193 608 5247 quam
650 5178 778 5247 ipsa:
813 5193 901 5232 res
941 5177 1016 5232 ita
1044 5177 1371 5246 copulantur
1412 5176 1557 5230 inter
1602 5190 1679 5242 sc,
1711 5187 1768 5230 ut
1789 5179 2028 5248 separari

449 5285 559 5324 non
591 5270 821 5341 possint.
859 5270 1013 5337 Quod
1043 5270 1086 5324 si
1109 5269 1278 5325 Filius
1315 5284 1426 5326 non
1478 5283 1697 5339 semper
1749 5269 1868 5335 fuit,
1933 5271 2028 5326 scd

448 5363 554 5416 fuit
609 5364 900 5433 aliquando
928 5379 1050 5420 cum
1082 5379 1190 5420 non
1223 5371 1392 5427 esset,
1414 5375 1514 5416 nec
1546 5361 1707 5415 Pater
1740 5360 1842 5415 fuit
1883 5377 2026 5416 sem-

447 5466 579 5518 per;
607 5467 672 5505 ex
708 5467 816 5521 quo
845 5453 988 5507 enim
1018 5450 1319 5523 generavit,
1351 5450 1456 5504 hoc
1486 5447 1645 5502 habet
1665 5463 1882 5503 nomen.
1927 5448 2021 5502 Sin

446 5552 633 5596 autem
665 5558 881 5611 semper
904 5554 990 5600 est
1022 5545 1182 5599 Pater
1214 5543 1357 5597 Deus
1385 5541 1558 5610 (nefas
1581 5541 1727 5595 enim
1753 5550 1855 5606 est,
1890 5549 2028 5596 tem-

448 5629 599 5697 poris
625 5636 906 5683 auctorem
952 5630 1057 5699 ipsi
1081 5630 1326 5700 tempori.
1341 5629 1629 5700 subjicere,
1681 5638 1734 5682 et
1767 5625 2028 5695 temporis

452 5719 630 5789 epatio
653 5720 1004 5791 posteriorem
1033 5722 1389 5791 pronuntiare
1417 5720 1819 5791 generationem
1861 5719 2024 5784 illam,

2137 4551 2239 4618 τὴν
2268 4550 2378 4603 τῶν
2405 4551 2676 4620 σωμάτων
2707 4551 3054 4612 ἀκολουθίαν,
3087 4549 3202 4602 ἀλλ’
3226 4551 3318 4617 ἀφ’
3349 4544 3518 4620 οὗπέρ
3539 4551 3710 4606 ἐστιν.

2149 4641 2264 4694 ’Δεὶ
2293 4641 2350 4694 δέ
2383 4643 2497 4696 ἐστι
2528 4642 2737 4714 Πατὴρ,
2787 4642 2880 4695 καὶ
2906 4642 3019 4696 ἐστι
3061 4644 3156 4693 καὶ
3194 4641 3458 4695 καλεῖται.

2208 4798 2543 4870 Πιστεύομεν
2579 4799 2674 4853 καὶ
2701 4799 2783 4860 είς
2817 4797 2914 4850 ἕνα
2949 4797 3076 4850 Υίδν
3111 4794 3384 4849 συνατδιον
3413 4793 3491 4865 τῷ
3522 4797 3717 4866 γεννή-

2135 4911 2311 4959 σαντι,
2341 4893 2442 4945 οὐκ
2476 4892 2650 4963 ἁρχὴν
2686 4889 2782 4944 τοῦ
2804 4885 2945 4943 εἶναι
2975 4889 3231 4953 λαὸόντα,
3259 4887 3375 4941 ἁλλ’
3420 4888 3508 4941 ἀεὶ
3558 4889 3714 4954 ὄντα,

2135 4988 2229 5038 καὶ
2257 4984 2354 5037 σὺν
2389 4983 2568 5053 Πατρὶ
2628 4981 2776 5037 ὄντα.
2845 4982 2956 5033 Ἀεὶ
2999 4981 3056 5034 δὲ
3121 4979 3329 5049 Πατὴρ,
3392 4978 3452 5044 ὲξ
3501 4979 3711 5034 ἐκείνου

2137 5076 2283 5139 Υἱός.
2318 5074 2665 5144 ’Λχωρίστως
2701 5072 2811 5143 γὰρ
2833 5073 2946 5144 ἔχει
2976 5071 3152 5126 ταῦτα
3202 5071 3340 5142 πρὸς
3374 5071 3580 5142 ἄλληλα
3636 5073 3709 5126 τὰ

2131 5185 2190 5220 τε
2228 5167 2468 5234 ὀνόματα
2500 5165 2593 5218 καὶ
2614 5167 2682 5218 τὰ
2717 5165 3039 5236 πράγματα.
3072 5164 3133 5216 Εἰ
3171 5163 3230 5216 δὲ
3276 5163 3377 5216 οὐκ
3431 5163 3517 5215 ἀεὶ
3553 5163 3710 5228 Υἱὸς,

2132 5259 2250 5311 ἀλλ’
2276 5254 2342 5329 ἦν
2373 5259 2460 5312 ὅτε
2495 5259 2595 5311 οὐκ
2630 5253 2720 5329 ἦν,
2754 5257 2874 5313 οὐδὲ
2903 5256 2990 5310 ἀεὶ
3043 5257 3069 5308 ὁ
3092 5256 3302 5326 Πατήρ.
3349 5255 3470 5323 Ἀφ’
3509 5248 3569 5307 οῦ
3597 5257 3711 5324 γὰρ

2131 5350 2410 5419 ἐγέννησε,
2460 5351 2620 5404 τοῦτο
2646 5351 2758 5422 ἕχει
2795 5350 2856 5403 τὸ
2881 5351 3073 5420 ὄνομα.
3109 5349 3173 5402 Ei
3213 5348 3268 5401 δὲ
3306 5347 3396 5399 ἀεὶ
3437 5347 3629 5417 Πατὴρ
3679 5349 3710 5400 ὁ

2132 5441 2296 5504 Θεός’
2335 5441 2656 5513 βλάσφημον
2699 5444 2810 5515 γὰρ
2849 5443 3040 5514 τῳόντι
3083 5441 3187 5495 ὑπὸ
3226 5440 3449 5510 χρόνους
3482 5439 3709 5506 ποιῆσαι

2131 5533 2223 5587 τὸν
2246 5536 2353 5588 τῶν
2375 5537 2585 5606 χρόνων
2626 5536 2879 5608 ποιητὴν,
2901 5537 2998 5589 καὶ
3038 5533 3293 5606 χρονικοῦ
3330 5530 3704 5600 διαστήματος

2133 5628 2409 5697 ἀποφῆναι
2439 5627 2700 5697 δευτέραν
2728 5628 2828 5700 τὴν
2850 5629 3077 5697 ἄχρονον
3091 5627 3182 5678 καὶ
3209 5625 3546 5694 ὑπέρχρονον
3580 5624 3710 5692 γέν-

2133 5738 2287 5791 νησιν
2313 5738 2326 5754 ο
2364 5721 2450 5777 ἀεὶ
2479 5721 2506 5774 ὁ
2535 5719 2658 5786 Υίὸς
2673 5722 2737 5775 ὲκ
2768 5719 2860 5775 τοῦ
2882 5721 3093 5792 ΙΙατρὸς
3116 5717 3371 5794 ἀρῤήτως
3400 5714 3708 5787 γεννηθεὶς»
