4026 6212
353 256 427 318 8')
1357 270 1734 335 PANOPLIA
1772 276 2231 347 DOGMATICA-
2262 316 2331 328 —
2362 292 2513 358 TIT.
2552 298 2635 359 II.

3537 314 3606 378 90

355 377 501 449 μετὰ
528 375 625 430 τοῦ
645 378 857 450 Πατρδς
886 378 942 434 δὲ
972 380 1059 436 ἀεὶ
1079 379 1181 452 ὢν,
1214 386 1310 441 καὶ
1346 388 1443 444 σὺν
1474 391 1553 461 τῷ
1580 392 1755 463 Πατρὶ
1784 409 1889 461 γνω

355 489 389 501 ι-
419 472 643 501 ’ίιιιι-ιρ

1992 418 2150 473 .quae
2180 408 2301 463 sine
2354 419 2596 483 tempore
2631 426 2735 485 est,
2779 428 2836 474 et
2882 432 3104 491 superat
3151 439 3311 483 omne
3340 433 3599 501 tempus),

352 472 661 542 μξὸμινος-

442 755 464 789 (
512 737 598 789 Ἐν
626 738 791 806 ἀρχῇ,
833 754 853 789 ι
890 738 1078 807 φησιν,
1129 756 1148 792 ι
1180 738 1248 812 ἦν
1272 743 1299 795 6
1336 744 1531 813 Λόγος,
1557 748 1650 802 καὶ
1674 750 1702 803 6
1758 750 1930 819 Λόγος

350 826 421 899 ἦν
454 830 592 895 πρὸς
628 830 718 881 τὸν
748 828 904 893 Θεὸν,
939 830 1034 883 καὶ
1076 831 1206 896 Θεὸς
1232 829 1300 904 ἦν
1352 837 1381 889 6
1411 837 1607 905 Λόγος.
1640 835 1810 904 Οὗτος
1857 840 1927 915 ἦν

346 923 406 974 ἐν
449 923 596 991 ἀρχῇ
627 922 763 991 πρὸς
817 922 908 975 τὸν
939 923 1093 978 Θεόν.
1132 943 1153 976 ι
1224 926 1287 981 ’0
1316 928 1373 981 δὲ
1410 930 1467 982 ὲν
1499 933 1640 1003 άρχῇ
1671 932 1746 987 ῶν
1795 936 1923 989 πότε

343 1013 445 1065 οὐκ
480 1008 583 1083 ἧν;
619 1009 760 1066 Οὔτε
812 1014 921 1083 γάρ
953 1009 1126 1080 εἶπεν,
1170 1015 1259 1070 Ἐν
1299 1018 1442 1090 ἀρχῇ
1492 1023 1727 1089 ἐγένετο,
1780 1025 1920 1091 ἀλλ’,

343 1106 434 1157 Ἐν
464 1108 610 1177 ἀρχῇ
651 1101 740 1175 ἦν.
788 1105 914 1159 Ἐάν
975 1106 1447 1179 φιλονεικήσωμεν
1486 1114 1603 1177 τοῖς
1637 1114 1923 1185 λογισμοῖς

343 1196 657 1265 ὑπερϐῆναι
682 1196 741 1248 τὸ
762 1190 862 1264 ἦν,
901 1197 962 1249 οὐ
997 1196 1343 1268 δυνησόμεθα
1367 1201 1627 1256 ἐπέκεινα
1661 1206 1917 1272 γενέσθαι

342 1287 447 1355 τῆς
479 1286 683 1356 ἀρχῆς.
726 1286 910 1339 Πάντα
944 1286 1175 1357 δεύτερα
1216 1290 1310 1342 τοῦ
1351 1291 1410 1345 ἐν
1458 1294 1598 1364 ἀρχῇ
1629 1294 1801 1360 ὄντος,
1825 1299 1919 1351 καὶ

341 1372 483 1442 πρὸς
512 1373 611 1425 τὸν
636 1371 769 1425 Θεὸν
798 1373 973 1436 ὄντος,
1011 1374 1107 1426 xal
1135 1374 1346 1444 χρόνος,
1384 1381 1481 1432 καὶ
1511 1378 1667 1449 αἰὼν,
1718 1382 1814 1435 καὶ
1864 1382 1923 1435 ei

334 1479 390 1514 τι
425 1464 493 1515 ἂν
516 1463 706 1532 ἕτερον
733 1463 986 1535 χρονικὺν
1016 1464 1331 1537 ἐπινοηθείη
1387 1468 1681 1539 διάστημα.
1741 1474 1802 1527 Εἰ
1858 1474 1915 1527 δὲ

334 1554 437 1604 οὐκ
459 1556 549 1605 ἀεὶ
601 1554 680 1622 τῷ
713 1554 831 1623 Θεῷ
871 1555 965 1607 καὶ
1005 1554 1181 1626 Πατρὶ
1221 1559 1390 1628 συνῆν
1420 1562 1447 1613 6
1480 1561 1628 1628 Υἱὸς,
1688 1562 1913 1635 ὕστερον

329 1642 387 1694 δέ
426 1659 563 1695 ποτε
594 1643 979 1711 προσεγένετο,
1003 1644 1218 1716 ἀνάγκη
1258 1648 1452 1720 χρόνον
1478 1653 1571 1704 xal
1596 1652 1767 1707 αἰῶνα
1800 1656 1913 1711 Ila...

2032 514 2251 572 semper
2274 516 2357 562 cst
2386 509 2580 567 Filius.
2628 512 2703 569 Ex
2728 513 2886 573 Patre
2910 518 3126 587 quidem
3159 536 3219 576 ea
3254 522 3465 579 ratione
3511 542 3603 596 go~

2030 591 2198 659 nitus,
2237 613 2357 667 qua:
2393 602 2570 658 verbis
2603 606 2856 675 explicari
2889 623 2996 663 non
3025 621 3221 679 potest,
3257 629 3380 668 cum
3438 591 3601 676 Patre

2027 696 2246 755 semper
2273 697 2377 753 est,
2408 702 2462 746 et
2485 710 2587 749 una
2613 710 2734 752 cum
2797 698 2957 755 Patre
2982 706 3348 771 cognoscitur.

2103 811 2125 846 ι
2154 796 2214 851 in
2278 800 2565 871 principio,
2596 805 2792 873 inquit,
2820 820 2936 865 erat
2969 813 3232 883 Verbum,
3259 828 3313 873 et
3354 819 3591 877 Verbum

2024 897 2141 942 erat
2165 891 2306 957 apud
2353 892 2543 956 Deum,
2577 907 2629 950 et
2659 897 2798 953 Deus
2823 912 2939 957 erat
2982 906 3238 962 Verbum.
3304 911 3417 968 lloc
3478 924 3595 970 erat

2024 977 2079 1031 in
2099 978 2366 1050 principio
2392 986 2533 1054 apud
2566 986 2733 1043 Deum
2764 991 2829 1045 “.
2870 1010 2888 1043 ι
2921 993 3076 1060 Quod
3130 1010 3308 1055 autem
3340 1004 3391 1056 in
3444 1007 3595 1075 prin-

2021 1070 2165 1139 cipio
2194 1081 2297 1139 est,
2327 1077 2546 1143 quando
2600 1094 2707 1133 non
2745 1083 2866 1139 est?
2909 1084 3095 1154 Neque
3145 1091 3288 1144 enim
3321 1070 3491 1149 dixit:
3531 1097 3592 1151 in

2019 1162 2288 1233 principio
2325 1165 2501 1223 factus
2559 1180 2672 1238 est;
2701 1175 2793 1229 sed
2819 1196 2833 1232 :
2864 1177 2919 1231 in
2951 1178 3220 1246 principio
3245 1194 3380 1239 erat.
3419 1186 3473 1240 Si
3504 1205 3593 1243 ra-

2020 1256 2168 1310 tione
2194 1272 2453 1315 conemur
2474 1278 2734 1333 superare
2758 1268 2911 1337 illud,
2940 1282 3057 1326 erat
3086 1288 3104 1326 :
3138 1282 3266 1328 tunc
3306 1291 3428 1331 esse
3479 1296 3588 1335 non

2018 1349 2319 1415 poterimus
2354 1351 2407 1405 in
2445 1356 2734 1427 principio.
2767 1358 2960 1415 Omnia
2990 1365 3290 1433 posteriora
3320 1378 3451 1423 sunt
3473 1369 3587 1434 illo,

2016 1439 2108 1509 qui
2130 1450 2211 1495 est
2241 1442 2294 1496 in
2330 1444 2621 1516 principio,
2651 1460 2705 1503 et
2736 1452 2876 1520 apud
2915 1453 3081 1508 Deum
3101 1465 3205 1519 est,
3240 1468 3295 1513 et
3349 1469 3586 1533 tempus,

2014 1541 2070 1585 et
2099 1547 2296 1598 aevum,
2330 1543 2386 1589 et
2418 1538 2461 1591 si
2485 1539 2629 1607 quod
2665 1542 2887 1609 cogitari
2938 1556 3119 1613 potest
3150 1551 3410 1617 temporis
3465 1567 3590 1619 spa-

2014 1619 2171 1677 tium.
2195 1622 2351 1687 Quod
2375 1626 2419 1679 si
2447 1641 2553 1680 non
2605 1625 2706 1682 fuit
2728 1643 2946 1698 semper
2973 1646 3098 1686 cum
3159 1631 3269 1687 Deo
3317 1645 3370 1689 et
3428 1635 3587 1692 patre

330 1736 425 1801 τρὶ⁵
457 1734 561 1787 καὶ
590 1709 708 1803 Υἰῷ
746 1709 1077 1805 μεσιτεύειν.
1119 1709 1183 1791 Εἰ
1206 1709 1454 1794 '69::on
1482 1741 1597 1813 δοίη
1620 1760 1728 1808 τις,
1763 1709 1889 1817 εὗρε

2016 1709 2209 1777 Filius,
2242 1713 2336 1769 sed
2364 1724 2551 1783 postea
2581 1717 2755 1772 lactus
2790 1726 2892 1783 est,
2939 1722 3309 1776 necessarium
3369 1724 3494 1790 erit,
3528 1736 3588 1782 ut

329 1825 567 1893 Θήσεται
625 1827 686 1878 τὸ
759 1826 972 1897 ποίημα
1045 1827 1140 1882 τοῦ
1215 1831 1445 1901 ποιητοῦ
1526 1835 1902 1908 προϋπάρχον.

332 1933 350 1966 ι
391 1918 586 1971 Πάντα
617 1918 750 1988 γὰρ,
797 1936 817 1969 ι
890 1920 1055 1989 φησὶν
1095 1922 1122 1973 6
1167 1923 1599 1996 Εὐαγγελιστὴς,
1634 1946 1654 1981 ι
1687 1929 1774 1983 διά
1810 1932 1904 1984 τοῦ

323 2010 458 2063 Υἰοῦ
488 2011 735 2079 ἐγένετο,
772 2012 867 2065 καὶ
902 2014 1070 2084 χωρὶς
1102 2015 1269 2068 αὑτοῦ
1324 2020 1551 2085 γέγονεν
1580 2020 1700 2075 οὐδὲ
1755 2022 1837 2077 ἓν.
1875 2039 1895 2073 ι

329 2102 431 2154 Ἐν
470 2102 530 2155 δὲ
561 2101 673 2153 τῶν
724 2101 946 2156 πάντων
979 2108 1074 2157 καὶ
1104 2106 1131 2158 6
1178 2106 1336 2173 αἰὼν,
1374 2108 1408 2178 ἢ
1435 2109 1464 2162 6
1491 2110 1705 2179 χρόνος.
1736 2112 1846 2167 Kal
1873 2114 1902 2167 6

325 2195 603 2265 μακάριος
643 2194 698 2247 δὲ
727 2195 958 2261 Παῦλος,
1001 2215 1019 2248 ι
1067 2197 1185 2250 Ἐπ’
1223 2200 1467 2270 ἐσχάτων
1495 2202 1552 2256 δὲ
1604 2203 1713 2256 τῶν
1759 2207 1899 2274 ἠμε-

322 2286 462 2353 ρῶν,
500 2302 522 2334 ι
575 2284 767 2352 φησιν,
803 2302 822 2335 ι
855 2284 1121 2354 ἐλάλησεν
1160 2290 1295 2358 ἡμῖν
1331 2292 1390 2343 ὲν
1428 2291 1569 2360 Υἰῷ,
1611 2292 1671 2348 ὃν
1730 2293 1896 2365 ἔθηκε

315 2372 663 2442 κληρονόμον
714 2372 955 2437 πάντων,
983 2374 1050 2427 δι’
1081 2370 1143 2429 οὗ
1173 2377 1269 2430 καὶ
1314 2380 1439 2442 τοὺς
1481 2381 1680 2445 αἰῶνας
1712 2383 1899 2453 ἐποίη-

315 2478 435 2515 σεν.
464 2480 486 2513 ι
524 2462 589 2515 Εἰ
619 2462 677 2515 δὲ
709 2462 804 2515 τοῦ
837 2462 969 2515 Υἱοῦ
1001 2465 1049 2517 οἰ
1092 2465 1287 2530 αἰῶνες
1314 2469 1616 2539 ποιήματα,
1640 2470 1699 2521 οὐ
1724 2476 1895 2540 προῦο

313 2552 597 2621 πάρχουσι
639 2552 734 2605 τοῦ
776 2554 1123 2622 ποιήσαντος.
1149 2555 1372 2609 Λίώνων
1403 2557 1459 2610 δὲ
1486 2558 1562 2630 μὴ
1603 2565 1892 2631 προῦπαρ·

314 2643 554 2712 χόντων,
588 2641 812 2713 εὔδηλον
845 2645 921 2707 ὡς
936 2646 1057 2698 οὐδὲ
1087 2646 1116 2697 6
1147 2647 1360 2715 χρόνος,
1394 2648 1453 2702 6v
1485 2651 1687 2721 ἡμέραι
1711 2670 1771 2705 τε
1796 2654 1890 2707 καὶ

318 2736 514 2798 νῦκτες
588 2734 803 2789 ποιοῦσι
858 2738 956 2790 καὶ
1026 2739 1341 2809 μετροῦσιν.
1394 2741 1636 2813 Ἡμέρας
1688 2744 1745 2797 δὲ
1794 2746 1890 2799 καὶ

324 2829 523 2892 νύκτας
565 2830 600 2899 ἡ
632 2827 726 2881 τοῦ
752 2829 929 2898 φωτὸς
964 2831 1197 2902 ἀνατολὴ
1255 2826 1348 2887 καὶ
1377 2834 1531 2897 δύσις
1568 2837 1879 2907 ἐργάζεται.

328 2921 400 2972 Τδ
422 2921 476 2974 δὲ
503 2919 620 2989 φῶς
660 2919 799 2988 μετὰ
835 2920 927 2972 τὸν
946 2919 1198 2990 οὐρανὸν,
1229 2924 1324 2976 καὶ
1360 2924 1460 2997 την
1505 2925 1632 2995 γῆν,
1670 2930 1764 2984 καὶ
1794 2932 1885 2987 τὸν

334 3011 464 3079 ἀέρα
494 3009 733 3078 ἐγένετο.
795 3008 981 3063 Ταῦτα
1021 3010 1079 3064 δὲ
1138 3011 1336 3077 πάντα,
1379 3014 1476 3067 καὶ
1524 3016 1591 3071 τά
1643 3021 1701 3074 ἐν
1759 3019 1883 3074 τού-

337 3102 484 3160 τοιςὸ
540 3100 670 3163 Θεὸς
698 3101 875 3171 Λόγος
899 3102 1118 3174 εὐδοκία
1158 3102 1254 3157 τοῦ
1312 3105 1525 3177 Πατρὸς
1588 3108 1886 3184 ἐδημιούρ-

342 3204 485 3258 γησε.

410 3280 518 3335 Τῶν
565 3284 772 3353 χρόνων
804 3283 1006 3353 τοίνυν,
1039 3284 1136 3339 καὶ
1175 3286 1286 3341 τῶν
1323 3285 1537 3343 αἰώνων
1585 3292 1725 3362 μετά
1773 3294 1884 3348 τῶν

348 3372 501 3426 ἄλλων
538 3375 794 3430 ἁπάντων
844 3375 952 3429 ὑπὸ
992 3376 1088 3430 τοῦ
1134 3378 1310 3448 Λόγου
1345 3379 1700 3450 ποιηθέντων,
1730 3386 1885 3441 οὐδὲν

349 3462 406 3517 ἂν
444 3467 522 3537 εἰη
552 3467 758 3535 μεταξὺ
792 3468 1006 3539 Πατρός
1055 3470 1153 3523 καί⁸
1184 3469 1341 3537 Υἰοῦ,
1377 3472 1497 3527 ἀλλ’
1526 3477 1615 3530 ἀεὶ
1646 3477 1744 3546 μὲν
1772 3480 1885 3531 Πα-

348 3553 435 3624 τὴρ
454 3555 642 3623 ὀΘεὸς,
671 3559 761 3612 ἀεὶ
787 3558 844 3611 δὲ
872 3560 901 3612 6
932 3558 1058 3623 Υἱὸς
1091 3562 1188 3614 σὺν
1219 3562 1415 3633 Πατρί.
1450 3565 1542 3619 Arb
1586 3567 1682 3621 καὶ
1717 3571 1744 3622 6
1772 3570 1882 3624 Εὐ·

350 3645 647 3718 σγγελιστὴς
682 3647 807 3719 βοᾷ,
842 3666 862 3701 ι
916 3648 1008 3703 Ἐν
1042 3651 1183 3723 άρχῇ
1227 3648 1298 3723 ἦν
1343 3654 1369 3706 6
1392 3655 1585 3724 Λόγος.
1623 3675 1643 3711 ι
1686 3660 1795 3712 Kal
1853 3663 1882 3715 6

350 3737 615 3803 ἀπόστολος
650 3740 862 3804 Παῦλός
895 3758 1083 3813 φησιν,
1119 3761 1139 3796 ι
1179 3743 1271 3808 Ὠς
1301 3743 1379 3799 ὢν
1404 3746 1751 3818 ἀπαύγασμα
1779 3750 1881 3820 τῆς

348 3828 501 3900 δόξης,
531 3833 621 3885 καὶ
651 3832 943 3903 χαρακτὴρ
969 3835 1067 3905 τῆς
1098 3836 1453 3902 ὑποστάσεως
1481 3855 1496 3871 ·
1528 3856 1549 3892 ι
1612 3842 1709 3896 καὶ
1761 3843 1882 3897 ἑτέ-

345 3922 479 3990 ρωθι,
528 3942 547 3975 ι
588 3922 685 3988 ’ος
709 3926 769 3980 έν
794 3928 975 3995 μορφῇ
1006 3925 1141 3979 Θεοῦ
1193 3926 1479 3999 ὑπάρχων,
1519 3930 1618 4002 οὐχ
1663 3933 1881 4004 ἁρπαγ-

344 4010 429 4080 μόν
457 4012 695 4083 ἡγήσατο
728 4012 793 4066 τὸ
819 4008 958 4066 εἶναι
991 4015 1081 4068 ῐσα
1109 4013 1249 4087 Θεῷ.
1298 4034 1318 4069 ι
1358 4018 1470 4072 Kal
1502 4017 1628 4072 οὔτε
1670 4023 1879 4089 ἐκεῖνος

339 4101 390 4153 τὸ
409 4097 490 4172 ἦν,
515 4101 636 4155 οὔτε
675 4095 835 4165 οὗτος
863 4102 1052 4169 «nov,
1082 4105 1117 4177 ἢ
1151 4107 1413 4179 ὑπάρχων
1444 4109 1529 4179 ἑᾷ,
1561 4111 1747 4183 ἐπειδὴ
1782 4113 1876 4169 τὸν

329 4193 407 4247 ἀεὶ
431 4194 550 4247 ὄντα
587 4183 981 4265 κηρύττουσιν,
1020 4195 1083 4250 οῦ
1128 4198 1290 4268 χάριν
1334 4199 1429 4252 καὶ
1468 4198 1589 4270 μετ’
1645 4201 1801 4270 ὀλίγα
1846 4206 1875 4258 6

327 4283 748 4355 Εὐαγγελιστὴς,
800 4302 820 4337 ι
852 4286 975 4356 Ζωὴ
1003 4281 1095 4356 ἦν,
1144 4306 1164 4341 ι
1204 4288 1360 4359 φησι,
1389 4307 1410 4342 ι
1460 4294 1556 4347 καὶ
1583 4294 1617 4364 ὴ
1654 4293 1766 4366 ζωὴ
1804 4290 1873 4367 ἦν

2016 1810 2230 1871 tempus
2292 1812 2347 1859 et
2383 1821 2558 1861 rerum
2592 1818 2688 1862 aut
2718 1808 2934 1877 aliquod
2996 1813 3229 1881 spatium
3281 1814 3425 1869 inter
3483 1814 3586 1871 Pa-

2008 1900 2144 1946 trem
2169 1901 2224 1947 et
2250 1894 2441 1949 Filium
2469 1897 2790 1954 intercedat.
2821 1901 2889 1955 At
2920 1902 2965 1956 si
3020 1902 3073 1956 id
3115 1907 3485 1971 concesseris,
3519 1921 3585 1961 ea

2008 1998 2129 2053 qua:
2168 1982 2309 2040 facta
2348 1995 2498 2052 sunt,
2537 1987 2795 2044 eﬂ‘ectore
2825 1992 3006 2060 priora
3038 2008 3158 2047 esse
3184 1996 3529 2063 reperientur
3563 2014 3584 2054 :

2008 2093 2027 2128 ι
2055 2076 2249 2132 Omnia
2270 2078 2472 2144 enim,»
2497 2080 2673 2151 inquit
2698 2082 3085 2153 Evangelistau
3112 2101 3206 2153 per
3227 2085 3422 2141 Filium
3441 2086 3582 2145 facta

1999 2179 2146 2232 sunt,
2166 2177 2221 2224 et
2238 2170 2360 2225 sine
2390 2172 2512 2242 ipso
2543 2189 2612 2227 ne
2633 2188 2805 2228 unum
2829 2175 3048 2244 quidem
3089 2176 3291 2230 factum
3335 2188 3421 2232 est
3455 2182 3522 2231 “.
3553 2195 3573 2230 ι

1999 2257 2178 2317 Unum
2217 2272 2396 2318 autem
2428 2279 2492 2319 ex
2520 2266 2773 2321 omnibus
2805 2276 2889 2320 est
2923 2280 3101 2321 aevum
3144 2276 3199 2319 et
3250 2277 3483 2339 tempus.
3516 2271 3580 2325 Et

1995 2350 2187 2407 beatus
2199 2351 2528 2419 Apostolus:
2556 2354 2922 2420 «Novissimis,
2946 2358 3137 2427 inquit,
3159 2359 3351 2414 diebus
3368 2361 3580 2416 locutus

1994 2454 2078 2498 est
2102 2446 2259 2500 nobis
2279 2446 2333 2499 in
2353 2445 2684 2516 Filio,quem
2707 2450 2993 2511 constituit
3016 2451 3284 2507 haeredem
3306 2444 3574 2519 omnium,

1992 2546 2093 2603 per
2138 2549 2301 2604 quem
2357 2535 2488 2591 fecit
2534 2545 2589 2592 et
2646 2539 2843 2594 saecula
2877 2542 2945 2595 ⁸ο.
2995 2558 3014 2592 ι
3065 2542 3243 2608 Quare
3279 2542 3327 2597 si
3380 2542 3575 2597 saecula

1992 2635 2123 2681 sunt
2155 2641 2317 2696 Opera
2356 2627 2498 2697 Filii,
2539 2647 2648 2687 non
2690 2639 2819 2686 sunt
2846 2641 2975 2687 ante
3014 2632 3328 2688 eﬂectorem
3388 2647 3571 2687 suum.

1990 2715 2144 2781 Quod
2173 2722 2216 2774 si
2253 2721 2450 2775 saecula
2490 2736 2593 2776 non
2621 2733 2750 2777 sunt
2773 2732 2926 2787 ante,
2960 2739 3030 2779 ne
3091 2733 3305 2792 tempus
3350 2724 3571 2794 quidem

1988 2804 2140 2871 illud,
2164 2809 2309 2878 quod
2336 2810 2452 2865 dies
2480 2820 2534 2865 et
2559 2820 2749 2867 noctes
2813 2812 3059 2870 elilcinnt‘
3110 2823 3275 2884 atque
3332 2816 3570 2870 metiun-

1990 2909 2098 2954 tur.
2129 2899 2265 2953 Nam
2319 2901 2438 2957 dies
2496 2911 2552 2957 et
2601 2911 2788 2959 noctes
2844 2903 2981 2959 lucis
3026 2917 3218 2960 exortu
3264 2920 3571 2977 occasuque

1987 2991 2145 3047 ﬁunt.
2176 2992 2294 3047 Lux
2322 3007 2451 3048 vero
2475 3003 2599 3062 post
2647 2995 2841 3050 coelum
2888 3003 2944 3049 et
2987 3004 3184 3050 terram
3233 3006 3289 3052 et
3334 3012 3458 3053 aera
3487 2998 3570 3054 la-

1912 3067 1956 3128 c
1989 3092 2075 3140 cta
2100 3093 2184 3139 est
2208 3100 2223 3151 ;
2246 3098 2367 3154 qua:
2392 3084 2611 3154 quidem
2644 3085 2827 3141 omnia
2857 3085 2998 3141 Deus
3018 3084 3258 3142 Verbum
3289 3088 3568 3145 voluntate

1987 3175 2165 3232 Patris
2223 3174 2517 3231 fabricatus
2563 3185 2666 3232 est.
2689 3179 2696 3186 “

2057 3290 2419 3358 Quamobrem
2440 3305 2563 3345 cum
2587 3300 2829 3360 tempora
2884 3299 2941 3345 et
2995 3291 3193 3346 saecula
3253 3307 3376 3347 cum
3436 3291 3563 3347 reli-

1984 3383 2106 3454 quis
2134 3382 2383 3437 omnibus
2406 3382 2621 3436 rebuS'a
2654 3380 2764 3436 Deo
2799 3380 2977 3439 Verbo
3008 3382 3151 3438 facta
3210 3393 3359 3447 sunt,
3420 3382 3558 3436 nihil

1982 3473 2343 3529 eritmedium
2378 3472 2747 3529 int‘erPatrem
2781 3483 2837 3528 et
2892 3474 3084 3528 Filium
3122 3493 3137 3539 ;
3191 3475 3285 3529 sed
3337 3490 3553 3545 semper

1986 3561 2131 3617 Deus
2164 3561 2342 3627 Pater,
2365 3569 2421 3616 ct
2480 3577 2698 3633 semper
2722 3578 2842 3617 cum
2876 3564 3034 3620 Patre
3082 3562 3268 3617 Filius.
3319 3563 3505 3630 itaque
3533 3577 3550 3616 :

1988 3671 2006 3706 ι
2058 3652 2116 3709 in
2168 3653 2460 3724 principio,
2504 3654 2703 3709 clamat
2763 3653 3187 3725 Evangelista",
3245 3668 3362 3708 erat
3424 3652 3561 3708 Ver-

1980 3744 2161 3829 bum.»
2195 3743 2261 3796 Et
2295 3744 2495 3798 Paulus
2528 3743 2805 3813 apostolus
2837 3761 2850 3798 :
2898 3764 2916 3796 ι
2947 3743 3048 3808 Qui
3082 3760 3205 3798 cum
3238 3746 3327 3808 sit,
3358 3744 3557 3812 inquit,

1978 3835 2238 3907 splendor
2275 3833 2478 3906 gloria,
2508 3843 2564 3888 et
2590 3834 2759 3903 ﬁgura
2794 3835 3113 3889 substantiae
3145 3836 3213 3888 ".
3245 3836 3311 3889 Et
3374 3835 3498 3889 alibi
3540 3850 3557 3889 :

1984 3926 2115 3994 «Qui
2167 3940 2290 3981 cum
2330 3926 2386 3980 in
2418 3924 2613 3990 forma,
2641 3924 2842 3994 inquit,
2882 3925 2977 3978 Dei
3037 3936 3223 3991 esset,
3272 3942 3378 3979 non
3412 3927 3560 3995 rapi-

1975 4032 2100 4073 nam
2125 4015 2419 4071 arbitratus
2446 4025 2550 4079 est,
2574 4030 2697 4070 esse
2716 4030 2776 4071 se
2805 4015 3067 4084 aequalem
3120 4014 3231 4068 Deo
3255 4014 3356 4067 ⁸³.»
3387 4013 3558 4071 Voces

1977 4112 2080 4166 illa:
2130 4109 2336 4175 :Erat,
2372 4107 2461 4172 sit,
2492 4116 2647 4171 esset,
2707 4106 2860 4161 illum
2916 4121 3133 4176 semper
3192 4122 3313 4161 esse
3374 4108 3558 4163 decla-

1974 4212 2120 4259 rant.
2147 4200 2411 4266 Quocirca
2442 4197 2604 4267 paulo
2627 4206 2748 4267 post
2782 4197 2859 4252 ait
2890 4197 3267 4268 Evangelista:
3313 4200 3462 4254 «Vita
3494 4216 3557 4256 e-

1975 4298 2075 4352 rat,
2110 4298 2163 4343 et
2212 4288 2323 4343 vita
2354 4296 2470 4343 erat
2522 4286 2615 4341 lux
2671 4287 2955 4341 hominum
2982 4286 3047 4339 ".
3090 4305 3108 4339 ι
3159 4272 3225 4341 Et
3281 4305 3494 4344 rursum
3537 4307 3554 4346 :

321 4375 375 4427 τὸ
401 4376 505 4444 φῶς
534 4377 641 4429 τῶν
665 4376 969 4447 ἀνθρώπων
997 4393 1010 4407 ·
1040 4396 1060 4431 ι
1087 4378 1183 4431 καὶ
1207 4375 1385 4446 αὖθις,
1426 4378 1565 4438 «Ἦν
1594 4385 1655 4439 τὸ
1687 4387 1800 4456 φῶς
1819 4387 1879 4440 τὸ

1992 4398 2008 4432 ι
2045 4379 2175 4433 Erat
2199 4379 2288 4432 lux
2326 4392 2475 4441 vera,
2529 4392 2651 4446 qua:
2697 4377 2971 4432 illuminat
3003 4394 3223 4434 omnem
3278 4381 3552 4438 hominem

318 4465 573 4534 ἀληθινὸν,
601 4467 629 4521 ὃ
661 4468 889 4535 φωτίζει
918 4469 1093 4522 πάντα
1124 4470 1415 4542 ἄνθρωπον
1442 4474 1740 4546 ἐρχόμενον
1777 4476 1864 4541 εἰς

316 4557 403 4607 τὸν
432 4558 652 4628 κόσμον.
693 4577 713 4612 ι
764 4559 877 4613 Kal
900 4559 1082 4627 πάλιν,
1119 4578 1137 4612 ι
1186 4561 1247 4617 ’0
1298 4565 1596 4637 μονογενὴς
1656 4566 1806 4633 Υἰδς,
1844 4571 1873 4622 6

315 4646 387 4699 ὣν
407 4652 481 4711 εἰς
508 4651 595 4703 τὸν
617 4651 819 4703 κόλπον
832 4651 925 4703 τοῦ
954 4651 1186 4721 Πατρός·
1211 4670 1230 4705 ι
1253 4655 1347 4708 καὶ
1367 4656 1427 4709 ἐν
1460 4659 1524 4727 τῇ
1561 4656 1870 4730 Ἐπιστολῇ,

317 4756 335 4789 ι
382 4740 477 4803 Ὃς
506 4736 594 4811 ἦν,
648 4759 667 4793 ι
707 4742 895 4812 φησιν,
930 4759 949 4793 ι
993 4743 1091 4795 ἀπ’
1118 4743 1315 4814 ἀρχῆς.
1351 4763 1370 4797 ι
1416 4745 1575 4801 Οὕτω
1601 4749 1872 4819 θεολογεῐν

312 4829 409 4883 ὑπὸ
461 4831 554 4885 τοῦ
586 4832 736 4885 θείου
793 4833 1110 4903 Πνεύματος
1152 4836 1243 4887 τὸν
1297 4840 1564 4907 μονογενῆ
1595 4840 1689 4894 τοῦ
1735 4842 1871 4898 Θεοῦ

310 4922 472 4989 Λόγον
521 4923 888 4994 ἐδιδάχθησαν
934 4926 981 4978 οἰ
1047 4927 1146 4980 ἀπ’
1186 4929 1361 4998 ἀρχῆς
1424 4930 1711 4998 αὐτόπται,
1777 4937 1871 4989 καὶ

305 5014 565 5083 ὑπηρέται
612 5016 710 5068 τοῦ
776 5016 951 5085 Λόγου
991 5018 1294 5088 γενόμενοι.
1350 5020 1442 5075 Διὸ
1497 5024 1560 5076 οὐ
1616 5027 1871 5098 συνηριθ-

306 5124 476 5177 μησαν
515 5112 583 5178 τῇ
609 5108 787 5161 κτίσει
812 5108 904 5161 τὸν
959 5110 1259 5165 κτίσαντα·
1292 5112 1355 5164 οὐ
1411 5115 1709 5179 συνέταξαν
1775 5120 1867 5175 τὸν

302 5200 525 5267 ποιητὴν
548 5201 664 5259 τοῖς
692 5199 989 5268 ποιήμασιν
1012 5214 1027 5229 ·
1060 5201 1295 5271 οὐδαμοῦ
1324 5203 1531 5276 κτίσμα
1558 5207 1619 5259 τὸ
1641 5211 1863 5279 γνήσιον

294 5288 383 5339 τοῦ
399 5287 535 5340 Θεοῦ
567 5287 1018 5358 προσηγόρευσαν
1047 5290 1314 5362 γέννημα·
1346 5293 1584 5364 οὐδαμοῦ
1625 5298 1717 5352 «τὸ
1739 5301 1862 5368 ἐγέ-

293 5397 408 5433 νετο
436 5399 455 5432 ι
493 5382 818 5447 συνέζευξαν
848 5386 912 5452 τῇ
945 5382 1178 5455 θεότητι.
1211 5383 1354 5438 Ἀλλ’
1382 5383 1540 5451 οὗτος
1571 5390 1691 5460 μὲν,
1726 5410 1745 5444 ι
1769 5393 1857 5447 Ἑν

358 5537 587 5616 “_Joap_.
608 5538 748 5616 μιᾷ.
787 5538 868 5616 ﬁ“
900 5539 1036 5616 Ibid.
1067 5542 1123 5596 5.
1213 5544 1259 5616 ξο
1291 5543 1455 5605 Hebr,
1489 5563 1528 5616 ι,
1558 5549 1613 5607 2,

296 5621 366 5673 ιγ,
395 5608 450 5662 4.
526 5607 573 5639 ⁸³
605 5608 737 5664 ibid.
784 5606 836 5665 9.
912 5609 957 5641 ⁵⁵
976 5610 1111 5666 Joan
1148 5628 1187 5672 1.
1214 5613 1266 5668 8.

1711 5553 1752 5586 ⁸¹
1809 5551 1969 5611 Joan.
2002 5570 2040 5623 ι,
2082 5556 2103 5611 1
2214 5554 2260 5587 ⁸³
2312 5553 2478 5611 Hebr.
2506 5556 2627 5624 1,5.

1972 4468 2285 4523 venientem
2338 4467 2395 4521 in
2447 4467 2734 4521 mundum.
2770 4485 2789 4518 ι
2829 4466 2891 4521 Et
2917 4483 3128 4523 rursum
3184 4485 3200 4523 :
3257 4470 3553 4537 «Unigeni-

1974 4567 2059 4615 tus
2101 4557 2271 4612 Filius
2309 4557 2400 4627 qui
2429 4566 2513 4611 est
2543 4556 2599 4609 in
2632 4557 2755 4610 sinu
2785 4555 2959 4611 Patris
2987 4558 3055 4612 ⁸³.
3088 4576 3108 4609 ι
3149 4555 3216 4611 Ει
3253 4559 3308 4613 in
3340 4558 3553 4629 Episto-

1971 4650 2073 4706 lis:
2113 4648 2248 4714 cQui
2275 4659 2411 4716 erat,
2438 4668 2456 4703 ι
2500 4649 2701 4717 inquit,
2724 4668 2742 4701 ι
2776 4650 2843 4703 ab
2866 4649 3024 4704 initio
3046 4649 3116 4705 ”.
3133 4669 3150 4702 ι
3174 4652 3250 4703 ita
3270 4649 3337 4704 de
3362 4652 3548 4720 unige-

1976 4743 2093 4797 nito
2133 4741 2228 4797 Dei
2260 4740 2441 4797 Verbo
2466 4741 2841 4813 philosolihari
2872 4756 2901 4795 a
2933 4741 3117 4795 divino
3153 4740 3356 4810 Spiritu
3373 4741 3549 4794 edocti

1985 4842 2116 4888 sunt
2145 4832 2243 4898 illi,
2274 4832 2366 4903 qui
2395 4833 2462 4887 ab
2501 4832 2656 4886 initio
2721 4831 2881 4886 Verbi
2936 4830 3159 4884 fuerunt
3213 4830 3550 4897 inspectores

1980 4932 2034 4979 et
2065 4922 2315 4976 ministri.
2354 4921 2696 4990 Quapropter
2729 4935 2835 4973 non
2864 4919 2915 4971 in
2942 4933 3150 4981 eorum,
3185 4932 3303 4985 qua:
3362 4925 3543 4969 creata

1980 5027 2107 5069 sunt
2143 5027 2394 5074 numero.
2453 5020 2750 5067 creatorem
2788 5010 3049 5078 ipsorum,
3088 5023 3189 5062 nec
3235 5009 3289 5060 in
3352 5021 3541 5060 eorum

1981 5121 2228 5172 numero,
2255 5120 2374 5175 qua
2399 5104 2539 5158 facta
2582 5110 2728 5167 sunt,
2760 5101 3001 5171 ipsorum
3052 5099 3362 5153 cliectorem
3409 5114 3544 5152 con-

1974 5199 2293 5261 stituerunt,
2323 5211 2426 5251 nec
2455 5209 2771 5266 germanum
2834 5191 2927 5245 Dei
2985 5192 3184 5245 Filium
3236 5191 3345 5245 ullo
3376 5192 3539 5246 modo

1969 5295 2211 5342 creatum
2248 5286 2680 5356 appellaverunt.
2733 5284 2844 5339 Nec
2891 5298 3054 5337 voces
3088 5280 3248 5337 illas:
3307 5280 3538 5336 Factum

1965 5389 2038 5433 est
2090 5392 2212 5432 cum
2262 5376 2542 5433 divinitate
2590 5376 3007 5432 coniunxerunt.
3061 5373 3166 5428 Sed
3232 5373 3371 5429 has:
3414 5391 3434 5426 ι
3475 5372 3531 5427 in

2742 5551 2788 5585 ⁶²
2813 5550 3006 5621 Philip.
3041 5567 3102 5619 ιι,
3139 5550 3193 5607 6.
3298 5550 3343 5584 ⁸⁸
3374 5552 3532 5610 Joan.
