3992 6210
440 327 507 397 91
1677 321 2056 387 EUTHYMH

2164 312 2462 381 [GABENI
2891 384 2897 397 λ
3594 305 3723 370 ιοε

449 448 722 520 principio
774 460 895 505 erat
955 451 1212 505 Verbum.
1252 468 1270 501 ι
1338 448 1405 502 Ει
1464 446 1631 501 illas:
1674 463 1693 497 ι
1726 443 1830 512 Qui
1888 456 2056 499 cuml

2164 444 2258 511 σχῇ
2289 432 2359 510 ἦν
2381 441 2409 492 6
2438 436 2633 507 Λόγος,
2666 455 2686 489 ι
2733 436 2858 501 οὐκ,
2900 434 2990 490 Ἐν
3015 435 3157 507 ἀρχῇ
3185 434 3403 505 ἑγένετο
3428 438 3454 490 6
3485 437 3666 507 Λόγος
3695 456 3717 473 ·

449 548 597 595 esset
650 539 908 604 splendor
944 540 1151 610 gloriaa,
1185 546 1239 593 et
1302 538 1472 608 ligura
1524 535 1857 592 subatantize
1883 534 1950 598 ⁸⁷,
1994 550 2012 585 ι

2164 536 2331 596 κεῖνος
2374 532 2452 596 δὲ,
2520 551 2539 585 r
2586 532 2674 596 Ὠς
2714 531 2792 586 ὢν
2845 528 3191 600 ἀπαύγασμα
3252 530 3347 600 τῆς
3388 528 3567 599 δόξης,
3606 534 3719 589 καὶ

459 647 569 686 non
593 643 779 686 autem
807 633 932 687 bas:
959 652 977 683 ι
1007 632 1107 698 Qui
1134 646 1261 685 cum
1297 631 1352 685 in
1383 630 1557 685 forma
1589 629 1683 684 Dei
1717 637 1866 683 esset
1893 626 1965 689 ",
1994 643 2014 677 ι

2164 624 2415 698 αρακτὴρ
2446 624 2549 694 τῆς
2589 623 2965 684 ὑποστάσεως·
3018 639 3037 674 ι
3076 623 3172 674 καὶ
3220 622 3412 690 πάλιν,
3473 642 3493 675 t
3526 625 3631 689 Ὃς
3658 626 3724 679 ὲν

448 731 505 778 et
546 724 726 777 alibi:
788 743 806 775 ι
837 723 938 788 Qui
1002 732 1088 777 est
1154 723 1335 793 imago
1394 722 1488 777 Dei
1546 720 1840 777 invisibilis
1883 720 1952 773 ”.
1997 732 2017 769 ι

2164 721 2315 791 ,ορφῇ
2348 718 2485 772 Θεοῦ
2520 717 2809 787 ὑπάρχων,
2840 715 2901 767 οὐ
2958 713 3140 784 μορφὴ
3199 714 3339 767 Θεοῦ
3393 716 3722 787 γενόμενος,

449 815 569 870 Νοιι
628 814 804 869 dixit:
847 813 949 879 Qui
1009 815 1177 884 {actus
1239 823 1314 868 est
1353 814 1531 885 imago
1572 813 1667 869 Dei
1716 812 2021 877 invisibilis,

2164 813 2243 867 λλ’
2269 811 2535 883 ὑπάρχων
2570 809 2629 862 ὲν
2663 809 2848 878 μορφῇ
2876 804 3068 860 Θεοῦ.)
3129 807 3241 859 Καὶ
3269 806 3520 877 ἑτέρωθι,
3559 828 3576 862 ι
3608 809 3725 875 ὐς

450 904 569 970 sed,
599 906 809 973 quiest.

2164 922 2280 961 στιν
2317 906 2482 959 είκὼν
2510 901 2607 957 τοῦ
2644 899 2782 955 Θεοῦ
2805 899 2898 953 τοῦ
2932 900 3187 971 ἀοράτου.
3222 918 3241 951 ι
3272 898 3390 955 Οὐκ
3411 895 3586 969 εἶπεν,
3614 902 3729 966 ’ος

2128 998 2352 1066 ἐγένετο
2407 992 2573 1048 εἰκὼν
2628 992 2722 1045 τοῦ
2777 985 2914 1043 Θεοῦ
2970 987 3066 1042 τοῦ
3117 989 3375 1062 ἀοράτου,
3411 991 3553 1058 ἀλλ’,
3612 990 3730 1055 ’ος

2128 1089 2302 1143 ἐστιν.

2206 1176 2364 1233 Οὕτω
2394 1171 2677 1248 πανταχοῦ
2710 1179 2773 1247 τῇ
2802 1174 3061 1246 θεολογίᾳ
3106 1174 3471 1239 συνέζευκται
3511 1173 3576 1227 τὸ
3627 1168 3733 1244 ἦν,

454 1283 541 1331 est
565 1276 728 1331 illud:
752 1287 888 1341 erat,
930 1289 984 1332 et
1011 1278 1142 1334 illud
1172 1296 1289 1333 cum
1324 1280 1416 1343 sit,
1440 1288 1496 1333 ct
1522 1278 1654 1333 illud
1688 1294 1844 1332 :cum
1878 1286 2033 1342 esset,

2164 1276 2232 1326 ιαὶ
2255 1273 2318 1325 τὸ
2340 1270 2437 1335 ὢν,
2467 1270 2564 1325 καὶ
2603 1273 2663 1323 τὸ
2696 1269 2981 1340 ὑπάρχων,
3040 1270 3134 1322 καὶ
3184 1266 3245 1321 τὺ
3301 1266 3475 1323 ἔστιν.
3530 1266 3737 1330 Οὕτως

455 1377 511 1419 et
532 1367 683 1432 illud,
720 1378 815 1421 est.
845 1368 986 1435 Quin
1013 1369 1177 1423 etiam
1204 1370 1320 1439 ipse
1356 1371 1499 1425 Deus
1525 1386 1652 1426 cum
1685 1384 1882 1441 magno
1920 1370 2037 1423 Mo-

2169 1365 2332 1419 αυτὸν
2359 1365 2454 1418 καὶ
2496 1361 2576 1434 τῷ
2612 1362 2832 1434 μεγάλῳ
2862 1362 3072 1433 Μωῦσῇ
3120 1361 3502 1433 διαλεγόμενος
3556 1379 3736 1430 προσ-

456 1471 516 1512 se
547 1460 775 1526 loquens
806 1461 878 1513 ita
918 1476 977 1514 se
1008 1461 1303 1529 appellavit
1341 1480 1355 1516 :
1418 1479 1439 1517 ι
1472 1461 1604 1532 Ego,
1665 1481 1685 1516 ι
1752 1461 2033 1531 inquiens,

2164 1456 2457 1528 ιγόρευσεν,
2502 1472 2521 1506 ι
2572 1452 2714 1522 Ἐγώ
2743 1453 2857 1524 εἰμι
2885 1453 3031 1507 ὀῶν.
3070 1472 3087 1504 ι
3125 1452 3233 1507 Καὶ
3259 1454 3442 1519 πάλιν,
3518 1474 3535 1504 ‹
3582 1452 3732 1508 Τάδε

462 1567 481 1601 ι
515 1567 635 1605 sum
680 1554 773 1621 qui
811 1570 933 1608 sum
957 1555 1025 1609 ⁸⁸.
1068 1573 1089 1606 ι
1122 1556 1435 1623 Ει,ι“ιιι-ειιηι
1472 1572 1488 1609 :
1539 1574 1558 1607 ι
1616 1556 1798 1622 Haec,»
1837 1555 2036 1623 inquit,

2172 1548 2283 1618 ρεϊς
2301 1548 2412 1609 τοῖς
2444 1546 2581 1607 υἱοῖς
2620 1543 2840 1614 Ἰσραήλ
2863 1560 2878 1574 ·
2918 1562 2936 1593 ‹
2984 1545 3043 1597 '0
3070 1542 3471 1612 ὣνίάπέσταλκέ
3500 1562 3569 1612 με
3589 1543 3738 1614 προς

463 1662 482 1693 ι
518 1642 667 1697 dices
696 1643 823 1699 [iliis
855 1646 1021 1700 Israel
1057 1662 1071 1699 :
1116 1646 1220 1712 Qui
1250 1657 1355 1709 est,
1386 1648 1536 1702 misit
1570 1664 1659 1703 me
1679 1648 1748 1703 ad
1773 1662 1869 1703 vos
1903 1648 1970 1702 “.
2012 1664 2033 1699 ι

2164 1640 2309 1710 ιμᾶς.
2352 1656 2371 1690 ι
2416 1636 2554 1701 ΪΟτι
2585 1635 2640 1689 δὲ
2690 1637 2784 1689 τοῦ
2820 1634 2955 1689 Υίοῦ
2998 1634 3173 1689 ταῦτα
3233 1636 3297 1689 τὰ
3335 1637 3554 1705 ῥήματα
3588 1652 3743 1705 μαρ-

460 1730 589 1784 llaec
644 1742 827 1787 autem
903 1750 1028 1791 esse
1085 1737 1210 1791 Filii
1264 1738 1429 1793 verba
1512 1739 1821 1795 concedunt
1874 1740 2037 1794 etiam

2164 1728 2370 1801 τυροῦσι
2407 1729 2506 1799 μὲν
2534 1731 2629 1781 καὶ
2661 1728 2818 1781 αὐτοὶ
2849 1730 2950 1800 τῆς
3005 1724 3365 1798 βλασφημίας
3412 1729 3459 1782 οἱ
3514 1728 3744 1798 πρόμα-

525 1188 703 1256 Atque
744 1188 815 1243 ita
846 1188 1153 1245 Divinitatis
1183 1190 1385 1245 rationi
1410 1190 1612 1260 passim
1674 1190 2031 1257 coniunctum

458 1821 757 1889 impietatis
813 1827 1161 1882 exsecranda:
1230 1836 1711 1899 propugnatores,
1787 1830 1879 1898 qui
1942 1829 2045 1884 Pa-

464 1924 604 1968 trem
665 1917 887 1985 quidem
937 1919 1360 1989 inseparabilem
1421 1931 1690 1987 statuunt,
1755 1922 1853 1976 sed
1920 1938 2043 1979 me-

461 2005 615 2060 dium
650 2006 794 2062 inter
851 2008 1068 2066 Patrem
1118 2019 1173 2067 et
1232 2027 1318 2066 res
1368 2023 1579 2069 creatas
1606 2014 1801 2070 Filium
1841 2017 2045 2084 locant,

463 2110 699 2164 eumque
781 2099 1111 2167 patriarchis
1165 2111 1221 2157 et
1282 2105 1568 2173 prophetis
1625 2107 1947 2177 apparuisse
1991 2117 2047 2163 et

464 2186 705 2239 locutum
739 2201 859 2242 esse
882 2189 1093 2245 dicunt.
1146 2191 1255 2246 Sed
1304 2194 1419 2262 ipse
1485 2195 1627 2251 Deus
1652 2196 1889 2251 Verbum
1952 2212 2048 2267 per

462 2276 757 2334 Jeremiam
788 2281 974 2335 verbis
1006 2282 1061 2335 id
1086 2297 1191 2336 nos
1216 2286 1505 2353 perspicue
1543 2286 1723 2351 docet,
1767 2302 1891 2342 cum
1919 2289 1994 2342 ait
2026 2304 2044 2342 :

474 2387 494 2420 ι
520 2369 579 2423 In
610 2369 810 2425 diebus
862 2370 970 2426 illis
1038 2380 1095 2426 et
1124 2373 1179 2427 in
1212 2383 1459 2444 tempore
1495 2376 1586 2431 illo
1629 2377 1825 2432 feriam
1859 2379 2048 2434 domui

464 2459 636 2523 lsrael
694 2470 751 2516 et
805 2461 1149 2519 domuiJuda
1198 2472 1586 2521 testamentum
1638 2480 1875 2536 novum,
1935 2484 2048 2526 non

471 2552 775 2608 secundum
809 2563 1223 2622 testamentum,
1259 2558 1407 2627 quod
1457 2558 1556 2613 tuli
1589 2560 1832 2628 patribus
1858 2576 2049 2617 eorum

467 2643 527 2703 in
579 2645 688 2710 die,
736 2661 843 2715 qua
865 2648 1199 2717 apprehendi
1230 2664 1455 2705 manum
1487 2664 1708 2718 eorum,
1741 2664 1802 2708 ut
1849 2655 2054 2710 educe-

476 2747 592 2786 rem
648 2748 743 2789 eos
794 2736 862 2789 de
893 2746 1039 2792 terra
1062 2738 1386 2810 Egypti".
1435 2758 1456 2794 ι
1515 2741 2050 2816 Ουωηιιιιιείεἰιιιτ,

471 2822 596 2891 quis
625 2831 1012 2883 testamentum
1036 2829 1197 2885 nobis
1223 2832 1328 2887 hoc
1344 2822 1547 2890 novum
1596 2836 1831 2892 dederit.
1856 2836 2052 2893 Nonne

468 2924 684 2970 constat
739 2917 791 2971 id
840 2919 1002 2974 nobis
1057 2921 1350 2979 Dominum
1401 2925 1683 2983 Christum
1748 2929 2057 2985 attulisse?

468 3004 596 3074 Ipse
622 3007 776 3061 enim
810 3008 865 3063 in
892 3011 1100 3067 sanctis
1130 3012 1443 3086 Evangeliis
1488 3018 1692 3074 clamat
1724 3037 1740 3075 :
1800 3020 2052 3077 «Dictum

2146 1839 2254 1897 χοι,
2288 1822 2577 1895 άχώρητον
2617 1819 2717 1892 μὲν
2739 1820 2832 1875 τὸν
2859 1820 3085 1891 Πατέρα
3113 1820 3392 1888 λέγοντες,
3424 1817 3660 1890 μεσίτην
3678 1817 3739 1872 δὲ

2144 1915 2239 1969 τοῦ
2268 1915 2484 1986 Πατρὸς
2518 1915 2613 1968 καὶ
2639 1915 2735 1985 τῆς
2764 1912 2997 1976 κτίσεως
3016 1913 3109 1967 τὸν
3137 1912 3265 1966 Υίδν
3297 1911 3741 1976 ἀποκαλοῦντες,

2148 2004 2247 2059 καὶ
2284 2004 2591 2074 φάσκοντες
2620 2003 2786 2058 αὑτὸν
2818 2007 2933 2067 τοῖς
2956 2006 3335 2075 πατριάρχαις
3365 2019 3422 2056 τε
3472 2002 3568 2055 καὶ
3622 2003 3743 2064 τοῖς

2147 2098 2460 2169 προφήταις
2500 2097 2729 2168 ὀφθῆναί
2762 2114 2822 2151 τε
2852 2097 2949 2152 καὶ
3000 2095 3376 2168 διαλεχθῆναι.
3418 2094 3619 2164 Σαφῶς
3682 2095 3743 2149 δὲ

2148 2191 2299 2264 ἡμᾶς
2330 2192 2490 2254 αὐτὸς
2527 2193 2556 2244 6
2603 2172 2737 2254 Θεὸς
2788 2189 2963 2258 Λόγος
3000 2188 3250 2243 διδάσκει
3310 2190 3401 2243 διὰ
3464 2188 3743 2259 Ἱερεμίου

2146 2283 2243 2337 τοῦ
2274 2284 2557 2355 προφήτου
2577 2281 2780 2351 λέγων,
2818 2300 2837 2335 ι
2894 2282 2985 2336 Ἐν
3038 2282 3159 2344 ταῖς
3188 2281 3422 2353 ἡμέραις
3472 2281 3741 2346 ἐκείναις,

2150 2376 2251 2431 καὶ
2280 2376 2340 2431 ὲν
2373 2375 2451 2448 τῷ
2475 2375 2653 2446 καιρῷ
2681 2372 2880 2445 ἐκείνῳ
2900 2373 3230 2444 διαθήσομαι
3262 2368 3339 2443 τῷ
3363 2372 3499 2444 οἴκῳ
3515 2372 3745 2444 Ἰσραὴλ

2151 2470 2247 2524 καὶ
2285 2468 2365 2539 τῷ
2394 2469 2529 2539 οἴκῳ
2554 2467 2729 2523 ’ἰούδα
2760 2468 3042 2538 Διαθήκην
3072 2466 3295 2536 καινὴν,
3347 2468 3408 2519 οὐ
3439 2469 3585 2519 κατὰ
3636 2465 3743 2535 τὴν

2150 2563 2419 2634 διαθήκην
2481 2561 2550 2632 ἣν
2609 2559 2871 2631 διεθέμην
2926 2562 3041 2624 τοῖς
3094 2559 3371 2629 πατράσιν
3440 2558 3625 2611 αὐτῶν
3683 2560 3745 2610 ἐν

2152 2656 2340 2727 ἡμέρᾳ
2376 2648 2784 2723 ἐπιλαϐομένου
2813 2669 2919 2721 μου
2948 2654 3047 2723 τῆς
3089 2651 3273 2722 χειρὸς
3327 2650 3508 2704 αὐτῶν
3541 2649 3747 2719 ἐξαγα-

2157 2751 2277 2817 γεῖν
2305 2747 2505 2809 αὐτοὺς
2534 2745 2599 2798 ὲκ
2628 2744 2732 2815 γῆς
2762 2744 3065 2813 Αἰγύπτου.
3111 2763 3130 2796 ι
3184 2743 3525 2814 Ζητήσωμεν
3553 2743 3745 2795 τοίνυν

2152 2841 2237 2905 τίς
2261 2839 2359 2911 τὴν
2386 2840 2578 2911 καινὴν
2604 2840 2736 2911 ἡμῖν
2762 2836 3043 2907 Διαθήκην
3064 2850 3077 2866 ·
3139 2836 3174 2907 ἢ
3214 2835 3374 2905 δῆλον
3420 2832 3624 2887 ἅπασιν
3655 2833 3738 2896 ὡς

2153 2932 2181 2985 6
2210 2930 2490 3001 Δεσπότης
2550 2928 2790 2997 Χριστὸς
2842 2929 3049 3000 ταύτης
3090 2925 3209 2980 ἐστὶ
3252 2924 3526 2996 χορηγός;
3564 2922 3745 2985 Δύτὸς

2156 3024 2266 3096 γὰρ
2317 3026 2376 3077 ἐν
2420 3025 2535 3088 τοῖς
2607 3021 2777 3095 ἱεροῖς
2830 3021 3188 3092 Εύαγγελίοις
3234 3019 3373 3092 βοᾷ·
3432 3036 3451 3069 r
3500 3015 3742 3089 Ἐρρέθη

472 3103 558 3195 est
583 3096 827 3195 antiquis
862 3117 876 3153 :
912 3099 1033 3155 Non
1058 3102 1300 3160 occides.
1332 3104 1458 3177 lEgo
1483 3118 1667 3162 autem
1689 3108 1817 3164 dico
1855 3110 2048 3166 vobis:

2164 3118 2270 3180 τοῖς
2300 3114 2570 3187 ἀρχαίοις,
2624 3112 2705 3171 Οὐ
2759 3112 3078 3184 φονεύσεις·
3128 3110 3240 3180 ἐγὼ
3289 3109 3345 3164 δὲ
3393 3107 3538 3179 λέγω
3590 3108 3744 3178 ὑμῖν,

478 3179 670 3238 Omnis
729 3187 823 3254 qui
874 3196 1079 3245 temere
1130 3192 1393 3249 irascitur
1426 3194 1584 3251 fratri
1618 3211 1742 3262 suo.
1787 3210 1915 3254 reus
1946 3202 2056 3256 erit

2164 3179 2280 3270 nat;
2305 3179 2721 3278 ὁόργιζόμενος
2878 3200 3095 3274 ἀδελφῷ
3144 3179 3310 3256 αὑτοῦ
3365 3200 3488 3269 είκῆ
3549 3198 3737 3268 ἔνοχος

436 3272 688 3343 —judicii.
714 3275 926 3333 Dictum
948 3290 1028 3335 est
1063 3284 1308 3354 antiquis
1373 3303 1387 3339 :
1444 3284 1567 3343 Non
1619 3290 1913 3361 pejerabis.
1942 3291 2056 3363 Ego

476 3377 662 3418 autem
714 3366 839 3422 dico
885 3368 1088 3425 vobis:
1144 3371 1223 3427 Ne
1266 3372 1465 3444 juretis
1515 3380 1839 3436 omnino".
1883 3398 1903 3432 ›
1989 3382 2059 3437 Et

475 3455 582 3510 alia
648 3457 840 3513 borum
901 3462 1101 3518 similia
1163 3468 1501 3535 praescribit,
1558 3470 1645 3527 bis
1701 3482 1862 3529 utens
1918 3475 2061 3540 lvcr-

477 3547 563 3603 bis
620 3566 634 3603 :
680 3569 699 3602 r
732 3548 946 3607 Dictum
989 3565 1072 3611 est
1110 3558 1370 3629 antiquis,
1412 3578 1432 3613 ι
1488 3562 1546 3618 id
1609 3578 1710 3635 ego
1739 3573 1922 3621 autem
1954 3566 2060 3623 hoc

481 3640 655 3696 dico:
703 3643 784 3699 sic
827 3653 1011 3700 autem
1057 3648 1291 3718 impero,
1337 3667 1448 3707 non
1473 3663 1531 3708 ut
1571 3655 1709 3711 latas
1753 3656 1865 3727 jam
1913 3658 2061 3731 leges

481 3744 727 3790 evertam
786 3744 842 3791 et
869 3737 1156 3810 abrogem,
1212 3744 1309 3799 sed
1348 3755 1408 3800 ut
1458 3762 1551 3804 eas
1580 3749 1851 3805 stabiliam
1896 3761 2062 3823 atque

482 3826 824 3898 conﬁrmem,
852 3847 909 3887 et
930 3849 1036 3903 qua
1058 3835 1267 3891 ratione
1288 3837 1641 3895 observandae
1662 3842 1791 3908 sint,
1812 3826 2062 3900 dooEam.

483 3918 697 3975 Novum
754 3936 883 3996 ergo
931 3932 1319 3983 testamentum
1373 3931 1561 3987 tribuit
1599 3934 1759 3989 nobis
1798 3934 2064 3991 Dominus

480 4009 776 4078 Christus;
830 4014 923 4083 qui
982 4026 1167 4071 autem
1202 4018 1303 4074 hoc
1349 4021 1563 4088 tribuit,
1623 4024 1670 4079 is
1705 4035 1865 4081 vetus
1897 4029 2061 4083 etiam

480 4102 634 4157 dedit
690 4104 876 4159 lsraeli
934 4117 1062 4176 post
1105 4109 1227 4177 ejus
1254 4111 1635 4170 liberationem
1687 4131 1756 4171 ex
1807 4117 2064 4189 Afgypto.

2161 3297 2316 3353 ἔσται
2346 3300 2415 3369 τῇ
2444 3296 2646 3367 κρίσει.
2688 3294 2922 3367 Ἐρρέθη
2942 3296 3059 3359 τοῖς
3092 3292 3364 3365 ἀρχαίοις,
3397 3292 3517 3344 Ούκ
3549 3292 3744 3359 ὲπιορυ

2160 3390 2388 3461 κήσεις,
2424 3382 2538 3459 ἐγὼ
2564 3388 2622 3442 δὲ
2660 3387 2805 3457 λέγω
2862 3387 3014 3456 ὑμῖν,
3048 3386 3125 3456 μὴ
3159 3385 3357 3455 ὀμόσαι
3389 3382 3549 3443 ὅλως.
3584 3398 3601 3431 ι
3633 3379 3747 3432 Καὶ

2161 3480 2333 3536 τᾶλλα
2379 3480 2435 3533 δὲ
2494 3478 2700 3551 ὁμοίως
2755 3474 2996 3549 τίθησιν,
3048 3477 3131 3531 ὅτι
3194 3475 3400 3548 ἐρρέθη
3464 3474 3563 3540 μὲν
3602 3470 3748 3535 τόδε,

2168 3572 2283 3643 ιγὼ
2316 3572 2372 3626 δὲ
2397 3571 2557 3627 τοῦτο
2574 3568 2800 3624 τοιῶσδε
2832 3568 3137 3640 νομοθετῶ,
3174 3569 3274 3645 οὐκ
3301 3563 3628 3635 ἀνατρέπων
3649 3564 3751 3616 τὸν

2163 3668 2420 3738 κείμενον
2455 3665 2642 3736 νόμον,
2684 3663 2801 3719 ἀλλ’
2834 3661 3236 3734 ἀκριϐεστέραν
3299 3658 3396 3727 τὴν
3459 3654 3746 3710 νουθεσίαν

2166 3759 2361 3825 ποιῶν,
2394 3757 2609 3829 καὶτῆς
2641 3750 2890 3827 φυλακῆς
2936 3753 3025 3807 τδν
3060 3752 3256 3823 τρόπον
3306 3746 3592 3803 διδάσκων.
3627 3745 3746 3816 Τὴν

2169 3853 2298 3907 νέαν
2329 3852 2515 3906 τοίνυν
2550 3852 2684 3922 ἡμῖν
2707 3848 2989 3919 Διαθήκην
3016 3847 3046 3899 6
3074 3843 3351 3917 Δεσπότης
3379 3841 3580 3896 δέδωκε
3607 3840 3751 3912 Χρι-

2171 3943 2318 4005 στός.
2362 3940 2423 3997 Ὀ
2452 3941 2508 3994 δὲ
2559 3939 2767 4009 ταύτην
2792 3930 3185 4009 παρεσχηκὼς,
3230 3935 3325 3989 καὶ
3365 3934 3462 4002 τὴν
3510 3930 3752 3985 παλαιὰν

2174 4034 2317 4105 μετὰ
2376 4034 2481 4103 τὴν
2540 4033 2640 4103 τῆς
2703 4030 2988 4099 Αἰγύπτου
3059 4024 3383 4097 ἀπαλλαγὴν
3430 4024 3629 4076 δέδωκε
3673 4020 3751 4087 τῷ

2182 4128 2425 4199 Ἰσραήλ.
2462 4127 2523 4180 '0
2544 4126 2795 4188 δεδωκὼς
2825 4124 2879 4176 δὲ
2906 4123 3147 4190 ἑκείνην,
3180 4121 3275 4173 καὶ
3319 4122 3423 4189 τῆς
3452 4117 3754 4185 Αἰγυπτια-

475 4192 587 4257 Qui
641 4210 772 4249 vero
804 4196 943 4252 illud
999 4199 1175 4268 dedit,
1200 4211 1252 4257 et
1294 4206 1554 4274 populum
1625 4208 1697 4262 ab
1752 4208 2056 4282 Egyptiaca

2172 4192 2277 4292 κ’ἧς
2308 4192 2627 4283 ἀπαλλάξας
2652 4216 2923 4279 δουλείας,
2982 4214 3149 4276 αὐτὸς
3178 4210 3479 4309 ἀπέστειλε
3500 4206 3751 4309 δηλονότι

476 4285 745 4342 servitute
775 4288 1046 4357 liberavit,
1084 4293 1201 4363 ipse
1224 4296 1481 4352 nimirum
1511 4299 1712 4355 Mosem
1739 4303 1803 4357 ad
1821 4304 2056 4360 Pharao.

2175 4285 2312 4383 πρὸς
2334 4310 2533 4381 Φαραὼ
2561 4308 2651 4361 τὸν
2688 4306 2928 4360 Μωῦσὲα
2953 4320 2966 4334 ⁸
2998 4303 3162 4366 αὐτὸς
3191 4295 3336 4364 εἷπε,
3378 4316 3398 4351 ι
3436 4297 3574 4351 Τάδε
3609 4295 3756 4366 ἐρεῖς

480 4394 611 4435 nem
665 4380 842 4450 misit,
910 4383 1027 4455 ipse
1096 4386 1275 4442 dixit:
1322 4407 1339 4439 ‹
1365 4388 1490 4445 Haec
1520 4392 1667 4447 dices
1700 4394 1825 4450 ﬁliis
1850 4395 2014 4452 Israel
2052 4418 2056 4454 :

2174 4380 2285 4467 τοῖς
2319 4380 2453 4466 υίοίς
2470 4397 2706 4470 Ἰσραὴλ,
2752 4396 2814 4453 '0
2836 4397 2911 4449 ὢν
2939 4392 3251 4449 ἀπέσταλκε
3289 4408 3357 4461 με
3388 4389 3524 4461 πρὸς
3550 4388 3751 4457 ὑμᾶς.»

480 4472 588 4538 Qui
619 4483 723 4539 est,
748 4475 893 4529 misit
919 4492 1005 4532 me
1025 4478 1095 4533 ad
1122 4493 1236 4534 vos.
1262 4497 1282 4531 ι
1318 4479 1433 4536 Hoc
1480 4494 1661 4540 autem
1692 4496 1747 4541 et
1768 4488 1895 4543 alibi
1910 4489 2056 4546 Jure-

2172 4494 2345 4549 Τοῦτο
2382 4494 2441 4547 δὲ
2488 4491 2580 4547 καὶ
2624 4488 2854 4560 ἑτέρωθι
2896 4485 3170 4556 Ἱερεμίας
3197 4485 3225 4536 6
3268 4481 3558 4552 προφήτης
3587 4474 3759 4543 σαφὲς

486 4564 627 4618 mias
698 4566 921 4635 planum
977 4567 1156 4624 facit:
1237 4570 1406 4637 «Hic,
1465 4590 1485 4627 ι
1541 4576 1819 4647 inquiens,
1875 4583 2056 4639 rDeus

2171 4589 2334 4642 ποιεῖ.
2375 4582 2574 4648 ιΟῦτος
2599 4583 2764 4653 γὰρ,›
2804 4579 2994 4650 φησὶ),
3043 4595 3062 4631 ι
3084 4580 3111 4631 6
3138 4577 3271 4637 Θεὸς
3300 4573 3483 4644 ήμῶν,
3509 4572 3568 4624 ού
3607 4570 3757 4635 λογι-

484 4666 698 4719 noster,
735 4666 789 4712 et
826 4673 936 4713 non
976 4663 1385 4731 comparabitur
1426 4666 1563 4723 alter
1629 4684 1753 4724 cum
1784 4687 1871 4727 eo.
1906 4673 2056 4731 inve-

2170 4681 2433 4752 σθήσεται
2467 4679 2657 4748 ἔτερος
2692 4675 2829 4746 πρὸς
2887 4671 3074 4726 αὐτόν.
3143 4667 3361 4735 Ἐξεῦρε
3405 4666 3588 4717 πᾶσαν
3643 4661 3758 4752 ὁδον

484 4749 567 4804 uit
619 4765 837 4804 onmem
868 4752 1012 4806 viam
1065 4754 1334 4822 scientiae,
1377 4766 1431 4812 et
1485 4758 1634 4815 dedit
1686 4762 1833 4817 illam
1900 4763 2067 4821 Iacob

489 4857 661 4910 puero
687 4857 809 4905 suo,
842 4853 898 4899 et
929 4844 1345 4905 lsraelidllecto
1374 4865 1495 4907 suo.
1529 4853 1660 4909 Post
1686 4854 1804 4911 haec
1826 4857 1883 4911 in
1915 4868 2061 4915 terra

490 4934 641 4989 visus
667 4943 772 4997 est,
797 4944 854 4989 et
887 4949 1012 4991 cum
1059 4938 1373 4998 hominibus
1400 4956 1759 5004 conversatus
1780 4950 1849 5004 ”.
1893 4969 1912 5002 ι

562 5140 644 5193 Ab
675 5153 740 5194 eo
796 5138 941 5209 quod
971 5142 1246 5209 posterius
1279 5156 1366 5204 est
1393 5148 1745 5220 incipientes,
1782 5154 2067 5225 propheti-

492 5244 620 5285 cum
656 5246 879 5288 sensum
930 5234 1398 5307 investigabimus.
1466 5241 1668 5313 Ecquis
1717 5244 1827 5311 ille,
1890 5250 2066 5319 quiin

492 5330 638 5378 terra
710 5325 859 5382 visus
908 5333 1012 5389 est,
1072 5334 1127 5382 et
1156 5343 1279 5382 cum
1317 5329 1630 5389 hominibus
1670 5345 1756 5391 est
1786 5340 2073 5397 versatus?

497 5414 641 5471 Deus
703 5418 949 5486 profecto
989 5418 1251 5487 Verbum,
1297 5429 1357 5477 ut
1424 5425 1678 5481 omnibus
1722 5442 1904 5486 mente
1950 5434 2074 5504 qui-

492 5510 618 5565 dem
638 5510 876 5578 praeditis
892 5522 1058 5579 natet,
1084 5513 1182 5586 qui
1200 5522 1711 5586 naturamnostram
1736 5527 2064 5595 assumpsit,

2178 4748 2521 4841 ὲπίστήμης,
2566 4770 2663 4823 καὶ
2716 4768 2912 4820 ἔδωκεν
2974 4760 3148 4829 αὐτὴν
3217 4756 3431 4849 Ἰακὼϐ-
3462 4754 3544 4849 τῷ
3603 4748 3759 4849 παιδὶ

2173 4862 2367 4928 αὑτοῦ,
2422 4863 2517 4915 καὶ
2581 4857 2799 4930 Ἰσραὴλ
2867 4854 2949 4925 τῷ
3008 4848 3356 4923 ἠγαπημένῳ
3409 4843 3505 4899 ὑπ’
3564 4843 3754 4895 αὑτοῦ.

2178 4957 2337 5021 Μετὰ
2368 4953 2545 5009 ταῦτα
2567 4952 2661 5005 ἐπὶ
2686 4949 2787 5021 τῆς
2814 4949 2915 5019 γῆς
2950 4943 3133 5016 ὤφθη,
3158 4942 3253 4997 καὶ
3297 4942 3411 5002 τοῖς
3439 4936 3752 5007 ἀνθρώποις

2179 5042 2615 5115 συνανεστράφη.
2627 5042 2669 5094 ἰ

2251 5136 2508 5191 Κάτωθεν
2533 5132 2711 5187 τοίνυν
2737 5129 3035 5201 ἀρξάμενοι
3062 5125 3162 5196 τὴν
3218 5120 3564 5195 προφητικὴν
3589 5118 3763 5173 ἔννοι-

2177 5247 2244 5285 αν
2291 5227 2694 5298 ἐρευνήσωμεν.
2754 5222 2853 5286 Τίς
2899 5223 2928 5276 6
2988 5219 3081 5273 ἐπὶ
3134 5217 3234 5288 τῆς
3266 5215 3371 5283 γῆς
3407 5211 3619 5281 ὀφθεὶς,
3669 5207 3762 5262 καὶ

2178 5323 2295 5385 τοῖς
2350 5318 2663 5388 ἀνθρώποις
2710 5310 3228 5384 συναναστραφείςς
3276 5305 3513 5375 Εὔδηλον
3569 5305 3758 5362 πᾶσιν,

2179 5415 2255 5477 ὠς
2317 5407 2496 5481 οίμαι,
2534 5412 2648 5473 τοῖς
2692 5423 2759 5477 γε
2837 5404 2963 5460 νοῦν
3020 5403 3235 5473 ἔχουσιν
3292 5400 3321 5451 6
3379 5397 3510 5458 Θεὸς
3571 5395 3760 5481 Λόγος,

2178 5503 2276 5574 τὴν
2338 5480 2616 5572 ἡμετέραν
2673 5499 2837 5569 φύσιν
2886 5492 3197 5556 ἀναλαϐὼν,
3256 5489 3284 5540 6
3343 5487 3421 5557 μὴ
3472 5480 3765 5555 ἁρπαγμὸν

573 5682 818 5766 ’ξἈΠεῘζιῘο
855 5702 897 5766 [ι
917 5690 973 5750 5.
1049 5692 1097 5723 "
1121 5692 1322 5766 Philip.
1354 5709 1417 5765 ιι,
1448 5695 1502 5752 6.
1577 5694 1624 5728 “
1651 5697 1767 5756 Col.
1796 5713 1831 5766 ι,
1861 5699 1948 5755 15.
2024 5699 2056 5732 ⁸⁴

2164 5696 2259 5754 .ο(1.
2289 5712 2369 5763 ιιι,
2400 5693 2481 5749 Η.
2543 5692 2585 5725 ⁶¹
2613 5690 2749 5747 ibid.
2786 5688 2871 5745 15.
2934 5687 2977 5721 ⁶¹
3006 5683 3122 5742 Jer.
3152 5694 3301 5742 XXXI.
3330 5676 3421 5733 3!.
3495 5675 3542 5708 “
3574 5668 3763 5728 Matth.

502 5772 556 5825 v,
592 5755 679 5812 12.
755 5756 800 5790 "
859 5757 982 5819 Bar.
1015 5777 1097 5828 ιιι,
1132 5755 1323 5822 56-58.
