  <div class='ocr_page' id='page_1' title='image "/cluster/home/n/w/nwhite01/storage/ocr_20150623/130/hvd.32044073502387/052.png"; bbox 0 0 3992 6210; ppageno 0'>
   <div class='ocr_carea' id='block_1_1' title="bbox 192 346 260 409">
    <p class='ocr_par' dir='ltr' id='par_1_1' title="bbox 192 346 260 409">
     <span class='ocr_line' id='line_1_1' title="bbox 192 346 260 409; baseline 0 0"><span class='ocrx_word' id='word_1_1' title='bbox 192 346 260 409; x_wconf 81' lang='lat'><strong>93</strong></span> 
     </span>
    </p>
   </div>
   <div class='ocr_carea' id='block_1_2' title="bbox 1186 342 2483 414">
    <p class='ocr_par' dir='ltr' id='par_1_2' title="bbox 1186 342 2483 414">
     <span class='ocr_line' id='line_1_2' title="bbox 1186 342 2483 414; baseline 0.008 -12"><span class='ocrx_word' id='word_1_2' title='bbox 1186 342 1559 403; x_wconf 70' lang='lat' dir='ltr'><strong>PANOPLIA</strong></span> <span class='ocrx_word' id='word_1_3' title='bbox 1598 342 2060 405; x_wconf 73' lang='lat' dir='ltr'><strong>DUGMATICA.</strong></span> <span class='ocrx_word' id='word_1_4' title='bbox 2100 371 2167 383; x_wconf 92' lang='grc'><strong><em>-</em></strong></span> <span class='ocrx_word' id='word_1_5' title='bbox 2206 349 2359 411; x_wconf 87' lang='lat' dir='ltr'><strong>Tl&#39;l‘.</strong></span> <span class='ocrx_word' id='word_1_6' title='bbox 2399 352 2483 414; x_wconf 82' lang='grc' dir='ltr'><strong>ΙΙ.</strong></span> 
     </span>
    </p>
   </div>
   <div class='ocr_carea' id='block_1_3' title="bbox 3388 359 3457 420">
    <p class='ocr_par' dir='ltr' id='par_1_3' title="bbox 3388 359 3457 420">
     <span class='ocr_line' id='line_1_3' title="bbox 3388 359 3457 420; baseline -0.043 0"><span class='ocrx_word' id='word_1_7' title='bbox 3388 359 3457 420; x_wconf 63' lang='lat'><strong>91</strong></span> 
     </span>
    </p>
   </div>
   <div class='ocr_carea' id='block_1_4' title="bbox 194 447 1798 537">
    <p class='ocr_par' dir='ltr' id='par_1_4' title="bbox 194 447 1784 525">
     <span class='ocr_line' id='line_1_4' title="bbox 194 447 1784 525; baseline -0.001 -18"><span class='ocrx_word' id='word_1_8' title='bbox 194 454 551 525; x_wconf 66' lang='grc' dir='ltr'>ἡγησάμενος</span> <span class='ocrx_word' id='word_1_9' title='bbox 608 453 673 507; x_wconf 82' lang='grc' dir='ltr'>τὸ</span> <span class='ocrx_word' id='word_1_10' title='bbox 730 447 874 509; x_wconf 79' lang='grc' dir='ltr'>εἶναι</span> <span class='ocrx_word' id='word_1_11' title='bbox 922 453 1013 507; x_wconf 69' lang='grc' dir='ltr'>ἴσα</span> <span class='ocrx_word' id='word_1_12' title='bbox 1037 451 1182 522; x_wconf 81' lang='grc' dir='ltr'>Θεῷ,</span> <span class='ocrx_word' id='word_1_13' title='bbox 1232 452 1349 509; x_wconf 74' lang='grc' dir='ltr'>ἀλλ’</span> <span class='ocrx_word' id='word_1_14' title='bbox 1382 451 1578 508; x_wconf 77' lang='grc' dir='ltr'>ἑαυτὸν</span> <span class='ocrx_word' id='word_1_15' title='bbox 1614 450 1784 505; x_wconf 58' lang='grc' dir='ltr'>κενά»</span> 
     </span>
    </p>
   </div>
   <div class='ocr_carea' id='block_1_5' title="bbox 1905 447 3453 537">
    <p class='ocr_par' dir='ltr' id='par_1_5' title="bbox 1905 460 3453 537">
     <span class='ocr_line' id='line_1_5' title="bbox 1905 460 3453 537; baseline 0.007 -27"><span class='ocrx_word' id='word_1_16' title='bbox 1905 470 2035 513; x_wconf 72' lang='grc' dir='ltr'>ιιιεε</span> <span class='ocrx_word' id='word_1_17' title='bbox 2064 460 2306 530; x_wconf 74' lang='lat' dir='ltr'><strong>rapinam</strong></span> <span class='ocrx_word' id='word_1_18' title='bbox 2335 462 2629 521; x_wconf 69' lang='lat' dir='ltr'><strong>arbitratus</strong></span> <span class='ocrx_word' id='word_1_19' title='bbox 2655 475 2737 521; x_wconf 86' lang='lat' dir='ltr'><strong>est</strong></span> <span class='ocrx_word' id='word_1_20' title='bbox 2758 480 2879 521; x_wconf 86' lang='lat' dir='ltr'><strong>esse</strong></span> <span class='ocrx_word' id='word_1_21' title='bbox 2923 481 2982 522; x_wconf 89' lang='lat' dir='ltr'><strong>se</strong></span> <span class='ocrx_word' id='word_1_22' title='bbox 3028 467 3287 537; x_wconf 61' lang='lat' dir='ltr'><strong>aequalem</strong></span> <span class='ocrx_word' id='word_1_23' title='bbox 3317 470 3453 536; x_wconf 83' lang='lat' dir='ltr'><strong>Deo,</strong></span> 
     </span>
    </p>
   </div>
   <div class='ocr_carea' id='block_1_6' title="bbox 194 537 1775 625">
    <p class='ocr_par' dir='ltr' id='par_1_6' title="bbox 194 537 1775 625">
     <span class='ocr_line' id='line_1_6' title="bbox 194 537 1775 625; baseline -0.001 -26"><span class='ocrx_word' id='word_1_24' title='bbox 194 563 317 609; x_wconf 69' lang='lat' dir='ltr'><strong>auc;</strong></span> <span class='ocrx_word' id='word_1_25' title='bbox 360 549 466 625; x_wconf 48' lang='grc' dir='ltr'>οιαὶ</span> <span class='ocrx_word' id='word_1_26' title='bbox 556 546 774 615; x_wconf 77' lang='grc' dir='ltr'>μορφὴν</span> <span class='ocrx_word' id='word_1_27' title='bbox 830 546 1017 600; x_wconf 70' lang='grc' dir='ltr'>δούλου</span> <span class='ocrx_word' id='word_1_28' title='bbox 1074 543 1280 597; x_wconf 80' lang='grc' dir='ltr'>λαϐών.</span> <span class='ocrx_word' id='word_1_29' title='bbox 1343 537 1516 606; x_wconf 71' lang='grc' dir='ltr'>Οὗτος</span> <span class='ocrx_word' id='word_1_30' title='bbox 1593 542 1775 597; x_wconf 86' lang='grc' dir='ltr'>τοίνυν</span> 
     </span>
    </p>
   </div>
   <div class='ocr_carea' id='block_1_7' title="bbox 195 633 1777 708">
    <p class='ocr_par' dir='ltr' id='par_1_7' title="bbox 195 633 1777 708">
     <span class='ocr_line' id='line_1_7' title="bbox 195 633 1777 708; baseline -0.002 -17"><span class='ocrx_word' id='word_1_31' title='bbox 195 642 296 705; x_wconf 76' lang='grc' dir='ltr'>τὴν</span> <span class='ocrx_word' id='word_1_32' title='bbox 322 637 442 691; x_wconf 69' lang='grc' dir='ltr'><strong>ὁδὸν</strong></span> <span class='ocrx_word' id='word_1_33' title='bbox 470 637 571 707; x_wconf 77' lang='grc' dir='ltr'>τῆς</span> <span class='ocrx_word' id='word_1_34' title='bbox 625 638 941 708; x_wconf 64' lang='grc' dir='ltr'>ἐπιστήμης</span> <span class='ocrx_word' id='word_1_35' title='bbox 977 637 1175 691; x_wconf 63' lang='grc' dir='ltr'>ἔδωκεν</span> <span class='ocrx_word' id='word_1_36' title='bbox 1245 633 1440 691; x_wconf 82' lang='grc' dir='ltr'>Ἰακὼὸ</span> <span class='ocrx_word' id='word_1_37' title='bbox 1488 633 1567 704; x_wconf 79' lang='grc' dir='ltr'>τῷ</span> <span class='ocrx_word' id='word_1_38' title='bbox 1624 636 1777 688; x_wconf 75' lang='grc' dir='ltr'>παιδὶ</span> 
     </span>
    </p>
   </div>
   <div class='ocr_carea' id='block_1_8' title="bbox 196 726 1777 799">
    <p class='ocr_par' dir='ltr' id='par_1_8' title="bbox 196 726 1777 799">
     <span class='ocr_line' id='line_1_8' title="bbox 196 726 1777 799; baseline -0.003 -16"><span class='ocrx_word' id='word_1_39' title='bbox 196 729 389 793; x_wconf 84' lang='grc' dir='ltr'>αὐτοῦ,</span> <span class='ocrx_word' id='word_1_40' title='bbox 435 730 523 783; x_wconf 77' lang='grc' dir='ltr'>καὶ</span> <span class='ocrx_word' id='word_1_41' title='bbox 606 727 817 799; x_wconf 77' lang='grc' dir='ltr'>Ἰσραὴλ</span> <span class='ocrx_word' id='word_1_42' title='bbox 864 728 944 798; x_wconf 83' lang='grc' dir='ltr'>τῷ</span> <span class='ocrx_word' id='word_1_43' title='bbox 1018 727 1362 799; x_wconf 76' lang='grc' dir='ltr'><strong>ἠγαπημένῳ</strong></span> <span class='ocrx_word' id='word_1_44' title='bbox 1439 726 1530 779; x_wconf 85' lang='grc' dir='ltr'><strong>ὑπ’</strong></span> <span class='ocrx_word' id='word_1_45' title='bbox 1586 726 1777 793; x_wconf 85' lang='grc' dir='ltr'>αὐτοῦ,</span> 
     </span>
    </p>
   </div>
   <div class='ocr_carea' id='block_1_9' title="bbox 194 816 1777 889">
    <p class='ocr_par' dir='ltr' id='par_1_9' title="bbox 194 816 1777 889">
     <span class='ocr_line' id='line_1_9' title="bbox 194 816 1777 889; baseline -0.001 -17"><span class='ocrx_word' id='word_1_46' title='bbox 194 819 291 872; x_wconf 77' lang='grc' dir='ltr'>τὸν</span> <span class='ocrx_word' id='word_1_47' title='bbox 343 818 568 873; x_wconf 79' lang='grc' dir='ltr'>παλαιὸν</span> <span class='ocrx_word' id='word_1_48' title='bbox 600 818 954 889; x_wconf 79' lang='grc' dir='ltr'><strong>διαγορεύσας</strong></span> <span class='ocrx_word' id='word_1_49' title='bbox 979 821 1037 871; x_wconf 78' lang='grc' dir='ltr'>ἐν</span> <span class='ocrx_word' id='word_1_50' title='bbox 1065 820 1131 888; x_wconf 76' lang='grc' dir='ltr'>τῇ</span> <span class='ocrx_word' id='word_1_51' title='bbox 1160 820 1352 887; x_wconf 78' lang='grc' dir='ltr'>ἐρήμῳ</span> <span class='ocrx_word' id='word_1_52' title='bbox 1375 816 1464 869; x_wconf 81' lang='grc' dir='ltr'><strong>διὰ</strong></span> <span class='ocrx_word' id='word_1_53' title='bbox 1497 817 1777 881; x_wconf 77' lang='grc' dir='ltr'>Μωῦσέως</span> 
     </span>
    </p>
   </div>
   <div class='ocr_carea' id='block_1_10' title="bbox 196 908 1775 985">
    <p class='ocr_par' dir='ltr' id='par_1_10' title="bbox 196 908 1775 985">
     <span class='ocr_line' id='line_1_10' title="bbox 196 908 1775 985; baseline -0.001 -24"><span class='ocrx_word' id='word_1_54' title='bbox 196 911 370 977; x_wconf 72' lang='grc' dir='ltr'>νόμον.</span> <span class='ocrx_word' id='word_1_55' title='bbox 412 910 469 963; x_wconf 79' lang='grc'><strong>’0</strong></span> <span class='ocrx_word' id='word_1_56' title='bbox 495 912 554 964; x_wconf 76' lang='grc' dir='ltr'><strong>δὲ</strong></span> <span class='ocrx_word' id='word_1_57' title='bbox 589 913 797 985; x_wconf 61' lang='lat' dir='ltr'><strong>usi-Iov</strong></span> <span class='ocrx_word' id='word_1_58' title='bbox 827 908 1077 972; x_wconf 77' lang='grc' dir='ltr'>δεδωκὼς</span> <span class='ocrx_word' id='word_1_59' title='bbox 1120 909 1214 961; x_wconf 83' lang='grc' dir='ltr'>τὸν</span> <span class='ocrx_word' id='word_1_60' title='bbox 1254 910 1419 978; x_wconf 77' lang='grc' dir='ltr'>νόμον</span> <span class='ocrx_word' id='word_1_61' title='bbox 1443 908 1521 979; x_wconf 83' lang='grc' dir='ltr'>τῷ</span> <span class='ocrx_word' id='word_1_62' title='bbox 1563 910 1775 980; x_wconf 74' lang='grc' dir='ltr'><strong>Μωῦσῇ</strong></span> 
     </span>
    </p>
   </div>
   <div class='ocr_carea' id='block_1_11' title="bbox 196 996 1777 1071">
    <p class='ocr_par' dir='ltr' id='par_1_11' title="bbox 196 996 1777 1071">
     <span class='ocr_line' id='line_1_11' title="bbox 196 996 1777 1071; baseline -0.001 -18"><span class='ocrx_word' id='word_1_63' title='bbox 196 996 591 1071; x_wconf 74' lang='grc' dir='ltr'>διαλεγόμενος</span> <span class='ocrx_word' id='word_1_64' title='bbox 628 1004 758 1069; x_wconf 65' lang='grc' dir='ltr'>ἔφη’</span> <span class='ocrx_word' id='word_1_65' title='bbox 798 1020 817 1053; x_wconf 79' lang='grc' dir='ltr'><strong>ι</strong></span> <span class='ocrx_word' id='word_1_66' title='bbox 849 1002 986 1054; x_wconf 79' lang='grc' dir='ltr'>Τάδε</span> <span class='ocrx_word' id='word_1_67' title='bbox 1028 1003 1179 1071; x_wconf 75' lang='grc' dir='ltr'>ἐρεῖς</span> <span class='ocrx_word' id='word_1_68' title='bbox 1208 1003 1322 1063; x_wconf 83' lang='grc' dir='ltr'>τοῖς</span> <span class='ocrx_word' id='word_1_69' title='bbox 1346 1000 1483 1064; x_wconf 80' lang='grc' dir='ltr'>υίοίς</span> <span class='ocrx_word' id='word_1_70' title='bbox 1528 1000 1777 1071; x_wconf 83' lang='grc' dir='ltr'>Ἰσραὴλ,</span> 
     </span>
    </p>
   </div>
   <div class='ocr_carea' id='block_1_12' title="bbox 203 1090 1780 1161">
    <p class='ocr_par' dir='ltr' id='par_1_12' title="bbox 203 1090 1780 1161">
     <span class='ocr_line' id='line_1_12' title="bbox 203 1090 1780 1161; baseline 0.001 -16"><span class='ocrx_word' id='word_1_71' title='bbox 203 1093 257 1145; x_wconf 89' lang='lat'><strong>&#39;0</strong></span> <span class='ocrx_word' id='word_1_72' title='bbox 297 1094 376 1145; x_wconf 86' lang='grc' dir='ltr'><strong>ὣν</strong></span> <span class='ocrx_word' id='word_1_73' title='bbox 416 1093 735 1146; x_wconf 76' lang='grc' dir='ltr'>ἀπέσταλκέ</span> <span class='ocrx_word' id='word_1_74' title='bbox 789 1107 856 1161; x_wconf 83' lang='grc' dir='ltr'><strong>με</strong></span> <span class='ocrx_word' id='word_1_75' title='bbox 908 1092 1044 1161; x_wconf 74' lang='grc' dir='ltr'>πρὸς</span> <span class='ocrx_word' id='word_1_76' title='bbox 1077 1093 1243 1161; x_wconf 78' lang='grc' dir='ltr'>ὑμᾶς.</span> <span class='ocrx_word' id='word_1_77' title='bbox 1285 1110 1305 1145; x_wconf 72' lang='grc' dir='ltr'><strong>ι</strong></span> <span class='ocrx_word' id='word_1_78' title='bbox 1338 1092 1431 1145; x_wconf 83' lang='grc' dir='ltr'><strong>Διὸ</strong></span> <span class='ocrx_word' id='word_1_79' title='bbox 1455 1090 1554 1144; x_wconf 81' lang='grc' dir='ltr'>καὶ</span> <span class='ocrx_word' id='word_1_80' title='bbox 1582 1094 1610 1146; x_wconf 82' lang='grc' dir='ltr'><strong>ὁ</strong></span> <span class='ocrx_word' id='word_1_81' title='bbox 1645 1108 1780 1159; x_wconf 83' lang='grc' dir='ltr'>προ-</span> 
     </span>
    </p>
   </div>
   <div class='ocr_carea' id='block_1_13' title="bbox 192 1177 1778 1255">
    <p class='ocr_par' dir='ltr' id='par_1_13' title="bbox 192 1177 1778 1255">
     <span class='ocr_line' id='line_1_13' title="bbox 192 1177 1778 1255; baseline -0.008 -6"><span class='ocrx_word' id='word_1_82' title='bbox 192 1187 361 1255; x_wconf 57' lang='grc' dir='ltr'>φῆτης</span> <span class='ocrx_word' id='word_1_83' title='bbox 396 1186 554 1239; x_wconf 65' lang='grc' dir='ltr'>δεύει·</span> <span class='ocrx_word' id='word_1_84' title='bbox 590 1201 610 1235; x_wconf 73' lang='grc' dir='ltr'>ι</span> <span class='ocrx_word' id='word_1_85' title='bbox 644 1177 813 1247; x_wconf 75' lang='grc' dir='ltr'>οὗτος</span> <span class='ocrx_word' id='word_1_86' title='bbox 834 1184 863 1236; x_wconf 72' lang='grc' dir='ltr'>ὁ</span> <span class='ocrx_word' id='word_1_87' title='bbox 897 1182 1029 1246; x_wconf 73' lang='grc' dir='ltr'><strong>Θεὸς</strong></span> <span class='ocrx_word' id='word_1_88' title='bbox 1052 1183 1210 1253; x_wconf 77' lang='grc' dir='ltr'>ἡμῶν</span> <span class='ocrx_word' id='word_1_89' title='bbox 1246 1199 1261 1213; x_wconf 89' lang='grc'><strong>·</strong></span> <span class='ocrx_word' id='word_1_90' title='bbox 1298 1182 1361 1236; x_wconf 79' lang='grc' dir='ltr'>οὐ</span> <span class='ocrx_word' id='word_1_91' title='bbox 1391 1182 1778 1253; x_wconf 78' lang='grc' dir='ltr'><strong>λογισθήσεται</strong></span> 
     </span>
    </p>
   </div>
   <div class='ocr_carea' id='block_1_14' title="bbox 190 1274 1779 1348">
    <p class='ocr_par' dir='ltr' id='par_1_14' title="bbox 190 1274 1779 1348">
     <span class='ocr_line' id='line_1_14' title="bbox 190 1274 1779 1348; baseline -0.002 -18"><span class='ocrx_word' id='word_1_92' title='bbox 190 1280 373 1348; x_wconf 73' lang='grc' dir='ltr'>ἔτερος</span> <span class='ocrx_word' id='word_1_93' title='bbox 417 1277 559 1346; x_wconf 76' lang='grc' dir='ltr'>πρὸς</span> <span class='ocrx_word' id='word_1_94' title='bbox 593 1275 779 1341; x_wconf 79' lang='grc' dir='ltr'>αὑτὸν,</span> <span class='ocrx_word' id='word_1_95' title='bbox 813 1292 834 1324; x_wconf 69' lang='grc' dir='ltr'><strong>ι</strong></span> <span class='ocrx_word' id='word_1_96' title='bbox 873 1275 1170 1345; x_wconf 85' lang='grc' dir='ltr'>μαρτυρῶν</span> <span class='ocrx_word' id='word_1_97' title='bbox 1204 1274 1357 1345; x_wconf 83' lang='grc' dir='ltr'>αὐτῷ</span> <span class='ocrx_word' id='word_1_98' title='bbox 1400 1275 1461 1328; x_wconf 80' lang='grc' dir='ltr'>οὐ</span> <span class='ocrx_word' id='word_1_99' title='bbox 1504 1274 1569 1328; x_wconf 86' lang='grc' dir='ltr'>τὸ</span> <span class='ocrx_word' id='word_1_100' title='bbox 1614 1275 1779 1328; x_wconf 71' lang='grc' dir='ltr'>ἔλατ-</span> 
     </span>
    </p>
   </div>
   <div class='ocr_carea' id='block_1_15' title="bbox 190 1366 1774 1436">
    <p class='ocr_par' dir='ltr' id='par_1_15' title="bbox 190 1366 1774 1436">
     <span class='ocr_line' id='line_1_15' title="bbox 190 1366 1774 1436; baseline -0.003 -14"><span class='ocrx_word' id='word_1_101' title='bbox 190 1388 294 1435; x_wconf 86' lang='grc' dir='ltr'>τον,</span> <span class='ocrx_word' id='word_1_102' title='bbox 333 1368 478 1421; x_wconf 80' lang='grc' dir='ltr'>ἀλλὰ</span> <span class='ocrx_word' id='word_1_103' title='bbox 512 1368 575 1419; x_wconf 65' lang='grc' dir='ltr'>τὸ</span> <span class='ocrx_word' id='word_1_104' title='bbox 638 1366 995 1435; x_wconf 79' lang='grc' dir='ltr'>ἀσύγκριτον.</span> <span class='ocrx_word' id='word_1_105' title='bbox 1064 1366 1262 1436; x_wconf 84' lang='grc' dir='ltr'>Ὁρᾶτε</span> <span class='ocrx_word' id='word_1_106' title='bbox 1316 1366 1434 1429; x_wconf 85' lang='grc' dir='ltr'><strong>πῶς</strong></span> <span class='ocrx_word' id='word_1_107' title='bbox 1465 1366 1613 1419; x_wconf 81' lang='grc' dir='ltr'>ἔοικε</span> <span class='ocrx_word' id='word_1_108' title='bbox 1662 1369 1774 1428; x_wconf 80' lang='grc' dir='ltr'>τοῖς</span> 
     </span>
    </p>
   </div>
   <div class='ocr_carea' id='block_1_16' title="bbox 189 1455 1769 1527">
    <p class='ocr_par' dir='ltr' id='par_1_16' title="bbox 189 1455 1769 1527">
     <span class='ocr_line' id='line_1_16' title="bbox 189 1455 1769 1527; baseline -0.001 -16"><span class='ocrx_word' id='word_1_109' title='bbox 189 1458 572 1527; x_wconf 70' lang='grc' dir='ltr'>εὖαγγελικοῖς</span> <span class='ocrx_word' id='word_1_110' title='bbox 594 1456 899 1525; x_wconf 77' lang='grc' dir='ltr'>διδάγμασι</span> <span class='ocrx_word' id='word_1_111' title='bbox 925 1455 992 1509; x_wconf 78' lang='grc' dir='ltr'><strong>τὰ</strong></span> <span class='ocrx_word' id='word_1_112' title='bbox 1027 1455 1351 1526; x_wconf 80' lang='grc' dir='ltr'>προφητικὰ</span> <span class='ocrx_word' id='word_1_113' title='bbox 1381 1456 1722 1527; x_wconf 73' lang='grc' dir='ltr'><strong>κηρύγματα</strong></span> <span class='ocrx_word' id='word_1_114' title='bbox 1753 1473 1769 1523; x_wconf 86' lang='lat'><strong>;</strong></span> 
     </span>
    </p>
   </div>
   <div class='ocr_carea' id='block_1_17' title="bbox 192 1547 1778 1619">
    <p class='ocr_par' dir='ltr' id='par_1_17' title="bbox 192 1547 1778 1619">
     <span class='ocr_line' id='line_1_17' title="bbox 192 1547 1778 1619; baseline -0.001 -18"><span class='ocrx_word' id='word_1_115' title='bbox 192 1550 434 1619; x_wconf 72' lang='grc' dir='ltr'>Μωῦσῆς</span> <span class='ocrx_word' id='word_1_116' title='bbox 493 1549 763 1617; x_wconf 79' lang='grc' dir='ltr'><strong>κηρύττει</strong></span> <span class='ocrx_word' id='word_1_117' title='bbox 818 1548 881 1601; x_wconf 77' lang='grc' dir='ltr'>τὸ</span> <span class='ocrx_word' id='word_1_118' title='bbox 914 1547 1009 1613; x_wconf 82' lang='grc' dir='ltr'>ὢν,</span> <span class='ocrx_word' id='word_1_119' title='bbox 1042 1548 1244 1617; x_wconf 80' lang='grc' dir='ltr'>μᾶλλον</span> <span class='ocrx_word' id='word_1_120' title='bbox 1273 1547 1330 1600; x_wconf 71' lang='grc' dir='ltr'><strong>δὲ</strong></span> <span class='ocrx_word' id='word_1_121' title='bbox 1388 1548 1552 1610; x_wconf 75' lang='grc' dir='ltr'>αὐτὸς</span> <span class='ocrx_word' id='word_1_122' title='bbox 1584 1552 1611 1601; x_wconf 84' lang='grc' dir='ltr'>ὁ</span> <span class='ocrx_word' id='word_1_123' title='bbox 1644 1548 1778 1609; x_wconf 86' lang='grc' dir='ltr'>Θεὸς</span> 
     </span>
    </p>
   </div>
   <div class='ocr_carea' id='block_1_18' title="bbox 193 1638 1778 1710">
    <p class='ocr_par' dir='ltr' id='par_1_18' title="bbox 193 1638 1778 1710">
     <span class='ocr_line' id='line_1_18' title="bbox 193 1638 1778 1710; baseline 0 -18"><span class='ocrx_word' id='word_1_124' title='bbox 193 1641 362 1706; x_wconf 74' lang='grc' dir='ltr'>Λόγος</span> <span class='ocrx_word' id='word_1_125' title='bbox 419 1640 554 1710; x_wconf 74' lang='grc' dir='ltr'>περὶ</span> <span class='ocrx_word' id='word_1_126' title='bbox 589 1638 762 1693; x_wconf 82' lang='grc' dir='ltr'>αὑτοῦ</span> <span class='ocrx_word' id='word_1_127' title='bbox 813 1638 962 1707; x_wconf 77' lang='grc' dir='ltr'>λέγει</span> <span class='ocrx_word' id='word_1_128' title='bbox 995 1640 1056 1693; x_wconf 81' lang='grc' dir='ltr'>τὸ</span> <span class='ocrx_word' id='word_1_129' title='bbox 1082 1638 1177 1693; x_wconf 80' lang='grc' dir='ltr'><strong>ὥν.</strong></span> <span class='ocrx_word' id='word_1_130' title='bbox 1217 1640 1553 1708; x_wconf 83' lang='grc' dir='ltr'>Προστίθησι</span> <span class='ocrx_word' id='word_1_131' title='bbox 1592 1639 1649 1693; x_wconf 69' lang='grc' dir='ltr'><strong>δὲ</strong></span> <span class='ocrx_word' id='word_1_132' title='bbox 1682 1640 1778 1692; x_wconf 74' lang='grc' dir='ltr'>καὶ</span> 
     </span>
    </p>
   </div>
   <div class='ocr_carea' id='block_1_19' title="bbox 190 1729 1777 1800">
    <p class='ocr_par' dir='ltr' id='par_1_19' title="bbox 190 1729 1777 1800">
     <span class='ocr_line' id='line_1_19' title="bbox 190 1729 1777 1800; baseline 0 -19"><span class='ocrx_word' id='word_1_133' title='bbox 190 1732 246 1781; x_wconf 73' lang='grc' dir='ltr'><strong>τὸ</strong></span> <span class='ocrx_word' id='word_1_134' title='bbox 277 1730 552 1799; x_wconf 73' lang='grc' dir='ltr'>ὑπάρχων</span> <span class='ocrx_word' id='word_1_135' title='bbox 576 1732 778 1783; x_wconf 79' lang='grc' dir='ltr'>ταυτὸν</span> <span class='ocrx_word' id='word_1_136' title='bbox 803 1731 1105 1799; x_wconf 76' lang='grc' dir='ltr'><strong>δυνάμενον</strong></span> <span class='ocrx_word' id='word_1_137' title='bbox 1137 1730 1216 1800; x_wconf 79' lang='grc' dir='ltr'>τῷ</span> <span class='ocrx_word' id='word_1_138' title='bbox 1245 1729 1350 1785; x_wconf 82' lang='grc' dir='ltr'><strong>ὧν.</strong></span> <span class='ocrx_word' id='word_1_139' title='bbox 1381 1730 1552 1797; x_wconf 81' lang='grc' dir='ltr'>Λέγει</span> <span class='ocrx_word' id='word_1_140' title='bbox 1583 1732 1678 1784; x_wconf 81' lang='grc' dir='ltr'>καὶ</span> <span class='ocrx_word' id='word_1_141' title='bbox 1714 1731 1777 1782; x_wconf 78' lang='grc' dir='ltr'><strong>τὸ</strong></span> 
     </span>
    </p>
   </div>
   <div class='ocr_carea' id='block_1_20' title="bbox 192 1821 1768 1891">
    <p class='ocr_par' dir='ltr' id='par_1_20' title="bbox 192 1821 1768 1891">
     <span class='ocr_line' id='line_1_20' title="bbox 192 1821 1768 1891; baseline 0.001 -19"><span class='ocrx_word' id='word_1_142' title='bbox 192 1822 335 1874; x_wconf 73' lang='grc' dir='ltr'>ἔστιν</span> <span class='ocrx_word' id='word_1_143' title='bbox 372 1822 739 1889; x_wconf 72' lang='grc' dir='ltr'><strong>ἰσοδυναμοῦν</strong></span> <span class='ocrx_word' id='word_1_144' title='bbox 773 1822 1005 1885; x_wconf 61' lang='grc' dir='ltr'>ἐκείνοις</span> <span class='ocrx_word' id='word_1_145' title='bbox 1026 1823 1169 1875; x_wconf 74' lang='grc' dir='ltr'>κατὰ</span> <span class='ocrx_word' id='word_1_146' title='bbox 1191 1822 1290 1891; x_wconf 80' lang='grc' dir='ltr'>τὴν</span> <span class='ocrx_word' id='word_1_147' title='bbox 1310 1822 1543 1876; x_wconf 70' lang='grc' dir='ltr'>ἔννοιαν.</span> <span class='ocrx_word' id='word_1_148' title='bbox 1584 1821 1768 1874; x_wconf 82' lang='grc' dir='ltr'>Ὡσαύ-</span> 
     </span>
    </p>
   </div>
   <div class='ocr_carea' id='block_1_21' title="bbox 191 1912 1780 1983">
    <p class='ocr_par' dir='ltr' id='par_1_21' title="bbox 191 1912 1780 1983">
     <span class='ocr_line' id='line_1_21' title="bbox 191 1912 1780 1983; baseline 0.001 -19"><span class='ocrx_word' id='word_1_149' title='bbox 191 1930 290 1975; x_wconf 84' lang='grc' dir='ltr'><strong>τως</strong></span> <span class='ocrx_word' id='word_1_150' title='bbox 318 1912 377 1965; x_wconf 73' lang='grc' dir='ltr'><strong>δὲ</strong></span> <span class='ocrx_word' id='word_1_151' title='bbox 405 1914 502 1966; x_wconf 81' lang='grc' dir='ltr'>καὶ</span> <span class='ocrx_word' id='word_1_152' title='bbox 550 1913 807 1982; x_wconf 74' lang='grc' dir='ltr'>Ἰωάννης</span> <span class='ocrx_word' id='word_1_153' title='bbox 835 1916 862 1966; x_wconf 80' lang='grc' dir='ltr'><strong>ὁ</strong></span> <span class='ocrx_word' id='word_1_154' title='bbox 888 1913 1151 1981; x_wconf 83' lang='grc' dir='ltr'>Θεολόγος</span> <span class='ocrx_word' id='word_1_155' title='bbox 1209 1912 1479 1982; x_wconf 79' lang='grc' dir='ltr'>πολλαχοῦ</span> <span class='ocrx_word' id='word_1_156' title='bbox 1514 1914 1574 1966; x_wconf 83' lang='grc' dir='ltr'>τὸ</span> <span class='ocrx_word' id='word_1_157' title='bbox 1607 1912 1685 1965; x_wconf 82' lang='grc' dir='ltr'><strong>ὢν</strong></span> <span class='ocrx_word' id='word_1_158' title='bbox 1714 1915 1780 1983; x_wconf 78' lang='grc' dir='ltr'>τῇ</span> 
     </span>
    </p>
   </div>
   <div class='ocr_carea' id='block_1_22' title="bbox 190 2005 1783 2077">
    <p class='ocr_par' dir='ltr' id='par_1_22' title="bbox 190 2005 1783 2077">
     <span class='ocr_line' id='line_1_22' title="bbox 190 2005 1783 2077; baseline 0 -20"><span class='ocrx_word' id='word_1_159' title='bbox 190 2006 295 2058; x_wconf 78' lang='grc' dir='ltr'>τῶν</span> <span class='ocrx_word' id='word_1_160' title='bbox 327 2006 690 2074; x_wconf 70' lang='grc' dir='ltr'>εὐαγγελίων</span> <span class='ocrx_word' id='word_1_161' title='bbox 753 2005 1031 2075; x_wconf 68' lang='grc' dir='ltr'>ἑνσπείρει</span> <span class='ocrx_word' id='word_1_162' title='bbox 1067 2007 1444 2077; x_wconf 80' lang='grc' dir='ltr'>πραγματείᾳ.</span> <span class='ocrx_word' id='word_1_163' title='bbox 1486 2007 1597 2059; x_wconf 75' lang='grc' dir='ltr'><strong>Καὶ</strong></span> <span class='ocrx_word' id='word_1_164' title='bbox 1650 2006 1783 2058; x_wconf 76' lang='grc' dir='ltr'>αὐτὸ</span> 
     </span>
    </p>
   </div>
   <div class='ocr_carea' id='block_1_23' title="bbox 191 2095 1777 2167">
    <p class='ocr_par' dir='ltr' id='par_1_23' title="bbox 191 2095 1777 2167">
     <span class='ocr_line' id='line_1_23' title="bbox 191 2095 1777 2167; baseline -0.001 -18"><span class='ocrx_word' id='word_1_165' title='bbox 191 2097 241 2149; x_wconf 67' lang='grc' dir='ltr'><strong>δὲ</strong></span> <span class='ocrx_word' id='word_1_166' title='bbox 266 2096 330 2150; x_wconf 74' lang='grc' dir='ltr'><strong>τὺ</strong></span> <span class='ocrx_word' id='word_1_167' title='bbox 369 2098 673 2167; x_wconf 71' lang='grc' dir='ltr'><strong>Ιπροοίμιον</strong></span> <span class='ocrx_word' id='word_1_168' title='bbox 703 2095 929 2159; x_wconf 79' lang='grc' dir='ltr'>ταύταις</span> <span class='ocrx_word' id='word_1_169' title='bbox 968 2099 1086 2159; x_wconf 83' lang='grc' dir='ltr'>ταῖς</span> <span class='ocrx_word' id='word_1_170' title='bbox 1116 2098 1324 2164; x_wconf 80' lang='grc' dir='ltr'><strong>φωναῖς</strong></span> <span class='ocrx_word' id='word_1_171' title='bbox 1370 2097 1625 2165; x_wconf 73' lang='grc' dir='ltr'>ὰγλαῒζει</span> <span class='ocrx_word' id='word_1_172' title='bbox 1679 2098 1777 2165; x_wconf 77' lang='grc' dir='ltr'><strong>οὐχ</strong></span> 
     </span>
    </p>
   </div>
   <div class='ocr_carea' id='block_1_24' title="bbox 199 2188 1782 2261">
    <p class='ocr_par' dir='ltr' id='par_1_24' title="bbox 199 2188 1782 2261">
     <span class='ocr_line' id='line_1_24' title="bbox 199 2188 1782 2261; baseline -0.001 -19"><span class='ocrx_word' id='word_1_173' title='bbox 199 2190 371 2253; x_wconf 72' lang='grc' dir='ltr'>ἅπαξ,</span> <span class='ocrx_word' id='word_1_174' title='bbox 408 2190 533 2242; x_wconf 70' lang='grc' dir='ltr'><strong>οὐδὲ</strong></span> <span class='ocrx_word' id='word_1_175' title='bbox 558 2190 664 2253; x_wconf 74' lang='grc' dir='ltr'>δὶς,</span> <span class='ocrx_word' id='word_1_176' title='bbox 698 2189 821 2242; x_wconf 79' lang='grc' dir='ltr'><strong>οὐδὲ</strong></span> <span class='ocrx_word' id='word_1_177' title='bbox 850 2190 991 2261; x_wconf 79' lang='grc' dir='ltr'>τρὶς,</span> <span class='ocrx_word' id='word_1_178' title='bbox 1021 2189 1157 2242; x_wconf 75' lang='grc' dir='ltr'>ἀλλὰ</span> <span class='ocrx_word' id='word_1_179' title='bbox 1185 2189 1445 2252; x_wconf 81' lang='grc' dir='ltr'>πολλάκις</span> <span class='ocrx_word' id='word_1_180' title='bbox 1475 2188 1782 2258; x_wconf 83' lang='grc' dir='ltr'>ἀνακηρύτ-</span> 
     </span>
    </p>
   </div>
   <div class='ocr_carea' id='block_1_25' title="bbox 195 2276 1787 2351">
    <p class='ocr_par' dir='ltr' id='par_1_25' title="bbox 195 2276 1787 2351">
     <span class='ocr_line' id='line_1_25' title="bbox 195 2276 1787 2351; baseline -0.001 -19"><span class='ocrx_word' id='word_1_181' title='bbox 195 2297 301 2333; x_wconf 85' lang='grc' dir='ltr'><strong>των</strong></span> <span class='ocrx_word' id='word_1_182' title='bbox 338 2279 405 2332; x_wconf 74' lang='grc' dir='ltr'><strong>τὸ</strong></span> <span class='ocrx_word' id='word_1_183' title='bbox 436 2276 530 2351; x_wconf 78' lang='grc' dir='ltr'><strong>ἦν.</strong></span> <span class='ocrx_word' id='word_1_184' title='bbox 565 2298 585 2331; x_wconf 79' lang='grc' dir='ltr'><strong>ι</strong></span> <span class='ocrx_word' id='word_1_185' title='bbox 631 2279 720 2332; x_wconf 85' lang='grc' dir='ltr'><strong>Ἑν</strong></span> <span class='ocrx_word' id='word_1_186' title='bbox 768 2280 913 2350; x_wconf 74' lang='grc' dir='ltr'>ἀρχῇ</span> <span class='ocrx_word' id='word_1_187' title='bbox 953 2280 1085 2347; x_wconf 76' lang='grc' dir='ltr'>γὰρ,</span> <span class='ocrx_word' id='word_1_188' title='bbox 1131 2280 1315 2349; x_wconf 66' lang='grc' dir='ltr'>φησιν,</span> <span class='ocrx_word' id='word_1_189' title='bbox 1346 2277 1436 2349; x_wconf 79' lang='grc' dir='ltr'><strong>ἠν.</strong></span> <span class='ocrx_word' id='word_1_190' title='bbox 1471 2279 1583 2333; x_wconf 78' lang='grc' dir='ltr'><strong>Καὶ</strong></span> <span class='ocrx_word' id='word_1_191' title='bbox 1628 2280 1658 2331; x_wconf 85' lang='grc' dir='ltr'>ὁ</span> <span class='ocrx_word' id='word_1_192' title='bbox 1684 2281 1787 2332; x_wconf 82' lang='grc' dir='ltr'><strong>Λό-</strong></span> 
     </span>
    </p>
   </div>
   <div class='ocr_carea' id='block_1_26' title="bbox 102 2356 1783 2445">
    <p class='ocr_par' dir='ltr' id='par_1_26' title="bbox 102 2356 1783 2445">
     <span class='ocr_line' id='line_1_26' title="bbox 102 2356 1783 2445; baseline -0.002 -19"><span class='ocrx_word' id='word_1_193' title='bbox 102 2356 111 2365; x_wconf 36' lang='lat'><em>.</em></span> <span class='ocrx_word' id='word_1_194' title='bbox 198 2388 291 2438; x_wconf 78' lang='grc' dir='ltr'><strong>γος</strong></span> <span class='ocrx_word' id='word_1_195' title='bbox 342 2368 414 2441; x_wconf 79' lang='grc' dir='ltr'>ἦν</span> <span class='ocrx_word' id='word_1_196' title='bbox 470 2370 609 2442; x_wconf 77' lang='grc' dir='ltr'>πρὸς</span> <span class='ocrx_word' id='word_1_197' title='bbox 669 2372 762 2425; x_wconf 81' lang='grc' dir='ltr'>τὸν</span> <span class='ocrx_word' id='word_1_198' title='bbox 812 2372 967 2435; x_wconf 77' lang='grc' dir='ltr'>Θεὸν,</span> <span class='ocrx_word' id='word_1_199' title='bbox 1026 2373 1120 2424; x_wconf 73' lang='grc' dir='ltr'>καὶ</span> <span class='ocrx_word' id='word_1_200' title='bbox 1170 2371 1305 2433; x_wconf 80' lang='grc' dir='ltr'>Θεὸς</span> <span class='ocrx_word' id='word_1_201' title='bbox 1354 2368 1422 2437; x_wconf 72' lang='grc' dir='ltr'><strong>ἦν</strong></span> <span class='ocrx_word' id='word_1_202' title='bbox 1475 2374 1503 2424; x_wconf 83' lang='grc' dir='ltr'><strong>ὁ</strong></span> <span class='ocrx_word' id='word_1_203' title='bbox 1532 2371 1723 2445; x_wconf 74' lang='grc' dir='ltr'>Λόγος.</span> <span class='ocrx_word' id='word_1_204' title='bbox 1763 2390 1783 2423; x_wconf 76' lang='grc' dir='ltr'><strong>ι</strong></span> 
     </span>
    </p>
   </div>
   <div class='ocr_carea' id='block_1_27' title="bbox 204 2461 1791 2532">
    <p class='ocr_par' dir='ltr' id='par_1_27' title="bbox 204 2461 1791 2532">
     <span class='ocr_line' id='line_1_27' title="bbox 204 2461 1791 2532; baseline -0.003 -15"><span class='ocrx_word' id='word_1_205' title='bbox 204 2463 547 2532; x_wconf 75' lang='grc' dir='ltr'>Πιστεύομεν</span> <span class='ocrx_word' id='word_1_206' title='bbox 623 2463 717 2515; x_wconf 76' lang='grc' dir='ltr'>καὶ</span> <span class='ocrx_word' id='word_1_207' title='bbox 776 2464 857 2527; x_wconf 84' lang='grc' dir='ltr'><strong>είς</strong></span> <span class='ocrx_word' id='word_1_208' title='bbox 916 2461 977 2515; x_wconf 80' lang='grc' dir='ltr'><strong>τὸ</strong></span> <span class='ocrx_word' id='word_1_209' title='bbox 1048 2461 1273 2532; x_wconf 79' lang='grc' dir='ltr'>Πνεῦμα</span> <span class='ocrx_word' id='word_1_210' title='bbox 1328 2462 1390 2516; x_wconf 76' lang='grc' dir='ltr'>τὸ</span> <span class='ocrx_word' id='word_1_211' title='bbox 1468 2462 1645 2530; x_wconf 70' lang='grc' dir='ltr'>ἆγιον,</span> <span class='ocrx_word' id='word_1_212' title='bbox 1728 2462 1791 2513; x_wconf 75' lang='grc' dir='ltr'>τὸ</span> 
     </span>
    </p>
   </div>
   <div class='ocr_carea' id='block_1_28' title="bbox 199 2551 1793 2623">
    <p class='ocr_par' dir='ltr' id='par_1_28' title="bbox 199 2551 1793 2623">
     <span class='ocr_line' id='line_1_28' title="bbox 199 2551 1793 2623; baseline -0.001 -17"><span class='ocrx_word' id='word_1_213' title='bbox 199 2553 376 2616; x_wconf 56' lang='lat' dir='ltr'><strong>issu,</strong></span> <span class='ocrx_word' id='word_1_214' title='bbox 396 2553 456 2606; x_wconf 81' lang='grc' dir='ltr'><strong>τὺ</strong></span> <span class='ocrx_word' id='word_1_215' title='bbox 471 2554 827 2623; x_wconf 60' lang='grc' dir='ltr'>ἡγεμονικὸν,</span> <span class='ocrx_word' id='word_1_216' title='bbox 841 2552 901 2607; x_wconf 77' lang='grc' dir='ltr'>τὸ</span> <span class='ocrx_word' id='word_1_217' title='bbox 912 2553 1139 2619; x_wconf 79' lang='grc' dir='ltr'>ἀγαθὸν,</span> <span class='ocrx_word' id='word_1_218' title='bbox 1162 2551 1223 2605; x_wconf 82' lang='grc' dir='ltr'>τὸ</span> <span class='ocrx_word' id='word_1_219' title='bbox 1246 2552 1619 2623; x_wconf 76' lang='grc' dir='ltr'><strong>παράκλητον,</strong></span> <span class='ocrx_word' id='word_1_220' title='bbox 1648 2552 1711 2605; x_wconf 76' lang='grc' dir='ltr'>τὸ</span> <span class='ocrx_word' id='word_1_221' title='bbox 1728 2554 1793 2604; x_wconf 86' lang='grc' dir='ltr'>ὲκ</span> 
     </span>
    </p>
   </div>
   <div class='ocr_carea' id='block_1_29' title="bbox 202 2638 1793 2716">
    <p class='ocr_par' dir='ltr' id='par_1_29' title="bbox 202 2638 1793 2716">
     <span class='ocr_line' id='line_1_29' title="bbox 202 2638 1793 2716; baseline -0.002 -18"><span class='ocrx_word' id='word_1_222' title='bbox 202 2646 338 2698; x_wconf 75' lang='grc' dir='ltr'>Θεοῦ</span> <span class='ocrx_word' id='word_1_223' title='bbox 356 2644 649 2716; x_wconf 72' lang='grc' dir='ltr'>προελθὸν,</span> <span class='ocrx_word' id='word_1_224' title='bbox 673 2645 734 2697; x_wconf 81' lang='grc' dir='ltr'>οὐ</span> <span class='ocrx_word' id='word_1_225' title='bbox 758 2644 1035 2716; x_wconf 59' lang='grc' dir='ltr'>γεννηθέν</span> <span class='ocrx_word' id='word_1_226' title='bbox 1062 2638 1144 2706; x_wconf 67' lang='grc' dir='ltr'><strong>εἷς</strong></span> <span class='ocrx_word' id='word_1_227' title='bbox 1185 2644 1296 2713; x_wconf 78' lang='grc' dir='ltr'>γὰρ</span> <span class='ocrx_word' id='word_1_228' title='bbox 1328 2641 1793 2713; x_wconf 67' lang='grc' dir='ltr'>μονογενήςοοίηε</span> 
     </span>
    </p>
   </div>
   <div class='ocr_carea' id='block_1_30' title="bbox 206 2732 1793 2805">
    <p class='ocr_par' dir='ltr' id='par_1_30' title="bbox 206 2732 1793 2805">
     <span class='ocr_line' id='line_1_30' title="bbox 206 2732 1793 2805; baseline -0.003 -16"><span class='ocrx_word' id='word_1_229' title='bbox 206 2736 319 2805; x_wconf 72' lang='grc' dir='ltr'><strong>μὴν</strong></span> <span class='ocrx_word' id='word_1_230' title='bbox 366 2734 624 2789; x_wconf 70' lang='grc' dir='ltr'>κτισθὲν.</span> <span class='ocrx_word' id='word_1_231' title='bbox 667 2733 924 2804; x_wconf 85' lang='grc' dir='ltr'>Οὐδαμοῦ</span> <span class='ocrx_word' id='word_1_232' title='bbox 975 2734 1083 2805; x_wconf 81' lang='grc' dir='ltr'><strong>γὰρ</strong></span> <span class='ocrx_word' id='word_1_233' title='bbox 1142 2733 1472 2804; x_wconf 80' lang='grc' dir='ltr'>εὑρίσκομεν</span> <span class='ocrx_word' id='word_1_234' title='bbox 1495 2735 1555 2786; x_wconf 68' lang='grc' dir='ltr'>ἰν</span> <span class='ocrx_word' id='word_1_235' title='bbox 1579 2736 1644 2804; x_wconf 78' lang='grc' dir='ltr'><strong>τῇ</strong></span> <span class='ocrx_word' id='word_1_236' title='bbox 1673 2732 1793 2803; x_wconf 70' lang='grc' dir='ltr'>θεία</span> 
     </span>
    </p>
   </div>
   <div class='ocr_carea' id='block_1_31' title="bbox 208 2825 1789 2897">
    <p class='ocr_par' dir='ltr' id='par_1_31' title="bbox 208 2825 1789 2897">
     <span class='ocr_line' id='line_1_31' title="bbox 208 2825 1789 2897; baseline -0.001 -19"><span class='ocrx_word' id='word_1_237' title='bbox 208 2827 399 2897; x_wconf 66' lang='grc' dir='ltr'>Γραφῇ</span> <span class='ocrx_word' id='word_1_238' title='bbox 434 2830 506 2897; x_wconf 77' lang='grc' dir='ltr'>τῇ</span> <span class='ocrx_word' id='word_1_239' title='bbox 534 2826 715 2879; x_wconf 85' lang='grc' dir='ltr'>κτίσει</span> <span class='ocrx_word' id='word_1_240' title='bbox 744 2825 1274 2895; x_wconf 86' lang='grc' dir='ltr'>συναριθμούμενον,</span> <span class='ocrx_word' id='word_1_241' title='bbox 1305 2825 1444 2880; x_wconf 78' lang='grc' dir='ltr'>ἀλλὰ</span> <span class='ocrx_word' id='word_1_242' title='bbox 1484 2826 1663 2893; x_wconf 77' lang='grc' dir='ltr'>Πατρὶ</span> <span class='ocrx_word' id='word_1_243' title='bbox 1692 2826 1789 2877; x_wconf 75' lang='grc' dir='ltr'>καὶ</span> 
     </span>
    </p>
   </div>
   <div class='ocr_carea' id='block_1_32' title="bbox 205 2916 1795 2990">
    <p class='ocr_par' dir='ltr' id='par_1_32' title="bbox 205 2916 1795 2990">
     <span class='ocr_line' id='line_1_32' title="bbox 205 2916 1795 2990; baseline 0 -20"><span class='ocrx_word' id='word_1_244' title='bbox 205 2918 321 2990; x_wconf 65' lang='lat' dir='ltr'><strong>Tia)</strong></span> <span class='ocrx_word' id='word_1_245' title='bbox 348 2918 803 2989; x_wconf 77' lang='grc' dir='ltr'>συνταττόμενον.</span> <span class='ocrx_word' id='word_1_246' title='bbox 859 2917 1326 2987; x_wconf 78' lang='grc' dir='ltr'>Ἐκπορευόμενον</span> <span class='ocrx_word' id='word_1_247' title='bbox 1360 2917 1417 2970; x_wconf 69' lang='grc' dir='ltr'><strong>δὲ</strong></span> <span class='ocrx_word' id='word_1_248' title='bbox 1437 2917 1570 2970; x_wconf 79' lang='grc' dir='ltr'>αὐτὸ</span> <span class='ocrx_word' id='word_1_249' title='bbox 1607 2919 1670 2970; x_wconf 78' lang='grc' dir='ltr'>ὲκ</span> <span class='ocrx_word' id='word_1_250' title='bbox 1700 2916 1795 2970; x_wconf 87' lang='grc' dir='ltr'><strong>τοῦ</strong></span> 
     </span>
    </p>
   </div>
   <div class='ocr_carea' id='block_1_33' title="bbox 218 3010 1793 3082">
    <p class='ocr_par' dir='ltr' id='par_1_33' title="bbox 218 3010 1793 3082">
     <span class='ocr_line' id='line_1_33' title="bbox 218 3010 1793 3082; baseline -0.001 -19"><span class='ocrx_word' id='word_1_251' title='bbox 218 3011 422 3082; x_wconf 70' lang='grc' dir='ltr'>Πιτρὸς</span> <span class='ocrx_word' id='word_1_252' title='bbox 455 3010 806 3081; x_wconf 73' lang='grc' dir='ltr'>ἠκούσαμεν,</span> <span class='ocrx_word' id='word_1_253' title='bbox 844 3012 943 3063; x_wconf 78' lang='grc' dir='ltr'>καὶ</span> <span class='ocrx_word' id='word_1_254' title='bbox 962 3012 1023 3064; x_wconf 81' lang='grc' dir='ltr'><strong>οὐ</strong></span> <span class='ocrx_word' id='word_1_255' title='bbox 1055 3010 1624 3080; x_wconf 82' lang='grc' dir='ltr'>πολυπραγμονοῦμεν</span> <span class='ocrx_word' id='word_1_256' title='bbox 1675 3010 1793 3073; x_wconf 78' lang='grc' dir='ltr'>πῶς</span> 
     </span>
    </p>
   </div>
   <div class='ocr_carea' id='block_1_34' title="bbox 1880 551 3440 628">
    <p class='ocr_par' dir='ltr' id='par_1_34' title="bbox 1880 551 3440 628">
     <span class='ocr_line' id='line_1_34' title="bbox 1880 551 3440 628; baseline 0.004 -24"><span class='ocrx_word' id='word_1_257' title='bbox 1880 551 1975 605; x_wconf 84' lang='lat' dir='ltr'><strong>sed</strong></span> <span class='ocrx_word' id='word_1_258' title='bbox 2002 552 2240 621; x_wconf 77' lang='lat' dir='ltr'><strong>seipsum</strong></span> <span class='ocrx_word' id='word_1_259' title='bbox 2292 557 2613 623; x_wconf 75' lang='lat' dir='ltr'><strong>exinanivit,</strong></span> <span class='ocrx_word' id='word_1_260' title='bbox 2644 556 2872 612; x_wconf 74' lang='lat' dir='ltr'><strong>formam</strong></span> <span class='ocrx_word' id='word_1_261' title='bbox 2909 559 3053 613; x_wconf 83' lang='lat' dir='ltr'><strong>servi</strong></span> <span class='ocrx_word' id='word_1_262' title='bbox 3110 559 3440 628; x_wconf 63' lang='lat' dir='ltr'><strong>accipiens.»</strong></span> 
     </span>
    </p>
   </div>
   <div class='ocr_carea' id='block_1_35' title="bbox 1879 642 3459 720">
    <p class='ocr_par' dir='ltr' id='par_1_35' title="bbox 1879 642 3459 720">
     <span class='ocr_line' id='line_1_35' title="bbox 1879 642 3459 720; baseline 0.005 -23"><span class='ocrx_word' id='word_1_263' title='bbox 1879 642 1981 698; x_wconf 83' lang='lat' dir='ltr'><strong>Hic</strong></span> <span class='ocrx_word' id='word_1_264' title='bbox 2009 645 2195 714; x_wconf 91' lang='lat' dir='ltr'><strong>utique</strong></span> <span class='ocrx_word' id='word_1_265' title='bbox 2217 646 2360 703; x_wconf 80' lang='lat' dir='ltr'><strong>viam</strong></span> <span class='ocrx_word' id='word_1_266' title='bbox 2386 650 2627 704; x_wconf 64' lang='lat' dir='ltr'><strong>scientiae</strong></span> <span class='ocrx_word' id='word_1_267' title='bbox 2668 649 3063 705; x_wconf 75' lang='lat' dir='ltr'><strong>demonstravit</strong></span> <span class='ocrx_word' id='word_1_268' title='bbox 3088 648 3261 705; x_wconf 86' lang='lat' dir='ltr'><strong>Jacob</strong></span> <span class='ocrx_word' id='word_1_269' title='bbox 3288 665 3459 720; x_wconf 89' lang='lat' dir='ltr'><strong>puero</strong></span> 
     </span>
    </p>
   </div>
   <div class='ocr_carea' id='block_1_36' title="bbox 1881 736 3461 810">
    <p class='ocr_par' dir='ltr' id='par_1_36' title="bbox 1881 736 3461 810">
     <span class='ocr_line' id='line_1_36' title="bbox 1881 736 3461 810; baseline 0.002 -18"><span class='ocrx_word' id='word_1_270' title='bbox 1881 752 2006 801; x_wconf 79' lang='lat' dir='ltr'><strong>suo,</strong></span> <span class='ocrx_word' id='word_1_271' title='bbox 2037 746 2093 792; x_wconf 91' lang='lat' dir='ltr'><strong>et</strong></span> <span class='ocrx_word' id='word_1_272' title='bbox 2144 736 2326 793; x_wconf 84' lang='lat' dir='ltr'><strong>Israeli</strong></span> <span class='ocrx_word' id='word_1_273' title='bbox 2380 741 2580 795; x_wconf 85' lang='lat' dir='ltr'><strong>dilecto</strong></span> <span class='ocrx_word' id='word_1_274' title='bbox 2629 758 2751 808; x_wconf 90' lang='lat' dir='ltr'><strong>suo,</strong></span> <span class='ocrx_word' id='word_1_275' title='bbox 2821 741 2952 796; x_wconf 89' lang='lat' dir='ltr'><strong>dum</strong></span> <span class='ocrx_word' id='word_1_276' title='bbox 3021 741 3299 810; x_wconf 86' lang='lat' dir='ltr'><strong>antiquam</strong></span> <span class='ocrx_word' id='word_1_277' title='bbox 3358 756 3461 810; x_wconf 82' lang='lat' dir='ltr'><strong>per</strong></span> 
     </span>
    </p>
   </div>
   <div class='ocr_carea' id='block_1_37' title="bbox 1882 828 3449 902">
    <p class='ocr_par' dir='ltr' id='par_1_37' title="bbox 1882 828 3449 902">
     <span class='ocr_line' id='line_1_37' title="bbox 1882 828 3449 902; baseline 0.002 -19"><span class='ocrx_word' id='word_1_278' title='bbox 1882 828 2087 884; x_wconf 77' lang='lat' dir='ltr'><strong>llosem</strong></span> <span class='ocrx_word' id='word_1_279' title='bbox 2110 831 2164 884; x_wconf 91' lang='lat' dir='ltr'><strong>in</strong></span> <span class='ocrx_word' id='word_1_280' title='bbox 2192 831 2486 886; x_wconf 81' lang='lat' dir='ltr'><strong>solitudine</strong></span> <span class='ocrx_word' id='word_1_281' title='bbox 2514 834 2687 902; x_wconf 80' lang='lat' dir='ltr'><strong>legem</strong></span> <span class='ocrx_word' id='word_1_282' title='bbox 2716 833 2857 887; x_wconf 85' lang='lat' dir='ltr'><strong>tulit.</strong></span> <span class='ocrx_word' id='word_1_283' title='bbox 2885 832 2956 886; x_wconf 87' lang='lat' dir='ltr'><strong>At</strong></span> <span class='ocrx_word' id='word_1_284' title='bbox 2992 832 3138 886; x_wconf 74' lang='lat' dir='ltr'><strong>illam</strong></span> <span class='ocrx_word' id='word_1_285' title='bbox 3170 832 3263 901; x_wconf 86' lang='lat' dir='ltr'><strong>qui</strong></span> <span class='ocrx_word' id='word_1_286' title='bbox 3302 832 3449 893; x_wconf 85' lang='lat' dir='ltr'><strong>tulit.</strong></span> 
     </span>
    </p>
   </div>
   <div class='ocr_carea' id='block_1_38' title="bbox 1880 920 3459 993">
    <p class='ocr_par' dir='ltr' id='par_1_38' title="bbox 1880 920 3459 993">
     <span class='ocr_line' id='line_1_38' title="bbox 1880 920 3459 993; baseline 0.003 -20"><span class='ocrx_word' id='word_1_287' title='bbox 1880 920 2024 973; x_wconf 91' lang='lat' dir='ltr'><strong>idem</strong></span> <span class='ocrx_word' id='word_1_288' title='bbox 2081 920 2216 975; x_wconf 79' lang='lat' dir='ltr'><strong>Mosi</strong></span> <span class='ocrx_word' id='word_1_289' title='bbox 2257 923 2529 991; x_wconf 86' lang='lat' dir='ltr'><strong>loquens:</strong></span> <span class='ocrx_word' id='word_1_290' title='bbox 2560 941 2581 975; x_wconf 76' lang='grc' dir='ltr'><strong>ι</strong></span> <span class='ocrx_word' id='word_1_291' title='bbox 2623 923 2768 987; x_wconf 71' lang='lat' dir='ltr'><strong>llmc,</strong></span> <span class='ocrx_word' id='word_1_292' title='bbox 2805 942 2822 975; x_wconf 79' lang='grc' dir='ltr'><strong>ι</strong></span> <span class='ocrx_word' id='word_1_293' title='bbox 2866 924 3063 993; x_wconf 89' lang='lat' dir='ltr'><strong>inquit,</strong></span> <span class='ocrx_word' id='word_1_294' title='bbox 3139 943 3159 975; x_wconf 81' lang='grc' dir='ltr'><strong>ι</strong></span> <span class='ocrx_word' id='word_1_295' title='bbox 3199 923 3349 979; x_wconf 83' lang='lat' dir='ltr'><strong>dices</strong></span> <span class='ocrx_word' id='word_1_296' title='bbox 3393 923 3459 977; x_wconf 77' lang='lat' dir='ltr'><strong>il-</strong></span> 
     </span>
    </p>
   </div>
   <div class='ocr_carea' id='block_1_39' title="bbox 1880 1010 3463 1078">
    <p class='ocr_par' dir='ltr' id='par_1_39' title="bbox 1880 1010 3463 1078">
     <span class='ocr_line' id='line_1_39' title="bbox 1880 1010 3463 1078; baseline 0.003 -13"><span class='ocrx_word' id='word_1_297' title='bbox 1880 1010 1972 1065; x_wconf 90' lang='lat' dir='ltr'><strong>liis</strong></span> <span class='ocrx_word' id='word_1_298' title='bbox 2005 1012 2207 1066; x_wconf 84' lang='lat' dir='ltr'><strong>Israel:</strong></span> <span class='ocrx_word' id='word_1_299' title='bbox 2239 1013 2341 1078; x_wconf 86' lang='lat' dir='ltr'><strong>Qui</strong></span> <span class='ocrx_word' id='word_1_300' title='bbox 2375 1023 2476 1072; x_wconf 83' lang='lat' dir='ltr'><strong>est.</strong></span> <span class='ocrx_word' id='word_1_301' title='bbox 2512 1014 2657 1067; x_wconf 86' lang='lat' dir='ltr'><strong>misit</strong></span> <span class='ocrx_word' id='word_1_302' title='bbox 2692 1030 2778 1069; x_wconf 92' lang='lat' dir='ltr'><strong>me</strong></span> <span class='ocrx_word' id='word_1_303' title='bbox 2811 1015 2875 1069; x_wconf 89' lang='lat' dir='ltr'><strong>ad</strong></span> <span class='ocrx_word' id='word_1_304' title='bbox 2910 1030 3028 1069; x_wconf 87' lang='lat' dir='ltr'><strong>vos.</strong></span> <span class='ocrx_word' id='word_1_305' title='bbox 3066 1033 3085 1067; x_wconf 76' lang='grc' dir='ltr'><strong>ι</strong></span> <span class='ocrx_word' id='word_1_306' title='bbox 3114 1014 3351 1069; x_wconf 82' lang='lat' dir='ltr'><strong>Proinde</strong></span> <span class='ocrx_word' id='word_1_307' title='bbox 3384 1015 3463 1070; x_wconf 89' lang='lat' dir='ltr'><strong>sic</strong></span> 
     </span>
    </p>
   </div>
   <div class='ocr_carea' id='block_1_40' title="bbox 1881 1105 3466 1175">
    <p class='ocr_par' dir='ltr' id='par_1_40' title="bbox 1881 1105 3466 1175">
     <span class='ocr_line' id='line_1_40' title="bbox 1881 1105 3466 1175; baseline 0 -16"><span class='ocrx_word' id='word_1_308' title='bbox 1881 1105 2044 1159; x_wconf 81' lang='lat' dir='ltr'><strong>etiam</strong></span> <span class='ocrx_word' id='word_1_309' title='bbox 2113 1106 2384 1159; x_wconf 84' lang='lat' dir='ltr'><strong>clamabat</strong></span> <span class='ocrx_word' id='word_1_310' title='bbox 2444 1106 2707 1175; x_wconf 56' lang='lat' dir='ltr'><strong>proiiheta</strong></span> <span class='ocrx_word' id='word_1_311' title='bbox 2745 1124 2758 1160; x_wconf 89' lang='lat'><strong>:</strong></span> <span class='ocrx_word' id='word_1_312' title='bbox 2805 1124 2823 1158; x_wconf 83' lang='grc' dir='ltr'><strong>ι</strong></span> <span class='ocrx_word' id='word_1_313' title='bbox 2860 1106 2959 1159; x_wconf 83' lang='lat' dir='ltr'><strong>Hic</strong></span> <span class='ocrx_word' id='word_1_314' title='bbox 2988 1106 3131 1159; x_wconf 88' lang='lat' dir='ltr'><strong>Deus</strong></span> <span class='ocrx_word' id='word_1_315' title='bbox 3162 1113 3373 1169; x_wconf 86' lang='lat' dir='ltr'><strong>noster,</strong></span> <span class='ocrx_word' id='word_1_316' title='bbox 3409 1114 3466 1159; x_wconf 88' lang='lat' dir='ltr'><strong>et</strong></span> 
     </span>
    </p>
   </div>
   <div class='ocr_carea' id='block_1_41' title="bbox 1881 1195 3455 1266">
    <p class='ocr_par' dir='ltr' id='par_1_41' title="bbox 1881 1195 3455 1266">
     <span class='ocr_line' id='line_1_41' title="bbox 1881 1195 3455 1266; baseline 0.001 -18"><span class='ocrx_word' id='word_1_317' title='bbox 1881 1210 1991 1250; x_wconf 87' lang='lat' dir='ltr'><strong>non</strong></span> <span class='ocrx_word' id='word_1_318' title='bbox 2019 1196 2425 1266; x_wconf 75' lang='lat' dir='ltr'><strong>comparabitur</strong></span> <span class='ocrx_word' id='word_1_319' title='bbox 2452 1197 2593 1250; x_wconf 80' lang='lat' dir='ltr'><strong>alter</strong></span> <span class='ocrx_word' id='word_1_320' title='bbox 2623 1212 2748 1250; x_wconf 86' lang='lat' dir='ltr'><strong>eum</strong></span> <span class='ocrx_word' id='word_1_321' title='bbox 2780 1195 2894 1251; x_wconf 86' lang='lat' dir='ltr'><strong>illo.</strong></span> <span class='ocrx_word' id='word_1_322' title='bbox 2942 1215 2962 1249; x_wconf 85' lang='grc'>›</span> <span class='ocrx_word' id='word_1_323' title='bbox 2990 1196 3203 1261; x_wconf 87' lang='lat' dir='ltr'><strong>Quibus</strong></span> <span class='ocrx_word' id='word_1_324' title='bbox 3268 1196 3455 1250; x_wconf 87' lang='lat' dir='ltr'><strong>verbis</strong></span> 
     </span>
    </p>
   </div>
   <div class='ocr_carea' id='block_1_42' title="bbox 1885 1287 3463 1355">
    <p class='ocr_par' dir='ltr' id='par_1_42' title="bbox 1885 1287 3463 1355">
     <span class='ocr_line' id='line_1_42' title="bbox 1885 1287 3463 1355; baseline -0.001 -14"><span class='ocrx_word' id='word_1_325' title='bbox 1885 1302 2012 1341; x_wconf 88' lang='lat' dir='ltr'><strong>eum</strong></span> <span class='ocrx_word' id='word_1_326' title='bbox 2058 1300 2177 1341; x_wconf 88' lang='lat' dir='ltr'><strong>esse</strong></span> <span class='ocrx_word' id='word_1_327' title='bbox 2225 1287 2386 1341; x_wconf 85' lang='lat' dir='ltr'><strong>talem</strong></span> <span class='ocrx_word' id='word_1_328' title='bbox 2450 1297 2714 1353; x_wconf 79' lang='lat' dir='ltr'><strong>testatur,</strong></span> <span class='ocrx_word' id='word_1_329' title='bbox 2760 1303 2870 1342; x_wconf 89' lang='lat' dir='ltr'><strong>non</strong></span> <span class='ocrx_word' id='word_1_330' title='bbox 2956 1288 3051 1355; x_wconf 89' lang='lat' dir='ltr'><strong>qui</strong></span> <span class='ocrx_word' id='word_1_331' title='bbox 3116 1289 3295 1341; x_wconf 86' lang='lat' dir='ltr'><strong>minor</strong></span> <span class='ocrx_word' id='word_1_332' title='bbox 3359 1288 3463 1352; x_wconf 86' lang='lat' dir='ltr'><strong>sit,</strong></span> 
     </span>
    </p>
   </div>
   <div class='ocr_carea' id='block_1_43' title="bbox 1884 1378 3467 1449">
    <p class='ocr_par' dir='ltr' id='par_1_43' title="bbox 1884 1378 3467 1449">
     <span class='ocr_line' id='line_1_43' title="bbox 1884 1378 3467 1449; baseline -0.001 -18"><span class='ocrx_word' id='word_1_333' title='bbox 1884 1378 1979 1432; x_wconf 88' lang='lat' dir='ltr'><strong>sed</strong></span> <span class='ocrx_word' id='word_1_334' title='bbox 2059 1381 2147 1431; x_wconf 90' lang='lat' dir='ltr'><strong>cui</strong></span> <span class='ocrx_word' id='word_1_335' title='bbox 2214 1378 2397 1432; x_wconf 84' lang='lat' dir='ltr'><strong>nullus</strong></span> <span class='ocrx_word' id='word_1_336' title='bbox 2452 1389 2822 1449; x_wconf 88' lang='lat' dir='ltr'><strong>comparetur.</strong></span> <span class='ocrx_word' id='word_1_337' title='bbox 2848 1378 3088 1434; x_wconf 89' lang='lat' dir='ltr'><strong>Cernitis</strong></span> <span class='ocrx_word' id='word_1_338' title='bbox 3124 1419 3139 1445; x_wconf 93' lang='lat'><strong>,</strong></span> <span class='ocrx_word' id='word_1_339' title='bbox 3193 1378 3467 1448; x_wconf 91' lang='lat' dir='ltr'><strong>quomodo</strong></span> 
     </span>
    </p>
   </div>
   <div class='ocr_carea' id='block_1_44' title="bbox 1880 1465 3472 1539">
    <p class='ocr_par' dir='ltr' id='par_1_44' title="bbox 1880 1465 3472 1539">
     <span class='ocr_line' id='line_1_44' title="bbox 1880 1465 3472 1539; baseline -0.002 -18"><span class='ocrx_word' id='word_1_340' title='bbox 1880 1467 2206 1535; x_wconf 71' lang='lat' dir='ltr'><strong>evangelium</strong></span> <span class='ocrx_word' id='word_1_341' title='bbox 2254 1469 2515 1522; x_wconf 71' lang='lat' dir='ltr'><strong>doctrinae</strong></span> <span class='ocrx_word' id='word_1_342' title='bbox 2573 1477 2878 1539; x_wconf 76' lang='lat' dir='ltr'><strong>congruant</strong></span> <span class='ocrx_word' id='word_1_343' title='bbox 2938 1465 3257 1536; x_wconf 88' lang='lat' dir='ltr'><strong>prophetica</strong></span> <span class='ocrx_word' id='word_1_344' title='bbox 3314 1466 3472 1520; x_wconf 86' lang='lat' dir='ltr'><strong>testi-</strong></span> 
     </span>
    </p>
   </div>
   <div class='ocr_carea' id='block_1_45' title="bbox 1879 1556 3469 1626">
    <p class='ocr_par' dir='ltr' id='par_1_45' title="bbox 1879 1556 3469 1626">
     <span class='ocr_line' id='line_1_45' title="bbox 1879 1556 3469 1626; baseline -0.003 -15"><span class='ocrx_word' id='word_1_345' title='bbox 1879 1558 2060 1611; x_wconf 87' lang='lat' dir='ltr'><strong>monia</strong></span> <span class='ocrx_word' id='word_1_346' title='bbox 2097 1556 2119 1609; x_wconf 81' lang='lat'><strong>?</strong></span> <span class='ocrx_word' id='word_1_347' title='bbox 2150 1556 2325 1610; x_wconf 79' lang='lat' dir='ltr'><strong>Moses</strong></span> <span class='ocrx_word' id='word_1_348' title='bbox 2357 1558 2611 1626; x_wconf 63' lang='lat' dir='ltr'><strong>prtedicat</strong></span> <span class='ocrx_word' id='word_1_349' title='bbox 2642 1576 2657 1611; x_wconf 90' lang='lat'><strong>:</strong></span> <span class='ocrx_word' id='word_1_350' title='bbox 2707 1575 2726 1609; x_wconf 81' lang='grc' dir='ltr'><strong>ι</strong></span> <span class='ocrx_word' id='word_1_351' title='bbox 2773 1558 2878 1623; x_wconf 87' lang='lat' dir='ltr'><strong>Qui</strong></span> <span class='ocrx_word' id='word_1_352' title='bbox 2922 1565 3059 1612; x_wconf 61' lang='lat' dir='ltr'><strong>est.»</strong></span> <span class='ocrx_word' id='word_1_353' title='bbox 3092 1556 3206 1610; x_wconf 90' lang='lat' dir='ltr'><strong>lmo</strong></span> <span class='ocrx_word' id='word_1_354' title='bbox 3236 1570 3365 1609; x_wconf 88' lang='lat' dir='ltr'><strong>vero</strong></span> <span class='ocrx_word' id='word_1_355' title='bbox 3388 1556 3469 1624; x_wconf 80' lang='lat' dir='ltr'><strong>ip-</strong></span> 
     </span>
    </p>
   </div>
   <div class='ocr_carea' id='block_1_46' title="bbox 1879 1645 3469 1717">
    <p class='ocr_par' dir='ltr' id='par_1_46' title="bbox 1879 1645 3469 1717">
     <span class='ocr_line' id='line_1_46' title="bbox 1879 1645 3469 1717; baseline -0.003 -15"><span class='ocrx_word' id='word_1_356' title='bbox 1879 1663 1939 1702; x_wconf 85' lang='lat' dir='ltr'><strong>se</strong></span> <span class='ocrx_word' id='word_1_357' title='bbox 1973 1648 2116 1702; x_wconf 83' lang='lat' dir='ltr'><strong>Deus</strong></span> <span class='ocrx_word' id='word_1_358' title='bbox 2148 1649 2384 1702; x_wconf 77' lang='lat' dir='ltr'><strong>Verbum</strong></span> <span class='ocrx_word' id='word_1_359' title='bbox 2440 1650 2507 1703; x_wconf 88' lang='lat' dir='ltr'><strong>de</strong></span> <span class='ocrx_word' id='word_1_360' title='bbox 2538 1664 2598 1703; x_wconf 87' lang='lat' dir='ltr'><strong>se</strong></span> <span class='ocrx_word' id='word_1_361' title='bbox 2630 1651 2746 1717; x_wconf 82' lang='lat' dir='ltr'><strong>ipso</strong></span> <span class='ocrx_word' id='word_1_362' title='bbox 2780 1650 2913 1704; x_wconf 88' lang='lat' dir='ltr'><strong>dicit</strong></span> <span class='ocrx_word' id='word_1_363' title='bbox 2940 1667 2954 1703; x_wconf 91' lang='lat'><strong>:</strong></span> <span class='ocrx_word' id='word_1_364' title='bbox 2980 1646 3081 1712; x_wconf 85' lang='lat' dir='ltr'><strong>Qui</strong></span> <span class='ocrx_word' id='word_1_365' title='bbox 3111 1657 3213 1702; x_wconf 89' lang='lat' dir='ltr'><strong>est.</strong></span> <span class='ocrx_word' id='word_1_366' title='bbox 3269 1645 3469 1699; x_wconf 81' lang='lat' dir='ltr'><strong>Paulus</strong></span> 
     </span>
    </p>
   </div>
   <div class='ocr_carea' id='block_1_47' title="bbox 1881 1737 3469 1808">
    <p class='ocr_par' dir='ltr' id='par_1_47' title="bbox 1881 1737 3469 1808">
     <span class='ocr_line' id='line_1_47' title="bbox 1881 1737 3469 1808; baseline -0.006 -11"><span class='ocrx_word' id='word_1_367' title='bbox 1881 1754 2025 1804; x_wconf 59' lang='lat' dir='ltr'><strong>sape</strong></span> <span class='ocrx_word' id='word_1_368' title='bbox 2051 1740 2181 1794; x_wconf 86' lang='lat' dir='ltr'><strong>dicit</strong></span> <span class='ocrx_word' id='word_1_369' title='bbox 2219 1740 2349 1793; x_wconf 89' lang='lat' dir='ltr'><strong>illud</strong></span> <span class='ocrx_word' id='word_1_370' title='bbox 2382 1756 2398 1794; x_wconf 88' lang='lat'><strong>:</strong></span> <span class='ocrx_word' id='word_1_371' title='bbox 2435 1739 2531 1806; x_wconf 85' lang='grc' dir='ltr'><strong>ῶν,</strong></span> <span class='ocrx_word' id='word_1_372' title='bbox 2560 1754 2757 1808; x_wconf 85' lang='lat' dir='ltr'><strong>nempe</strong></span> <span class='ocrx_word' id='word_1_373' title='bbox 2784 1740 2875 1808; x_wconf 88' lang='lat' dir='ltr'><strong>qui</strong></span> <span class='ocrx_word' id='word_1_374' title='bbox 2933 1748 3038 1793; x_wconf 88' lang='lat' dir='ltr'><strong>est.</strong></span> <span class='ocrx_word' id='word_1_375' title='bbox 3075 1739 3239 1792; x_wconf 82' lang='lat' dir='ltr'><strong>Addit</strong></span> <span class='ocrx_word' id='word_1_376' title='bbox 3303 1737 3469 1790; x_wconf 89' lang='lat' dir='ltr'><strong>etiam</strong></span> 
     </span>
    </p>
   </div>
   <div class='ocr_carea' id='block_1_48' title="bbox 1884 1828 3472 1901">
    <p class='ocr_par' dir='ltr' id='par_1_48' title="bbox 1884 1828 3472 1901">
     <span class='ocr_line' id='line_1_48' title="bbox 1884 1828 3472 1901; baseline -0.003 -16"><span class='ocrx_word' id='word_1_377' title='bbox 1884 1831 2018 1885; x_wconf 88' lang='lat' dir='ltr'><strong>illud</strong></span> <span class='ocrx_word' id='word_1_378' title='bbox 2055 1849 2069 1884; x_wconf 86' lang='lat'><strong>:</strong></span> <span class='ocrx_word' id='word_1_379' title='bbox 2100 1832 2390 1901; x_wconf 73' lang='grc' dir='ltr'>ὑπάρχων,</span> <span class='ocrx_word' id='word_1_380' title='bbox 2419 1832 2563 1901; x_wconf 86' lang='lat' dir='ltr'><strong>quod</strong></span> <span class='ocrx_word' id='word_1_381' title='bbox 2601 1832 2746 1886; x_wconf 88' lang='lat' dir='ltr'><strong>idem</strong></span> <span class='ocrx_word' id='word_1_382' title='bbox 2778 1832 2940 1885; x_wconf 88' lang='lat' dir='ltr'><strong>valet.</strong></span> <span class='ocrx_word' id='word_1_383' title='bbox 2998 1829 3138 1884; x_wconf 90' lang='lat' dir='ltr'><strong>Dicit</strong></span> <span class='ocrx_word' id='word_1_384' title='bbox 3198 1832 3365 1883; x_wconf 78' lang='lat' dir='ltr'><strong>etiam</strong></span> <span class='ocrx_word' id='word_1_385' title='bbox 3401 1828 3472 1881; x_wconf 80' lang='lat' dir='ltr'><strong>il-</strong></span> 
     </span>
    </p>
   </div>
   <div class='ocr_carea' id='block_1_49' title="bbox 1885 1920 3467 1992">
    <p class='ocr_par' dir='ltr' id='par_1_49' title="bbox 1885 1920 3467 1992">
     <span class='ocr_line' id='line_1_49' title="bbox 1885 1920 3467 1992; baseline -0.003 -15"><span class='ocrx_word' id='word_1_386' title='bbox 1885 1922 2016 1977; x_wconf 82' lang='lat' dir='ltr'><strong>lud:</strong></span> <span class='ocrx_word' id='word_1_387' title='bbox 2048 1922 2186 1985; x_wconf 78' lang='grc' dir='ltr'>ἔστι,</span> <span class='ocrx_word' id='word_1_388' title='bbox 2217 1922 2360 1991; x_wconf 91' lang='lat' dir='ltr'><strong>quod</strong></span> <span class='ocrx_word' id='word_1_389' title='bbox 2394 1924 2775 1992; x_wconf 89' lang='lat' dir='ltr'><strong>superioribus</strong></span> <span class='ocrx_word' id='word_1_390' title='bbox 2793 1922 3020 1977; x_wconf 89' lang='lat' dir='ltr'><strong>vocibus</strong></span> <span class='ocrx_word' id='word_1_391' title='bbox 3037 1921 3304 1991; x_wconf 80' lang='lat' dir='ltr'><strong>:equalem</strong></span> <span class='ocrx_word' id='word_1_392' title='bbox 3353 1920 3467 1974; x_wconf 85' lang='lat' dir='ltr'><strong>vim</strong></span> 
     </span>
    </p>
   </div>
   <div class='ocr_carea' id='block_1_50' title="bbox 1897 2010 3469 2081">
    <p class='ocr_par' dir='ltr' id='par_1_50' title="bbox 1897 2010 3469 2081">
     <span class='ocr_line' id='line_1_50' title="bbox 1897 2010 3469 2081; baseline -0.004 -14"><span class='ocrx_word' id='word_1_393' title='bbox 1897 2013 2088 2067; x_wconf 84' lang='lat' dir='ltr'><strong>habet.</strong></span> <span class='ocrx_word' id='word_1_394' title='bbox 2122 2012 2354 2067; x_wconf 86' lang='lat' dir='ltr'><strong>Easdem</strong></span> <span class='ocrx_word' id='word_1_395' title='bbox 2389 2028 2551 2067; x_wconf 88' lang='lat' dir='ltr'><strong>voces</strong></span> <span class='ocrx_word' id='word_1_396' title='bbox 2575 2014 2816 2069; x_wconf 86' lang='lat' dir='ltr'><strong>Joannes</strong></span> <span class='ocrx_word' id='word_1_397' title='bbox 2873 2013 2961 2066; x_wconf 91' lang='lat' dir='ltr'><strong>ille</strong></span> <span class='ocrx_word' id='word_1_398' title='bbox 2984 2010 3297 2081; x_wconf 73' lang='lat' dir='ltr'><strong>Tlieologus</strong></span> <span class='ocrx_word' id='word_1_399' title='bbox 3342 2023 3469 2062; x_wconf 91' lang='lat' dir='ltr'><strong>cum</strong></span> 
     </span>
    </p>
   </div>
   <div class='ocr_carea' id='block_1_51' title="bbox 1886 2097 3478 2169">
    <p class='ocr_par' dir='ltr' id='par_1_51' title="bbox 1886 2097 3478 2169">
     <span class='ocr_line' id='line_1_51' title="bbox 1886 2097 3478 2169; baseline -0.002 -16"><span class='ocrx_word' id='word_1_400' title='bbox 1886 2098 2089 2167; x_wconf 70' lang='lat' dir='ltr'><strong>Spargit</strong></span> <span class='ocrx_word' id='word_1_401' title='bbox 2117 2108 2280 2167; x_wconf 85' lang='lat' dir='ltr'><strong>atque</strong></span> <span class='ocrx_word' id='word_1_402' title='bbox 2313 2099 2634 2154; x_wconf 89' lang='lat' dir='ltr'><strong>disseminat</strong></span> <span class='ocrx_word' id='word_1_403' title='bbox 2672 2102 2727 2153; x_wconf 85' lang='lat' dir='ltr'><strong>in</strong></span> <span class='ocrx_word' id='word_1_404' title='bbox 2770 2109 2882 2154; x_wconf 87' lang='lat' dir='ltr'><strong>tota</strong></span> <span class='ocrx_word' id='word_1_405' title='bbox 2934 2097 3358 2169; x_wconf 75' lang='lat' dir='ltr'><strong>Evangeliorum</strong></span> <span class='ocrx_word' id='word_1_406' title='bbox 3392 2097 3478 2150; x_wconf 85' lang='lat' dir='ltr'><strong>hi-</strong></span> 
     </span>
    </p>
   </div>
   <div class='ocr_carea' id='block_1_52' title="bbox 1887 2189 3476 2262">
    <p class='ocr_par' dir='ltr' id='par_1_52' title="bbox 1887 2189 3476 2262">
     <span class='ocr_line' id='line_1_52' title="bbox 1887 2189 3476 2262; baseline -0.002 -17"><span class='ocrx_word' id='word_1_407' title='bbox 1887 2191 2072 2252; x_wconf 83' lang='lat' dir='ltr'><strong>storia,</strong></span> <span class='ocrx_word' id='word_1_408' title='bbox 2145 2200 2257 2246; x_wconf 89' lang='lat' dir='ltr'><strong>tum</strong></span> <span class='ocrx_word' id='word_1_409' title='bbox 2320 2196 2497 2262; x_wconf 90' lang='lat' dir='ltr'><strong>ipsum</strong></span> <span class='ocrx_word' id='word_1_410' title='bbox 2559 2193 2887 2261; x_wconf 65' lang='lat' dir='ltr'><strong>prooemium</strong></span> <span class='ocrx_word' id='word_1_411' title='bbox 2966 2192 3073 2246; x_wconf 88' lang='lat' dir='ltr'><strong>illis</strong></span> <span class='ocrx_word' id='word_1_412' title='bbox 3130 2189 3476 2260; x_wconf 83' lang='lat' dir='ltr'><strong>potissimum</strong></span> 
     </span>
    </p>
   </div>
   <div class='ocr_carea' id='block_1_53' title="bbox 1890 2280 3474 2351">
    <p class='ocr_par' dir='ltr' id='par_1_53' title="bbox 1890 2280 3474 2351">
     <span class='ocr_line' id='line_1_53' title="bbox 1890 2280 3474 2351; baseline -0.001 -18"><span class='ocrx_word' id='word_1_413' title='bbox 1890 2280 2141 2334; x_wconf 87' lang='lat' dir='ltr'><strong>illustrat.</strong></span> <span class='ocrx_word' id='word_1_414' title='bbox 2174 2282 2357 2351; x_wconf 82' lang='lat' dir='ltr'><strong>Neque</strong></span> <span class='ocrx_word' id='word_1_415' title='bbox 2382 2283 2529 2337; x_wconf 91' lang='lat' dir='ltr'><strong>enim</strong></span> <span class='ocrx_word' id='word_1_416' title='bbox 2554 2284 2749 2344; x_wconf 86' lang='lat' dir='ltr'><strong>semel,</strong></span> <span class='ocrx_word' id='word_1_417' title='bbox 2780 2290 2875 2336; x_wconf 88' lang='lat' dir='ltr'><strong>aut</strong></span> <span class='ocrx_word' id='word_1_418' title='bbox 2895 2281 3001 2347; x_wconf 86' lang='lat' dir='ltr'><strong>bis,</strong></span> <span class='ocrx_word' id='word_1_419' title='bbox 3060 2290 3155 2334; x_wconf 90' lang='lat' dir='ltr'><strong>aut</strong></span> <span class='ocrx_word' id='word_1_420' title='bbox 3218 2290 3322 2345; x_wconf 83' lang='lat' dir='ltr'><strong>ter,</strong></span> <span class='ocrx_word' id='word_1_421' title='bbox 3372 2280 3474 2333; x_wconf 87' lang='lat' dir='ltr'><strong>sed</strong></span> 
     </span>
    </p>
   </div>
   <div class='ocr_carea' id='block_1_54' title="bbox 1891 2370 3470 2441">
    <p class='ocr_par' dir='ltr' id='par_1_54' title="bbox 1891 2370 3470 2441">
     <span class='ocr_line' id='line_1_54' title="bbox 1891 2370 3470 2441; baseline -0.003 -15"><span class='ocrx_word' id='word_1_422' title='bbox 1891 2372 2087 2441; x_wconf 70' lang='lat' dir='ltr'><strong>saepius</strong></span> <span class='ocrx_word' id='word_1_423' title='bbox 2139 2374 2457 2441; x_wconf 79' lang='lat' dir='ltr'><strong>pronuntiat</strong></span> <span class='ocrx_word' id='word_1_424' title='bbox 2505 2374 2634 2428; x_wconf 87' lang='lat' dir='ltr'><strong>illud</strong></span> <span class='ocrx_word' id='word_1_425' title='bbox 2685 2389 2701 2427; x_wconf 79' lang='grc' dir='ltr'><strong>ι</strong></span> <span class='ocrx_word' id='word_1_426' title='bbox 2750 2382 2888 2437; x_wconf 73' lang='grc' dir='ltr'>ενοι,</span> <span class='ocrx_word' id='word_1_427' title='bbox 2925 2391 2945 2425; x_wconf 79' lang='grc' dir='ltr'><strong>ι</strong></span> <span class='ocrx_word' id='word_1_428' title='bbox 2999 2371 3058 2425; x_wconf 88' lang='lat' dir='ltr'><strong>In</strong></span> <span class='ocrx_word' id='word_1_429' title='bbox 3114 2370 3409 2441; x_wconf 88' lang='lat' dir='ltr'><strong>principio.</strong></span> <span class='ocrx_word' id='word_1_430' title='bbox 3449 2386 3470 2419; x_wconf 76' lang='grc' dir='ltr'><strong>ι</strong></span> 
     </span>
    </p>
   </div>
   <div class='ocr_carea' id='block_1_55' title="bbox 1893 2458 3462 2533">
    <p class='ocr_par' dir='ltr' id='par_1_55' title="bbox 1893 2458 3462 2533">
     <span class='ocr_line' id='line_1_55' title="bbox 1893 2458 3462 2533; baseline -0.004 -12"><span class='ocrx_word' id='word_1_431' title='bbox 1893 2462 2169 2533; x_wconf 80' lang='lat' dir='ltr'><strong>inquiens,</strong></span> <span class='ocrx_word' id='word_1_432' title='bbox 2225 2486 2243 2518; x_wconf 75' lang='grc' dir='ltr'><strong>ι</strong></span> <span class='ocrx_word' id='word_1_433' title='bbox 2274 2476 2395 2520; x_wconf 89' lang='lat' dir='ltr'><strong>erat</strong></span> <span class='ocrx_word' id='word_1_434' title='bbox 2444 2465 2718 2528; x_wconf 84' lang='lat' dir='ltr'><strong>Verbum,</strong></span> <span class='ocrx_word' id='word_1_435' title='bbox 2782 2474 2841 2521; x_wconf 89' lang='lat' dir='ltr'><strong>et</strong></span> <span class='ocrx_word' id='word_1_436' title='bbox 2874 2464 3112 2519; x_wconf 81' lang='lat' dir='ltr'><strong>Verbum</strong></span> <span class='ocrx_word' id='word_1_437' title='bbox 3160 2472 3281 2517; x_wconf 87' lang='lat' dir='ltr'><strong>erat</strong></span> <span class='ocrx_word' id='word_1_438' title='bbox 3316 2458 3462 2530; x_wconf 90' lang='lat' dir='ltr'><strong>apud</strong></span> 
     </span>
    </p>
   </div>
   <div class='ocr_carea' id='block_1_56' title="bbox 1895 2552 3479 2621">
    <p class='ocr_par' dir='ltr' id='par_1_56' title="bbox 1895 2552 3479 2621">
     <span class='ocr_line' id='line_1_56' title="bbox 1895 2552 3479 2621; baseline -0.004 -12"><span class='ocrx_word' id='word_1_439' title='bbox 1895 2555 2091 2619; x_wconf 80' lang='lat' dir='ltr'><strong>Deum,</strong></span> <span class='ocrx_word' id='word_1_440' title='bbox 2136 2567 2190 2611; x_wconf 90' lang='lat' dir='ltr'><strong>et</strong></span> <span class='ocrx_word' id='word_1_441' title='bbox 2234 2558 2379 2612; x_wconf 86' lang='lat' dir='ltr'><strong>Deus</strong></span> <span class='ocrx_word' id='word_1_442' title='bbox 2412 2567 2532 2612; x_wconf 89' lang='lat' dir='ltr'><strong>erat</strong></span> <span class='ocrx_word' id='word_1_443' title='bbox 2563 2557 2827 2617; x_wconf 83' lang='lat' dir='ltr'><strong>Verbum.</strong></span> <span class='ocrx_word' id='word_1_444' title='bbox 2868 2556 2974 2610; x_wconf 84' lang='lat' dir='ltr'><strong>hoc</strong></span> <span class='ocrx_word' id='word_1_445' title='bbox 3007 2563 3128 2609; x_wconf 81' lang='lat' dir='ltr'><strong>erat</strong></span> <span class='ocrx_word' id='word_1_446' title='bbox 3185 2553 3240 2606; x_wconf 88' lang='lat' dir='ltr'><strong>in</strong></span> <span class='ocrx_word' id='word_1_447' title='bbox 3268 2552 3479 2621; x_wconf 85' lang='lat' dir='ltr'><strong>princi-</strong></span> 
     </span>
    </p>
   </div>
   <div class='ocr_carea' id='block_1_57' title="bbox 1896 2646 3482 2717">
    <p class='ocr_par' dir='ltr' id='par_1_57' title="bbox 1896 2646 3482 2717">
     <span class='ocr_line' id='line_1_57' title="bbox 1896 2646 3482 2717; baseline -0.003 -17"><span class='ocrx_word' id='word_1_448' title='bbox 1896 2647 1985 2717; x_wconf 88' lang='lat' dir='ltr'><strong>pio</strong></span> <span class='ocrx_word' id='word_1_449' title='bbox 2018 2650 2160 2717; x_wconf 86' lang='lat' dir='ltr'><strong>apud</strong></span> <span class='ocrx_word' id='word_1_450' title='bbox 2194 2650 2387 2704; x_wconf 89' lang='lat' dir='ltr'><strong>Deum.</strong></span> <span class='ocrx_word' id='word_1_451' title='bbox 2418 2668 2435 2701; x_wconf 73' lang='grc' dir='ltr'><strong>ι</strong></span> <span class='ocrx_word' id='word_1_452' title='bbox 2458 2649 2745 2705; x_wconf 84' lang='lat' dir='ltr'><strong>Credimus</strong></span> <span class='ocrx_word' id='word_1_453' title='bbox 2768 2649 2903 2703; x_wconf 86' lang='lat' dir='ltr'><strong>etin</strong></span> <span class='ocrx_word' id='word_1_454' title='bbox 2928 2646 3191 2716; x_wconf 80' lang='lat' dir='ltr'><strong>Spiritum</strong></span> <span class='ocrx_word' id='word_1_455' title='bbox 3229 2651 3482 2698; x_wconf 86' lang='lat' dir='ltr'><strong>sanctum</strong></span> 
     </span>
    </p>
   </div>
   <div class='ocr_carea' id='block_1_58' title="bbox 1902 2735 3483 2808">
    <p class='ocr_par' dir='ltr' id='par_1_58' title="bbox 1902 2735 3483 2808">
     <span class='ocr_line' id='line_1_58' title="bbox 1902 2735 3483 2808; baseline -0.006 -15"><span class='ocrx_word' id='word_1_456' title='bbox 1902 2740 2054 2795; x_wconf 74' lang='lat' dir='ltr'><strong>illum</strong></span> <span class='ocrx_word' id='word_1_457' title='bbox 2084 2751 2316 2799; x_wconf 85' lang='lat' dir='ltr'><strong>rectum.</strong></span> <span class='ocrx_word' id='word_1_458' title='bbox 2346 2741 2672 2808; x_wconf 83' lang='lat' dir='ltr'><strong>principem,</strong></span> <span class='ocrx_word' id='word_1_459' title='bbox 2702 2740 2929 2800; x_wconf 90' lang='lat' dir='ltr'><strong>bonum,</strong></span> <span class='ocrx_word' id='word_1_460' title='bbox 2967 2735 3393 2797; x_wconf 84' lang='lat' dir='ltr'><strong>consolatorem,</strong></span> <span class='ocrx_word' id='word_1_461' title='bbox 3414 2746 3483 2785; x_wconf 82' lang='lat' dir='ltr'><strong>ex</strong></span> 
     </span>
    </p>
   </div>
   <div class='ocr_carea' id='block_1_59' title="bbox 1896 2823 3485 2898">
    <p class='ocr_par' dir='ltr' id='par_1_59' title="bbox 1896 2823 3485 2898">
     <span class='ocr_line' id='line_1_59' title="bbox 1896 2823 3485 2898; baseline -0.004 -19"><span class='ocrx_word' id='word_1_462' title='bbox 1896 2826 2008 2889; x_wconf 80' lang='lat' dir='ltr'><strong>Deo</strong></span> <span class='ocrx_word' id='word_1_463' title='bbox 2041 2828 2455 2895; x_wconf 81' lang='lat' dir='ltr'><strong>procedentem.</strong></span> <span class='ocrx_word' id='word_1_464' title='bbox 2490 2843 2603 2882; x_wconf 91' lang='lat' dir='ltr'><strong>non</strong></span> <span class='ocrx_word' id='word_1_465' title='bbox 2664 2828 2909 2898; x_wconf 77' lang='lat' dir='ltr'><strong>genitum</strong></span> <span class='ocrx_word' id='word_1_466' title='bbox 2947 2842 2962 2879; x_wconf 89' lang='lat'><strong>:</strong></span> <span class='ocrx_word' id='word_1_467' title='bbox 2997 2839 3141 2879; x_wconf 85' lang='lat' dir='ltr'><strong>unus</strong></span> <span class='ocrx_word' id='word_1_468' title='bbox 3191 2823 3342 2877; x_wconf 86' lang='lat' dir='ltr'><strong>enim</strong></span> <span class='ocrx_word' id='word_1_469' title='bbox 3395 2828 3485 2874; x_wconf 78' lang='lat' dir='ltr'><strong>est</strong></span> 
     </span>
    </p>
   </div>
   <div class='ocr_carea' id='block_1_60' title="bbox 1900 2910 3484 2987">
    <p class='ocr_par' dir='ltr' id='par_1_60' title="bbox 1900 2910 3484 2987">
     <span class='ocr_line' id='line_1_60' title="bbox 1900 2910 3484 2987; baseline -0.004 -16"><span class='ocrx_word' id='word_1_470' title='bbox 1900 2915 2251 2987; x_wconf 78' lang='lat' dir='ltr'><strong>Unigenitus.</strong></span> <span class='ocrx_word' id='word_1_471' title='bbox 2274 2918 2393 2973; x_wconf 86' lang='lat' dir='ltr'><strong>Non</strong></span> <span class='ocrx_word' id='word_1_472' title='bbox 2422 2928 2688 2983; x_wconf 84' lang='lat' dir='ltr'><strong>creatum,</strong></span> <span class='ocrx_word' id='word_1_473' title='bbox 2724 2932 2998 2987; x_wconf 85' lang='lat' dir='ltr'><strong>nusquam</strong></span> <span class='ocrx_word' id='word_1_474' title='bbox 3033 2916 3180 2971; x_wconf 84' lang='lat' dir='ltr'><strong>enim</strong></span> <span class='ocrx_word' id='word_1_475' title='bbox 3214 2915 3269 2968; x_wconf 91' lang='lat' dir='ltr'><strong>in</strong></span> <span class='ocrx_word' id='word_1_476' title='bbox 3335 2910 3484 2966; x_wconf 86' lang='lat' dir='ltr'><strong>divi-</strong></span> 
     </span>
    </p>
   </div>
   <div class='ocr_carea' id='block_1_61' title="bbox 1908 3010 3485 3078">
    <p class='ocr_par' dir='ltr' id='par_1_61' title="bbox 1908 3010 3485 3078">
     <span class='ocr_line' id='line_1_61' title="bbox 1908 3010 3485 3078; baseline -0.004 -16"><span class='ocrx_word' id='word_1_477' title='bbox 1908 3024 1980 3062; x_wconf 88' lang='lat' dir='ltr'><strong>na</strong></span> <span class='ocrx_word' id='word_1_478' title='bbox 2010 3010 2291 3078; x_wconf 85' lang='lat' dir='ltr'><strong>Scriptura</strong></span> <span class='ocrx_word' id='word_1_479' title='bbox 2320 3010 2650 3075; x_wconf 89' lang='lat' dir='ltr'><strong>invenimus,</strong></span> <span class='ocrx_word' id='word_1_480' title='bbox 2688 3024 2813 3067; x_wconf 90' lang='lat' dir='ltr'><strong>eum</strong></span> <span class='ocrx_word' id='word_1_481' title='bbox 2842 3010 2895 3063; x_wconf 92' lang='lat' dir='ltr'><strong>in</strong></span> <span class='ocrx_word' id='word_1_482' title='bbox 2933 3022 3121 3062; x_wconf 89' lang='lat' dir='ltr'><strong>rerum</strong></span> <span class='ocrx_word' id='word_1_483' title='bbox 3171 3013 3485 3060; x_wconf 77' lang='lat' dir='ltr'><strong>creatarun</strong></span> 
     </span>
    </p>
   </div>
   <div class='ocr_carea' id='block_1_62' title="bbox 218 3095 1798 3180">
    <p class='ocr_par' dir='ltr' id='par_1_62' title="bbox 218 3102 1798 3174">
     <span class='ocr_line' id='line_1_62' title="bbox 218 3102 1798 3174; baseline -0.002 -19"><span class='ocrx_word' id='word_1_484' title='bbox 218 3106 600 3173; x_wconf 65' lang='lat' dir='ltr'><strong>ixmpeds‘cat,</strong></span> <span class='ocrx_word' id='word_1_485' title='bbox 670 3103 810 3157; x_wconf 75' lang='grc' dir='ltr'>ἀλλὰ</span> <span class='ocrx_word' id='word_1_486' title='bbox 842 3102 1143 3174; x_wconf 81' lang='grc' dir='ltr'>στέργομεν</span> <span class='ocrx_word' id='word_1_487' title='bbox 1200 3104 1316 3164; x_wconf 77' lang='grc' dir='ltr'>τοῖς</span> <span class='ocrx_word' id='word_1_488' title='bbox 1372 3102 1617 3155; x_wconf 79' lang='grc' dir='ltr'>τεθεῖσιν</span> <span class='ocrx_word' id='word_1_489' title='bbox 1666 3102 1798 3173; x_wconf 74' lang='grc' dir='ltr'>ἡμῖν</span> 
     </span>
    </p>
   </div>
   <div class='ocr_carea' id='block_1_63' title="bbox 1905 3095 3483 3180">
    <p class='ocr_par' dir='ltr' id='par_1_63' title="bbox 1905 3095 3483 3171">
     <span class='ocr_line' id='line_1_63' title="bbox 1905 3095 3483 3171; baseline -0.004 -16"><span class='ocrx_word' id='word_1_490' title='bbox 1905 3116 2133 3155; x_wconf 88' lang='lat' dir='ltr'><strong>numero</strong></span> <span class='ocrx_word' id='word_1_491' title='bbox 2185 3101 2443 3171; x_wconf 87' lang='lat' dir='ltr'><strong>positum,</strong></span> <span class='ocrx_word' id='word_1_492' title='bbox 2487 3101 2582 3156; x_wconf 87' lang='lat' dir='ltr'><strong>sed</strong></span> <span class='ocrx_word' id='word_1_493' title='bbox 2614 3101 2809 3156; x_wconf 87' lang='lat' dir='ltr'><strong>ordine</strong></span> <span class='ocrx_word' id='word_1_494' title='bbox 2832 3115 2957 3156; x_wconf 88' lang='lat' dir='ltr'><strong>cum</strong></span> <span class='ocrx_word' id='word_1_495' title='bbox 3016 3100 3176 3154; x_wconf 86' lang='lat' dir='ltr'><strong>Patre</strong></span> <span class='ocrx_word' id='word_1_496' title='bbox 3224 3106 3279 3152; x_wconf 87' lang='lat' dir='ltr'><strong>et</strong></span> <span class='ocrx_word' id='word_1_497' title='bbox 3341 3095 3483 3149; x_wconf 86' lang='lat' dir='ltr'><strong>Filio</strong></span> 
     </span>
    </p>
   </div>
   <div class='ocr_carea' id='block_1_64' title="bbox 218 3191 1639 3265">
    <p class='ocr_par' dir='ltr' id='par_1_64' title="bbox 218 3191 1639 3265">
     <span class='ocr_line' id='line_1_64' title="bbox 218 3191 1639 3265; baseline 0 -18"><span class='ocrx_word' id='word_1_498' title='bbox 218 3195 360 3265; x_wconf 82' lang='grc' dir='ltr'>ὅροις</span> <span class='ocrx_word' id='word_1_499' title='bbox 380 3196 489 3248; x_wconf 73' lang='grc' dir='ltr'><strong>ὑπὸ</strong></span> <span class='ocrx_word' id='word_1_500' title='bbox 513 3194 625 3248; x_wconf 84' lang='grc' dir='ltr'>τῶν</span> <span class='ocrx_word' id='word_1_501' title='bbox 649 3195 920 3262; x_wconf 82' lang='grc' dir='ltr'>θεολόγων</span> <span class='ocrx_word' id='word_1_502' title='bbox 953 3196 1047 3246; x_wconf 78' lang='grc' dir='ltr'>καὶ</span> <span class='ocrx_word' id='word_1_503' title='bbox 1080 3193 1371 3263; x_wconf 79' lang='grc' dir='ltr'>μακαρίων</span> <span class='ocrx_word' id='word_1_504' title='bbox 1404 3191 1639 3261; x_wconf 77' lang='grc' dir='ltr'>ἀνδρῶν.</span> 
     </span>
    </p>
   </div>
   <div class='ocr_carea' id='block_1_65' title="bbox 1906 3194 3485 3260">
    <p class='ocr_par' dir='ltr' id='par_1_65' title="bbox 1906 3194 3485 3260">
     <span class='ocr_line' id='line_1_65' title="bbox 1906 3194 3485 3260; baseline -0.004 -11"><span class='ocrx_word' id='word_1_505' title='bbox 1906 3196 2291 3249; x_wconf 90' lang='lat' dir='ltr'><strong>constitutum.</strong></span> <span class='ocrx_word' id='word_1_506' title='bbox 2319 3194 2642 3251; x_wconf 83' lang='lat' dir='ltr'><strong>Aud’wimus</strong></span> <span class='ocrx_word' id='word_1_507' title='bbox 2671 3195 2802 3250; x_wconf 89' lang='lat' dir='ltr'><strong>item</strong></span> <span class='ocrx_word' id='word_1_508' title='bbox 2822 3195 2975 3250; x_wconf 88' lang='lat' dir='ltr'><strong>illum</strong></span> <span class='ocrx_word' id='word_1_509' title='bbox 3008 3211 3038 3248; x_wconf 90' lang='lat' dir='ltr'><strong>a</strong></span> <span class='ocrx_word' id='word_1_510' title='bbox 3070 3194 3232 3247; x_wconf 85' lang='lat' dir='ltr'><strong>Patre</strong></span> <span class='ocrx_word' id='word_1_511' title='bbox 3288 3200 3485 3260; x_wconf 83' lang='lat' dir='ltr'><strong>proce-</strong></span> 
     </span>
    </p>
   </div>
   <div class='ocr_carea' id='block_1_66' title="bbox 222 3277 3496 3357">
    <p class='ocr_par' dir='ltr' id='par_1_66' title="bbox 222 3277 3496 3357">
     <span class='ocr_line' id='line_1_66' title="bbox 222 3277 3496 3357; baseline -0.004 -13"><span class='ocrx_word' id='word_1_512' title='bbox 222 3289 358 3344; x_wconf 81' lang='lat' dir='ltr'><strong>dere.</strong></span> <span class='ocrx_word' id='word_1_513' title='bbox 405 3287 696 3356; x_wconf 87' lang='lat' dir='ltr'><strong>Quomodo</strong></span> <span class='ocrx_word' id='word_1_514' title='bbox 765 3296 947 3341; x_wconf 89' lang='lat' dir='ltr'><strong>autem</strong></span> <span class='ocrx_word' id='word_1_515' title='bbox 1008 3284 1286 3356; x_wconf 86' lang='lat' dir='ltr'><strong>procedat,</strong></span> <span class='ocrx_word' id='word_1_516' title='bbox 1346 3282 1623 3337; x_wconf 87' lang='lat' dir='ltr'><strong>curiosius</strong></span> <span class='ocrx_word' id='word_1_517' title='bbox 1681 3284 1997 3357; x_wconf 73' lang='lat' dir='ltr'><strong>vestigando</strong></span> <span class='ocrx_word' id='word_1_518' title='bbox 2070 3304 2180 3340; x_wconf 86' lang='lat' dir='ltr'><strong>non</strong></span> <span class='ocrx_word' id='word_1_519' title='bbox 2249 3289 2577 3342; x_wconf 81' lang='lat' dir='ltr'><strong>laboramus.</strong></span> <span class='ocrx_word' id='word_1_520' title='bbox 2644 3285 2755 3343; x_wconf 87' lang='lat' dir='ltr'><strong>Sed</strong></span> <span class='ocrx_word' id='word_1_521' title='bbox 2812 3287 2956 3341; x_wconf 88' lang='lat' dir='ltr'><strong>intra</strong></span> <span class='ocrx_word' id='word_1_522' title='bbox 3027 3285 3292 3339; x_wconf 87' lang='lat' dir='ltr'><strong>terminos</strong></span> <span class='ocrx_word' id='word_1_523' title='bbox 3329 3277 3496 3346; x_wconf 58' lang='lat' dir='ltr'><strong>nobi;</strong></span> 
     </span>
    </p>
   </div>
   <div class='ocr_carea' id='block_1_67' title="bbox 220 3376 1803 3451">
    <p class='ocr_par' dir='ltr' id='par_1_67' title="bbox 220 3376 1803 3451">
     <span class='ocr_line' id='line_1_67' title="bbox 220 3376 1803 3451; baseline -0.006 -9"><span class='ocrx_word' id='word_1_524' title='bbox 220 3385 501 3451; x_wconf 71' lang='lat' dir='ltr'><strong>theologis,</strong></span> <span class='ocrx_word' id='word_1_525' title='bbox 535 3393 593 3440; x_wconf 86' lang='lat' dir='ltr'><strong>et</strong></span> <span class='ocrx_word' id='word_1_526' title='bbox 615 3381 795 3439; x_wconf 86' lang='lat' dir='ltr'><strong>beatis</strong></span> <span class='ocrx_word' id='word_1_527' title='bbox 838 3380 973 3437; x_wconf 75' lang='lat' dir='ltr'><strong>viris</strong></span> <span class='ocrx_word' id='word_1_528' title='bbox 1000 3376 1350 3450; x_wconf 61' lang='lat' dir='ltr'><strong>praescriptos</strong></span> <span class='ocrx_word' id='word_1_529' title='bbox 1379 3376 1803 3446; x_wconf 79' lang='lat' dir='ltr'><strong>acquiescimus.</strong></span> 
     </span>
    </p>
   </div>
   <div class='ocr_carea' id='block_1_68' title="bbox 293 3474 1801 3548">
    <p class='ocr_par' dir='ltr' id='par_1_68' title="bbox 293 3474 1801 3548">
     <span class='ocr_line' id='line_1_68' title="bbox 293 3474 1801 3548; baseline -0.004 -13"><span class='ocrx_word' id='word_1_530' title='bbox 293 3478 700 3548; x_wconf 69' lang='grc' dir='ltr'>Ἐδιδᾰχθημεν</span> <span class='ocrx_word' id='word_1_531' title='bbox 749 3476 859 3547; x_wconf 81' lang='grc' dir='ltr'><strong>γὰρ</strong></span> <span class='ocrx_word' id='word_1_532' title='bbox 888 3476 983 3529; x_wconf 70' lang='grc' dir='ltr'>καὶ</span> <span class='ocrx_word' id='word_1_533' title='bbox 1017 3475 1109 3529; x_wconf 83' lang='grc' dir='ltr'><strong>ὑπ’</strong></span> <span class='ocrx_word' id='word_1_534' title='bbox 1164 3474 1332 3528; x_wconf 84' lang='grc' dir='ltr'>αὑτοῦ</span> <span class='ocrx_word' id='word_1_535' title='bbox 1389 3474 1487 3529; x_wconf 87' lang='grc' dir='ltr'><strong>τοῦ</strong></span> <span class='ocrx_word' id='word_1_536' title='bbox 1538 3476 1801 3546; x_wconf 76' lang='grc' dir='ltr'>Σωτῆρος</span> 
     </span>
    </p>
   </div>
   <div class='ocr_carea' id='block_1_69' title="bbox 222 3566 1804 3649">
    <p class='ocr_par' dir='ltr' id='par_1_69' title="bbox 222 3566 1804 3649">
     <span class='ocr_line' id='line_1_69' title="bbox 222 3566 1804 3649; baseline -0.004 -20"><span class='ocrx_word' id='word_1_537' title='bbox 222 3576 373 3649; x_wconf 63' lang='grc' dir='ltr'>ἡμῶν</span> <span class='ocrx_word' id='word_1_538' title='bbox 416 3571 601 3642; x_wconf 77' lang='grc' dir='ltr'>Ἰησοῦ</span> <span class='ocrx_word' id='word_1_539' title='bbox 621 3567 859 3639; x_wconf 79' lang='grc' dir='ltr'>Χριστοῦ</span> <span class='ocrx_word' id='word_1_540' title='bbox 884 3567 983 3639; x_wconf 83' lang='grc' dir='ltr'>τῆς</span> <span class='ocrx_word' id='word_1_541' title='bbox 1002 3567 1232 3639; x_wconf 82' lang='grc' dir='ltr'>Τριάδος</span> <span class='ocrx_word' id='word_1_542' title='bbox 1264 3566 1722 3639; x_wconf 81' lang='grc' dir='ltr'>συμπληρωτικὸν</span> <span class='ocrx_word' id='word_1_543' title='bbox 1741 3569 1804 3623; x_wconf 78' lang='grc' dir='ltr'><strong>τὸ</strong></span> 
     </span>
    </p>
   </div>
   <div class='ocr_carea' id='block_1_70' title="bbox 228 3660 1804 3737">
    <p class='ocr_par' dir='ltr' id='par_1_70' title="bbox 228 3660 1804 3737">
     <span class='ocr_line' id='line_1_70' title="bbox 228 3660 1804 3737; baseline -0.011 -14"><span class='ocrx_word' id='word_1_544' title='bbox 228 3664 533 3737; x_wconf 77' lang='grc' dir='ltr'>Πνεῦματὺ</span> <span class='ocrx_word' id='word_1_545' title='bbox 565 3662 747 3731; x_wconf 70' lang='grc' dir='ltr'>ἅγιον.</span> <span class='ocrx_word' id='word_1_546' title='bbox 782 3682 802 3713; x_wconf 76' lang='grc' dir='ltr'><strong>ε</strong></span> <span class='ocrx_word' id='word_1_547' title='bbox 842 3660 1209 3733; x_wconf 71' lang='grc' dir='ltr'>Πορευθέντες</span> <span class='ocrx_word' id='word_1_548' title='bbox 1242 3662 1403 3732; x_wconf 80' lang='grc' dir='ltr'>γὰρ,›</span> <span class='ocrx_word' id='word_1_549' title='bbox 1436 3662 1595 3733; x_wconf 75' lang='grc' dir='ltr'>φησὶ,</span> <span class='ocrx_word' id='word_1_550' title='bbox 1628 3681 1647 3713; x_wconf 74' lang='grc' dir='ltr'><strong>ι</strong></span> <span class='ocrx_word' id='word_1_551' title='bbox 1696 3679 1804 3732; x_wconf 75' lang='grc' dir='ltr'>μα-</span> 
     </span>
    </p>
   </div>
   <div class='ocr_carea' id='block_1_71' title="bbox 228 3751 1798 3831">
    <p class='ocr_par' dir='ltr' id='par_1_71' title="bbox 228 3751 1798 3831">
     <span class='ocr_line' id='line_1_71' title="bbox 228 3751 1798 3831; baseline -0.007 -17"><span class='ocrx_word' id='word_1_552' title='bbox 228 3758 530 3831; x_wconf 73' lang='grc' dir='ltr'>θητεύσατε</span> <span class='ocrx_word' id='word_1_553' title='bbox 566 3754 747 3808; x_wconf 78' lang='grc' dir='ltr'>πάντα</span> <span class='ocrx_word' id='word_1_554' title='bbox 772 3752 844 3805; x_wconf 73' lang='grc' dir='ltr'>τὰ</span> <span class='ocrx_word' id='word_1_555' title='bbox 874 3751 1028 3820; x_wconf 71' lang='grc' dir='ltr'>ἔθνη,</span> <span class='ocrx_word' id='word_1_556' title='bbox 1058 3751 1418 3821; x_wconf 77' lang='grc' dir='ltr'>βαπτίζοντες</span> <span class='ocrx_word' id='word_1_557' title='bbox 1483 3753 1683 3815; x_wconf 81' lang='grc' dir='ltr'>αὐτοὺς</span> <span class='ocrx_word' id='word_1_558' title='bbox 1722 3753 1798 3815; x_wconf 82' lang='grc' dir='ltr'><strong>είς</strong></span> 
     </span>
    </p>
   </div>
   <div class='ocr_carea' id='block_1_72' title="bbox 229 3842 1797 3918">
    <p class='ocr_par' dir='ltr' id='par_1_72' title="bbox 229 3842 1797 3918">
     <span class='ocr_line' id='line_1_72' title="bbox 229 3842 1797 3918; baseline -0.004 -18"><span class='ocrx_word' id='word_1_559' title='bbox 229 3854 288 3905; x_wconf 78' lang='grc' dir='ltr'><strong>τὺ</strong></span> <span class='ocrx_word' id='word_1_560' title='bbox 311 3852 486 3918; x_wconf 70' lang='grc' dir='ltr'>ὗνομα</span> <span class='ocrx_word' id='word_1_561' title='bbox 535 3844 635 3899; x_wconf 84' lang='grc' dir='ltr'><strong>τοῦ</strong></span> <span class='ocrx_word' id='word_1_562' title='bbox 668 3843 885 3914; x_wconf 81' lang='grc' dir='ltr'>Πατρδς</span> <span class='ocrx_word' id='word_1_563' title='bbox 932 3843 1029 3896; x_wconf 83' lang='grc' dir='ltr'>καὶ</span> <span class='ocrx_word' id='word_1_564' title='bbox 1064 3842 1161 3895; x_wconf 88' lang='grc' dir='ltr'><strong>τοῦ</strong></span> <span class='ocrx_word' id='word_1_565' title='bbox 1212 3842 1344 3896; x_wconf 82' lang='grc' dir='ltr'>Υίοῦ</span> <span class='ocrx_word' id='word_1_566' title='bbox 1369 3843 1581 3896; x_wconf 75' lang='grc' dir='ltr'>καὶτοῦ</span> <span class='ocrx_word' id='word_1_567' title='bbox 1640 3842 1797 3909; x_wconf 81' lang='grc' dir='ltr'>ἁγίου</span> 
     </span>
    </p>
   </div>
   <div class='ocr_carea' id='block_1_73' title="bbox 233 3932 1807 4009">
    <p class='ocr_par' dir='ltr' id='par_1_73' title="bbox 233 3932 1807 4009">
     <span class='ocr_line' id='line_1_73' title="bbox 233 3932 1807 4009; baseline -0.006 -17"><span class='ocrx_word' id='word_1_568' title='bbox 233 3939 564 4009; x_wconf 79' lang='grc' dir='ltr'>Πνεύματος.</span> <span class='ocrx_word' id='word_1_569' title='bbox 617 3952 636 3985; x_wconf 80' lang='grc' dir='ltr'><strong>ι</strong></span> <span class='ocrx_word' id='word_1_570' title='bbox 681 3933 774 4003; x_wconf 82' lang='grc' dir='ltr'><strong>Τῷ</strong></span> <span class='ocrx_word' id='word_1_571' title='bbox 815 3932 990 4002; x_wconf 74' lang='lat' dir='ltr'><strong>[larpl</strong></span> <span class='ocrx_word' id='word_1_572' title='bbox 1052 3934 1146 3985; x_wconf 78' lang='grc' dir='ltr'>καὶ</span> <span class='ocrx_word' id='word_1_573' title='bbox 1198 3932 1314 4002; x_wconf 86' lang='grc' dir='ltr'><strong>Υίῷ</strong></span> <span class='ocrx_word' id='word_1_574' title='bbox 1360 3932 1807 4001; x_wconf 83' lang='grc' dir='ltr'>συναριθμούμε-</span> 
     </span>
    </p>
   </div>
   <div class='ocr_carea' id='block_1_74' title="bbox 236 4021 1810 4092">
    <p class='ocr_par' dir='ltr' id='par_1_74' title="bbox 236 4021 1810 4092">
     <span class='ocr_line' id='line_1_74' title="bbox 236 4021 1810 4092; baseline -0.007 -9"><span class='ocrx_word' id='word_1_575' title='bbox 236 4047 320 4083; x_wconf 84' lang='grc' dir='ltr'>νον</span> <span class='ocrx_word' id='word_1_576' title='bbox 363 4029 469 4090; x_wconf 78' lang='grc' dir='ltr'>τῆς</span> <span class='ocrx_word' id='word_1_577' title='bbox 502 4025 735 4084; x_wconf 77' lang='grc' dir='ltr'>κτίσεως</span> <span class='ocrx_word' id='word_1_578' title='bbox 762 4022 981 4091; x_wconf 75' lang='grc' dir='ltr'>ἁπάσης</span> <span class='ocrx_word' id='word_1_579' title='bbox 1003 4021 1152 4073; x_wconf 72' lang='grc' dir='ltr'>ἐστὶν</span> <span class='ocrx_word' id='word_1_580' title='bbox 1182 4021 1485 4092; x_wconf 73' lang='grc' dir='ltr'>ὑπέρτερον</span> <span class='ocrx_word' id='word_1_581' title='bbox 1519 4034 1535 4051; x_wconf 86' lang='grc'><strong>·</strong></span> <span class='ocrx_word' id='word_1_582' title='bbox 1574 4022 1653 4074; x_wconf 84' lang='grc' dir='ltr'><strong>διὸ</strong></span> <span class='ocrx_word' id='word_1_583' title='bbox 1717 4023 1810 4073; x_wconf 78' lang='grc' dir='ltr'>καὶ</span> 
     </span>
    </p>
   </div>
   <div class='ocr_carea' id='block_1_75' title="bbox 236 4110 1808 4187">
    <p class='ocr_par' dir='ltr' id='par_1_75' title="bbox 236 4110 1808 4187">
     <span class='ocr_line' id='line_1_75' title="bbox 236 4110 1808 4187; baseline -0.006 -16"><span class='ocrx_word' id='word_1_584' title='bbox 236 4121 262 4171; x_wconf 73' lang='grc'>6</span> <span class='ocrx_word' id='word_1_585' title='bbox 326 4118 599 4187; x_wconf 74' lang='grc' dir='ltr'>μακάριος</span> <span class='ocrx_word' id='word_1_586' title='bbox 645 4111 859 4175; x_wconf 86' lang='grc' dir='ltr'>Παῦλος</span> <span class='ocrx_word' id='word_1_587' title='bbox 914 4112 1053 4181; x_wconf 77' lang='grc' dir='ltr'>μετὰ</span> <span class='ocrx_word' id='word_1_588' title='bbox 1111 4111 1325 4181; x_wconf 73' lang='grc' dir='ltr'>Πατρὸς</span> <span class='ocrx_word' id='word_1_589' title='bbox 1385 4112 1517 4164; x_wconf 82' lang='grc' dir='ltr'>αὐτὸ</span> <span class='ocrx_word' id='word_1_590' title='bbox 1553 4113 1646 4165; x_wconf 83' lang='grc' dir='ltr'><strong>καί</strong></span> <span class='ocrx_word' id='word_1_591' title='bbox 1676 4110 1808 4163; x_wconf 87' lang='grc' dir='ltr'>Υίοῦ</span> 
     </span>
    </p>
   </div>
   <div class='ocr_carea' id='block_1_76' title="bbox 238 4202 1812 4281">
    <p class='ocr_par' dir='ltr' id='par_1_76' title="bbox 238 4202 1812 4281">
     <span class='ocr_line' id='line_1_76' title="bbox 238 4202 1812 4281; baseline -0.006 -16"><span class='ocrx_word' id='word_1_592' title='bbox 238 4212 520 4281; x_wconf 74' lang='grc' dir='ltr'>κηρύττων</span> <span class='ocrx_word' id='word_1_593' title='bbox 586 4204 843 4261; x_wconf 75' lang='grc' dir='ltr'>διατελεῖ.</span> <span class='ocrx_word' id='word_1_594' title='bbox 921 4222 940 4256; x_wconf 82' lang='lat' dir='ltr'><strong>t</strong></span> <span class='ocrx_word' id='word_1_595' title='bbox 981 4204 1048 4258; x_wconf 83' lang='lat' dir='ltr'><strong>&#39;H</strong></span> <span class='ocrx_word' id='word_1_596' title='bbox 1092 4205 1251 4275; x_wconf 84' lang='grc' dir='ltr'>χάρις</span> <span class='ocrx_word' id='word_1_597' title='bbox 1311 4204 1439 4275; x_wconf 82' lang='grc' dir='ltr'>γὰρ,</span> <span class='ocrx_word' id='word_1_598' title='bbox 1501 4204 1655 4273; x_wconf 84' lang='grc' dir='ltr'>φησὶ,</span> <span class='ocrx_word' id='word_1_599' title='bbox 1719 4202 1812 4255; x_wconf 87' lang='grc' dir='ltr'><strong>τοῦ</strong></span> 
     </span>
    </p>
   </div>
   <div class='ocr_carea' id='block_1_77' title="bbox 240 4293 1814 4374">
    <p class='ocr_par' dir='ltr' id='par_1_77' title="bbox 240 4293 1814 4374">
     <span class='ocr_line' id='line_1_77' title="bbox 240 4293 1814 4374; baseline -0.008 -16"><span class='ocrx_word' id='word_1_600' title='bbox 240 4306 440 4374; x_wconf 73' lang='grc' dir='ltr'>Κυρίου</span> <span class='ocrx_word' id='word_1_601' title='bbox 468 4301 625 4372; x_wconf 76' lang='grc' dir='ltr'>ἡμῶν</span> <span class='ocrx_word' id='word_1_602' title='bbox 651 4299 829 4371; x_wconf 81' lang='grc' dir='ltr'>Ἰησοῦ</span> <span class='ocrx_word' id='word_1_603' title='bbox 850 4297 1109 4369; x_wconf 81' lang='grc' dir='ltr'>Χριστοῦ,</span> <span class='ocrx_word' id='word_1_604' title='bbox 1149 4300 1243 4351; x_wconf 74' lang='grc' dir='ltr'>καὶ</span> <span class='ocrx_word' id='word_1_605' title='bbox 1273 4298 1306 4366; x_wconf 80' lang='grc' dir='ltr'>ἡ</span> <span class='ocrx_word' id='word_1_606' title='bbox 1336 4296 1524 4366; x_wconf 83' lang='grc' dir='ltr'>ἀγάπη</span> <span class='ocrx_word' id='word_1_607' title='bbox 1553 4295 1644 4349; x_wconf 90' lang='grc' dir='ltr'><strong>τοῦ</strong></span> <span class='ocrx_word' id='word_1_608' title='bbox 1678 4293 1814 4346; x_wconf 84' lang='grc' dir='ltr'>Θεοῦ</span> 
     </span>
    </p>
   </div>
   <div class='ocr_carea' id='block_1_78' title="bbox 1980 3475 3495 3544">
    <p class='ocr_par' dir='ltr' id='par_1_78' title="bbox 1980 3475 3495 3544">
     <span class='ocr_line' id='line_1_78' title="bbox 1980 3475 3495 3544; baseline -0.001 -12"><span class='ocrx_word' id='word_1_609' title='bbox 1980 3478 2122 3544; x_wconf 84' lang='lat' dir='ltr'><strong>Quin</strong></span> <span class='ocrx_word' id='word_1_610' title='bbox 2210 3476 2373 3530; x_wconf 87' lang='lat' dir='ltr'><strong>etiam</strong></span> <span class='ocrx_word' id='word_1_611' title='bbox 2433 3475 2502 3529; x_wconf 90' lang='lat' dir='ltr'><strong>ab</strong></span> <span class='ocrx_word' id='word_1_612' title='bbox 2571 3475 2690 3544; x_wconf 88' lang='lat' dir='ltr'><strong>ipso</strong></span> <span class='ocrx_word' id='word_1_613' title='bbox 2751 3476 3042 3531; x_wconf 83' lang='lat' dir='ltr'><strong>Servatore</strong></span> <span class='ocrx_word' id='word_1_614' title='bbox 3110 3486 3297 3533; x_wconf 90' lang='lat' dir='ltr'><strong>nostro</strong></span> <span class='ocrx_word' id='word_1_615' title='bbox 3362 3477 3495 3533; x_wconf 83' lang='lat' dir='ltr'><strong>Jesu</strong></span> 
     </span>
    </p>
   </div>
   <div class='ocr_carea' id='block_1_79' title="bbox 1908 3565 3496 3638">
    <p class='ocr_par' dir='ltr' id='par_1_79' title="bbox 1908 3565 3496 3638">
     <span class='ocr_line' id='line_1_79' title="bbox 1908 3565 3496 3638; baseline -0.001 -15"><span class='ocrx_word' id='word_1_616' title='bbox 1908 3569 2131 3625; x_wconf 79' lang='lat' dir='ltr'><strong>Christo</strong></span> <span class='ocrx_word' id='word_1_617' title='bbox 2151 3568 2464 3633; x_wconf 87' lang='lat' dir='ltr'><strong>didicimus,</strong></span> <span class='ocrx_word' id='word_1_618' title='bbox 2504 3583 2534 3621; x_wconf 91' lang='lat' dir='ltr'><strong>a</strong></span> <span class='ocrx_word' id='word_1_619' title='bbox 2563 3574 2754 3623; x_wconf 84' lang='lat' dir='ltr'><strong>sancto</strong></span> <span class='ocrx_word' id='word_1_620' title='bbox 2790 3565 2998 3638; x_wconf 89' lang='lat' dir='ltr'><strong>Spiritu</strong></span> <span class='ocrx_word' id='word_1_621' title='bbox 3036 3568 3364 3623; x_wconf 88' lang='lat' dir='ltr'><strong>Trinitatem</strong></span> <span class='ocrx_word' id='word_1_622' title='bbox 3395 3582 3496 3622; x_wconf 79' lang='lat' dir='ltr'><strong>ex-</strong></span> 
     </span>
    </p>
   </div>
   <div class='ocr_carea' id='block_1_80' title="bbox 1908 3658 3496 3732">
    <p class='ocr_par' dir='ltr' id='par_1_80' title="bbox 1908 3658 3496 3732">
     <span class='ocr_line' id='line_1_80' title="bbox 1908 3658 3496 3732; baseline -0.003 -17"><span class='ocrx_word' id='word_1_623' title='bbox 1908 3662 2066 3732; x_wconf 88' lang='lat' dir='ltr'><strong>pleri.</strong></span> <span class='ocrx_word' id='word_1_624' title='bbox 2097 3661 2353 3724; x_wconf 62' lang='lat' dir='ltr'><strong>(Euntes,</strong></span> <span class='ocrx_word' id='word_1_625' title='bbox 2386 3659 2580 3728; x_wconf 84' lang='lat' dir='ltr'><strong>inquit.</strong></span> <span class='ocrx_word' id='word_1_626' title='bbox 2599 3658 2795 3714; x_wconf 90' lang='lat' dir='ltr'><strong>docete</strong></span> <span class='ocrx_word' id='word_1_627' title='bbox 2825 3674 3020 3714; x_wconf 88' lang='lat' dir='ltr'><strong>omnes</strong></span> <span class='ocrx_word' id='word_1_628' title='bbox 3074 3670 3283 3729; x_wconf 78' lang='lat' dir='ltr'><strong>gentes,</strong></span> <span class='ocrx_word' id='word_1_629' title='bbox 3314 3658 3496 3727; x_wconf 88' lang='lat' dir='ltr'><strong>bapti-</strong></span> 
     </span>
    </p>
   </div>
   <div class='ocr_carea' id='block_1_81' title="bbox 1907 3748 3499 3819">
    <p class='ocr_par' dir='ltr' id='par_1_81' title="bbox 1907 3748 3499 3819">
     <span class='ocr_line' id='line_1_81' title="bbox 1907 3748 3499 3819; baseline -0.005 -11"><span class='ocrx_word' id='word_1_630' title='bbox 1907 3760 2095 3808; x_wconf 79' lang='lat' dir='ltr'><strong>zantes</strong></span> <span class='ocrx_word' id='word_1_631' title='bbox 2124 3767 2219 3806; x_wconf 91' lang='lat' dir='ltr'><strong>eos</strong></span> <span class='ocrx_word' id='word_1_632' title='bbox 2238 3751 2292 3804; x_wconf 90' lang='lat' dir='ltr'><strong>in</strong></span> <span class='ocrx_word' id='word_1_633' title='bbox 2319 3751 2540 3805; x_wconf 90' lang='lat' dir='ltr'><strong>nomine</strong></span> <span class='ocrx_word' id='word_1_634' title='bbox 2563 3749 2761 3815; x_wconf 87' lang='lat' dir='ltr'><strong>Patris,</strong></span> <span class='ocrx_word' id='word_1_635' title='bbox 2787 3759 2843 3805; x_wconf 89' lang='lat' dir='ltr'><strong>et</strong></span> <span class='ocrx_word' id='word_1_636' title='bbox 2871 3748 3012 3815; x_wconf 83' lang='lat' dir='ltr'><strong>Filii,</strong></span> <span class='ocrx_word' id='word_1_637' title='bbox 3034 3758 3089 3803; x_wconf 89' lang='lat' dir='ltr'><strong>et</strong></span> <span class='ocrx_word' id='word_1_638' title='bbox 3108 3749 3347 3819; x_wconf 87' lang='lat' dir='ltr'><strong>Spiritus</strong></span> <span class='ocrx_word' id='word_1_639' title='bbox 3370 3762 3499 3801; x_wconf 85' lang='lat' dir='ltr'><strong>san-</strong></span> 
     </span>
    </p>
   </div>
   <div class='ocr_carea' id='block_1_82' title="bbox 1909 3838 3499 3908">
    <p class='ocr_par' dir='ltr' id='par_1_82' title="bbox 1909 3838 3499 3908">
     <span class='ocr_line' id='line_1_82' title="bbox 1909 3838 3499 3908; baseline -0.006 -8"><span class='ocrx_word' id='word_1_640' title='bbox 1909 3844 2069 3899; x_wconf 79' lang='lat' dir='ltr'><strong>cti&quot;.</strong></span> <span class='ocrx_word' id='word_1_641' title='bbox 2101 3861 2121 3895; x_wconf 74' lang='grc' dir='ltr'><strong>ι</strong></span> <span class='ocrx_word' id='word_1_642' title='bbox 2152 3841 2257 3908; x_wconf 88' lang='lat' dir='ltr'><strong>Qui</strong></span> <span class='ocrx_word' id='word_1_643' title='bbox 2287 3855 2412 3896; x_wconf 88' lang='lat' dir='ltr'><strong>cum</strong></span> <span class='ocrx_word' id='word_1_644' title='bbox 2436 3842 2595 3895; x_wconf 85' lang='lat' dir='ltr'><strong>Patre</strong></span> <span class='ocrx_word' id='word_1_645' title='bbox 2627 3850 2681 3895; x_wconf 89' lang='lat' dir='ltr'><strong>et</strong></span> <span class='ocrx_word' id='word_1_646' title='bbox 2698 3841 2833 3895; x_wconf 84' lang='lat' dir='ltr'><strong>Filio</strong></span> <span class='ocrx_word' id='word_1_647' title='bbox 2846 3850 3292 3903; x_wconf 86' lang='lat' dir='ltr'><strong>connumeratur,</strong></span> <span class='ocrx_word' id='word_1_648' title='bbox 3318 3838 3362 3893; x_wconf 89' lang='lat' dir='ltr'><strong>is</strong></span> <span class='ocrx_word' id='word_1_649' title='bbox 3388 3840 3499 3893; x_wconf 83' lang='lat' dir='ltr'><strong>uti-</strong></span> 
     </span>
    </p>
   </div>
   <div class='ocr_carea' id='block_1_83' title="bbox 1913 3929 3495 4005">
    <p class='ocr_par' dir='ltr' id='par_1_83' title="bbox 1913 3929 3495 4005">
     <span class='ocr_line' id='line_1_83' title="bbox 1913 3929 3495 4005; baseline -0.004 -16"><span class='ocrx_word' id='word_1_650' title='bbox 1913 3950 2021 4005; x_wconf 90' lang='lat' dir='ltr'><strong>que</strong></span> <span class='ocrx_word' id='word_1_651' title='bbox 2052 3934 2212 3989; x_wconf 88' lang='lat' dir='ltr'><strong>rebus</strong></span> <span class='ocrx_word' id='word_1_652' title='bbox 2241 3933 2445 3987; x_wconf 85' lang='lat' dir='ltr'><strong>creatis</strong></span> <span class='ocrx_word' id='word_1_653' title='bbox 2481 3932 2745 3986; x_wconf 87' lang='lat' dir='ltr'><strong>omnibus</strong></span> <span class='ocrx_word' id='word_1_654' title='bbox 2777 3931 3095 3985; x_wconf 74' lang='lat' dir='ltr'><strong>antecessit.</strong></span> <span class='ocrx_word' id='word_1_655' title='bbox 3131 3929 3495 3995; x_wconf 84' lang='lat' dir='ltr'><strong>Quamobrem</strong></span> 
     </span>
    </p>
   </div>
   <div class='ocr_carea' id='block_1_84' title="bbox 1916 4019 3493 4091">
    <p class='ocr_par' dir='ltr' id='par_1_84' title="bbox 1916 4019 3493 4091">
     <span class='ocr_line' id='line_1_84' title="bbox 1916 4019 3493 4091; baseline -0.006 -9"><span class='ocrx_word' id='word_1_656' title='bbox 1916 4027 2118 4083; x_wconf 88' lang='lat' dir='ltr'><strong>Paulus</strong></span> <span class='ocrx_word' id='word_1_657' title='bbox 2146 4025 2310 4081; x_wconf 87' lang='lat' dir='ltr'><strong>etiam</strong></span> <span class='ocrx_word' id='word_1_658' title='bbox 2343 4027 2397 4078; x_wconf 89' lang='lat' dir='ltr'><strong>in</strong></span> <span class='ocrx_word' id='word_1_659' title='bbox 2429 4039 2494 4079; x_wconf 89' lang='lat' dir='ltr'><strong>eo</strong></span> <span class='ocrx_word' id='word_1_660' title='bbox 2528 4031 2847 4079; x_wconf 81' lang='lat' dir='ltr'><strong>constanter</strong></span> <span class='ocrx_word' id='word_1_661' title='bbox 2878 4029 3085 4086; x_wconf 86' lang='lat' dir='ltr'><strong>manet,</strong></span> <span class='ocrx_word' id='word_1_662' title='bbox 3123 4031 3185 4075; x_wconf 90' lang='lat' dir='ltr'><strong>ut</strong></span> <span class='ocrx_word' id='word_1_663' title='bbox 3225 4019 3493 4091; x_wconf 87' lang='lat' dir='ltr'><strong>Spiritum</strong></span> 
     </span>
    </p>
   </div>
   <div class='ocr_carea' id='block_1_85' title="bbox 1917 4111 3500 4190">
    <p class='ocr_par' dir='ltr' id='par_1_85' title="bbox 1917 4111 3500 4190">
     <span class='ocr_line' id='line_1_85' title="bbox 1917 4111 3500 4190; baseline -0.007 -14"><span class='ocrx_word' id='word_1_664' title='bbox 1917 4121 2096 4190; x_wconf 91' lang='lat' dir='ltr'><strong>ipsum</strong></span> <span class='ocrx_word' id='word_1_665' title='bbox 2126 4133 2249 4173; x_wconf 90' lang='lat' dir='ltr'><strong>cum</strong></span> <span class='ocrx_word' id='word_1_666' title='bbox 2272 4118 2434 4171; x_wconf 83' lang='lat' dir='ltr'><strong>Patre</strong></span> <span class='ocrx_word' id='word_1_667' title='bbox 2465 4126 2521 4171; x_wconf 92' lang='lat' dir='ltr'><strong>et</strong></span> <span class='ocrx_word' id='word_1_668' title='bbox 2564 4115 2704 4170; x_wconf 87' lang='lat' dir='ltr'><strong>Filio</strong></span> <span class='ocrx_word' id='word_1_669' title='bbox 2736 4114 2901 4168; x_wconf 87' lang='lat' dir='ltr'><strong>simul</strong></span> <span class='ocrx_word' id='word_1_670' title='bbox 2947 4113 3285 4183; x_wconf 87' lang='lat' dir='ltr'><strong>pronuntiet.</strong></span> <span class='ocrx_word' id='word_1_671' title='bbox 3322 4132 3340 4164; x_wconf 78' lang='grc' dir='ltr'><strong>ι</strong></span> <span class='ocrx_word' id='word_1_672' title='bbox 3366 4111 3500 4167; x_wconf 81' lang='lat' dir='ltr'><strong>Gra-</strong></span> 
     </span>
    </p>
   </div>
   <div class='ocr_carea' id='block_1_86' title="bbox 1920 4204 3501 4280">
    <p class='ocr_par' dir='ltr' id='par_1_86' title="bbox 1920 4204 3501 4280">
     <span class='ocr_line' id='line_1_86' title="bbox 1920 4204 3501 4280; baseline -0.006 -14"><span class='ocrx_word' id='word_1_673' title='bbox 1920 4213 2017 4274; x_wconf 85' lang='lat' dir='ltr'><strong>tia,</strong></span> <span class='ocrx_word' id='word_1_674' title='bbox 2050 4211 2249 4280; x_wconf 86' lang='lat' dir='ltr'><strong>inquit,</strong></span> <span class='ocrx_word' id='word_1_675' title='bbox 2283 4208 2498 4264; x_wconf 85' lang='lat' dir='ltr'><strong>Domini</strong></span> <span class='ocrx_word' id='word_1_676' title='bbox 2526 4207 2701 4262; x_wconf 83' lang='lat' dir='ltr'><strong>nostri</strong></span> <span class='ocrx_word' id='word_1_677' title='bbox 2731 4207 2860 4261; x_wconf 77' lang='lat' dir='ltr'><strong>Jesu</strong></span> <span class='ocrx_word' id='word_1_678' title='bbox 2900 4204 3130 4271; x_wconf 74' lang='lat' dir='ltr'><strong>Christi,</strong></span> <span class='ocrx_word' id='word_1_679' title='bbox 3166 4215 3222 4259; x_wconf 92' lang='lat' dir='ltr'><strong>et</strong></span> <span class='ocrx_word' id='word_1_680' title='bbox 3252 4220 3501 4260; x_wconf 84' lang='lat' dir='ltr'><strong>commu-</strong></span> 
     </span>
    </p>
   </div>
   <div class='ocr_carea' id='block_1_87' title="bbox 1921 4295 3503 4369">
    <p class='ocr_par' dir='ltr' id='par_1_87' title="bbox 1921 4295 3503 4369">
     <span class='ocr_line' id='line_1_87' title="bbox 1921 4295 3503 4369; baseline -0.004 -13"><span class='ocrx_word' id='word_1_681' title='bbox 1921 4301 2125 4357; x_wconf 80' lang='lat' dir='ltr'><strong>nicatio</strong></span> <span class='ocrx_word' id='word_1_682' title='bbox 2157 4309 2331 4357; x_wconf 80' lang='lat' dir='ltr'><strong>sancti</strong></span> <span class='ocrx_word' id='word_1_683' title='bbox 2369 4300 2605 4369; x_wconf 85' lang='lat' dir='ltr'><strong>Spiritus</strong></span> <span class='ocrx_word' id='word_1_684' title='bbox 2633 4313 2757 4353; x_wconf 90' lang='lat' dir='ltr'><strong>cum</strong></span> <span class='ocrx_word' id='word_1_685' title='bbox 2800 4298 3058 4352; x_wconf 88' lang='lat' dir='ltr'><strong>omnibus</strong></span> <span class='ocrx_word' id='word_1_686' title='bbox 3113 4295 3269 4351; x_wconf 85' lang='lat' dir='ltr'><strong>vobis</strong></span> <span class='ocrx_word' id='word_1_687' title='bbox 3301 4296 3398 4351; x_wconf 73' lang='grc'><strong>⁸⁸.»</strong></span> <span class='ocrx_word' id='word_1_688' title='bbox 3437 4296 3503 4350; x_wconf 83' lang='grc' dir='ltr'>Ει</span> 
     </span>
    </p>
   </div>
   <div class='ocr_carea' id='block_1_88' title="bbox 240 4383 1798 4462">
    <p class='ocr_par' dir='ltr' id='par_1_88' title="bbox 240 4383 1788 4462">
     <span class='ocr_line' id='line_1_88' title="bbox 240 4383 1788 4462; baseline -0.007 -15"><span class='ocrx_word' id='word_1_689' title='bbox 240 4399 327 4447; x_wconf 73' lang='grc' dir='ltr'><strong>καὶ</strong></span> <span class='ocrx_word' id='word_1_690' title='bbox 378 4394 618 4462; x_wconf 78' lang='grc' dir='ltr'>Πατρὸς,</span> <span class='ocrx_word' id='word_1_691' title='bbox 686 4391 780 4443; x_wconf 76' lang='grc' dir='ltr'>καὶ</span> <span class='ocrx_word' id='word_1_692' title='bbox 833 4392 868 4459; x_wconf 82' lang='grc' dir='ltr'>ἠ</span> <span class='ocrx_word' id='word_1_693' title='bbox 918 4389 1173 4443; x_wconf 85' lang='grc' dir='ltr'>κοινωνία</span> <span class='ocrx_word' id='word_1_694' title='bbox 1256 4385 1351 4440; x_wconf 89' lang='grc' dir='ltr'><strong>τοῦ</strong></span> <span class='ocrx_word' id='word_1_695' title='bbox 1437 4386 1594 4453; x_wconf 82' lang='grc' dir='ltr'>ἁγίου</span> <span class='ocrx_word' id='word_1_696' title='bbox 1649 4383 1788 4436; x_wconf 83' lang='grc' dir='ltr'>Πνεύ</span> 
     </span>
    </p>
   </div>
   <div class='ocr_carea' id='block_1_89' title="bbox 1905 4383 3505 4462">
    <p class='ocr_par' dir='ltr' id='par_1_89' title="bbox 1928 4387 3505 4459">
     <span class='ocr_line' id='line_1_89' title="bbox 1928 4387 3505 4459; baseline -0.006 -11"><span class='ocrx_word' id='word_1_697' title='bbox 1928 4409 2183 4448; x_wconf 88' lang='lat' dir='ltr'><strong>rursum:</strong></span> <span class='ocrx_word' id='word_1_698' title='bbox 2224 4411 2243 4444; x_wconf 80' lang='grc' dir='ltr'><strong>ι</strong></span> <span class='ocrx_word' id='word_1_699' title='bbox 2291 4391 2595 4445; x_wconf 83' lang='lat' dir='ltr'><strong>Divisiones</strong></span> <span class='ocrx_word' id='word_1_700' title='bbox 2622 4429 2637 4455; x_wconf 97' lang='lat'><strong>,</strong></span> <span class='ocrx_word' id='word_1_701' title='bbox 2673 4390 2875 4458; x_wconf 85' lang='lat' dir='ltr'><strong>inquit,</strong></span> <span class='ocrx_word' id='word_1_702' title='bbox 2955 4387 3253 4459; x_wconf 79' lang='lat' dir='ltr'><strong>gratiarum</strong></span> <span class='ocrx_word' id='word_1_703' title='bbox 3340 4396 3505 4451; x_wconf 87' lang='lat' dir='ltr'><strong>sunt,</strong></span> 
     </span>
    </p>
   </div>
   <div class='ocr_carea' id='block_1_90' title="bbox 249 4477 1821 4554">
    <p class='ocr_par' dir='ltr' id='par_1_90' title="bbox 249 4477 1821 4554">
     <span class='ocr_line' id='line_1_90' title="bbox 249 4477 1821 4554; baseline -0.007 -17"><span class='ocrx_word' id='word_1_704' title='bbox 249 4503 412 4554; x_wconf 72' lang='grc' dir='ltr'>ματος</span> <span class='ocrx_word' id='word_1_705' title='bbox 474 4483 617 4553; x_wconf 78' lang='grc' dir='ltr'>μετὰ</span> <span class='ocrx_word' id='word_1_706' title='bbox 675 4482 896 4535; x_wconf 76' lang='grc' dir='ltr'>πάντων</span> <span class='ocrx_word' id='word_1_707' title='bbox 954 4480 1128 4547; x_wconf 80' lang='grc' dir='ltr'>ὑμῶν’</span> <span class='ocrx_word' id='word_1_708' title='bbox 1169 4498 1188 4531; x_wconf 73' lang='grc' dir='ltr'><strong>ι</strong></span> <span class='ocrx_word' id='word_1_709' title='bbox 1222 4480 1317 4530; x_wconf 71' lang='grc' dir='ltr'>καὶ</span> <span class='ocrx_word' id='word_1_710' title='bbox 1371 4477 1557 4538; x_wconf 78' lang='grc' dir='ltr'>πάλιν,</span> <span class='ocrx_word' id='word_1_711' title='bbox 1599 4493 1617 4527; x_wconf 83' lang='grc' dir='ltr'><strong>ι</strong></span> <span class='ocrx_word' id='word_1_712' title='bbox 1672 4478 1821 4527; x_wconf 85' lang='grc' dir='ltr'>Διαι-</span> 
     </span>
    </p>
   </div>
   <div class='ocr_carea' id='block_1_91' title="bbox 246 4568 1820 4643">
    <p class='ocr_par' dir='ltr' id='par_1_91' title="bbox 246 4568 1820 4643">
     <span class='ocr_line' id='line_1_91' title="bbox 246 4568 1820 4643; baseline -0.005 -16"><span class='ocrx_word' id='word_1_713' title='bbox 246 4581 423 4643; x_wconf 72' lang='grc' dir='ltr'>ρέσεις</span> <span class='ocrx_word' id='word_1_714' title='bbox 461 4575 520 4627; x_wconf 74' lang='grc' dir='ltr'><strong>δὲ</strong></span> <span class='ocrx_word' id='word_1_715' title='bbox 550 4574 910 4643; x_wconf 75' lang='grc' dir='ltr'>χαρισμάτων</span> <span class='ocrx_word' id='word_1_716' title='bbox 943 4570 1071 4637; x_wconf 77' lang='grc' dir='ltr'>εἰσὶ,</span> <span class='ocrx_word' id='word_1_717' title='bbox 1104 4570 1166 4623; x_wconf 80' lang='grc' dir='ltr'><strong>τὺ</strong></span> <span class='ocrx_word' id='word_1_718' title='bbox 1198 4569 1401 4622; x_wconf 76' lang='grc' dir='ltr'><strong>αὑτὸδὲ</strong></span> <span class='ocrx_word' id='word_1_719' title='bbox 1430 4568 1675 4638; x_wconf 74' lang='grc' dir='ltr'>Πνεῦμαο</span> <span class='ocrx_word' id='word_1_720' title='bbox 1726 4568 1820 4620; x_wconf 77' lang='grc' dir='ltr'>καὶ</span> 
     </span>
    </p>
   </div>
   <div class='ocr_carea' id='block_1_92' title="bbox 242 4659 1823 4734">
    <p class='ocr_par' dir='ltr' id='par_1_92' title="bbox 242 4659 1823 4734">
     <span class='ocr_line' id='line_1_92' title="bbox 242 4659 1823 4734; baseline -0.004 -17"><span class='ocrx_word' id='word_1_721' title='bbox 242 4666 532 4734; x_wconf 72' lang='grc' dir='ltr'>διαιρέσεις</span> <span class='ocrx_word' id='word_1_722' title='bbox 587 4662 878 4717; x_wconf 80' lang='grc' dir='ltr'>διακονιῶν</span> <span class='ocrx_word' id='word_1_723' title='bbox 917 4664 1079 4727; x_wconf 86' lang='grc' dir='ltr'>εἰσιν,</span> <span class='ocrx_word' id='word_1_724' title='bbox 1105 4662 1134 4713; x_wconf 85' lang='grc' dir='ltr'>ὁ</span> <span class='ocrx_word' id='word_1_725' title='bbox 1162 4662 1219 4712; x_wconf 79' lang='grc' dir='ltr'>δὲ</span> <span class='ocrx_word' id='word_1_726' title='bbox 1258 4660 1417 4723; x_wconf 75' lang='grc' dir='ltr'>αὐτὸς</span> <span class='ocrx_word' id='word_1_727' title='bbox 1453 4659 1654 4730; x_wconf 83' lang='grc' dir='ltr'>Κύριος</span> <span class='ocrx_word' id='word_1_728' title='bbox 1680 4675 1695 4691; x_wconf 75' lang='grc' dir='ltr'>ο</span> <span class='ocrx_word' id='word_1_729' title='bbox 1726 4660 1823 4712; x_wconf 76' lang='grc' dir='ltr'>καὶ</span> 
     </span>
    </p>
   </div>
   <div class='ocr_carea' id='block_1_93' title="bbox 252 4749 1823 4827">
    <p class='ocr_par' dir='ltr' id='par_1_93' title="bbox 252 4749 1823 4827">
     <span class='ocr_line' id='line_1_93' title="bbox 252 4749 1823 4827; baseline -0.002 -20"><span class='ocrx_word' id='word_1_730' title='bbox 252 4753 1012 4827; x_wconf 75' lang='grc' dir='ltr'>διαιρέσεις’ὲνεργημάτων</span> <span class='ocrx_word' id='word_1_731' title='bbox 1076 4753 1241 4817; x_wconf 73' lang='grc' dir='ltr'>εἰσὶν,</span> <span class='ocrx_word' id='word_1_732' title='bbox 1308 4754 1336 4805; x_wconf 80' lang='grc' dir='ltr'><strong>ὁ</strong></span> <span class='ocrx_word' id='word_1_733' title='bbox 1372 4751 1429 4804; x_wconf 82' lang='grc' dir='ltr'>δὲ</span> <span class='ocrx_word' id='word_1_734' title='bbox 1488 4749 1652 4813; x_wconf 81' lang='grc' dir='ltr'>αὑτός</span> <span class='ocrx_word' id='word_1_735' title='bbox 1707 4752 1823 4804; x_wconf 73' lang='grc' dir='ltr'>ἐστι</span> 
     </span>
    </p>
   </div>
   <div class='ocr_carea' id='block_1_94' title="bbox 253 4843 1825 4916">
    <p class='ocr_par' dir='ltr' id='par_1_94' title="bbox 253 4843 1825 4916">
     <span class='ocr_line' id='line_1_94' title="bbox 253 4843 1825 4916; baseline -0.003 -16"><span class='ocrx_word' id='word_1_736' title='bbox 253 4848 405 4911; x_wconf 72' lang='grc' dir='ltr'>Θεὸς,</span> <span class='ocrx_word' id='word_1_737' title='bbox 437 4850 466 4901; x_wconf 81' lang='grc' dir='ltr'>ὁ</span> <span class='ocrx_word' id='word_1_738' title='bbox 494 4847 731 4916; x_wconf 77' lang='grc' dir='ltr'>ἐνεργῶν</span> <span class='ocrx_word' id='word_1_739' title='bbox 762 4846 832 4900; x_wconf 82' lang='grc' dir='ltr'>τὰ</span> <span class='ocrx_word' id='word_1_740' title='bbox 867 4844 1044 4898; x_wconf 81' lang='grc' dir='ltr'>πάντα</span> <span class='ocrx_word' id='word_1_741' title='bbox 1074 4845 1133 4897; x_wconf 85' lang='grc' dir='ltr'><strong>ὲν</strong></span> <span class='ocrx_word' id='word_1_742' title='bbox 1167 4845 1328 4898; x_wconf 77' lang='grc' dir='ltr'>πᾶσι.</span> <span class='ocrx_word' id='word_1_743' title='bbox 1366 4862 1384 4896; x_wconf 80' lang='grc' dir='ltr'><strong>ι</strong></span> <span class='ocrx_word' id='word_1_744' title='bbox 1432 4843 1825 4913; x_wconf 61' lang='grc' dir='ltr'>Κηρὺττωνκδὲ</span> 
     </span>
    </p>
   </div>
   <div class='ocr_carea' id='block_1_95' title="bbox 260 4934 1825 5008">
    <p class='ocr_par' dir='ltr' id='par_1_95' title="bbox 260 4934 1825 5008">
     <span class='ocr_line' id='line_1_95' title="bbox 260 4934 1825 5008; baseline -0.005 -16"><span class='ocrx_word' id='word_1_745' title='bbox 260 4937 421 4992; x_wconf 71' lang='grc' dir='ltr'>αὐτοῦ</span> <span class='ocrx_word' id='word_1_746' title='bbox 450 4938 549 5008; x_wconf 79' lang='grc' dir='ltr'>τὴν</span> <span class='ocrx_word' id='word_1_747' title='bbox 581 4937 834 5001; x_wconf 72' lang='grc' dir='ltr'>ἐξουσίαν</span> <span class='ocrx_word' id='word_1_748' title='bbox 866 4937 1016 4990; x_wconf 70' lang='grc' dir='ltr'>ὲὸόασ</span> <span class='ocrx_word' id='word_1_749' title='bbox 1051 4955 1069 4989; x_wconf 87' lang='grc' dir='ltr'><strong>ι</strong></span> <span class='ocrx_word' id='word_1_750' title='bbox 1112 4937 1299 4989; x_wconf 82' lang='grc' dir='ltr'>Πάντα</span> <span class='ocrx_word' id='word_1_751' title='bbox 1358 4934 1415 4987; x_wconf 83' lang='grc' dir='ltr'><strong>δὲ</strong></span> <span class='ocrx_word' id='word_1_752' title='bbox 1445 4934 1618 4987; x_wconf 84' lang='grc' dir='ltr'>ταῦτα</span> <span class='ocrx_word' id='word_1_753' title='bbox 1671 4936 1825 5005; x_wconf 72' lang='grc' dir='ltr'>ἐνερ-</span> 
     </span>
    </p>
   </div>
   <div class='ocr_carea' id='block_1_96' title="bbox 255 5023 1831 5097">
    <p class='ocr_par' dir='ltr' id='par_1_96' title="bbox 255 5023 1831 5097">
     <span class='ocr_line' id='line_1_96' title="bbox 255 5023 1831 5097; baseline -0.004 -15"><span class='ocrx_word' id='word_1_754' title='bbox 255 5032 337 5097; x_wconf 78' lang='grc' dir='ltr'><strong>γεῖ</strong></span> <span class='ocrx_word' id='word_1_755' title='bbox 363 5031 423 5083; x_wconf 78' lang='grc' dir='ltr'><strong>τὸ</strong></span> <span class='ocrx_word' id='word_1_756' title='bbox 448 5029 508 5082; x_wconf 77' lang='grc' dir='ltr'>ἒν</span> <span class='ocrx_word' id='word_1_757' title='bbox 544 5028 641 5082; x_wconf 78' lang='grc' dir='ltr'>καὶ</span> <span class='ocrx_word' id='word_1_758' title='bbox 664 5027 726 5081; x_wconf 81' lang='grc' dir='ltr'>τὸ</span> <span class='ocrx_word' id='word_1_759' title='bbox 754 5028 885 5083; x_wconf 68' lang='grc' dir='ltr'>αὐτὸ</span> <span class='ocrx_word' id='word_1_760' title='bbox 913 5027 1157 5097; x_wconf 86' lang='grc' dir='ltr'>Πνεῦμα,</span> <span class='ocrx_word' id='word_1_761' title='bbox 1191 5023 1433 5091; x_wconf 72' lang='grc' dir='ltr'>διαιροῦν</span> <span class='ocrx_word' id='word_1_762' title='bbox 1474 5024 1690 5095; x_wconf 80' lang='grc' dir='ltr'>ἑκάστῳ</span> <span class='ocrx_word' id='word_1_763' title='bbox 1724 5023 1831 5094; x_wconf 66' lang='grc' dir='ltr'>ἰδία</span> 
     </span>
    </p>
   </div>
   <div class='ocr_carea' id='block_1_97' title="bbox 258 5116 1833 5191">
    <p class='ocr_par' dir='ltr' id='par_1_97' title="bbox 258 5116 1833 5191">
     <span class='ocr_line' id='line_1_97' title="bbox 258 5116 1833 5191; baseline -0.004 -17"><span class='ocrx_word' id='word_1_764' title='bbox 258 5122 432 5184; x_wconf 76' lang='grc' dir='ltr'>καθὼς</span> <span class='ocrx_word' id='word_1_765' title='bbox 456 5121 728 5191; x_wconf 82' lang='grc' dir='ltr'>βούλεται.</span> <span class='ocrx_word' id='word_1_766' title='bbox 751 5140 769 5173; x_wconf 79' lang='grc' dir='ltr'><strong>ι</strong></span> <span class='ocrx_word' id='word_1_767' title='bbox 799 5121 872 5172; x_wconf 82' lang='grc' dir='ltr'><strong>Οὐ</strong></span> <span class='ocrx_word' id='word_1_768' title='bbox 895 5119 1003 5189; x_wconf 81' lang='grc' dir='ltr'>γὰρ</span> <span class='ocrx_word' id='word_1_769' title='bbox 1022 5118 1211 5180; x_wconf 86' lang='grc' dir='ltr'>κακῶς</span> <span class='ocrx_word' id='word_1_770' title='bbox 1248 5118 1554 5184; x_wconf 86' lang='grc' dir='ltr'>κελεύεται,</span> <span class='ocrx_word' id='word_1_771' title='bbox 1575 5116 1714 5171; x_wconf 82' lang='grc' dir='ltr'>ἀλλὰ</span> <span class='ocrx_word' id='word_1_772' title='bbox 1736 5133 1833 5168; x_wconf 88' lang='grc' dir='ltr'>κα-</span> 
     </span>
    </p>
   </div>
   <div class='ocr_carea' id='block_1_98' title="bbox 260 5206 1834 5281">
    <p class='ocr_par' dir='ltr' id='par_1_98' title="bbox 260 5206 1834 5281">
     <span class='ocr_line' id='line_1_98' title="bbox 260 5206 1834 5281; baseline -0.002 -19"><span class='ocrx_word' id='word_1_773' title='bbox 260 5212 362 5274; x_wconf 83' lang='grc' dir='ltr'>θὼς</span> <span class='ocrx_word' id='word_1_774' title='bbox 411 5212 661 5281; x_wconf 77' lang='grc' dir='ltr'>βούλεται</span> <span class='ocrx_word' id='word_1_775' title='bbox 711 5213 824 5273; x_wconf 80' lang='grc' dir='ltr'>τοῖς</span> <span class='ocrx_word' id='word_1_776' title='bbox 879 5212 1196 5265; x_wconf 68' lang='grc' dir='ltr'><strong>⁴πιστεύουσι</strong></span> <span class='ocrx_word' id='word_1_777' title='bbox 1266 5208 1515 5277; x_wconf 79' lang='grc' dir='ltr'>διανέμει</span> <span class='ocrx_word' id='word_1_778' title='bbox 1564 5207 1634 5259; x_wconf 82' lang='grc' dir='ltr'><strong>τὰ</strong></span> <span class='ocrx_word' id='word_1_779' title='bbox 1661 5206 1834 5275; x_wconf 82' lang='grc' dir='ltr'>δῶρα.</span> 
     </span>
    </p>
   </div>
   <div class='ocr_carea' id='block_1_99' title="bbox 261 5297 1827 5371">
    <p class='ocr_par' dir='ltr' id='par_1_99' title="bbox 261 5297 1827 5371">
     <span class='ocr_line' id='line_1_99' title="bbox 261 5297 1827 5371; baseline -0.005 -14"><span class='ocrx_word' id='word_1_780' title='bbox 261 5304 333 5356; x_wconf 81' lang='grc' dir='ltr'><strong>Δι’</strong></span> <span class='ocrx_word' id='word_1_781' title='bbox 361 5304 530 5357; x_wconf 71' lang='grc' dir='ltr'>αὑτοῦ</span> <span class='ocrx_word' id='word_1_782' title='bbox 554 5303 662 5371; x_wconf 81' lang='grc' dir='ltr'>γὰρ</span> <span class='ocrx_word' id='word_1_783' title='bbox 714 5302 827 5355; x_wconf 83' lang='grc' dir='ltr'>τῶν</span> <span class='ocrx_word' id='word_1_784' title='bbox 884 5301 1303 5371; x_wconf 77' lang='grc' dir='ltr'>ἁμαρτημάτων</span> <span class='ocrx_word' id='word_1_785' title='bbox 1360 5300 1459 5368; x_wconf 82' lang='grc' dir='ltr'>τὴν</span> <span class='ocrx_word' id='word_1_786' title='bbox 1502 5297 1827 5368; x_wconf 79' lang='grc' dir='ltr'>ἀπαλλαγὴν</span> 
     </span>
    </p>
   </div>
   <div class='ocr_carea' id='block_1_100' title="bbox 263 5391 1821 5467">
    <p class='ocr_par' dir='ltr' id='par_1_100' title="bbox 263 5391 1821 5467">
     <span class='ocr_line' id='line_1_100' title="bbox 263 5391 1821 5467; baseline -0.006 -17"><span class='ocrx_word' id='word_1_787' title='bbox 263 5396 542 5467; x_wconf 70' lang='grc' dir='ltr'>ἱλὰὁομεν·</span> <span class='ocrx_word' id='word_1_788' title='bbox 595 5396 666 5449; x_wconf 76' lang='grc' dir='ltr'>δι’</span> <span class='ocrx_word' id='word_1_789' title='bbox 702 5393 869 5447; x_wconf 83' lang='grc' dir='ltr'>αὐτοῦ</span> <span class='ocrx_word' id='word_1_790' title='bbox 916 5394 1021 5464; x_wconf 82' lang='grc' dir='ltr'>τῆς</span> <span class='ocrx_word' id='word_1_791' title='bbox 1081 5392 1399 5463; x_wconf 68' lang='grc' dir='ltr'>ἐλευθερίας</span> <span class='ocrx_word' id='word_1_792' title='bbox 1449 5391 1821 5460; x_wconf 67' lang='grc' dir='ltr'>τυγχάνομενθ</span> 
     </span>
    </p>
   </div>
   <div class='ocr_carea' id='block_1_101' title="bbox 264 5481 1831 5557">
    <p class='ocr_par' dir='ltr' id='par_1_101' title="bbox 264 5481 1831 5557">
     <span class='ocr_line' id='line_1_101' title="bbox 264 5481 1831 5557; baseline -0.004 -16"><span class='ocrx_word' id='word_1_793' title='bbox 264 5486 329 5541; x_wconf 77' lang='grc' dir='ltr'><strong>δι’</strong></span> <span class='ocrx_word' id='word_1_794' title='bbox 356 5487 520 5541; x_wconf 71' lang='grc' dir='ltr'>αὑτοῦ</span> <span class='ocrx_word' id='word_1_795' title='bbox 546 5485 641 5539; x_wconf 89' lang='grc' dir='ltr'><strong>τοῦ</strong></span> <span class='ocrx_word' id='word_1_796' title='bbox 676 5489 775 5557; x_wconf 79' lang='grc' dir='ltr'>τῆς</span> <span class='ocrx_word' id='word_1_797' title='bbox 797 5485 1068 5549; x_wconf 73' lang='grc' dir='ltr'>υἱοθεσίας</span> <span class='ocrx_word' id='word_1_798' title='bbox 1099 5484 1439 5557; x_wconf 76' lang='grc' dir='ltr'>χαρίσματος</span> <span class='ocrx_word' id='word_1_799' title='bbox 1462 5481 1831 5552; x_wconf 82' lang='grc' dir='ltr'>ἀπολαύομεν.</span> 
     </span>
    </p>
   </div>
   <div class='ocr_carea' id='block_1_102' title="bbox 271 5570 1836 5650">
    <p class='ocr_par' dir='ltr' id='par_1_102' title="bbox 271 5570 1836 5650">
     <span class='ocr_line' id='line_1_102' title="bbox 271 5570 1836 5650; baseline -0.005 -20"><span class='ocrx_word' id='word_1_800' title='bbox 271 5597 290 5630; x_wconf 83' lang='grc' dir='ltr'><strong>ι</strong></span> <span class='ocrx_word' id='word_1_801' title='bbox 311 5577 388 5634; x_wconf 71' lang='grc' dir='ltr'><strong>Οὔ</strong></span> <span class='ocrx_word' id='word_1_802' title='bbox 409 5579 518 5650; x_wconf 77' lang='grc' dir='ltr'>γὰρ</span> <span class='ocrx_word' id='word_1_803' title='bbox 545 5576 813 5647; x_wconf 75' lang='grc' dir='ltr'>ἐλάϐομεν</span> <span class='ocrx_word' id='word_1_804' title='bbox 834 5575 1060 5648; x_wconf 86' lang='grc' dir='ltr'>Πνεῦμα</span> <span class='ocrx_word' id='word_1_805' title='bbox 1078 5576 1344 5641; x_wconf 79' lang='grc' dir='ltr'>δουλείας,</span> <span class='ocrx_word' id='word_1_806' title='bbox 1388 5592 1407 5626; x_wconf 75' lang='grc' dir='ltr'><strong>ι</strong></span> <span class='ocrx_word' id='word_1_807' title='bbox 1436 5572 1603 5643; x_wconf 75' lang='grc' dir='ltr'>φησὶν</span> <span class='ocrx_word' id='word_1_808' title='bbox 1638 5573 1666 5627; x_wconf 82' lang='grc' dir='ltr'>ὁ</span> <span class='ocrx_word' id='word_1_809' title='bbox 1688 5570 1836 5624; x_wconf 87' lang='grc' dir='ltr'>Παῦ-</span> 
     </span>
    </p>
   </div>
   <div class='ocr_carea' id='block_1_103' title="bbox 332 5753 1631 5824">
    <p class='ocr_par' dir='ltr' id='par_1_103' title="bbox 332 5753 1631 5824">
     <span class='ocr_line' id='line_1_103' title="bbox 332 5753 1631 5824; baseline -0.008 -9"><span class='ocrx_word' id='word_1_810' title='bbox 332 5761 378 5792; x_wconf 85' lang='grc'>⁶³</span> <span class='ocrx_word' id='word_1_811' title='bbox 435 5759 629 5817; x_wconf 73' lang='lat' dir='ltr'><strong>Matth.</strong></span> <span class='ocrx_word' id='word_1_812' title='bbox 666 5760 970 5824; x_wconf 63' lang='lat' dir='ltr'><strong>XX\&#39;tll,19.</strong></span> <span class='ocrx_word' id='word_1_813' title='bbox 1046 5756 1089 5789; x_wconf 77' lang='lat'><strong>‘°</strong></span> <span class='ocrx_word' id='word_1_814' title='bbox 1114 5756 1156 5812; x_wconf 91' lang='lat' dir='ltr'><strong>ll</strong></span> <span class='ocrx_word' id='word_1_815' title='bbox 1179 5756 1305 5813; x_wconf 93' lang='lat' dir='ltr'><strong>Cor.</strong></span> <span class='ocrx_word' id='word_1_816' title='bbox 1341 5768 1497 5820; x_wconf 68' lang='lat' dir='ltr'><strong>Mlti,</strong></span> <span class='ocrx_word' id='word_1_817' title='bbox 1546 5753 1631 5807; x_wconf 67' lang='lat' dir='ltr'><strong>l3.</strong></span> 
     </span>
    </p>
   </div>
   <div class='ocr_carea' id='block_1_104' title="bbox 1923 4480 3505 4553">
    <p class='ocr_par' dir='ltr' id='par_1_104' title="bbox 1923 4480 3505 4553">
     <span class='ocr_line' id='line_1_104' title="bbox 1923 4480 3505 4553; baseline -0.007 -11"><span class='ocrx_word' id='word_1_818' title='bbox 1923 4487 2070 4542; x_wconf 90' lang='lat' dir='ltr'><strong>idem</strong></span> <span class='ocrx_word' id='word_1_819' title='bbox 2130 4498 2312 4540; x_wconf 87' lang='lat' dir='ltr'><strong>autem</strong></span> <span class='ocrx_word' id='word_1_820' title='bbox 2349 4484 2631 4553; x_wconf 86' lang='lat' dir='ltr'><strong>Spiritus;</strong></span> <span class='ocrx_word' id='word_1_821' title='bbox 2671 4491 2725 4536; x_wconf 90' lang='lat' dir='ltr'><strong>et</strong></span> <span class='ocrx_word' id='word_1_822' title='bbox 2769 4480 3075 4536; x_wconf 89' lang='lat' dir='ltr'><strong>divisiones</strong></span> <span class='ocrx_word' id='word_1_823' title='bbox 3140 4480 3505 4533; x_wconf 53' lang='lat' dir='ltr'><strong>ministratio.</strong></span> 
     </span>
    </p>
   </div>
   <div class='ocr_carea' id='block_1_105' title="bbox 1926 4571 3514 4640">
    <p class='ocr_par' dir='ltr' id='par_1_105' title="bbox 1926 4571 3514 4640">
     <span class='ocr_line' id='line_1_105' title="bbox 1926 4571 3514 4640; baseline -0.005 -7"><span class='ocrx_word' id='word_1_824' title='bbox 1926 4594 2057 4633; x_wconf 86' lang='lat' dir='ltr'><strong>num</strong></span> <span class='ocrx_word' id='word_1_825' title='bbox 2111 4586 2257 4640; x_wconf 87' lang='lat' dir='ltr'><strong>sunt,</strong></span> <span class='ocrx_word' id='word_1_826' title='bbox 2314 4576 2455 4630; x_wconf 88' lang='lat' dir='ltr'><strong>idem</strong></span> <span class='ocrx_word' id='word_1_827' title='bbox 2513 4584 2695 4629; x_wconf 85' lang='lat' dir='ltr'><strong>autem</strong></span> <span class='ocrx_word' id='word_1_828' title='bbox 2748 4573 3012 4627; x_wconf 84' lang='lat' dir='ltr'><strong>Dominus</strong></span> <span class='ocrx_word' id='word_1_829' title='bbox 3045 4586 3060 4636; x_wconf 87' lang='lat'><strong>;</strong></span> <span class='ocrx_word' id='word_1_830' title='bbox 3091 4579 3148 4626; x_wconf 88' lang='lat' dir='ltr'><strong>et</strong></span> <span class='ocrx_word' id='word_1_831' title='bbox 3206 4571 3514 4626; x_wconf 83' lang='lat' dir='ltr'><strong>divisiones</strong></span> 
     </span>
    </p>
   </div>
   <div class='ocr_carea' id='block_1_106' title="bbox 1928 4661 3517 4740">
    <p class='ocr_par' dir='ltr' id='par_1_106' title="bbox 1928 4661 3517 4740">
     <span class='ocr_line' id='line_1_106' title="bbox 1928 4661 3517 4740; baseline -0.009 -15"><span class='ocrx_word' id='word_1_832' title='bbox 1928 4672 2311 4740; x_wconf 79' lang='lat' dir='ltr'><strong>operationum</strong></span> <span class='ocrx_word' id='word_1_833' title='bbox 2333 4676 2485 4731; x_wconf 85' lang='lat' dir='ltr'><strong>sunt,</strong></span> <span class='ocrx_word' id='word_1_834' title='bbox 2520 4666 2662 4721; x_wconf 89' lang='lat' dir='ltr'><strong>idem</strong></span> <span class='ocrx_word' id='word_1_835' title='bbox 2696 4673 2880 4718; x_wconf 86' lang='lat' dir='ltr'><strong>autem</strong></span> <span class='ocrx_word' id='word_1_836' title='bbox 2910 4661 3075 4727; x_wconf 87' lang='lat' dir='ltr'><strong>Deus,</strong></span> <span class='ocrx_word' id='word_1_837' title='bbox 3099 4663 3191 4731; x_wconf 89' lang='lat' dir='ltr'><strong>qui</strong></span> <span class='ocrx_word' id='word_1_838' title='bbox 3247 4668 3517 4730; x_wconf 79' lang='lat' dir='ltr'><strong>operatur</strong></span> 
     </span>
    </p>
   </div>
   <div class='ocr_carea' id='block_1_107' title="bbox 1933 4752 3515 4827">
    <p class='ocr_par' dir='ltr' id='par_1_107' title="bbox 1933 4752 3515 4827">
     <span class='ocr_line' id='line_1_107' title="bbox 1933 4752 3515 4827; baseline -0.01 -8"><span class='ocrx_word' id='word_1_839' title='bbox 1933 4762 2117 4819; x_wconf 80' lang='lat' dir='ltr'><strong>omnia</strong></span> <span class='ocrx_word' id='word_1_840' title='bbox 2150 4763 2204 4815; x_wconf 93' lang='lat' dir='ltr'><strong>in</strong></span> <span class='ocrx_word' id='word_1_841' title='bbox 2226 4761 2535 4815; x_wconf 63' lang='lat' dir='ltr'><strong>omnibus.»</strong></span> <span class='ocrx_word' id='word_1_842' title='bbox 2568 4759 2697 4827; x_wconf 79' lang='lat' dir='ltr'><strong>Ejus</strong></span> <span class='ocrx_word' id='word_1_843' title='bbox 2727 4768 2859 4811; x_wconf 90' lang='lat' dir='ltr'><strong>vero</strong></span> <span class='ocrx_word' id='word_1_844' title='bbox 2899 4754 3194 4810; x_wconf 83' lang='lat' dir='ltr'><strong>essentiam</strong></span> <span class='ocrx_word' id='word_1_845' title='bbox 3222 4752 3515 4806; x_wconf 72' lang='lat' dir='ltr'><strong>declarans</strong></span> 
     </span>
    </p>
   </div>
   <div class='ocr_carea' id='block_1_108' title="bbox 1931 4841 3512 4921">
    <p class='ocr_par' dir='ltr' id='par_1_108' title="bbox 1931 4841 3512 4921">
     <span class='ocr_line' id='line_1_108' title="bbox 1931 4841 3512 4921; baseline -0.009 -11"><span class='ocrx_word' id='word_1_846' title='bbox 1931 4855 2239 4911; x_wconf 86' lang='lat' dir='ltr'><strong>clamabat:</strong></span> <span class='ocrx_word' id='word_1_847' title='bbox 2282 4852 2436 4908; x_wconf 65' lang='lat' dir='ltr'><strong>«Haec</strong></span> <span class='ocrx_word' id='word_1_848' title='bbox 2452 4861 2634 4906; x_wconf 89' lang='lat' dir='ltr'><strong>autem</strong></span> <span class='ocrx_word' id='word_1_849' title='bbox 2658 4859 2915 4921; x_wconf 88' lang='lat' dir='ltr'><strong>operatur</strong></span> <span class='ocrx_word' id='word_1_850' title='bbox 2953 4860 3097 4901; x_wconf 84' lang='lat' dir='ltr'><strong>unus</strong></span> <span class='ocrx_word' id='word_1_851' title='bbox 3134 4854 3190 4899; x_wconf 89' lang='lat' dir='ltr'><strong>et</strong></span> <span class='ocrx_word' id='word_1_852' title='bbox 3218 4844 3358 4900; x_wconf 67' lang='lat' dir='ltr'><strong>idem</strong></span> <span class='ocrx_word' id='word_1_853' title='bbox 3389 4841 3512 4911; x_wconf 87' lang='lat' dir='ltr'><strong>Spi-</strong></span> 
     </span>
    </p>
   </div>
   <div class='ocr_carea' id='block_1_109' title="bbox 1940 4933 3505 5014">
    <p class='ocr_par' dir='ltr' id='par_1_109' title="bbox 1940 4933 3505 5014">
     <span class='ocr_line' id='line_1_109' title="bbox 1940 4933 3505 5014; baseline -0.01 -14"><span class='ocrx_word' id='word_1_854' title='bbox 1940 4947 2103 5012; x_wconf 86' lang='lat' dir='ltr'><strong>ritus,</strong></span> <span class='ocrx_word' id='word_1_855' title='bbox 2131 4945 2383 4999; x_wconf 84' lang='lat' dir='ltr'><strong>dividens</strong></span> <span class='ocrx_word' id='word_1_856' title='bbox 2413 4942 2648 5014; x_wconf 78' lang='lat' dir='ltr'><strong>singulis</strong></span> <span class='ocrx_word' id='word_1_857' title='bbox 2712 4940 3084 5011; x_wconf 85' lang='lat' dir='ltr'><strong>peculiariter,</strong></span> <span class='ocrx_word' id='word_1_858' title='bbox 3138 4944 3304 5008; x_wconf 87' lang='lat' dir='ltr'><strong>prout</strong></span> <span class='ocrx_word' id='word_1_859' title='bbox 3332 4933 3505 4987; x_wconf 72' lang='lat' dir='ltr'><strong>VllllJ</strong></span> 
     </span>
    </p>
   </div>
   <div class='ocr_carea' id='block_1_110' title="bbox 1930 5025 3515 5107">
    <p class='ocr_par' dir='ltr' id='par_1_110' title="bbox 1930 5025 3515 5107">
     <span class='ocr_line' id='line_1_110' title="bbox 1930 5025 3515 5107; baseline -0.011 -13"><span class='ocrx_word' id='word_1_860' title='bbox 1930 5039 2049 5094; x_wconf 84' lang='lat' dir='ltr'><strong>Non</strong></span> <span class='ocrx_word' id='word_1_861' title='bbox 2081 5040 2225 5093; x_wconf 88' lang='lat' dir='ltr'><strong>enim</strong></span> <span class='ocrx_word' id='word_1_862' title='bbox 2260 5046 2323 5091; x_wconf 90' lang='lat' dir='ltr'><strong>ut</strong></span> <span class='ocrx_word' id='word_1_863' title='bbox 2348 5038 2537 5107; x_wconf 84' lang='lat' dir='ltr'><strong>jussus</strong></span> <span class='ocrx_word' id='word_1_864' title='bbox 2568 5044 2673 5099; x_wconf 88' lang='lat' dir='ltr'><strong>est,</strong></span> <span class='ocrx_word' id='word_1_865' title='bbox 2705 5034 2804 5090; x_wconf 90' lang='lat' dir='ltr'><strong>sed</strong></span> <span class='ocrx_word' id='word_1_866' title='bbox 2832 5043 2892 5088; x_wconf 89' lang='lat' dir='ltr'><strong>ut</strong></span> <span class='ocrx_word' id='word_1_867' title='bbox 2955 5032 3092 5096; x_wconf 87' lang='lat' dir='ltr'><strong>vult,</strong></span> <span class='ocrx_word' id='word_1_868' title='bbox 3159 5025 3515 5083; x_wconf 80' lang='lat' dir='ltr'><strong>credentibus</strong></span> 
     </span>
    </p>
   </div>
   <div class='ocr_carea' id='block_1_111' title="bbox 1933 5123 3510 5196">
    <p class='ocr_par' dir='ltr' id='par_1_111' title="bbox 1933 5123 3510 5196">
     <span class='ocr_line' id='line_1_111' title="bbox 1933 5123 3510 5196; baseline -0.01 -10"><span class='ocrx_word' id='word_1_869' title='bbox 1933 5131 2081 5186; x_wconf 89' lang='lat' dir='ltr'><strong>dona</strong></span> <span class='ocrx_word' id='word_1_870' title='bbox 2110 5129 2408 5185; x_wconf 82' lang='lat' dir='ltr'><strong>distribuit.</strong></span> <span class='ocrx_word' id='word_1_871' title='bbox 2444 5127 2579 5182; x_wconf 85' lang='lat' dir='ltr'><strong>Nam</strong></span> <span class='ocrx_word' id='word_1_872' title='bbox 2612 5141 2710 5196; x_wconf 86' lang='lat' dir='ltr'><strong>per</strong></span> <span class='ocrx_word' id='word_1_873' title='bbox 2740 5126 2923 5195; x_wconf 91' lang='lat' dir='ltr'><strong>ipsum</strong></span> <span class='ocrx_word' id='word_1_874' title='bbox 2980 5123 3199 5177; x_wconf 85' lang='lat' dir='ltr'><strong>veniam</strong></span> <span class='ocrx_word' id='word_1_875' title='bbox 3256 5125 3510 5190; x_wconf 80' lang='lat' dir='ltr'><strong>peccato~</strong></span> 
     </span>
    </p>
   </div>
   <div class='ocr_carea' id='block_1_112' title="bbox 1935 5208 3517 5290">
    <p class='ocr_par' dir='ltr' id='par_1_112' title="bbox 1935 5208 3517 5290">
     <span class='ocr_line' id='line_1_112' title="bbox 1935 5208 3517 5290; baseline -0.009 -13"><span class='ocrx_word' id='word_1_876' title='bbox 1935 5238 2058 5278; x_wconf 85' lang='lat' dir='ltr'><strong>rum</strong></span> <span class='ocrx_word' id='word_1_877' title='bbox 2102 5221 2464 5290; x_wconf 75' lang='lat' dir='ltr'><strong>accepimus;</strong></span> <span class='ocrx_word' id='word_1_878' title='bbox 2500 5232 2600 5289; x_wconf 84' lang='lat' dir='ltr'><strong>per</strong></span> <span class='ocrx_word' id='word_1_879' title='bbox 2650 5217 2832 5286; x_wconf 88' lang='lat' dir='ltr'><strong>ipsum</strong></span> <span class='ocrx_word' id='word_1_880' title='bbox 2898 5214 3207 5269; x_wconf 86' lang='lat' dir='ltr'><strong>libertatem</strong></span> <span class='ocrx_word' id='word_1_881' title='bbox 3275 5208 3517 5264; x_wconf 87' lang='lat' dir='ltr'><strong>assecuti</strong></span> 
     </span>
    </p>
   </div>
   <div class='ocr_carea' id='block_1_113' title="bbox 1936 5300 3515 5382">
    <p class='ocr_par' dir='ltr' id='par_1_113' title="bbox 1936 5300 3515 5382">
     <span class='ocr_line' id='line_1_113' title="bbox 1936 5300 3515 5382; baseline -0.007 -14"><span class='ocrx_word' id='word_1_882' title='bbox 1936 5328 2164 5379; x_wconf 83' lang='lat' dir='ltr'><strong>sumus;</strong></span> <span class='ocrx_word' id='word_1_883' title='bbox 2202 5327 2299 5381; x_wconf 84' lang='lat' dir='ltr'><strong>per</strong></span> <span class='ocrx_word' id='word_1_884' title='bbox 2314 5311 2492 5382; x_wconf 84' lang='lat' dir='ltr'><strong>ipsum</strong></span> <span class='ocrx_word' id='word_1_885' title='bbox 2512 5309 2691 5380; x_wconf 88' lang='lat' dir='ltr'><strong>adepti</strong></span> <span class='ocrx_word' id='word_1_886' title='bbox 2716 5322 2906 5363; x_wconf 89' lang='lat' dir='ltr'><strong>sumus</strong></span> <span class='ocrx_word' id='word_1_887' title='bbox 2935 5306 3160 5378; x_wconf 78' lang='lat' dir='ltr'><strong>gratiam</strong></span> <span class='ocrx_word' id='word_1_888' title='bbox 3177 5300 3515 5371; x_wconf 81' lang='lat' dir='ltr'><strong>adoptionis:</strong></span> 
     </span>
    </p>
   </div>
   <div class='ocr_carea' id='block_1_114' title="bbox 1944 5392 3515 5472">
    <p class='ocr_par' dir='ltr' id='par_1_114' title="bbox 1944 5392 3515 5472">
     <span class='ocr_line' id='line_1_114' title="bbox 1944 5392 3515 5472; baseline -0.008 -15"><span class='ocrx_word' id='word_1_889' title='bbox 1944 5422 1965 5457; x_wconf 79' lang='grc' dir='ltr'><strong>ι</strong></span> <span class='ocrx_word' id='word_1_890' title='bbox 2006 5401 2127 5458; x_wconf 81' lang='lat' dir='ltr'><strong>Non</strong></span> <span class='ocrx_word' id='word_1_891' title='bbox 2185 5401 2331 5456; x_wconf 90' lang='lat' dir='ltr'><strong>enim</strong></span> <span class='ocrx_word' id='word_1_892' title='bbox 2369 5400 2707 5472; x_wconf 82' lang='lat' dir='ltr'><strong>accepimus,</strong></span> <span class='ocrx_word' id='word_1_893' title='bbox 2750 5397 2928 5469; x_wconf 89' lang='lat' dir='ltr'><strong>inquit</strong></span> <span class='ocrx_word' id='word_1_894' title='bbox 2991 5394 3225 5460; x_wconf 73' lang='lat' dir='ltr'><strong>Paulus,</strong></span> <span class='ocrx_word' id='word_1_895' title='bbox 3259 5392 3515 5462; x_wconf 82' lang='lat' dir='ltr'><strong>spiritum</strong></span> 
     </span>
    </p>
   </div>
   <div class='ocr_carea' id='block_1_115' title="bbox 1938 5482 3515 5558">
    <p class='ocr_par' dir='ltr' id='par_1_115' title="bbox 1938 5482 3515 5558">
     <span class='ocr_line' id='line_1_115' title="bbox 1938 5482 3515 5558; baseline -0.01 -7"><span class='ocrx_word' id='word_1_896' title='bbox 1938 5495 2222 5553; x_wconf 79' lang='lat' dir='ltr'><strong>servitutis</strong></span> <span class='ocrx_word' id='word_1_897' title='bbox 2254 5494 2450 5547; x_wconf 88' lang='lat' dir='ltr'><strong>iterum</strong></span> <span class='ocrx_word' id='word_1_898' title='bbox 2481 5492 2538 5546; x_wconf 89' lang='lat' dir='ltr'><strong>in</strong></span> <span class='ocrx_word' id='word_1_899' title='bbox 2562 5493 2811 5546; x_wconf 88' lang='lat' dir='ltr'><strong>timorem</strong></span> <span class='ocrx_word' id='word_1_900' title='bbox 2850 5486 2984 5557; x_wconf 88' lang='lat' dir='ltr'><strong>;sed</strong></span> <span class='ocrx_word' id='word_1_901' title='bbox 3024 5486 3336 5558; x_wconf 85' lang='lat' dir='ltr'><strong>accepimus</strong></span> <span class='ocrx_word' id='word_1_902' title='bbox 3389 5482 3515 5552; x_wconf 64' lang='grc' dir='ltr'>δρία</span> 
     </span>
    </p>
   </div>
   <div class='ocr_carea' id='block_1_116' title="bbox 1940 5575 3519 5658">
    <p class='ocr_par' dir='ltr' id='par_1_116' title="bbox 1940 5575 3519 5658">
     <span class='ocr_line' id='line_1_116' title="bbox 1940 5575 3519 5658; baseline -0.011 -12"><span class='ocrx_word' id='word_1_903' title='bbox 1940 5590 2111 5646; x_wconf 81' lang='lat' dir='ltr'><strong>ritum</strong></span> <span class='ocrx_word' id='word_1_904' title='bbox 2136 5586 2447 5658; x_wconf 86' lang='lat' dir='ltr'><strong>adoptionis</strong></span> <span class='ocrx_word' id='word_1_905' title='bbox 2472 5583 2805 5651; x_wconf 53' lang='lat' dir='ltr'><strong>ﬁliorum,“</strong></span> <span class='ocrx_word' id='word_1_906' title='bbox 2835 5596 2946 5654; x_wconf 86' lang='lat' dir='ltr'><strong>quo</strong></span> <span class='ocrx_word' id='word_1_907' title='bbox 2967 5580 3269 5638; x_wconf 79' lang='lat' dir='ltr'><strong>clamamus</strong></span> <span class='ocrx_word' id='word_1_908' title='bbox 3298 5575 3519 5648; x_wconf 71' lang='lat' dir='ltr'><strong>:Abba,</strong></span> 
     </span>
    </p>
   </div>
  </div>
