3992 6210
530 314 600 378 95
1772 331 2154 395 EUTHYMII
2195 337 2522 401 ZIGABEN
2529 339 2559 400 Ι
3713 349 3782 412 96

529 430 689 488 Pater
705 433 769 489 ".
785 454 803 485 ι
823 433 904 491 Et:
920 434 1204 506 «Spiritus,
1224 439 1417 509 inquit,
1436 440 1559 498 vita:
1576 442 1823 502 liberavit
1841 463 1927 504 me
1944 464 1974 503 a
1994 448 2090 521 legi

2215 451 2306 515 λος
2341 452 2525 519 πάλιν,
2565 471 2585 506 ι
2617 455 2698 518 είς
2729 452 2915 523 φόϐον,
2940 454 3061 509 ἀλλ’
3084 454 3351 529 ἐλάϐομεν
3382 457 3609 531 Πνεῦμα
3664 461 3781 514 uto-

531 527 735 594 pvccati
767 536 821 580 et
849 529 1156 584 mortis“.i
1193 529 1259 586 Et
1287 531 1415 587 alibi
1442 548 1457 587 :
1495 532 1791 591 «Dominus
1820 547 2003 594 autem
2023 549 2109 595 est

531 611 791 686 Spiritus.
822 622 913 676 ubi
941 632 1118 678 autem
1150 622 1388 693 Spiritus
1428 627 1666 695 Domini,
1721 630 1797 686 ibi
1855 632 2103 691 libertas.

527 709 646 765 Jan]
677 714 767 781 qui
805 713 939 770 alios
975 715 1175 770 liberos
1201 718 1400 786 reddit,
1455 720 1571 789 ipse
1596 738 1708 777 non
1763 725 1932 780 servit
1960 727 2026 779 θ’.
2080 745 2100 779 ο

528 803 811 868 Quomodo
840 807 984 859 enim
1021 808 1297 863 conservis
1328 810 1597 878 dedisset,
1632 816 1778 883 quod
1833 818 1949 886 ipse
1995 834 2104 873 non

528 897 713 961 habet,
738 897 881 964 quod
945 899 1161 967 assequi
1221 903 1433 971 nequit,
1473 920 1582 972 quo
1644 906 1746 962 frui
1801 910 1954 977 cupit
2017 910 2105 966 ille

526 987 768 1055 quidem,
809 989 901 1043 sed
931 1004 1040 1043 non
1076 994 1297 1060 potest?
1327 992 1429 1060 Qui
1481 996 1790 1053 libertatem
1823 1001 2104 1058 credenti-

525 1081 627 1134 bus
661 1066 947 1148 elargitur,
1015 1092 1070 1136 et
1106 1085 1410 1142 servientes
1430 1088 1630 1145 liberos
1659 1092 1847 1159 ellicit,
1877 1093 1923 1150 is
1977 1111 2105 1165 pro-

526 1171 670 1226 fecto
706 1188 815 1225 non
849 1174 1040 1238 servit,
1077 1175 1171 1229 sed
1208 1178 1547 1244 dominatur,
1581 1190 1634 1236 et
1661 1183 1783 1251 jure
1848 1185 2102 1241 domina-

526 1270 635 1323 tus,
664 1278 802 1331 quos
826 1266 960 1328 vult,
986 1265 1240 1322 libertate
1263 1268 1447 1324 donat.
1482 1270 1847 1336 Quamobrem
1872 1283 1930 1330 et
1960 1276 2093 1331 bea-

523 1363 610 1407 tus
642 1353 875 1409 Paulus:
914 1354 1086 1421 «Haec,
1115 1356 1313 1425 inquit,
1339 1360 1521 1415 omnia
1552 1373 1807 1433 operatur
1836 1382 1979 1421 unus
2018 1377 2102 1423 at-

521 1457 628 1511 que
647 1444 787 1498 idem
817 1444 1072 1513 Spiritus,
1092 1447 1342 1503 dividens
1401 1452 1703 1522 unicuique
1730 1455 2099 1523 peculiariter,

522 1535 602 1588 uti
630 1536 744 1589 vult
758 1536 826 1589 '°.
841 1557 859 1590 ι
881 1536 1090 1594 Idcirco
1110 1550 1167 1595 et
1187 1544 1451 1611 propheta
1469 1543 1523 1597 in
1540 1543 1726 1600 Veteri
1744 1545 2102 1604 Testamento

522 1635 854 1695 potestatem
885 1629 1059 1698 ipsius
1088 1632 1404 1700 signiﬁcans
1424 1636 1704 1692 clamabat
1738 1655 1751 1692 :
1786 1657 1805 1690 ι
1836 1638 2100 1695 Dominus

520 1716 671 1770 misit
701 1732 811 1783 me,
837 1727 891 1771 et
921 1719 1163 1788 Spiritus
1197 1722 1316 1790 ejus
1347 1723 1438 1778 ⁸η.»
1485 1726 1551 1780 Et
1582 1727 1726 1783 Deus
1756 1727 1973 1786 Judmos
2004 1748 2095 1788 ac-

2208 543 2414 609 οεσίας,
2446 546 2506 599 ἐν
2533 540 2578 614 ᾧ
2606 546 2907 617 κράζομεν,
2944 547 3116 603 ’Ᾱὸόᾶ
3153 551 3181 603 6
3205 550 3451 621 Πατήρ.»
3478 554 3587 609 Καὶ
3615 553 3779 608 ἀλλα-

2207 635 2327 706 χοῦ·
2365 654 2384 687 ι
2409 636 2467 690 ’0
2492 636 2602 707 γὰρ
2636 639 2803 707 νόμος
2823 638 2919 692 τοῦ
2953 639 3273 711 Πνεύματος
3293 644 3395 713 τῆς
3426 644 3571 715 ζωῆς
3620 646 3784 715 ἠλευο

2208 726 2416 798 θέρωσέ
2446 745 2512 799 με
2546 729 2655 782 ἀπὸ
2684 729 2778 783 τοῦ
2809 731 2975 799 νόμου
3028 732 3127 801 τῆς
3185 734 3488 803 ἁμαρτίας,
3542 736 3637 790 xa't
3689 735 3781 790 τοῦ

2207 819 2461 873 θανάτου’
2504 839 2522 873 ι
2552 821 2645 874 καὶ
2682 821 2970 891 ἑτέρωθεν*
3010 842 3029 874 ι
3068 822 3128 874 '0
3153 822 3211 875 δὲ
3245 823 3449 894 Κύριος
3470 827 3529 879 τὸ
3560 826 3782 897 Πνεῦμά

2208 911 2373 965 ἐστιν.
2414 904 2490 966 Ob
2517 911 2574 965 δὲ
2628 911 2688 965 τὸ
2737 913 2960 982 Πνεῦμα
3003 914 3237 984 Κυρίου,
3271 918 3387 969 ἐκεῖ
3412 916 3717 989 ἐλευθερία.
3755 939 3775 972 ι

2206 996 2279 1048 Τὸ
2307 997 2364 1049 δὲ
2388 998 2515 1059 τοὺς
2544 998 2740 1063 ἄλλους
2765 999 3086 1071 ἐλευθεροῦν
3122 1003 3182 1055 οὐ
3213 1003 3475 1058 δουλεύει.
3527 1006 3649 1071 Πῶς
3670 1009 3778 1079 γὰρ

2204 1085 2271 1139 ἂν
2285 1089 2397 1149 τοῖς
2412 1087 2718 1156 ὁμοδούλοις
2744 1089 2999 1160 μεταδοίη
3022 1083 3083 1143 οῦ
3115 1091 3190 1163 μὴ
3211 1093 3455 1163 μετέχει,
3488 1090 3549 1150 οῦ
3590 1100 3779 1167 τυχεῖν

2203 1175 2305 1228 οὐκ
2346 1175 2547 1246 ίσχύει,
2580 1168 2643 1230 οὗ
2672 1178 2978 1233 ἀπολαῦσαι
3035 1180 3284 1249 βούλεται
3316 1184 3413 1252 μὲν
3444 1186 3515 1249 ὡς
3532 1187 3701 1253 είκὸς,
3727 1190 3786 1242 οὔ

2208 1267 2431 1320 δυνάται
2447 1267 2503 1320 δέ
2524 1284 2539 1333 ς
2568 1269 2630 1321 Et
2656 1268 2711 1322 δέ
2728 1270 3048 1340 μεταδίδωσι
3064 1274 3179 1336 τοῖς
3200 1274 3551 1331 πιστεύουσιν
3567 1278 3787 1333 eiu-:qu-

2205 1358 2349 1429 ρίας,
2369 1360 2462 1411 καὶ
2479 1360 2752 1426 ἐλευθεροῖ
2771 1362 2895 1423 τοὺς
2926 1362 3296 1431 δουλεύοντας,
3327 1367 3386 1419 οὐ
3407 1366 3646 1423 δουλεύει
3697 1371 3788 1439 δη-

2201 1449 2398 1513 λονότι,
2418 1450 2554 1505 ἀλλὰ
2580 1451 2858 1521 δεσπόζει,
2875 1456 2970 1510 καὶ
2995 1455 3331 1521 δεσποτικῶς
3346 1459 3447 1530 τὴν
3478 1459 3788 1531 ἐλευθερίαν

2200 1536 2283 1604 οἷς
2308 1542 2488 1595 ἐθέλει
2527 1545 2843 1614 χαρίζεται.
2883 1546 2975 1599 Διὸ
3011 1548 3106 1600 καὶ
3135 1549 3162 1601 6
3191 1550 3472 1618 μακάριος
3498 1552 3601 1621 ἐφη
3635 1553 3787 1607 Παῦ-

2201 1632 2291 1697 λος
2317 1635 2399 1688 ὅτι
2436 1653 2455 1686 ι
2492 1637 2678 1691 Ταῦτα
2709 1638 2886 1692 πάντα
2927 1640 3145 1711 ἐνεργεῖ
3194 1641 3254 1694 τὸ
3310 1642 3370 1694 ἓν
3402 1643 3497 1696 καὶ
3527 1644 3586 1696 τὸ
3647 1645 3787 1698 αὐτὸ

2206 1725 2450 1795 Πνεῦμα,
2491 1727 2741 1798 διαιροῦν
2789 1730 3007 1801 ἑκάστῳ
3064 1731 3194 1803 ίδίᾳ,
3224 1732 3406 1796 καθὼς
3444 1733 3722 1803 βούλεται.
3763 1754 3781 1788 ι

520 1821 717 1860 cusans
736 1808 1048 1875 :rFecistis,
1079 1811 1277 1883 inquit,
1308 1816 1619 1883 consilium,
1645 1822 1738 1874 sed
1768 1836 1874 1875 non
1905 1838 2090 1878 secun-

2214 1815 2310 1868 Διὸ
2327 1794 2421 1869 καὶ
2446 1818 2474 1868 6
2504 1794 2792 1889 προιρήτης
2817 1820 2875 1873 ἐν
2905 1794 2987 1892 τῇ.
3008 1794 3223 1895 Παλαιῄᾷ
3244 1824 3344 1896 τὴν
3383 1794 3647 1891 ἐξουσίαν
3684 1831 3784 1882 αύ-

520 1895 651 1954 dum
688 1912 791 1960 me,
825 1898 1117 1965 etfmdera,
1155 1904 1247 1958 sed
1274 1921 1379 1959 non
1410 1922 1505 1976 per
1528 1908 1792 1979 Spiritum
1820 1928 2002 1967 meum
2049 1931 2090 1967 τι

2203 1905 2297 1958 τοῦ
2322 1904 2608 1976 κηρύττων
2634 1906 2764 1962 ἐθόα
2796 1925 2813 1942 ·
2846 1909 3081 1980 «Κύριος
3119 1895 3429 1968 ἀπέσταλκε
3468 1933 3557 1986 με,
3584 1919 3682 1972 καὶ
3724 1919 3784 1972 τὸ

520 1988 578 2043 in
608 2005 716 2060 quo
749 1994 958 2047 socium
984 1993 1195 2065 imperii
1221 1995 1482 2067 Spiritum
1506 2010 1755 2057 sanctum
1804 2019 1930 2060 esse
2004 2006 2090 2061 de-

2206 1997 2434 2066 Πνεῦμα
2480 1998 2667 2053 αὐτοῦ.
2700 2019 2718 2053 ι
2766 2001 2879 2056 Καὶ
2906 2004 2935 2057 6
2958 2003 3092 2067 Θεὸς
3146 2006 3260 2069 τοῖς
3302 2006 3579 2070 Ἰουδαίοις
3615 2011 3787 2079 ἐγκα-

518 2079 708 2133 clarat.
764 2081 830 2135 Et
892 2082 1000 2137 alio
1024 2082 1143 2138 loco
1172 2101 1189 2140 :
1224 2105 1240 2137 ι
1274 2086 1384 2141 Cur
1415 2103 1537 2158 ego,
1586 2091 1788 2160 inquit,
1817 2093 2090 2149 vobiscum

2203 2087 2331 2155 λῶν,
2366 2107 2386 2141 ι
2421 2088 2761 2161 Ἐποιήσατε,
2790 2110 2809 2143 ι
2843 2094 2996 2164 φησι,
3030 2115 3048 2145 ι
3085 2094 3302 2165 βουλὴν,
3323 2099 3417 2151 καὶ
3445 2098 3592 2170 οὗζδθ
3621 2103 3782 2171 ἐμοῦ,

518 2173 684 2226 sum?
714 2173 780 2227 Et
803 2172 1039 2243 Spiritus
1062 2193 1215 2233 meus
1255 2182 1501 2235 constitit
1536 2181 1591 2236 in
1626 2183 1805 2239 medio
1836 2185 2004 2239 vestri
2029 2186 2090 2239 ἳι

2207 2182 2300 2234 καὶ
2331 2181 2628 2248 συνθήκας,
2675 2184 2772 2236 καὶ
2824 2187 2886 2238 οὐ
2940 2186 3028 2239 διὰ
3086 2187 3183 2240 τοῦ
3236 2188 3555 2260 Πνεύματός
3591 2210 3722 2263 μου,
3760 2214 3777 2246 ι

518 2264 592 2317 At
613 2263 716 2319 Job
749 2266 1064 2323 effectorem
1093 2269 1271 2339 ipsum
1293 2281 1350 2327 et
1396 2275 1717 2342 principem,
1765 2292 1874 2331 non
1903 2287 2088 2333 autem

2203 2272 2464 2327 κοινωνὸν
2486 2277 2589 2344 τῆς
2615 2274 2937 2340 δεσποτείας
2954 2278 3171 2342 δεικνὺς
3184 2281 3244 2333 τὸ
3274 2280 3498 2354 Πνεῦμα
3516 2285 3574 2337 τὸ
3600 2285 3783 2354 ἅγιον⁸

519 2354 853 2419 ministrnm,
890 2367 984 2411 aut
1034 2357 1238 2412 factum
1263 2361 1530 2417 credens:
1557 2382 1575 2415 ι
1617 2365 1872 2435 Spiritus,
1902 2368 2098 2437 inquit,

518 2445 736 2502 divinus
753 2447 880 2502 fecit
900 2460 1065 2515 me,et
1092 2451 1666 2523 ﬂatusOmnipotentis
1695 2459 1887 2513 edocet
1903 2461 2095 2514 ωοη.»

518 2534 675 2602 Quod
718 2541 762 2594 si
830 2542 1125 2598 humanam
1188 2555 1440 2600 naturam
1476 2548 1774 2605 fabricatus
1810 2562 1914 2617 est,
1949 2567 2100 2607 eam-

514 2629 661 2693 dem,
692 2646 854 2699 quam
887 2635 1049 2689 Pater
1068 2646 1125 2690 et
1159 2635 1347 2702 Filius,
1378 2639 1673 2693 essentiam
1733 2641 1915 2696 habet.
1962 2640 2098 2697 Nam

513 2735 637 2775 cum
671 2722 946 2780 hominem
971 2727 1175 2783 faceret
1206 2730 1381 2788 Deus:
1419 2732 1756 2797 «Faciamus,
1778 2733 1975 2804 inquit,
2009 2735 2109 2790 ho-

512 2811 715 2868 minem
764 2816 831 2869 ad
863 2819 1150 2888 imaginem
1177 2830 1233 2876 et
1285 2823 1697 2880 similitudinem
1729 2835 1970 2880 nostram
2002 2827 2103 2882 τ’.»

514 2900 759 2967 Quorum
804 2917 988 2963 autem
1032 2926 1139 2965 una
1193 2922 1277 2968 est
1333 2914 1530 2987 imago,
1598 2931 1790 2971 eorum
1849 2917 2105 2988 profecw

517 3008 625 3050 una
660 3009 746 3053 est
776 3000 939 3055 etiam
966 3007 1230 3065 essentia.

2201 2365 2297 2418 καὶ
2371 2365 2658 2436 ἑτέρωθεν·
2700 2385 2718 2418 ι
2763 2367 2909 2420 Διότι
2964 2368 3095 2436 ἐγὼ,
3134 2389 3154 2421 ι
3190 2372 3378 2443 φησὶν,
3423 2393 3441 2427 ι
3471 2376 3589 2445 είμὶ
3659 2377 3783 2446 μεθ’

2201 2455 2378 2524 ὑμῶν,
2400 2456 2580 2512 καὶτὸ
2610 2456 2834 2526 Πνεῦμά
2853 2476 2955 2529 μου
2978 2462 3283 2532 ἐφέστηκεν
3299 2466 3359 2517 ἐν
3374 2466 3521 2537 μέσῳ
3544 2468 3725 2537 ὑμῶν.
3761 2489 3780 2524 ι

2206 2544 2317 2597 Καὶ
2347 2546 2376 2597 ό
2448 2544 2570 2598 Ἰὼϐ
2615 2546 2695 2609 δὲ,
2750 2546 3087 2621 δημιουργὸν
3146 2553 3277 2606 αὐτὸ
3313 2552 3428 2619 καὶ⁴
3458 2555 3785 2612 δεσποτικὸν

2209 2634 2508 2701 πιστεύων,
2574 2636 2690 2690 ἀλλ’
2752 2640 2851 2711 οὐχ
2880 2640 3237 2711 ὑπουργικὸν,
3275 2662 3295 2696 ι
3333 2645 3409 2699 Ού
3433 2646 3541 2717 γὰρ
3567 2649 3786 2720 ποίημα

2209 2731 2435 2802 Πνεῦμα
2480 2733 2643 2801 θεῖον,
2681 2753 2700 2787 ι
2743 2736 2904 2806 φησὶ,
2939 2755 2960 2790 ι
2997 2738 3057 2792 τὸ
3086 2738 3323 2810 ποιῆσαν
3376 2758 3467 2809 με,
3528 2742 3668 2812 πνοὴ
3730 2743 3786 2796 δὲ

2209 2824 2655 2895 Παντοκράτορος
2696 2827 2729 2898 ἠ
2764 2827 3097 2882 διδάσκουσα
3123 2846 3246 2900 ne.»
3274 2831 3336 2883 Et
3363 2831 3536 2902 δὲτὴν
3572 2832 3777 2905 ἀνθρω-

2208 2916 2371 2969 πείαν
2424 2916 2833 2989 ἐδημιούργησε
2861 2919 3047 2989 φύσιν,
3106 2922 3207 2993 τὴν
3241 2924 3415 2993 αὐτὴν
3442 2925 3626 2979 οὐσίαν
3664 2925 3783 2995 ἔχει

2207 3008 2386 3080 Πατρὶ
2432 3010 2525 3061 καὶ
2563 3010 2699 3082 Υἱῷ.
2740 3012 2831 3065 Ἐν
2889 3013 2999 3084 γὰρ
3028 3015 3094 3085 τῇ
3120 3015 3219 3068 τοῦ
3244 3015 3534 3087 ἀνθρώπου
3564 3017 3782 3085 ποιήσει

515 3088 673 3147 εἶπεν
758 3100 786 3150 6
849 3098 1004 3164 Θεὸς,
1046 3119 1067 3153 ι
1104 3104 1426 3177 Ποιήσωμεν
1483 3110 1774 3181 ἄνθρωπον
1817 3110 1943 3164 κατ’
1977 3108 2163 3163 εἰκόνα
2206 3108 2485 3179 ἡμετέραν
2519 3107 2615 3162 καὶ
2654 3108 2779 3164 καθ’
2810 3110 3093 3182 ὁμοίωσιν.
3126 3130 3146 3165 ι
3180 3105 3283 3166 Ὧν
3303 3113 3360 3167 δὲ
3392 3115 3425 3185 η
3461 3115 3625 3167 εἰκὼν
3649 3115 3776 3187 μία,

510 3189 719 3246 τούτων
754 3193 1003 3263 δηλονότι
1032 3202 1129 3254 καὶ
1159 3202 1377 3271 ἡούσία
1403 3204 1524 3275 μία.

512 3303 646 3387 Item
674 3309 734 3394 (te
750 3309 934 3393 Patre,
975 3323 1026 3366 et
1054 3313 1216 3394 ἱίίο,
1255 3327 1302 3394 et
1352 3318 1556 3389 Spiritu
1592 3331 1781 3394 sancto
1828 3323 2081 3394 distincta

2203 3317 2315 3394 'Et_t
2340 3317 2477 3384 περὶ
2504 3318 2735 3394 Πατρός
2779 3318 2888 3394 καίΔ
2934 3313 3073 3394 Υίοῦ
3113 3320 3209 3373 καὶ
3238 3321 3409 3389 ἀπίου
3440 3324 3781 3394 Πνεύματος

548 3378 779 3433 simulet
825 3383 973 3436 unita
1032 3378 1330 3443 divinitatis
1379 3378 1537 3446 ratio.
1581 3390 1768 3447 Sancti
1814 3393 2059 3447 Maximi.

582 3540 733 3596 Unus
764 3542 929 3611 Deus,
964 3547 1128 3603 unius
1158 3548 1279 3604 Filii
1316 3552 1472 3607 Pater
1499 3572 1512 3607 :
1538 3562 1593 3608 et
1640 3553 1879 3625 Spiritus
1932 3558 2096 3612 unius

509 3636 681 3691 sancti
718 3636 861 3702 fons,
895 3640 1077 3694 unitas
1109 3643 1334 3697 minime
1375 3646 1625 3713 confusa,
1653 3656 1707 3701 et
1732 3649 1959 3704 minime
2012 3651 2094 3706 di-

508 3727 622 3783 visa
663 3728 920 3786 Trinitas.
959 3731 1108 3787 Mens
1139 3734 1260 3789 sine
1300 3738 1589 3810 principio,
1618 3741 1952 3799 soliussolus
1997 3758 2095 3813 per

506 3823 799 3877 essentiam
844 3824 1003 3880 Verbi
1038 3826 1312 3897 principio
1340 3832 1576 3887 carentis
1609 3832 1860 3893 Genitor.
1909 3836 1975 3891 Et
2005 3850 2097 3891 so-

511 3912 619 3968 lius
643 3927 863 3972 aaternze
883 3917 1006 3972 vita:
1067 3919 1308 3991 Spiritus
1343 3926 1519 3981 sancti
1572 3924 1715 3983 fons.

1180 4013 1457 4082 Ejusdem.

584 4096 737 4154 Unus
771 4101 933 4168 Deus,
963 4105 1222 4173 quoniam
1259 4122 1367 4160 una
1429 4108 1691 4164 divinitas
1757 4111 2011 4181 simplex,
2037 4124 2094 4169 et

509 4184 628 4238 sine
667 4188 957 4259 principio,
998 4203 1053 4248 et
1084 4197 1391 4264 partitionis
1449 4206 1505 4252 et
1539 4199 1828 4257 divisionis
1873 4218 2089 4273 expers.

512 4274 576 4327 Et
609 4286 720 4332 tota
750 4278 990 4337 Trinitas
1019 4286 1429 4352 eadem,unitas
1448 4300 1555 4345 tota
1575 4295 1872 4350 secundum
1903 4312 2093 4355 essen-

506 4363 635 4419 tiam
665 4367 875 4424 eadem.
934 4371 999 4427 Et
1054 4374 1295 4432 Trinitas
1324 4387 1432 4432 tota
1483 4381 1781 4438 secundum
1830 4400 2091 4455 personas

2268 3388 2690 3522 ῗὶαέῗκριμένη
2722 3389 2820 3442 καί
2856 3388 3135 3459 ἡνωμένη
3172 3388 3451 3462 θεοζιογία
3482 3388 3781 3463 τοιῗὰγίού

2325 3474 2362 3509 a
2424 3476 2567 3522 μου.

2325 3474 2567 3527 αζιμου.

2270 3546 2365 3613 Εἷς
2392 3550 2546 3615 Θεὸς,
2595 3549 2716 3613 ἐνὸς
2740 3550 2870 3603 Υίοῦ
2908 3550 3123 3623 Πατὴρ,
3177 3554 3272 3607 καὶ
3303 3555 3623 3624 Πνεύματος
3652 3557 3778 3621 ἐνὸς

2196 3641 2356 3711 ἁγίου
2386 3642 2559 3712 πηγή.
2594 3641 2781 3706 Μονὰς
2824 3642 3157 3712 ἀσύγχυτος,
3209 3646 3303 3697 καὶ
3334 3646 3503 3715 Τριὰς
3525 3646 3774 3715 ἀδιαίρε-

2193 3750 2303 3797 νος.
2336 3733 2479 3797 Νοῦς
2502 3734 2760 3804 ἄναρχος,
2796 3733 2971 3804 μόνου
3002 3736 3187 3805 μόνος,
3213 3736 3767 3805 οὐσιιώῶς,ἀνάρχου

2198 3826 2375 3895 Λόγου
2406 3826 2711 3896 γεννήτωρ,
2743 3828 2839 3879 καὶ
2870 3827 3043 3897 μόνης
3071 3824 3244 3881 ἀϊδίου
3270 3826 3414 3896 ζωῆς
3442 3825 3771 3898 Πνεύματος

2196 3918 2355 3986 ἁγίου
2394 3917 2571 3988 πηγή.

2801 4030 2919 4085 Τοῦ
2961 4032 3174 4088 αὑτοῦ.

2266 4116 2364 4185 Εἷς
2394 4122 2548 4187 Θεὸς,
2581 4122 2663 4175 ὅτι
2696 4124 2793 4191 μία
2830 4122 3022 4191 θεότης
3052 4124 3312 4194 ἄναρχος,
3345 4126 3441 4179 καὶ
3479 4126 3646 4195 ἁπλῆ,
3678 4130 3777 4183 καὶ

2194 4214 2544 4285 ύπερούσιος,
2577 4214 2673 4267 καὶ
2698 4214 2935 4285 ἀμερὴς,
2993 4216 3088 4269 καὶ
3130 4215 3459 4281 ἀδιαίρετος.
3531 4219 3593 4271 Ἦ
3639 4221 3780 4290 αὐτῆ

2197 4304 2363 4373 μονὰς
2416 4305 2511 4358 καὶ
2560 4305 2751 4377 Τριάς.
2824 4306 2961 4376 Ὅλη
3020 4306 3251 4378 μονὰςὴ
3306 4309 3446 4378 αὕτη
3475 4351 3491 4374 ,
3535 4312 3628 4362 καὶ
3661 4311 3760 4381 ὅλη

2196 4398 2370 4469 Tm;
2392 4401 2425 4468 ἡ
2457 4399 2617 4469 αὐτή.
2655 4398 2842 4463 Μονὰς
2882 4398 2978 4469 ὅλη
3031 4401 3171 4452 κατὰ
3198 4401 3297 4470 τὴν
3332 4401 3578 4471 ούσίανή
3613 4403 3777 4473 αὑτὴ,

504 4455 719 4513 eadem.
760 4461 938 4528 Pater,
977 4475 1033 4520 et
1063 4466 1253 4530 Filius,
1306 4478 1361 4523 et
1410 4469 1653 4542 Spiritus
1701 4485 1926 4531 sanctus
1970 4478 2087 4549 ipsa

2203 4455 2288 4541 καὶ
2351 4455 2527 4561 ﬁta;
2582 4455 2679 4558 ὅλη
2761 4455 2901 4545 κατὰ
2966 4455 3068 4555 τὰς
3124 4455 3450 4555 ὑποστάσεις
3512 4455 3578 4562 ἡ.
3613 4455 3777 4565 αῦτη.

506 4544 769 4602 Divinitas
795 4560 900 4606 est.
929 4554 993 4609 Et
1019 4555 1071 4609 in
1107 4554 1284 4623 Patre,
1309 4568 1365 4615 et
1390 4560 1549 4628 Filio,
1576 4574 1630 4619 et
1652 4565 1857 4635 Spiritu
1898 4544 2090 4625 sancto

2203 4544 2414 4653 [Ia-tm):
2461 4544 2557 4635 κᾶι
2620 4544 2769 4649 Υίὸς,
2805 4544 2812 4545 7
2842 4584 2937 4636 καὶ
2984 4544 3139 4651 ἅγιον
3190 4583 3415 4655 Πνεῦμα
3466 4586 3499 4653 ἠ
3534 4544 3779 4654 ’θεότηξ

505 4646 592 4690 est
619 4637 735 4708 ipsa
758 4640 1047 4700 Divinitas.
1087 4646 1221 4702 Tota
1273 4650 1325 4704 in
1362 4661 1476 4708 toto
1508 4653 1666 4709 Patre
1721 4657 1836 4727 ipsa
1863 4670 1980 4726 est;
2031 4670 2087 4717 et

2203 4673 2301 4724 Kal.
2335 4637 2411 4725 ’ξι
2468 4673 2669 4742 Πατρὶ,
2711 4637 2805 4727 ib.
2855 4673 2993 4744 Υιῷ,
3032 4637 3133 4727 ζεαι
3198 4637 3351 4743 ἁγίῳ.
3396 4637 3679 4745 [ινὲύματι
3710 4637 3777 4745 ’ἡ

505 4734 654 4782 totus
691 4729 741 4783 in
776 4732 891 4800 ipsa
932 4744 1041 4789 tota
1078 4736 1239 4794 Pater
1260 4750 1366 4797 est.
1406 4741 1471 4796 Et
1535 4752 1645 4800 tota
1698 4746 1753 4801 in
1777 4757 1891 4804 toto
1949 4750 2087 4808 Filio

500 4829 583 4875 est
614 4820 727 4891 ipsa
756 4839 770 4889 ;
803 4832 857 4878 et
889 4833 1034 4881 totus
1070 4828 1123 4883 in
1154 4829 1273 4901 ipsa
1306 4842 1417 4888 tota
1455 4835 1623 4892 Filius
1679 4848 1785 4894 est.
1848 4839 1915 4897 Et
1971 4851 2085 4900 tota

499 4913 557 4967 in
593 4923 704 4969 toto
734 4915 941 4985 Spiritu
973 4932 1158 4977 sancto
1209 4935 1292 4979 est
1323 4927 1458 4998 ipsa.
1511 4928 1577 4984 Et
1638 4940 1787 4988 totus
1849 4934 1902 4989 in
1965 4936 2084 5005 ipsa

505 5012 615 5059 tota
651 5018 734 5062 est
778 5008 1014 5080 Spiritus
1036 5025 1281 5073 sanctus.
1307 5016 1425 5075 Non
1461 5022 1605 5077 enim
1632 5040 1698 5079 ex
1742 5036 1898 5096 parte
1936 5030 2080 5083 Divi-

503 5100 647 5152 nitas
676 5101 835 5155 estin
861 5101 1043 5171 Patre,
1082 5124 1184 5163 nec
1217 5109 1376 5164 Pater
1427 5130 1493 5168 ex
1547 5126 1699 5185 parte
1762 5116 1906 5174 Deus
1965 5129 2072 5176 est.

500 5186 686 5258 Neque
716 5208 779 5247 ex
812 5212 965 5265 parte
998 5197 1051 5253 in
1077 5199 1216 5255 Filio
1271 5203 1534 5261 Divinitas
1569 5218 1686 5273 est;
1750 5225 1855 5266 nec
1907 5212 2076 5269 Filius

501 5293 566 5332 ex
600 5293 748 5349 parte
770 5286 912 5343 Deus
941 5298 1044 5345 est.
1070 5291 1257 5363 Neque
1279 5309 1345 5349 ex
1369 5307 1519 5365 parte
1549 5300 1601 5353 in
1634 5301 1840 5372 Spiritu
1885 5315 2077 5362 sancto

501 5371 766 5431 Divinitas
799 5388 917 5447 est;
951 5398 1055 5438 nec
1102 5383 1340 5455 Spiritus
1368 5402 1592 5447 sanctus
1622 5371 1689 5449 es
1737 5406 1893 5466 parte
1919 5399 2065 5454 Deus

497 5468 601 5516 est.
625 5461 759 5518 Nam
781 5483 958 5541 neque
977 5472 1241 5532 Divinitas
1268 5480 1440 5535 secari
1472 5491 1684 5552 potest;
1717 5461 1896 5557 neque
1916 5486 2076 5542 Pater

495 5562 589 5607 aut
624 5552 818 5626 Filius,
853 5573 947 5618 aut
987 5565 1228 5638 Spiritus
1261 5582 1485 5631 sanctus
1532 5576 1677 5633 Deus
1727 5552 1823 5634 est.
1870 5579 2077 5649 imper-

565 5666 803 5766 :Pofn'
827 5679 1077 5766 νξειι,
1166 5685 1401 5766 ξξηῐίοιη.
1435 5707 1549 5761 vm,
1584 5691 1637 5747 2.
1715 5694 1759 5728 θ’
1795 5691 1835 5747 ll
1867 5692 1990 5749 Cor.
2026 5710 2085 5750 ιιι

2203 5699 2230 5749 ⁷.
2307 5698 2352 5730 ⁷⁰
2395 5698 2559 5754 lCor.
2592 5715 2687 5766 xu,
2724 5699 2805 5752 ll.

496 5752 687 5805 sunt,
720 5739 774 5795 4.
853 5744 899 5777 ⁷³
923 5746 1063 5804 Gen.
1100 5766 1139 5819 ι,
1166 5754 1256 5811 26,
1445 5739 1549 5761 ””’
1587 5739 1637 5747 “’
1795 5739 1835 5747 ”
1871 5739 1995 5800 "ﬂ;

2189 4763 2399 4837 θεότης.
2444 4766 2582 4836 Ὀλη
2613 4767 2671 4817 ἐν
2724 4766 2830 4834 ὅλῳ
2861 4765 2939 4835 τῷ
3005 4764 3182 4834 Πατρὶ
3222 4768 3253 4835 ὴ
3287 4765 3451 4835 αὑτὴ,
3508 4769 3605 4819 κα)⁸
3653 4767 3778 4831 ὅλος

2185 4856 2242 4909 ἐν
2301 4856 2399 4929 ὅλῃ
2448 4859 2517 4928 τῇ
2571 4856 2710 4927 αὐτῇ
2759 4857 2788 4909 6
2838 4854 3052 4926 Πατήρ.
3106 4854 3218 4908 Καὶ
3264 4854 3360 4924 ὅλη
3421 4857 3480 4908 ἐν
3524 4855 3630 4923 ὅλῳ
3698 4856 3779 4926 τῷ

2183 4946 2343 5017 Υίῷὴ
2364 4947 2525 5016 αὐτή.
2545 4948 2653 5000 Καὶ
2670 4946 2786 5009 ὅλος
2811 4947 2870 4998 ὲν
2889 4947 2983 5014 ὅλη
3004 4946 3070 5015 τῇ
3096 4944 3233 5015 αὐτῇ
3260 4946 3286 4998 ὁ
3307 4945 3453 5008 Υίός.
3477 4947 3581 4999 Καὶ
3600 4947 3697 5017 ὅλη
3720 4948 3779 4999 ἐν

2187 5040 2295 5109 ὅλῳ
2320 5039 2398 5109 τῷ
2427 5037 2712 5107 Πνεύματι
2736 5040 2812 5107 τῷ
2843 5038 2986 5106 ἁγίῳ
3020 5038 3052 5108 ὴ
3082 5038 3244 5105 αὕτη,
3269 5037 3362 5091 καὶ
3389 5037 3511 5089 ὅλον
3536 5038 3594 5089 ἐν
3627 5039 3774 5109 αὐτῇ

2184 5130 2280 5199 ὅλῃ
2306 5129 2363 5182 τὸ
2392 5128 2617 5198 Πνεῦμα
2650 5129 2711 5183 τὸ
2744 5128 2916 5197 ἆγιον.
2939 5129 3014 5182 Οὐ
3048 5128 3156 5198 γὰρ
3188 5130 3251 5181 ἐκ
3284 5130 3483 5198 μέρους
3512 5130 3544 5198 ἡ
3569 5128 3771 5199 θεότης

2187 5222 2243 5275 ἐν
2286 5221 2361 5291 τῷ
2424 5221 2781 5293 Πατρὶ,ἢέκ
2819 5222 3021 5291 μέρους
3080 5220 3213 5284 Θεὸς
3278 5223 3306 5273 6
3364 5222 3575 5290 Πατήρ’
3630 5220 3761 5274 οὗτε

2181 5313 2242 5367 ἐκ
2276 5312 2480 5382 μέρους
2512 5315 2569 5365 ἐν
2602 5312 2679 5384 τῷ
2709 5312 2820 5382 Υίῷ
2853 5314 2885 5383 ἡ
2915 5311 3131 5378 θεότης,
3175 5312 3206 5382 ἢ
3274 5313 3338 5363 ἐκ
3377 5310 3577 5379 μέρους
3624 5310 3762 5373 Θεὸς

2182 5400 2211 5454 ὁ
2238 5401 2365 5463 Υἱός
2392 5418 2404 5430 ·
2433 5400 2559 5453 οὔτε
2586 5402 2649 5453 ἐκ
2683 5402 2884 5471 μέρους
2919 5402 2977 5453 ἐν
2996 5400 3071 5470 τῷ
3094 5401 3236 5471 ἁγίῳ
3276 5400 3555 5467 Πνεύματι
3583 5402 3615 5471 ὴ
3644 5400 3766 5453 θεό-

2180 5491 2362 5563 της,ἣ
2413 5492 2476 5545 ἐκ
2515 5491 2716 5562 μέρους
2752 5491 2885 5553 Θεὸς
2934 5491 2996 5543 τὸ
3024 5491 3250 5560 Πνεῦμα
3298 5490 3357 5543 τὸ
3385 5489 3562 5557 ἆγιον.
3618 5488 3762 5542 Οῦτε

2186 5584 2294 5652 γὰρ
2331 5583 2564 5654 μεριστὴ
2601 5584 2633 5653 ἡ
2681 5583 2893 5652 θεότης,
2956 5581 3082 5635 οὕτε
3113 5583 3309 5661 ἀτελὴς
3344 5582 3474 5645 Θεὸς
3507 5582 3535 5631 ὁ
3566 5582 3760 5652 Πατὴρ

2910 5699 2950 5730 ⁷⁸
2986 5700 3096 5756 lsa.
3159 5712 3347 5765 XLVIII,
3396 5696 3477 5752 16.
3555 5699 3601 5731 τ’
3636 5697 3765 5755 Job.
