3992 6210
220 290 288 351 97
1195 286 1577 351 PANOPLIA
1617 286 1811 351 DOGN

1920 286 2058 349 ‘ICA
2122 313 2191 325 —
2228 289 2380 354 Tl'l‘.
2421 290 2507 353 II.
3407 291 3477 353 98

218 402 252 472 ἦ
278 401 309 454 δ
338 398 419 453 Υι·
435 414 466 461 ς
515 396 549 467 ἢ
582 394 642 449 τὸ
668 392 893 466 Πνεῦμα
917 394 980 449 τὸ
1006 393 1313 464 ἆγιον,ἀλλ⁹
1336 396 1595 467 ὃληοιστὶν
1621 396 1653 468 ἠ
1679 394 1811 466 αὐτὴ

1920 393 2114 452 fectus.
2151 396 2258 452 Sed
2313 406 2423 453 tota
2458 408 2543 453 est
2599 397 2738 470 ipsa,
2773 399 2843 454 'et
2904 401 3162 471 perlecta,
3212 403 3476 474 perfecte,

216 489 399 544 τελεία
430 487 656 551 τελείως
675 486 735 538 ιν
764 486 961 555 τελείῳ
990 486 1071 556 τῷ
1095 486 1292 557 Πατρὶ,
1351 490 1449 541 καὶ
1480 485 1579 556 ὅλη
1612 484 1799 539 τελεία

220 582 445 644 τελείως
475 581 532 632 ἐν
574 577 766 649 τελείῳ
794 576 873 648 τῷ
904 577 1019 648 Υίῷ
1073 579 1106 648 ἡ
1137 578 1301 649 αὑτὴ,
1334 579 1433 630 καὶ
1483 577 1579 646 ὅλη
1613 575 1799 630 τελεία

219 672 445 736 τελείως
480 673 511 739 ἡ
536 669 678 740 αὕτη
706 672 766 721 ὲν
791 669 983 739 τελείῳ
1006 668 1083 739 τῷ
1113 670 1255 739 ἁγίῳ
1296 669 1596 738 Πνεύματι.
1629 667 1793 731 Ὀλος

225 764 340 835 γὰρ
371 764 431 815 ἐν
452 762 555 831 ὅλῳ
582 760 659 830 τῷ
695 760 810 830 Υἱῷ
841 761 937 813 καὶ
974 760 1052 830 τῷ
1082 760 1369 831 Πνεύματι
1395 759 1623 823 τελείως
1647 759 1795 813 ἐστὶν

223 858 254 911 ὁ
281 857 470 924 Πατήρ
498 870 511 883 ·
552 855 646 906 καὶ
691 854 813 916 ὅλος
848 856 907 907 ὲν
927 854 1035 924 ὅλῳ
1072 853 1146 923 τῷ
1172 853 1349 924 Πατρὶ
1375 853 1470 907 καὶ
1514 852 1594 921 τῷ
1630 852 1799 903 Πνευ-

220 965 351 1018 per:
380 946 608 1009 τελείως
637 948 787 998 ἐστὶν
814 946 845 998 ὁ
873 946 1019 1009 Υίδς.
1046 946 1157 998 Καὶ
1174 945 1297 998 ὅλον
1322 945 1500 1014 ὲνὸλῳ
1524 944 1602 1012 τῷ
1624 942 1801 1011 Πατρὶ

221 1041 310 1092 καὶ
340 1037 426 1105 τῷ
460 1036 584 1105 Υίῷ
613 1036 841 1099 τελείως
870 1036 987 1088 ὲστὶ
1016 1035 1074 1089 τὺ
1112 1035 1342 1106 Πνεῦμα
1384 1035 1445 1088 τὸ
1472 1034 1649 1102 ἅγιον.
1686 1035 1800 1086 Μία

216 1128 318 1197 γάρ
344 1128 450 1180 καὶ
478 1128 513 1197 η
574 1124 713 1195 αὑτὴ
765 1126 925 1178 οὐσία
965 1125 1059 1179 καὶ
1101 1125 1330 1195 δύναμις
1382 1123 1478 1177 καὶ
1520 1124 1799 1194 ,ἐνέργεια

213 1220 453 1289 Πατρὶς,
483 1219 583 1270 καὶ
620 1216 777 1280 Υίοῦ,
821 1219 917 1269 καὶ
939 1217 1096 1285 ἁγίου
1132 1215 1480 1287 Πνεύματος,
1509 1216 1614 1269 οὐκ
1644 1216 1798 1279 ὄντος

210 1312 422 1371 οὖδενδς
451 1307 548 1361 τοῦ
586 1308 774 1378 ἐτέρου
803 1310 994 1378 χωρὶς,
1019 1308 1051 1378 ἦ
1072 1307 1386 1377 νοουμένου.

829 1421 942 1475 Τοῦ
988 1421 1201 1475 αὐτοῦ.

280 1517 389 1571 Ἔν
415 1520 541 1571 ἐστι
577 1518 641 1571 τὸ
674 1514 919 1585 ὑπάρχον
952 1514 1046 1567 καὶ
1097 1513 1429 1584 ὑπερούσιον
1474 1512 1705 1580 ἀγαθὸν,
1766 1513 1801 1583 ἡ

214 1610 345 1676 ἁγία
394 1608 835 1677 τρισυπόστατος
862 1604 1053 1675 μονὰς,
1088 1604 1301 1675 Πατὴρ,
1354 1605 1450 1657 καὶ
1490 1604 1643 1667 Υίὸς,
1705 1602 1803 1656 καὶ

218 1700 373 1768 ἅγιον
434 1698 690 1768 Πνεῦμα·
750 1697 917 1767 τριῶν
947 1695 1193 1767 ἀπείρων
1221 1696 1451 1766 ἄπειρος
1522 1692 1800 1764 συμφυϊα,

213 1790 301 1845 τόν
340 1807 407 1843 τε
465 1788 566 1842 τοῦ
625 1784 789 1853 εἶναι,
839 1789 935 1841 καὶ
985 1787 1124 1856 πῶς,
1162 1788 1257 1841 καὶ
1292 1786 1364 1852 τί,
1407 1786 1503 1839 καὶ
1537 1787 1630 1839 ποῖ
1664 1780 1805 1839 εἶναι

214 1883 373 1950 λόγον
427 1883 672 1953 πάμπαν
730 1882 847 1943 τοῖς
910 1874 1061 1933 οὖσιν
1112 1878 1317 1933 ἄϐατον
1358 1877 1578 1949 ἔχουσα.
1618 1878 1809 1930 Πᾶσαν

222 1977 331 2045 γάρ
360 1974 662 2042 δεαφεύγει
693 1971 884 2041 νόησιν
909 1970 1018 2024 τῶν
1044 1970 1328 2033 νοούντων,
1352 1970 1447 2040 τῆς
1484 1968 1625 2022 κατὰ
1645 1969 1809 2038 φύσιν

217 2066 479 2137 οὐδαμῶς
540 2068 783 2135 κρυφῐας
838 2062 1115 2133 ὲνδὸτητος
1181 2060 1421 2126 ἐξιοῦσα,
1479 2061 1574 2114 καὶ
1626 2060 1809 2133 πάσης

215 2157 412 2209 πασῶν
460 2155 727 2224 γνὼσεων
758 2152 1003 2223 ἀπείρως
1053 2153 1500 2225 ὑπερεκτείνεται
1530 2151 1806 2220 γνώσεως.

854 2352 965 2406 Τοῦ
1007 2347 1213 2406 αὐτοῦ.

288 2449 438 2504 Μίαν
495 2449 702 2501 ειδέναι
760 2448 868 2518 χρὴ
893 2447 1146 2516 θεότητος
1205 2444 1370 2515 φύσιν
1413 2446 1509 2500 καὶ
1559 2446 1810 2517 δύναμιν*

228 2543 400 2613 ἢγουν
439 2541 547 2594 ἕνα
599 2540 758 2605 Θεδν,
808 2541 866 2592 ἐν
922 2537 1118 2607 Πατρὶ,
1180 2540 1275 2592 καὶ
1328 2536 1464 2609 Υίῷ,
1526 2540 1621 2593 καὶ
1669 2540 1813 2611 ἁγίῳ

220 2631 509 2702 Πνεΰματι
545 2632 942 2701 θεωρούμενον·
976 2624 1062 2682 οἷα
1091 2629 1155 2700 δὴ
1195 2631 1355 2700 μόνον
1393 2631 1641 2686 ἀναίτιον
1688 2634 1815 2686 νοῦν

220 2725 505 2788 οὑσιωδῶς
538 2725 849 2793 ὑφεστῶτα·
882 2725 1044 2795 μόνου
1077 2728 1200 2780 κατ’
1247 2724 1437 2778 οὐσίαν
1502 2722 1815 2795 ὑφεστῶτος

224 2821 468 2889 ἀνάρχου
529 2818 705 2886 Λόγου
767 2821 1091 2889 γεννήτορα’
1135 2820 1229 2871 καὶ
1254 2818 1422 2889 μόνης
1454 2817 1628 2871 amo"
1670 2817 1817 2889 ζωῆς

224 2909 506 2969 οὕσιωδῶς
556 2907 878 2977 ὑφεστώσης
938 2905 1256 2977 Πνεύματος
1319 2907 1481 2977 ἁγίου
1516 2908 1724 2980 πηγήν
1756 2911 1816 2961 ἐν

1904 489 1960 543 in
1996 490 2237 559 perfecto
2274 490 2451 545 Patre.
2482 491 2550 544 Et
2602 500 2711 544 tota
2748 501 2832 547 est
2890 494 3027 563 ipsa,
3085 502 3140 548 et
3202 497 3465 564 perfecta,

1902 580 2160 649 perfecte,
2221 582 2463 651 perfecto
2507 583 2559 637 in
2609 583 2793 649 Filio;
2833 592 2887 639 et
2945 594 3051 638 tota
3103 587 3474 656 perfectaque,

1902 679 1958 725 et
1990 670 2250 738 perfecte,
2295 681 2379 728 est
2421 674 2535 742 ipsa
2598 676 2841 743 perfecto
2888 674 2949 727 in
3012 674 3223 744 Spiritu
3266 687 3479 732 sancto.

1901 759 2032 814 Nam
2063 769 2207 815 totus
2240 762 2293 815 in
2328 772 2438 818 toto
2468 763 2629 827 Filio,
2661 775 2713 818 et
2751 765 2957 833 Spiritu
2990 776 3179 820 sancto
3234 766 3481 837 perfeCte

1902 860 1984 904 est
2009 852 2185 909 Pater.
2224 854 2289 908 Et
2333 864 2477 910 totus
2500 857 2553 909 in
2593 866 2707 909 toto
2743 857 2918 918 Patre,
2949 865 3004 909 et
3029 855 3232 925 Spiritu
3289 868 3482 915 sancto

1904 945 2147 1014 perfecte
2213 956 2299 1002 est
2360 948 2551 1003 Filius.
2604 948 2670 1002 Et
2724 958 2869 1002 totus
2931 949 2983 1001 in
3033 960 3147 1003 toto
3180 949 3361 1015 Patre,
3420 961 3478 1005 et

1906 1035 2043 1091 Filio
2106 1039 2345 1109 perfecte
2399 1047 2482 1095 cst
2546 1039 2782 1110 Spiritus
2834 1049 3075 1095 sanctus.
3135 1041 3485 1113 Quandoqui-

1905 1128 2027 1185 dem
2064 1147 2171 1186 una
2201 1133 2501 1201 eademque
2532 1132 2792 1195 essentia,
2822 1140 2875 1185 et
2925 1134 3190 1200 potentia,
3239 1143 3293 1187 et
3337 1134 3483 1189 actio

1905 1232 1990 1278 est
2020 1224 2199 1287 Pater,
2238 1232 2293 1278 et
2316 1222 2502 1289 Filius,
2522 1233 2576 1277 et
2599 1222 2836 1293 Spiritus
2856 1230 3096 1286 sanctus,
3123 1237 3244 1275 cum
3301 1225 3486 1279 nullus

1901 1331 2089 1371 eorum
2130 1314 2199 1369 ab
2225 1313 2399 1369 altero
2446 1325 2729 1383 separatus
2760 1322 2853 1367 aut
2911 1312 3004 1379 sit,
3046 1324 3139 1367 aut
3193 1315 3480 1385 cogitetur.

2563 1429 2842 1499 Ejusdem.

1975 1521 2165 1581 Unum
2209 1529 2317 1586 est,
2347 1521 2491 1592 quod
2544 1522 2873 1590 principium
2904 1530 2960 1577 et
2980 1520 3273 1577 essentiam
3322 1534 3487 1575 exsu-

1903 1625 2084 1688 perat,
2106 1615 2335 1677 bonum,
2387 1620 2574 1667 sancta
2626 1613 2790 1666 trium
2848 1628 3208 1683 personarum
3275 1611 3480 1676 unitas,

1907 1709 2099 1772 Pater,
2134 1707 2332 1772 Filius,
2360 1713 2415 1760 et
2462 1704 2706 1773 Spiritus
2761 1714 3006 1760 sanctus.
3054 1704 3244 1758 Trium
3308 1703 3490 1757 inﬁni-

1912 1807 2091 1853 torum
2132 1796 2340 1850 infinita
2360 1796 2697 1864 conjunctio,
2743 1809 2865 1865 quae
2907 1794 3181 1865 quomodo
3242 1794 3330 1860 sit,
3394 1805 3491 1849 aut

1909 1889 2041 1960 quid
2066 1890 2160 1955 sit,
2186 1897 2279 1942 aut
2312 1889 2487 1957 qualis
2545 1888 2637 1952 sit,
2690 1888 2842 1942 nulla
2891 1902 3121 1957 prorsus
3158 1902 3246 1942 res
3302 1896 3489 1943 creata

1911 1989 2090 2051 potest
2122 1981 2425 2051 percipere.
2461 1978 2696 2035 Omnem
2727 1981 2873 2035 enim
2910 1981 3329 2052 intelligentium
3364 1980 3489 2036 vin-

1910 2072 1985 2129 cit
2038 2073 2480 2143 intelligentiam,
2530 2082 2586 2128 et
2655 2088 2685 2128 a
2745 2072 3025 2128 recondita
3074 2082 3236 2143 atque
3298 2072 3488 2127 intima

1910 2174 2106 2220 natura
2140 2181 2239 2220 sua
2272 2181 2380 2219 non
2415 2166 2727 2237 egrediens,
2755 2180 2975 2221 omnem
3008 2167 3253 2221 omnium
3301 2164 3487 2233 cogni-

1915 2259 2127 2316 tionum
2161 2259 2411 2312 notitiam
2434 2266 2682 2328 superat.

2560 2371 2836 2440 Ejusdem.

1985 2462 2160 2518 Unam
2198 2478 2360 2519 nosse
2388 2471 2604 2532 oportet
2638 2462 2946 2518 Divinitatis
2992 2460 3239 2518 naturam
3274 2474 3329 2519 et
3354 2464 3488 2527 vim.

1914 2571 2115 2627 nempe
2147 2556 2317 2612 Deum
2341 2558 2546 2621 unum,
2578 2558 2668 2627 qui
2693 2557 2749 2610 in
2784 2555 2965 2620 Patre,
2990 2565 3046 2611 et
3076 2554 3234 2621 Filio,
3274 2567 3328 2612 et
3364 2557 3492 2627 Spi-

1917 2654 2026 2709 ritu
2058 2661 2250 2706 sancto
2272 2660 2572 2720 spectetur,
2608 2649 2926 2719 utpote,sola
2963 2647 3081 2703 siue
3105 2663 3269 2704 causa
3306 2664 3481 2715 mens,

1916 2760 2038 2815 quae
2070 2759 2165 2815 per
2189 2742 2485 2799 essentiam
2511 2742 2781 2798 subsistit.
2810 2742 2880 2797 Et
2932 2741 3098 2795 unius
3157 2756 3256 2811 per
3301 2755 3488 2795 essene

1918 2837 2049 2892 tiam
2088 2835 2437 2892 subsistentis
2465 2834 2846 2905 principioque
2874 2834 3119 2889 carentis
3148 2832 3309 2890 Verbi
3330 2833 3495 2888 Geui-

1920 2939 2005 2985 tor
2024 2939 2144 2984 est:
2180 2927 2427 2983 etsolius
2460 2934 2545 2981 est
2607 2934 2829 2980 aeterna:
2871 2926 2997 2980 vitae
3062 2939 3159 2994 per
3198 2923 3493 2979 essentiam

231 3000 424 3071 μονάδι
473 2997 712 3069 Τριάδα,
772 3001 868 3051 καὶ
926 2999 983 3051 ὲν
1012 2999 1207 3069 Τριάδι
1251 2999 1479 3069 μονάδα·
1513 3000 1613 3053 οὐκ
1645 3001 1811 3072 ἄλλην

1921 3019 2273 3077 subsistentis
2321 3017 2558 3087 Spiritus
2613 3016 2787 3072 sancti
2839 3016 2985 3073 fons.
3023 3016 3079 3069 In
3114 3017 3323 3070 unitate
3374 3013 3500 3070 Tri-

228 3067 285 3145 δν
315 3092 478 3163 ἄλλῃ.
626 3093 735 3162 γὰρ
758 3091 832 3154 ὡς
863 3093 925 3144 ὲν
946 3067 1107 3162 οὐσίᾳ
1133 3093 1200 3163 τῇ
1239 3067 1427 3161 μονάδι
1458 3067 1811 3159 συμδεὸηκάς

1921 3067 2270 3077 ---η----μ-
2322 3067 2555 3087 tr---"
2613 3067 2787 3072 πη---
3450 3067 3468 3070 _

1920 3113 2083 3175 nitas,
2105 3110 2358 3165 etunitas
2376 3110 2430 3164 in
2457 3098 2744 3165 Trinitate.
2771 3108 2888 3163 Non
2916 3126 3020 3164 una
3049 3119 3225 3164 tamen
3252 3108 3305 3163 in
3330 3108 3499 3163 altera

228 3187 375 3238 ἑστιν
397 3189 430 3256 ἡ
467 3185 671 3253 ἰ’ριὰς,
698 3184 733 3253 ἢ
754 3188 817 3237 τδ
843 3183 1080 3254 ἔμπαλιν
1107 3186 1164 3237 ὲν
1192 3182 1384 3255 Τριὰδι
1409 3183 1598 3249 μονάςο
1624 3185 1815 3246 ἄποιος

227 3280 357 3348 γάρ·
415 3277 533 3330 οὐδ’
560 3278 639 3339 ὡς
679 3276 848 3345 ἄλλην
903 3278 997 3329 καὶ
1031 3276 1223 3347 ἄλλην.
1258 3277 1334 3329 Οὐ
1383 3275 1491 3347 γὰρ
1530 3274 1814 3346 ἑτερότητι

230 3371 451 3439 ςῠσεως
484 3368 585 3438 τῆς
616 3368 835 3439 τριάδος
873 3369 907 3438 ἡ
953 3368 1122 3440 μονὰς
1156 3368 1463 3438 διενήνοχεν
1490 3384 1506 3399 ⁸
1563 3366 1709 3436 ἁπλῆ
1752 3383 1813 3419 τε

233 3468 323 3518 καὶ
370 3463 476 3533 μία
541 3461 704 3530 φύσις
760 3460 1144 3531 τυγχάνουσιν
1196 3459 1308 3513 οὐδ’
1369 3461 1444 3523 ὡς
1468 3458 1636 3530 ἄλλην
1669 3457 1804 3531 παρ’

234 3557 424 3625 ἄλλην.
455 3555 532 3607 Οὐ
566 3552 677 3624 γὰρ
734 3553 921 3622 ὑφέσει
973 3554 1255 3624 δυνάμεως
1312 3552 1659 3623 διακέκριται
1714 3552 1815 3622 τῆς

237 3648 470 3717 μονάδος
503 3646 751 3715 ήΤριὰς,
786 3645 819 3715 ἦ
847 3645 946 3716 τῆς
973 3645 1204 3716 Τριάδος
1236 3645 1270 3716 ἠ
1305 3648 1495 3715 μονὰς,
1527 3646 1558 3716 ἢ
1587 3644 1661 3707 ὡς
1695 3660 1814 3697 κοι-

234 3744 321 3793 νόν
366 3756 420 3791 τι
488 3737 586 3791 καὶ
634 3737 872 3805 γενικὸν,
920 3738 1012 3791 καὶ
1076 3736 1293 3807 ἐπινοίᾳ
1344 3736 1483 3810 μόνῃ
1536 3734 1816 3807 θεωρητδν

239 3832 344 3884 τῶν
375 3830 476 3882 ὑπ’
510 3827 646 3882 αὐτὸ
715 3827 957 3898 μερικῶν
1022 3827 1407 3898 παρήλλακται
1467 3828 1567 3898 τῆς
1595 3826 1815 3898 τριάδος

242 3926 275 3993 η
334 3921 529 3992 μονὰς,
589 3919 747 3972 οὐσία
800 3920 1005 3989 κυρίως
1061 3917 1445 3987 αὒθύπαρκτος
1507 3915 1664 3982 οὖσα,
1720 3918 1818 3969 καὶ

238 4016 467 4085 δύναμις
493 4013 663 4074 ὅντως
700 4011 1049 4082 αὐτοσθενήςο
1078 4010 1189 4064 οὐδ’
1213 4010 1289 4074 ὡς
1317 4010 1387 4063 δι’
1433 4009 1600 4079 ἄλλης
1625 4008 1818 4081 ἄλληνο

240 4109 300 4161 οὐ
334 4109 446 4179 γὰρ
472 4104 822 4177 μεσιτεύεται
843 4104 1026 4174 σχέσει
1042 4103 1103 4156 τὸ
1130 4103 1328 4155 ταυτὸν
1346 4102 1525 4173 πάντη
1542 4101 1637 4154 καὶ
1657 4100 1815 4172 ἄσχε-

243 4217 350 4263 τον,
402 4199 483 4261 ὡς
536 4200 675 4269 πρὸς
730 4197 904 4249 αἴτιον
963 4195 1206 4248 αἰτιατόν
1239 4210 1256 4227 ο
1296 4193 1411 4247 οὐδ’
1437 4194 1512 4257 ὡς
1555 4194 1612 4261 ἐξ
1648 4194 1818 4263 ἄλλης

245 4294 433 4362 ἄλλην.
471 4291 549 4343 Οὐ
588 4291 699 4359 γὰρ
754 4287 896 4342 κατὰ
957 4286 1321 4357 παραγωγὴν,
1394 4286 1428 4353 ἦ
1486 4283 1816 4355 προαγωγὴν

1914 3201 1997 3255 sic
2020 3209 2127 3263 est,
2148 3209 2209 3254 ut
2233 3198 2316 3254 vel
2346 3198 2398 3253 in
2420 3198 2628 3253 unitate
2657 3197 2915 3260 Trinitas,
2941 3209 3196 3267 tanquam
3225 3198 3281 3252 in
3306 3212 3497 3253 essen-

1918 3291 1990 3346 tia
2049 3290 2309 3344 accidens
2366 3290 2483 3344 sit:
2521 3287 2606 3341 vel
2634 3297 2824 3341 contra
2873 3287 2929 3340 in
2988 3285 3258 3341 Trinitate
3290 3287 3496 3343 unitas.

1918 3382 2015 3438 Est
2034 3383 2179 3436 enim
2205 3395 2402 3450 expers
2423 3378 2721 3449 qualitatis.
2747 3377 2934 3447 Neque
2954 3386 3013 3430 ut
3040 3377 3150 3432 alia
3175 3383 3340 3447 atque
3359 3378 3484 3443 alia,

1917 3473 2187 3544 siquidem
2230 3480 2441 3526 natura).
2470 3470 2787 3525 diversitate
2821 3484 2931 3523 non
2964 3468 3147 3524 diﬂ‘ert
3173 3486 3200 3523 a
3234 3467 3499 3525 Trinitate

1918 3567 2118 3631 unitas,
2150 3580 2273 3622 cum
2298 3563 2526 3635 simplex
2549 3564 2622 3619 sit
2677 3574 2839 3632 atque
2883 3577 2989 3617 una
3037 3572 3252 3618 natura.
3310 3562 3500 3633 Neque

1918 3669 1981 3715 ut
2053 3674 2158 3713 una
2216 3657 2319 3713 sub
2392 3658 2585 3712 altera.
2643 3655 2778 3710 Nam
2827 3656 3083 3724 potentiae
3133 3653 3497 3709 submissione

1917 3749 2173 3805 distincta
2192 3764 2301 3802 non
2338 3756 2423 3803 est
2459 3747 2528 3801 ab
2556 3746 2766 3801 unitate
2815 3744 3076 3805 Trinitas.
3136 3752 3230 3797 aut
3263 3742 3495 3796 unitasa

1918 3836 2210 3904 Trinitate,
2252 3853 2377 3905 nec,
2435 3846 2495 3892 ut
2545 3850 2837 3891 commune
2881 3834 3122 3902 aliquod,
3173 3841 3268 3887 aut
3322 3847 3498 3901 genus

1920 3932 2262 3993 universum,
2293 3926 2515 3996 etquod
2590 3924 2703 3980 sola
2757 3923 3081 3994 cogitatione
3129 3922 3495 3992 comprehen-

1919 4021 2100 4087 datur,
2129 4019 2297 4075 distat
2325 4034 2354 4073 a
2383 4015 2626 4088 partibus
2662 4014 2963 4082 iormisque
3016 4011 3150 4077 suis,
3182 4010 3258 4066 ita
3311 4009 3495 4067 differt

1918 4111 2236 4168 aTrinitate
2264 4108 2468 4171 unitas,
2504 4118 2627 4160 cum
2659 4104 2731 4159 sit
2762 4101 3002 4159 essentia
3042 4100 3264 4172 proprie
3291 4114 3388 4170 per
3410 4114 3495 4166 se,

1919 4210 1975 4257 et
2033 4198 2277 4270 potentia
2313 4211 2407 4266 per
2437 4209 2497 4250 se
2526 4210 2653 4250 vere
2690 4194 2925 4263 pollens.
2956 4191 3148 4262 Neque
3174 4202 3231 4247 ut
3257 4208 3361 4246 una
3399 4207 3499 4262 per

1922 4294 2172 4348 alteram.
2211 4288 2369 4343 Nullo
2400 4288 2547 4341 enim
2579 4285 2769 4340 habitu
2808 4284 2987 4340 medio
3012 4285 3320 4354 copulatur,
3376 4296 3499 4339 tau-

247 4387 308 4436 ἐκ
345 4383 579 4451 μονάδος
612 4380 793 4450 τριὰς,
818 4379 1119 4447 ἀγέννητος
1181 4376 1525 4449 ὑπάρχουσα,
1578 4376 1674 4427 καὶ
1722 4374 1811 4427 αὐ-

1925 4398 2087 4455 quam
2120 4396 2280 4437 causa
2306 4394 2431 4433 cum
2480 4392 2544 4432 eo
2570 4378 2726 4448 cujus
2752 4386 2836 4433 est
2864 4392 3049 4441 causa,
3086 4376 3159 4442 id,
3193 4376 3338 4445 quod
3375 4391 3498 4430 om-

244 4480 566 4543 τέιφαντος,
593 4471 731 4527 ἀλλὰ
755 4470 854 4539 τὴν
880 4468 1054 4538 αὐτὴν
1089 4468 1164 4530 ὡς
1190 4467 1409 4537 ἀληθῶς
1465 4466 1691 4534 μονάδα,
1724 4466 1820 4517 καὶ

1926 4472 2057 4527 nino
2085 4471 2227 4525 idem
2268 4476 2373 4532 est,
2402 4478 2567 4537 atque
2598 4468 2785 4521 habitu
2813 4474 2987 4524 caret.
3040 4465 3230 4537 Neque
3285 4475 3342 4521 ut
3392 4482 3499 4520 una

248 4566 450 4635 τριάδα
480 4565 578 4616 καὶ
629 4562 957 4631 λεγομένην,
1011 4560 1103 4613 καὶ
1169 4559 1492 4627 νοουμένην,
1534 4557 1593 4608 τὸ
1621 4557 1720 4626 μὲν
1745 4555 1811 4626 τῷ

1922 4579 1991 4619 ex
2017 4564 2216 4628 altera;
2244 4577 2353 4616 non
2402 4561 2705 4647 enitit‘per
2752 4562 3119 4616 accessionem
3186 4558 3503 4628 prtecessio-

246 4660 367 4711 κατ’
398 4655 586 4709 οὐσίαν
629 4654 794 4724 λόγῳ,
852 4652 915 4704 τὸ
976 4651 1032 4705 δὲ
1057 4650 1135 4722 τῷ
1196 4652 1320 4704 καθ’
1345 4649 1583 4721 ὓπαρξιν
1609 4649 1821 4720 τρόπῳ

249 4752 374 4821 ἱλην
412 4750 618 4819 μονάδα
639 4749 741 4816 τὴν
768 4746 959 4815 αὐτὴν,
977 4745 1049 4814 μὴ
1075 4745 1488 4814 μεμερισμένην
1537 4744 1656 4806 ταῖς
1685 4742 1824 4795 ὐπο-

1926 4671 2164 4726 nemque
2192 4654 2435 4710 Trinitas
2453 4663 2536 4709 est
2571 4655 2640 4708 ab
2692 4653 2925 4717 unitate,
2949 4669 3071 4706 cum
3123 4654 3195 4706 sit
3260 4651 3502 4720 ingenita

1925 4758 1980 4803 et
2019 4763 2115 4820 per
2140 4763 2200 4802 se
2237 4746 2488 4801 exsistat.
2518 4745 2627 4801 Sed
2666 4754 2725 4799 ut
2755 4760 2874 4814 qua:
2900 4744 3087 4798 eadem
3134 4756 3323 4795 revera
3376 4741 3499 4794 uni-

247 4844 495 4897 στάσεσι·
531 4841 625 4894 καὶ
670 4840 800 4909 ὃλην
832 4837 1039 4906 Τριάδα
1063 4835 1161 4907 τὴν
1203 4835 1396 4906 αὐτὴν,
1428 4836 1496 4904 τῇ
1535 4835 1720 4904 μονάδι
1749 4834 1811 4905 μί

1925 4851 2008 4897 tas
2038 4850 2093 4895 et
2126 4839 2366 4893 Trinitas
2401 4837 2622 4901 dicitur,
2676 4845 2730 4891 et
2772 4837 3111 4906 intelligitur.
3156 4833 3346 4889 Unitas
3385 4833 3503 4901 qui-

243 4933 734 5005 ουγκεχυμμὲνην,
767 4929 855 4983 ἴνα
909 4930 987 4998 μὴ
1017 4927 1096 4999 τῷ
1146 4926 1399 4998 μερισμῷ
1440 4927 1501 4978 τὸ
1544 4925 1825 4994 πολύθεον,

254 5032 287 5098 ἢ
320 5034 389 5100 τῇ
418 5026 682 5095 συγχύσει
710 5023 773 5075 τὸ
801 5022 961 5076 ἄθεον
993 5019 1441 5089 είσκομίζωνται.

1928 4931 2052 4988 dem
2082 4930 2296 4985 ratione
2321 4929 2593 4995 essentia},
2629 4927 2868 4981 Trinitas
2926 4937 3107 4981 autem
3178 4925 3357 4986 modo,
3389 4938 3497 4991 quo

1938 5023 2174 5078 exsistit.
2205 5022 2340 5077 Tota
2369 5022 2552 5075 unitas
2592 5020 2779 5074 eadem
2833 5020 3082 5073 distincta
3126 5016 3395 5085 personis.
3433 5015 3502 5069 Et

257 5132 367 5175 tota
396 5118 640 5173 Trinitas
698 5115 891 5169 eadem
944 5128 1051 5166 non
1099 5110 1308 5165 unitate
1330 5107 1556 5163 confusa
1576 5148 1591 5164 .
1623 5108 1701 5164 Ne
1730 5111 1813 5166 vel
1842 5113 2109 5170 divisione
2139 5112 2519 5167 introducatur
2565 5113 2793 5168 deorum
2852 5111 3161 5177 multitudo,
3194 5109 3279 5163 vel
3308 5106 3502 5163 coniu-

254 5213 402 5268 sione
427 5208 695 5263 Divinitas
744 5212 1038 5259 evertatur.

871 5341 981 5397 Τοῦ
1003 5338 1214 5398 αὑτοῦ.

319 5442 471 5513 Μόνη
530 5438 681 5507 ἁπλῆ
729 5434 823 5491 καὶ
876 5431 1174 5503 μονοειδὴς,
1233 5429 1328 5484 καὶ
1382 5429 1641 5501 ἀνενδεὴς
1668 5470 1683 5497 ,
1732 5433 1829 5487 καὶ

257 5538 522 5605 ἄτρεπτος
550 5534 585 5604 η
616 5527 985 5602 δημιουργικὴ
1028 5523 1139 5578 τῶν
1170 5521 1307 5576 ὅλων
1336 5522 1496 5575 οὐσία
1526 5520 1627 5591 τῆς
1657 5519 1821 5591 ἁγίας

255 5628 507 5700 Τριάδος.
567 5625 726 5679 Πᾶσα
761 5621 817 5675 δὲ
865 5619 1039 5680 κτίσις
1066 5614 1319 5677 σύνθετός
1371 5615 1521 5666 ἐστιν
1544 5613 1604 5677 ἐξ
1631 5613 1823 5678 οὐσίας

255 5724 348 5776 καὶ
392 5717 829 5793 συμϐεϐηκότος,
867 5711 959 5766 καὶ
996 5706 1219 5779 ἐπιδεὴς
1250 5705 1338 5760 ἀεὶ
1371 5703 1470 5775 τῆς
1516 5704 1670 5771 θείας
1695 5721 1831 5777 προ.

2605 5334 2876 5403 Ejusdem.

2004 5427 2128 5484 Sola
2161 5427 2413 5498 simplex,
2448 5436 2505 5483 et
2533 5427 2848 5491 uniformis,
2876 5434 2932 5480 et
2976 5424 3180 5480 nullius
3226 5440 3413 5497 egens,
3443 5436 3502 5484 et

1934 5518 2289 5577 immutabilis
2320 5525 2403 5574 est
2438 5517 2689 5573 eﬂ'cctrix
2722 5517 2816 5570 illa
2845 5531 3029 5571 rerum
3085 5517 3333 5572 omnium
3374 5533 3501 5573 sau-

1934 5621 2038 5668 cta:
2069 5610 2355 5667 Trinitatis
2373 5610 2635 5665 essentia.
2652 5604 2870 5665 .Omnes
2895 5614 3079 5661 autem
3110 5621 3197 5663 res
3212 5606 3513 5679 procreati

1934 5702 2176 5761 essentia
2206 5707 2481 5767 constant,
2522 5706 2577 5754 et
2616 5695 3016 5763 accidentibus,
3048 5705 3104 5753 et
3142 5696 3323 5754 divina
3358 5709 3500 5751 sem-
