3992 6210
514 280 587 348 99
1724 284 2103 347 EUTHYMU
2144 284 2471 348 ZIGABEN
2476 286 2501 347 ι

3579 292 3761 357 '100

514 410 616 466 per
636 393 881 466 indigent
926 395 1294 465 providentia,
1348 396 1546 467 quippe
1574 412 1695 468 quae
1756 414 1868 453 non
1913 412 2075 455 sunt:

2202 397 2373 465 νοεας,
2442 399 2518 463 ὡς
2580 398 2681 452 οὐκ
2727 398 2991 471 ἐλευθέρα
3044 397 3275 471 τροπῆς.
3333 399 3455 470 Χρὴ
3503 397 3597 454 οὖν
3628 402 3767 473 μήτε

512 487 909 542 mutationibus
933 488 1137 544 liberae.
1169 489 1279 544 Nec
1309 489 1562 544 accidens
1584 490 1745 561 igitur
1760 491 1828 545 de
1862 490 1972 545 Deo
1988 506 2090 546 nee

511 579 835 648 qualitatem
858 590 1073 650 Oportet
1101 580 1305 635 dicere.
1340 578 1464 636 Haec
1497 580 1641 635 enim
1671 582 1723 635 in
1755 597 1843 637 res
1866 598 2089 653 campo.

515 669 653 723 sitas
683 679 736 723 et
767 671 1059 725 mutabiles
1116 670 1342 729 cadunt.
1408 672 1477 726 At
1531 673 1713 728 omnia
1765 688 1888 744 qua
1944 672 2089 729 Dens

518 761 705 829 habet,
736 764 901 818 habet
923 774 1135 830 natura,
1159 780 1261 819 nec
1293 765 1368 819 illi
1401 766 1671 821 inhaerent
1718 778 1775 821 ut
1830 768 2088 836 adjuncta

509 862 566 904 et
584 856 866 923 acquisita.
901 858 958 909 ln
994 856 1225 926 simplici
1255 867 1305 913 et
1345 858 1556 914 inﬁnita
1579 859 1865 915 Trinitatis
1890 875 2085 918 essen-

513 944 586 995 tia
622 960 721 998 nec
756 946 993 1010 habitus,
1028 963 1131 1003 nec
1155 950 1490 1019 aptitudines
1518 967 1753 1022 quaeras,
1819 967 1887 1007 ne
1913 953 2084 1016 illam,

515 1036 591 1086 uti
627 1051 713 1090 res
746 1048 1059 1105 procreatas
1091 1041 1448 1110 compositam
1482 1057 1603 1098 esse
1633 1044 2083 1098 comminiscaris.

1108 1152 1384 1223 Ejusdem.

586 1242 663 1296 Ex
692 1243 780 1307 iis,
814 1260 933 1313 quae
982 1256 1130 1308 sunt,
1179 1262 1367 1299 eorum
1434 1261 1654 1301 causam
1700 1256 2089 1318 auctoremque

512 1335 914 1405 ‘cngnosciums.
946 1336 1019 1390 Ex
1054 1338 1296 1406 ipsorum
1327 1349 1508 1393 autem
1550 1339 1861 1394 diﬂerentia
1915 1341 2085 1395 disci-

515 1442 638 1480 mus
665 1430 1020 1482 exsistentcm
1066 1429 1120 1483 in
1154 1442 1240 1495 eo,
1265 1431 1353 1499 qui
1386 1441 1489 1496 est,
1512 1431 1834 1499 sapientiam
1865 1430 2085 1486 Filium.

511 1519 586 1570 Ex
616 1522 848 1575 naturali
875 1536 1004 1575 vero
1027 1523 1343 1575 eorumdem
1368 1533 1519 1577 motu
1538 1524 1889 1579 exslstentom
1912 1526 1968 1577 in
1997 1540 2085 1590 eo,

508 1608 605 1677 qui
644 1618 750 1676 est,
800 1610 998 1675 vitam,
1042 1621 1365 1679 potestatem
1421 1614 1595 1683 illam,
1634 1617 1779 1671 unde
1806 1632 1892 1672 res
1919 1618 2085 1673 vitam

510 1700 794 1765 hauriunt,
825 1716 1023 1768 nempe
1061 1702 1326 1770 Spiritum
1363 1714 1635 1771 sanctum,
1663 1708 2035 1779 intelligimus.

568 1811 822 1880 Ejusdem
851 1830 914 1867 ea:
937 1816 1369 1885 interpretatione
1398 1821 1714 1882 precationis
1735 1821 2040 1878 Dominicis.

580 1928 794 1982 Nomen
837 1930 932 1984 Dei
961 1941 1016 1986 et
1052 1930 1227 1989 Patris
1283 1950 1380 2005 per
1421 1922 1715 1991 essentiam
1778 1939 2087 1997 subsistens

507 2028 596 2072 est
622 2020 939 2089 unigenitus
963 2021 1153 2079 Filius.
1176 2023 1244 2079 Et
1273 2041 1495 2096 regnum
1532 2027 1629 2083 Dei
1660 2036 1714 2083 et
1777 2029 1953 2087 Patris
1992 2034 2087 2101 per

509 2110 806 2164 essentiam
860 2113 1167 2169 subsistens
1206 2127 1291 2172 est
1345 2115 1582 2189 Spiritus
1634 2131 1879 2177 sanctus.
1929 2121 2086 2191 Quod

507 2203 653 2256 enim
678 2204 781 2258 hoc
812 2205 932 2260 loco
952 2205 1240 2261 Matthaeus
1271 2224 1496 2280 regnum
1516 2210 1666 2280 dicit,
1690 2212 1828 2269 alius
1849 2229 2085 2287 evange-

505 2293 630 2348 lista
648 2294 775 2349 alibi
806 2295 1070 2365 Spiritum
1102 2306 1351 2352 sanctum
1386 2300 1674 2371 appellavit
1702 2318 1718 2357 :
1764 2303 2081 2374 «Adveniat,

502 2385 780 2461 inquiens,
827 2386 1066 2457 Spiritus
1104 2400 1350 2459 sanctus,
1381 2400 1435 2448 et
1467 2409 1567 2448 nos
1586 2404 1879 2468 expurget.
1925 2415 1943 2448 ›
1980 2397 2085 2455 Ne-

501 2493 607 2547 que
629 2480 778 2533 enim
814 2479 976 2537 Pater
997 2482 1163 2537 habet
1193 2484 1524 2558 adjectivum
1549 2500 1775 2541 nomen.
1824 2485 1933 2543 Nec
1991 2505 2082 2545 re-

500 2582 666 2637 gnum
694 2569 748 2621 in
780 2569 898 2637 ipso
936 2579 1193 2640 tanquam
1215 2572 1537 2643 dignitatem
1573 2575 1812 2645 aliquam
1848 2576 2083 2632 attribu-

503 2665 612 2711 tam
677 2659 1004 2730 cogitamus.
1064 2660 1356 2733 Nunquam
1418 2663 1564 2719 enim
1619 2680 1746 2721 esse
1790 2668 1977 2738 coepit,
2024 2678 2083 2723 ut

506 2751 671 2804 etiam
709 2751 896 2816 Pater,
922 2761 1017 2807 aut
1076 2752 1190 2809 Rex
1243 2770 1362 2810 esse
1416 2767 1599 2826 posset
1658 2758 1919 2829 incipere.
1973 2758 2082 2816 Sed

504 2855 630 2893 cum
662 2857 882 2913 semper
908 2845 1002 2909 sit‘,
1036 2860 1255 2915 semper
1286 2849 1450 2902 etiam
1485 2858 1569 2903 est
1610 2847 1771 2904 Pater
1830 2861 1884 2904 ct
1944 2849 2079 2907 lies.

501 2928 613 2984 Nec
650 2930 867 2986 initium
903 2934 1091 2988 habuit
1115 2936 1361 3001 omnino,
1392 2949 1449 2992 ut
1476 2938 1561 2992 vel
1612 2948 1780 3006 esset,
1807 2939 1891 2994 vel
1921 2938 2083 2996 Pater

502 3028 557 3071 et
590 3019 699 3073 Res
734 3032 898 3077 esset.
932 3021 1087 3086 Quod
1114 3024 1156 3079 si
1194 3039 1411 3095 semper
1447 3026 1522 3080 ita
1582 3037 1689 3093 est,
1741 3038 1803 3084 ut
1863 3045 2079 3100 semper

501 3118 558 3162 et
580 3108 741 3163 Pater
779 3112 851 3165 sit
882 3123 936 3166 et
968 3110 1106 3180 Rex,
1165 3129 1383 3184 semper
1420 3119 1607 3187 utique
1657 3128 1712 3173 et
1782 3119 1974 3189 Filius,
2024 3134 2080 3179 et

504 3198 740 3267 Spiritus
769 3211 991 3257 sanctus
1024 3219 1125 3273 per
1150 3207 1449 3261 essentiam
1517 3224 1642 3264 cum
1690 3208 1851 3268 Patre
1914 3214 2077 3269 simul

499 3289 797 3359 exsistunt,
823 3307 946 3346 cum
992 3303 1049 3348 et
1091 3310 1156 3349 ex
1187 3296 1305 3366 ipso
1330 3298 1470 3363 sint,
1500 3310 1555 3355 et
1580 3301 1636 3355 in
1685 3304 1804 3374 ipso
1854 3316 2075 3362 natura-

500 3378 645 3444 liter,
673 3391 726 3435 et
748 3397 913 3452 supra
946 3399 1162 3439 causam
1198 3397 1254 3442 et
1306 3388 1593 3457 rationem,
1627 3408 1738 3447 non
1771 3406 1951 3451 autem
1979 3413 2077 3467 per

498 3484 721 3527 causam
758 3484 879 3543 post
910 3475 1087 3545 ipsum
1117 3476 1246 3532 sint.
1279 3478 1507 3536 Habitus
1535 3484 1702 3547 enim,
1765 3487 1858 3555 qui
1914 3488 2078 3543 habet

502 3564 647 3618 hanc
682 3566 811 3631 vim,
837 3576 895 3621 ut
930 3584 1016 3623 res
1037 3570 1199 3624 simul
1236 3573 1578 3639 ostendatur,
1634 3590 1745 3630 non
1805 3579 2074 3646 concedit,

502 3666 673 3722 utea,
705 3674 936 3730 quorum
967 3672 1052 3715 est
1078 3662 1318 3728 habitus,
1342 3675 1531 3721 mutuo
1566 3668 2003 3725 considerentur.

1171 3774 1449 3846 Ejusdem.

574 3859 894 3918 SiYerbum
938 3867 1372 3935 procreationem
1403 3886 1586 3926 rerum
1638 3874 1935 3940 antecedit,
1975 3890 2078 3931 nec

500 3950 623 4018 fuit,
654 3968 755 4009 nec
785 3965 891 4017 est,
929 3972 1031 4012 nec
1083 3967 1188 4013 erit
1218 3959 1395 4016 Verbo
1426 3961 1721 4033 quidquam
1774 3967 2072 4036 antiquius.

499 4045 567 4097 At
601 4043 837 4100 Verbum
876 4063 977 4103 nec
1005 4049 1122 4104 sine
1162 4061 1345 4106 mente
1374 4063 1475 4120 est,
1517 4070 1621 4111 nec
1681 4073 1876 4127 expers
1933 4059 2074 4124 vitae,

500 4133 595 4187 sed
621 4146 673 4187 et
710 4147 1044 4203 mentem,et
1086 4141 1252 4195 vitam
1305 4143 1488 4210 habet,
1552 4155 1791 4201 mentem
1850 4149 2071 4217 quidem

495 4233 875 4290 generantem,
905 4236 958 4278 et
1005 4243 1102 4296 per
1126 4233 1417 4288 essentiam
1440 4237 1795 4291 exsistentem
1833 4238 2073 4307 Patrem,

500 4311 667 4363 vitam
697 4324 876 4368 autem
914 4332 1012 4385 per
1053 4323 1347 4376 essentiam
1398 4326 1749 4382 cxsistcntem
1808 4328 2071 4399 Spiritum

490 4413 769 4455 ‘SallClllIﬂ.

493 4534 638 4616 item
669 4539 731 4617 de
757 4537 937 4605 Patre,
963 4552 1013 4596 et
1041 4543 1194 4617 Filio,
1246 4559 1296 4601 et
1341 4546 1543 4617 Spiritu
1578 4562 1759 4608 sancto
1814 4555 2067 4611 distincta

569 4607 919 4683 simulatque
978 4616 1130 4669 unita
1170 4607 1481 4674 Divinitatis
1508 4623 1667 4676 ratio.
1724 4607 2065 4683 υαηιάέέεὶέὶζ

562 4675 706 4746 Cap.
743 4679 797 4732 8.

588 4788 886 4879 ’Credimus
938 4793 1103 4867 igitur
1146 4798 1202 4854 in
1252 4818 1421 4858 unum
1485 4801 1677 4872 Deum,
1744 4808 2068 4879 principium

488 4890 688 4943 unum,
730 4878 997 4951 principio
1025 4896 1323 4953 carentem,
1372 4890 1701 4956 increatum,
1740 4878 2063 4964 ingenitum,

488 4966 748 5023 interitus
778 4984 842 5024 ac
872 4976 1064 5030 mortis
1087 4978 1358 5045 nescium,
1391 4988 1679 5047 aeternum,
1712 4984 2061 5053 immensum,

487 5056 1052 5132 incircumscriptum,
1085 5068 1259 5123 nullis
1303 5073 1554 5129 terminis
1584 5072 1894 5142 deﬁnitum,
1939 5077 2065 5133 intl-

488 5148 621 5199 nitze
673 5153 953 5220 potentiae,
1010 5155 1265 5225 simplex,
1311 5160 1759 5231 incompositum,
1810 5165 2064 5238 incorpo-

2199 492 2551 563 συμϐεϐηκὸς
2580 494 2671 545 ἐπὶ
2702 490 2839 546 Θεοῦ
2871 492 3071 562 λέγειν,
3109 493 3248 563 μήτε
3291 494 3574 563 ποιότητα.
3643 494 3767 548 Τῶν

2194 582 2584 654 συνθέτωνγάρ
2603 583 2774 637 ταῦτα
2804 585 2891 638 κει
2926 585 3200 655 τρεπτῶν.
3236 583 3421 638 Πάντα
3442 584 3500 638 δὲ
3526 586 3627 639 ὅσα
3656 585 3773 654 ἔχει

2191 677 2221 729 ό
2258 676 2409 742 Θεὸς,
2442 677 2602 745 φύσει
2658 678 2793 749 ἔχει,
2843 679 2936 731 καὶ
2981 678 3082 731 οὐκ
3138 677 3427 749 ἐπίκτητα.
3484 679 3576 749 Μὴ
3628 678 3773 744 ἕξεις

2193 770 2287 821 καὶ
2354 770 2799 840 ἐπιτηδειότητας
2850 769 3091 842 ζητήσῃς
3140 772 3233 823 ἐπὶ
3281 771 3383 839 τῆς
3440 771 3619 843 ἁπλῆς
3672 774 3771 825 καὶ

2190 861 2419 932 ἀπείρου
2453 863 2643 927 οὐσίας
2666 864 2763 933 τῆς
2794 862 2955 931 ἀγίας
3005 863 3254 936 Τριάδος,
3285 865 3374 917 ἵνα
3405 864 3479 934 μὴ
3514 863 3770 918 σύνθετον

2192 954 2363 1027 αὐτὴν
2425 957 2780 1030 δογματισῃς,
2830 957 3021 1027 ῶσπερ
3068 956 3137 1011 τά
3190 958 3483 1029 κτίσματα.

2783 1160 2900 1217 Τοῦ
2944 1162 3151 1217 αὑτοῦ.

2274 1257 2368 1309 Ἐκ
2426 1255 2535 1307 τῶν
2562 1253 2729 1307 ὄντων
2776 1254 2884 1307 τῶν
2937 1255 3109 1309 ὄντων
3158 1253 3504 1327 γινώσκομεν
3550 1258 3745 1325 αἴτιον,

2195 1343 2289 1395 καὶ
2323 1344 2387 1395 ὲκ
2440 1346 2540 1413 τῆς
2568 1343 2832 1414 διαφορᾶς
2886 1341 2997 1396 τῶν
3052 1344 3222 1398 ὄντων
3249 1346 3348 1415 τὴν
3397 1346 3769 1401 ὲνυπόστατον

2189 1435 2284 1488 τοῦ
2339 1436 2493 1499 όντος
2556 1435 2925 1504 διδασκόμεθα
2989 1437 3205 1503 σοφίαν,
3253 1438 3344 1491 τὸν
3373 1439 3526 1505 Υῐὸν,
3575 1442 3671 1494 καὶ
3701 1443 3771 1495 ὲκ

2189 1528 2293 1597 τῆς
2319 1526 2425 1581 τῶν
2481 1527 2653 1580 ὄντων
2684 1529 2925 1599 φυσικῆς
2952 1529 3223 1597 κινήσεως
3272 1530 3373 1599 τὴν
3401 1532 3771 1586 ὲνυπόσεατον

2189 1617 2284 1671 τοῦ
2312 1619 2467 1680 ὄντος
2501 1619 2848 1690 μανθάνομεν
2877 1618 3045 1687 ζωὴν,
3080 1620 3178 1691 τὴν
3203 1620 3311 1676 τῶν
3333 1622 3502 1677 ὄντων
3528 1625 3768 1688 ζωοποι-

2189 1710 2246 1762 sv
2270 1709 2519 1780 δύναμιν,
2551 1710 2617 1763 τὸ
2641 1711 2864 1781 Πνεῦμα
2892 1710 2955 1765 τὸ
2992 1711 3167 1780 ἅγιον.

2267 1820 2377 1877 Τοῦ
2408 1821 2595 1877 αὐτοῦ
2612 1822 2681 1876 ἐκ
2708 1821 2817 1894 τῆς
2832 1824 3151 1895 ἑρμηνείας
3176 1823 3282 1879 τοῦ
3299 1824 3488 1897 Πάτερ
3507 1827 3697 1897 ἡμῶν.

2267 1936 2487 2003 ὀνομα
2538 1935 2633 1990 τοῦ
2662 1936 2798 1991 Θεοῦ
2835 1938 2933 1992 καὶ⁵
2965 1938 3179 2009 Πατρὸς
3209 1941 3487 2006 οὑσιωδῶς
3514 1942 3762 2012 ὑφεστὼς

2186 2029 2339 2082 ἐστιν
2366 2028 2395 2081 ό
2431 2030 2727 2101 μονογενὴς
2759 2030 2908 2097 Υἱός·
2960 2033 3055 2086 καὶ
3103 2032 3355 2103 βασιλεία
3381 2034 3475 2089 τοῦ
3507 2035 3642 2090 Θεοῦ
3667 2041 3767 2093 καὶ

2184 2121 2404 2192 ,Πατρδς
2471 2120 2745 2187 οὐσιωδῶς
2806 2122 2955 2176 ἐστιν
2995 2125 3289 2194 ὑφεστῶσα
3331 2126 3392 2179 τὸ
3448 2128 3671 2198 Πνεῦμα
3703 2132 3767 2184 τὸ

2186 2209 2362 2278 ἅγιον.
2400 2213 2466 2266 '0
2497 2213 2607 2281 γὰρ
2664 2212 2901 2268 ἐνταῦθα
2950 2216 3229 2280 Ματθαῖός
3297 2237 3432 2288 φησι
3488 2220 3763 2290 βασιλεία,

2186 2300 2418 2373 ἀλλαχοῦ
2448 2305 2558 2357 τῶν
2617 2302 3027 2374 εὐαγγελίστῶν
3083 2308 3273 2379 ἕτερος
3300 2309 3529 2381 Πνεῦμα
3598 2314 3755 2381 ἅγιον

2185 2393 2420 2464 κέκληκε
2443 2394 2689 2463 φάσκων,
2729 2414 2749 2449 ‹
2792 2396 3026 2451 Ἐλθέτω
3049 2416 3141 2454 σου
3165 2400 3225 2453 τὸ
3256 2400 3478 2471 Πνεῦμα
3509 2402 3570 2456 τὸ
3605 2403 3765 2473 ἅγιον

2186 2485 2280 2538 καὶ
2303 2485 2658 2557 καθαρισάιω
2688 2490 2890 2558 ἡμᾶς.»
2931 2492 3006 2545 Οὐ
3055 2491 3163 2561 γὰρ
3191 2491 3484 2564 ἐπίκτητον
3514 2496 3540 2548 ό
3570 2495 3762 2568 Πατὴρ

2184 2576 2295 2647 ἔχει
2323 2577 2384 2632 τὸ
2411 2577 2600 2650 ὄνομα,
2650 2580 2774 2635 οὔτε
2812 2581 2918 2653 μὴν
2947 2585 3021 2647 ὡς
3069 2585 3227 2650 ἀξίαν
3267 2586 3757 2661 ὲπιθεωρουμένην

2184 2666 2335 2739 αῦτῷ
2395 2669 2627 2740 νοοῦμεν
2659 2672 2758 2741 τὴν
2787 2672 3089 2742 βασιλείαν.
3123 2676 3238 2729 Οὐκ
3268 2671 3470 2748 ἦρκται
3523 2681 3629 2752 γὰρ
3664 2681 3763 2735 τοῦ

2183 2754 2345 2825 εἶναι,
2392 2759 2587 2815 ἴνακαὶ
2621 2763 2717 2817 τοῦ
2751 2759 2890 2818 εἷναι
2923 2766 3109 2837 Πατὴρ
3140 2767 3173 2840 ἢ
3202 2767 3457 2837 βασιλεὺς
3502 2769 3762 2843 ἄρξηται,

2183 2851 2300 2906 ἀλλ’
2330 2854 2415 2905 ἀεὶ
2443 2853 2540 2921 ὢν,
2560 2855 2647 2909 ἀεὶ
2668 2857 2762 2909 καὶ
2787 2857 2977 2929 Πατήρ
3009 2861 3145 2924 ἐστι,
3182 2861 3275 2914 καὶ
3306 2860 3582 2931 βασιλεύς·
3620 2866 3764 2937 μήτε

2181 2944 2278 2998 τοῦ
2305 2942 2470 3012 εἶναι,
2538 2948 2678 3019 μήτε
2731 2949 2826 3003 τοῦ
2860 2951 3047 3022 Πατὴρ
3083 2953 3176 3005 καὶ
3208 2952 3464 3022 βασιλεὺς
3497 2951 3639 3009 εἶναι
3694 2960 3761 3011 τὸ

2185 3035 2448 3106 παράπαν
2499 3028 2797 3109 ἠργμένος.
2860 3041 2924 3094 Et
2950 3042 3007 3095 δὲ
3039 3043 3125 3096 ἀεὶ
3173 3042 3271 3108 ὢν,
3304 3046 3393 3099 ἀεὶ
3423 3050 3515 3100 καὶ
3567 3048 3762 3125 Πατήρ

2128 3132 2147 3154 ⁴
2182 3127 2322 3191 ἐστι,
2373 3130 2468 3181 καὶ
2520 3130 2795 3200 βασιλεὺς,
2858 3132 2945 3186 ἀεὶ
3006 3134 3113 3205 ἄρα
3174 3138 3501 3207 καὶόΥἰδς,
3570 3141 3757 3196 καὶτὸ

2180 3213 2338 3284 ἅγιον
2370 3218 2594 3289 Πνεῦμα
2622 3220 2895 3287 οὐσιωδῶς
2950 3224 3026 3294 τῷ
3077 3228 3255 3298 Πατρὶ
3280 3233 3760 3302 συνυφεστήκασιν

2179 3308 2239 3376 ἐξ
2273 3309 2442 3364 αὑτοῦ
2473 3329 2532 3365 τε
2568 3312 2719 3381 ὅντα,
2750 3316 2847 3371 καὶ
2869 3317 2926 3369 ὲν
2954 3318 3107 3389 αὐτῷ
3130 3321 3376 3389 φυσικῶς
3410 3324 3551 3395 ὑπὲρ
3579 3327 3760 3380 αἰτίαν

2179 3402 2277 3456 καὶ
2298 3402 2479 3471 λόγον,
2507 3404 2626 3459 ἀλλ’
2680 3408 2741 3460 οὺ
2769 3408 2890 3478 μετ’
2945 3409 3113 3465 αὐτὸν
3170 3414 3442 3483 γενόμενα
3488 3414 3557 3468 δι’
3576 3417 3762 3472 αἰτίαν

2180 3490 2425 3565 ὕστερον.
2443 3496 2507 3548 Ἠ
2522 3500 2629 3571 γὰρ
2642 3502 2823 3569 σχέσις
2841 3504 3044 3556 συνενδε
3059 3503 3213 3569 (ista;
3229 3506 3489 3577 κέκτηται
3504 3506 3758 3578 δύναμιν,

2176 3584 2246 3637 τά
2298 3580 2372 3639 ὧν
2402 3587 2519 3640 ἐστι
2556 3606 2616 3641 τε
2667 3592 2761 3645 καὶ
2800 3591 3018 3660 λέγεται
3072 3596 3253 3665 σχέσις
3288 3598 3407 3668 μετ’
3430 3596 3639 3669 ἄλληλα
3676 3602 3758 3672 μὴ

2180 3680 2538 3750 συγχωροῦσα
2565 3683 2906 3754 θεωρεῖσθαι.

2434 3838 2460 3851 α
2788 3800 2899 3854 Τοῦ
2942 3801 3150 3856 αὑτοῦ.

2248 3889 2311 3942 El
2343 3890 2513 3957 Λόγος
2539 3892 2969 3962 προκαθηγεὴαι
2996 3895 3092 3964 τῆς
3122 3893 3229 3948 τῶν
3254 3893 3422 3949 ὄντων
3448 3894 3750 3967 γενέσεως,

2167 3978 2301 4033 οὔτε
2345 3975 2433 4050 ἦν,
2480 3980 2603 4034 οὔτε
2647 3982 2827 4036 ἐστίν·
2866 3983 2993 4038 οὔτε
3036 3985 3190 4041 ἔσται
3230 3984 3325 4038 τοῦ
3367 3986 3541 4054 Λόγου
3588 3987 3751 4058 λόγος

2176 4069 2465 4140 ἀνώτερος.
2487 4074 2656 4140 Λόγος
2680 4074 2738 4126 δέ
2768 4076 2917 4130 ἐστιν
2941 4077 3041 4131 οὐκ
3072 4078 3258 4145 ἄνους,
3281 4078 3312 4147 ἢ
3332 4078 3477 4150 ζωῆς
3494 4079 3748 4151 ἄμοιρος,

2174 4158 2288 4213 ἀλλ’
2320 4158 2522 4225 ἔννους,
2546 4165 2640 4217 καὶ
2665 4163 2797 4230 ζῶν,
2824 4164 2901 4227 ὡς
2932 4167 3205 4235 γεννῶντα
3237 4169 3362 4222 νοῦν
3388 4168 3528 4238 ἔχων
3553 4170 3756 4225 οὐσιω-

2174 4248 2278 4312 δῶς
2309 4248 2595 4319 ὑφεστῶτα
2627 4253 2718 4305 τὸν
2750 4254 2991 4327 Πατέρα,
3020 4257 3115 4309 καὶ
3137 4256 3284 4329 ζωὴν
3312 4259 3636 4329 ὑφεστῶσαν
3662 4260 3757 4313 οὐ·

2178 4340 2382 4405 σιωδῶς
2420 4341 2481 4394 τὸ
2514 4343 2736 4415 Πνεῦμα
2773 4345 2834 4399 τὸ
2860 4345 3038 4416 ἅγιον.

2179 4559 2310 4640 Ἔτι
2339 4560 2470 4627 περὶ
2507 4563 2738 4640 Πατρός
2766 4567 2862 4619 καὶ
2894 4566 3032 4640 ne!)
3062 4568 3160 4621 καὶ
3191 4570 3368 4640 ,ἁγίου
3397 4540 3765 4640 Πηύῂατος(

2245 4628 2662 4710 (ξιαιιεκριμένῂ
2854 4637 2958 4710 μαι
3000 4628 3283 4710 ῄνωμέιᾶπ
3300 4628 3604 4710 declaras.
3637 4628 3752 4697 T06

2245 4703 2672 4771 Δαμασκηνοῦ.
2702 4704 2928 4773 Κεφάλ.
2966 4703 3038 4777 q'.

2241 4814 2579 4887 Πιστεύομεν
2622 4820 2911 4891 τοιγαροῦν
2940 4823 3020 4886 εἰς
3050 4824 3146 4877 ἕνα
3179 4826 3346 4890 Θεὸν,
3381 4827 3516 4897 μίαν
3541 4830 3744 4905 ἀρχὴν.

2170 4905 2405 4977 ἄναρχον
2427 4949 2441 4973 ,
2474 4910 2728 4965 ἀκτιστον
2753 4953 2768 4977 ,
2804 4914 3135 4986 ἀγέννητον,
3185 4918 3477 4993 ἀνόλεθρόν
3526 4939 3589 4977 τε
3650 4929 3754 4980 καὶ

2165 4996 2455 5063 ἀθάνατον,
2498 4999 2738 5066 αἰώνιον,
2788 5003 3037 5077 ἄπειρον,
3068 5009 3508 5081 ἀπερίγραπτον,
3541 5014 3747 5084 ἀπερι-

2163 5085 2402 5158 όριστον,
2426 5091 2883 5164 ἀπειροδῦναμον,
2910 5097 3136 5159 ἁπλοῦν,
3166 5100 3481 5167 ἀσύνθετον,
3506 5102 3745 5173 ἀσώμαρ

2160 5195 2285 5244 τον,
2324 5179 2624 5252 ἇρρευστον
2650 5224 2666 5251 ,
2721 5187 2950 5259 ἀπαθῆ,
3002 5190 3305 5262 ἄτρεπτον,
3354 5193 3742 5264 ἀναλλοίωτον,

488 5251 685 5303 reum,
726 5256 754 5294 a
787 5241 977 5310 Lilnxu,
1024 5249 1302 5316 passione,
1354 5254 1615 5324 omnique
1662 5258 1963 5315 mutatione
2007 5268 2061 5315 et

494 5328 813 5354 -l--....n:-...-
862 5335 993 5354 ιιι-μα
1022 5353 1029 5354 ,
1057 5353 1082 5354 η
1160 5341 1172 5352 ι
1257 5341 1266 5350 ι
1308 5340 1340 5354 οι
1366 5342 1398 5354 -ι
1696 5347 1707 5354 .
1798 5349 1812 5354 -
1915 5350 1923 5354 .
2016 5353 2020 5354 ,

2183 5241 2429 5343 ιόρατον,
2467 5241 2665 5347 πηγὴν,
2691 5241 3540 5354 ἀγαθόταλτοςἠκαιῦικαιοσύνης
3572 5325 3587 5349 ,
3621 5241 3743 5353 φῶς-

489 5328 817 5388 alteratione
862 5335 1113 5402 liberum,
1160 5340 1514 5405 invisibilem,
1563 5347 1742 5402 omnis
1798 5349 2059 5405 bonitatis

482 5432 553 5473 ac
583 5420 811 5489 iustitiae
850 5424 1078 5494 fontem,
1127 5435 1301 5488 lucem
1353 5432 1778 5493 intellectualem
1816 5448 1869 5494 et
1902 5441 2057 5497 inac-

479 5518 723 5574 cessam,
754 5518 1055 5583 potentiam
1090 5521 1238 5575 nulla
1277 5537 1535 5580 mensura
1576 5529 2052 5599 comprehensam,

474 5611 762 5668 quamque
788 5606 905 5658 sola
939 5610 1192 5668 voluntas
1231 5629 1329 5670 sua
1365 5618 1627 5672 metiatur

474 5688 749 5760 quidquid
786 5694 960 5766 vult),

2159 5363 2365 5433 νοερὸν,
2411 5366 2708 5437 ἀπρόσιτον
2780 5369 3221 5443 δύναμινοοὺδενὶ
3251 5375 3435 5445 μέτρῳ
3465 5376 3741 5446 γνωριζο-

2160 5454 2348 5528 μένην,
2397 5457 2547 5530 μόνῳ
2593 5460 2669 5532 τῷ
2717 5462 2902 5534 οἰκείῳ
2964 5462 3265 5537 βουλήματι
3314 5468 3735 5539 μετρουμένην·

2156 5549 2333 5601 πάντα
2360 5550 2467 5621 γὰρ
2503 5552 2603 5605 ὅσα
2635 5553 2808 5621 θέλει,
2838 5555 3059 5611 δύναται
3089 5570 3106 5585 ⁶
3156 5559 3376 5613 πάντων
3410 5560 3737 5631 κτισμάτων

1657 5619 1876 5689 (Ρυίθει
1906 5622 2051 5680 enim
2152 5639 2364 5710 ὁρατῶν
2402 5619 2461 5695 τε
2520 5643 2614 5698 καὶ
2667 5646 2916 5717 ἀοράτων
2977 5651 3297 5719 ποιητικὴν,
3347 5651 3568 5705 πάντων
3602 5669 3733 5705 συν-

1031 5716 1217 5759 rerum
1248 5709 1494 5765 omnium
1531 5711 1915 5782 eonditricem,
1938 5722 2050 5770 tam
2152 5709 2374 5804 εκτικὴν

2424 5736 2516 5789 καὶ
2570 5740 3009 5810 συντηρητικὴν,
3059 5740 3279 5795 πάντων
3330 5743 3729 5813 προνοητικὴν,
