3992 6210
257 284 354 346 ιοι

1249 280 1624 343 PANOPLIA
1658 280 2110 346 DOGMATICA.
2139 308 2208 322 ·-
2234 288 2384 349 ΤΙΤ.
2426 290 2505 354 ΙΙ.

3344 300 3450 366 102

254 406 477 457 πάντων
499 400 824 473 κρατοῦσαν,
847 402 942 455 καὶ
963 401 1254 472 ἄρχουσαν,
1282 405 1375 456 καὶ
1400 404 1810 473 βασιλεύουσαν,

1931 394 2243 460 visibilium,
2280 412 2440 467 quam
2463 397 2817 458 invisibilium
2834 404 3166 461 eﬂectrtcem
3190 424 3206 475 ;
3230 416 3468 469 omnium

252 495 598 563 ἀτελευτήτῳ
643 494 734 546 καὶ
758 492 1013 562 ἀθανάτῳ
1044 492 1288 562 βασιλείᾳ
1308 531 1323 555 ,
1360 493 1527 563 μηδὲν
1572 492 1813 546 ἐναντίον

251 586 506 653 ἔχουσαν.
539 584 719 635 πάντα
750 582 1059 652 πληροῦσαν
1079 620 1094 646 ,
1126 582 1217 633 ὑπ’
1246 581 1455 644 οὐδενὸς
1485 581 1804 651 περιεχομέ-

257 691 391 745 νην’
443 675 604 741 αὐτὴν
650 672 709 724 δὲ
754 672 954 741 μᾶλλον
987 672 1340 741 περιέχουσαν
1380 672 1447 724 τά
1501 672 1808 741 σύμπαντα,

261 766 357 818 καὶ
395 764 749 831 συνέχουσαν,
798 762 895 812 καὶ
944 760 1315 829 προέχουσαν⁸
1366 758 1647 829 ἀχράντως
1689 762 1807 821 ταῖς

259 856 412 915 ὅλαις
436 851 644 913 οὐσίαις
673 849 1117 915 ὲπιὸατεύουσαν,
1147 850 1242 902 καὶ
1286 848 1502 901 πάντων
1530 849 1807 912 ἐπέκεινα,

255 946 347 997 καὶ
380 945 569 1011 πάσης
591 941 780 1002 οὐσίας
828 940 1187 1010 ὲξῃρημένην,
1228 939 1305 1002 ὡς
1332 938 1676 1008 ὑπερούσιον,
1720 937 1812 991 καὶ

251 1033 393 1100 ὑπὲρ
424 1030 494 1082 τά
519 1030 699 1081 πάντα
722 1024 908 1091 οὖσαν,
937 1029 1218 1098 ὑπέρθεον,
1248 1027 1611 1097 ὑπεράγαθον,
1640 1029 1809 1097 ὑπερ-

250 1118 439 1187 πλήρη
466 1134 481 1149 σ
514 1117 617 1178 τὰς
660 1116 791 1178 ὅλας
843 1115 1015 1185 ἀρχὰς
1060 1116 1157 1169 καὶ⁵
1199 1115 1379 1179 τάξεις
1424 1116 1807 1186 ἀφορίζουσαν,

244 1210 343 1261 καὶ
378 1209 568 1276 πάσης
593 1206 768 1277 ἀρχῆς
809 1207 906 1258 καὶ
934 1206 1141 1273 τάξεως
1192 1205 1641 1275 ὐπεριδρυμένην,
1669 1204 1807 1275 ὑπὲρ

246 1297 461 1357 οὐσίαν,
490 1296 586 1349 καὶ
612 1293 776 1366 ζωὴν,
805 1296 897 1348 καὶ
927 1295 1102 1362 λόγον,
1145 1296 1238 1348 καὶ
1266 1294 1472 1348 ἔννοιαν
1495 1309 1509 1323 ο
1539 1294 1806 1359 αὐτοφῶς,

245 1382 721 1451 αὖτοαγαθότητα,
760 1382 1056 1452 αὐτοζωὴν,
1104 1382 1442 1446 αὐτοουσίαν,
1471 1382 1545 1443 ὼς
1573 1381 1647 1451 μὴ
1678 1380 1807 1451 παρ’

244 1478 441 1543 ἑτέρον
468 1474 529 1527 τὸ
561 1468 698 1526 εἶναι
725 1473 977 1542 ἔχουσαν,
1010 1474 1126 1541 ἢτοι
1154 1474 1260 1524 τῶν
1293 1474 1391 1524 ὅσα
1425 1473 1571 1524 ἐστίν
1593 1488 1605 1503 ·
1637 1473 1807 1539 αὐτὴν

242 1566 301 1617 δὲ
339 1563 529 1632 πηγὴν
556 1560 720 1616 οὖσαν
747 1563 843 1614 τοῦ
872 1559 1010 1617 εἶναι
1038 1565 1148 1625 τοῖς
1187 1559 1309 1614 οὖσι
1332 1578 1345 1591 ·
1389 1563 1499 1623 τοῖς
1529 1561 1681 1622 ζῶσι,
1705 1560 1806 1628 τῆς

243 1653 396 1719 ζωῆς
425 1668 439 1683 ⁸
488 1655 604 1714 τοῖς
633 1652 789 1719 λόγου
833 1653 1135 1722 μετέχουσι,
1168 1650 1257 1703 τοῦ
1290 1650 1468 1715 λόγου,
1511 1651 1623 1710 τοῖς
1670 1648 1805 1701 πᾶσι

1929 484 2404 549 conservatricem,
2435 486 2685 542 omnibus
2713 490 3103 557 providentem,
3135 497 3316 550 omnia
3337 514 3469 553 cou—

1929 568 2186 625 tinentem
2211 585 2275 625 ac
2302 582 2594 642 regentem,
2621 586 3046 648 perpetuumque
3072 596 3137 636 ac
3167 584 3470 645 immortale

1929 675 2150 730 regnum
2203 662 2254 715 in
2303 664 2484 716 omnia
2540 666 2911 732 obtinentem;
2958 670 3094 723 nihil
3136 676 3468 729 contrarium

1928 748 2231 812 habentem,
2276 752 2457 806 omnia
2495 754 2830 822 implentem,
2861 771 2890 809 a
2922 759 3069 812 nulla
3112 776 3172 815 re
3221 776 3469 831 compre-

1928 840 2172 905 hensam,
2201 842 2309 895 imo
2347 858 2473 895 vero
2512 844 2684 912 ipsam
2731 848 2983 902 universa
3026 850 3468 918 complectentem

1926 938 1981 983 et
2002 931 2367 984 continentem
2397 945 2462 985 ac
2489 934 2908 1001 praehabentem,
2932 938 3259 995 substantias
3282 957 3471 999 omnes

1927 1021 2045 1075 sine
2094 1021 2393 1089 pollutione
2442 1032 2837 1091 penetrantem,
2883 1027 3025 1085 ultra
3064 1044 3153 1085 res
3195 1048 3387 1090 omnes
3419 1044 3472 1090 et

1923 1110 2191 1165 essentias
2353 1110 2517 1183 longe
2616 1117 3022 1183 provectiorem,
3051 1128 3110 1173 ut
3134 1138 3253 1190 quce
3280 1140 3471 1193 super-

1922 1198 2301 1253 substantialis
2335 1208 2440 1263 est,
2493 1203 2848 1273 omnibusque
2895 1207 3111 1263 entibus
3146 1212 3468 1280 sublimior;

1924 1286 2229 1353 divinitate,
2255 1288 2520 1354 bonitate,
2545 1292 2884 1359 plenitudine
2911 1298 3278 1366 superiorem;
3318 1304 3467 1371 prin-

1925 1375 2136 1445 cipatus
2174 1391 2364 1432 omnes
2430 1389 2592 1448 atque
2640 1381 2858 1436 ordines
2925 1393 3272 1454 statuentem,
3307 1407 3468 1461 super

1922 1477 2132 1517 omnem
2181 1465 2542 1535 principatum
2595 1478 2755 1537 atque
2791 1470 3035 1525 ordinem
3072 1478 3341 1543 positum;
3380 1496 3467 1534 es-

1921 1553 2113 1617 sentia,
2144 1554 2274 1614 vita,
2299 1568 2567 1619 sermone,
2590 1564 2643 1609 et
2666 1558 2901 1626 cogitatu
2927 1561 3170 1617 altiorem
3197 1582 3349 1636 ;qu:e
3378 1570 3469 1625 lux

1920 1641 2036 1710 ipsa
2068 1651 2172 1707 est,
2203 1645 2416 1699 bonitas
2437 1646 2574 1715 ipsa,
2620 1648 2845 1715 ipsamet
2864 1650 2993 1713 vita,
3024 1654 3251 1722 ipsamet
3277 1676 3468 1716 essen-

253 1742 471 1793 πάντων
516 1740 739 1807 ἀγαθῶν
779 1743 959 1795 αἰτίαν
984 1758 995 1771 ·
1029 1743 1201 1797 πάντα
1250 1742 1451 1795 εἰδυῖαν
1498 1742 1624 1810 πρὶν
1655 1740 1806 1809 γενέ-

1915 1740 1987 1793 tia
2011 1756 2026 1804 ;
2061 1748 2247 1808 utpote
2279 1755 2400 1809 quae
2435 1756 2535 1795 nec
2562 1756 2681 1796 esse
2708 1758 2888 1815 suum,
2921 1759 3019 1797 nec
3046 1746 3338 1813 quidquam
3367 1764 3434 1803 eo
3463 1779 3466 1783 ~

258 1847 394 1892 σεως
440 1829 660 1882 αὐτῶν·
695 1830 824 1899 μίαν
860 1832 1068 1894 οὐσίαν,
1107 1831 1235 1900 μίαν
1269 1832 1514 1901 θεότητα,
1561 1831 1690 1899 μίαν
1719 1829 1812 1883 δύ-

255 1937 439 1988 ναμιν,
470 1919 603 1987 μίαν
643 1919 877 1988 θέλησιν,
929 1920 1057 1989 μίαν
1098 1919 1400 1990 ἐνέργειαν,
1446 1919 1574 1989 μίαν
1614 1918 1810 1990 ἀρχὴν,

258 2010 383 2077 μίαν
412 2008 684 2074 ἐξουσίαν,
728 2009 857 2077 μίαν
895 2011 1187 2080 κυριότητα
1211 2049 1226 2074 ,
1262 2010 1391 2078 μίαν
1428 2010 1724 2079 βασιλείαν,
1754 2011 1812 2062 ἐν

256 2099 398 2167 τρισὶ
418 2098 655 2158 τελείαις
680 2097 1003 2151 ὑποστάσεσι
1029 2098 1427 2169 γνωριζομένην
1446 2115 1503 2152 τε
1528 2100 1622 2153 καὶ
1650 2115 1814 2171 προσ-

260 2190 591 2255 κυνουμένην
620 2190 717 2257 μιᾷ
763 2189 1158 2260 προσκυνήσει,
1203 2188 1597 2259 πιστευομένην
1628 2204 1687 2241 τε
1718 2187 1814 2241 καὶ

259 2274 659 2344 λατρευομένην
686 2275 789 2328 ὑπὸ
824 2276 1002 2345 πάσης
1039 2275 1262 2345 λογικῆς
1290 2276 1538 2341 κτίσεως,
1570 2276 1810 2347 ἀσυγχύ-

258 2380 358 2425 τως
411 2365 729 2433 ἡνωμέναις
774 2366 871 2418 καὶ
914 2365 1247 2430 ἀδιαστάτως
1298 2367 1704 2438 διαιρουμέναις
1730 2382 1745 2397 ⁸
1783 2367 1811 2420 ὃ
1844 2352 1861 2363 “

261 2453 347 2505 καί
395 2451 726 2521 παράδοξον.
774 2454 870 2515 Εἰς
917 2453 1135 2525 Πατέρα
1197 2456 1292 2510 καὶ
1338 2456 1466 2510 Υἰὺν
1517 2457 1610 2510 καὶ
1656 2457 1812 2525 ἅγιον

255 2539 499 2609 Πνεῦμα,
545 2543 627 2607 εἰς
664 2543 701 2595 ἀ
748 2542 842 2596 καὶ
883 2542 1315 2613 βεϐαπτίσμεθα.
1503 2545 1658 2602 οὕτω
1708 2549 1814 2620 γὰρ

248 2634 275 2684 ὁ
317 2631 530 2698 Κύριος
580 2633 695 2694 τοῖς
753 2633 1070 2698 ἀποστόλοις
1122 2635 1402 2706 βαπτίζειν
1460 2635 1769 2695 ἐνετείλατο
1793 2656 1808 2671 ⁸

252 2718 647 2784 Βαπτίζσντες
693 2720 933 2785 αὐτοὺς,
986 2722 1229 2790 φάσκων,
1268 2726 1354 2790 εἰς
1394 2724 1461 2777 τὸ
1498 2725 1683 2796 ὄνομα
1706 2727 1812 2783 τοῦ

247 2808 517 2873 Πατρός,
565 2808 666 2865 καί
718 2811 827 2865 τοῦ
880 2810 1047 2879 Υίοῦ,
1098 2813 1197 2868 καί
1243 2814 1352 2869 τοῦ
1402 2814 1574 2884 ἁγίου
1624 2818 1812 2872 (Iret?-

211 2930 217 2934 -
243 2911 452 2960 ματος.

255 2992 385 3037 trem
412 2992 470 3037 et
515 2983 711 3038 Filium
756 2993 809 3041 et
854 2983 1113 3054 Spiritum
1153 2997 1422 3054 sanctum,
1485 2989 1539 3045 in
1596 3004 1825 3059 quorum
1862 2992 2028 3047 etiam
2058 2993 2277 3049 nomine
2306 2994 2564 3062 baptizati
2596 3010 2805 3052 sumus.

1915 1843 2034 1881 rum
2057 1842 2177 1898 qua:
2210 1836 2314 1892 est,
2359 1828 2429 1882 ab
2481 1828 2590 1883 alio
2624 1829 2851 1895 habeat;
2883 1845 3069 1887 verum
3105 1831 3218 1899 ipsa
3251 1831 3317 1885 iis
3345 1846 3466 1899 quae

1915 1924 2064 1981 sunt,
2093 1918 2384 1985 essentia;
2418 1917 2529 1973 illis
2551 1933 2672 1987 qua:
2690 1919 2901 1980 vivunt,
2936 1919 3095 1982 vitae;
3126 1926 3180 1973 et
3212 1919 3323 1973 illis
3346 1932 3471 1989 qua

1914 2009 2127 2064 ratione
2170 2016 2421 2073 utuntur,
2469 2011 2698 2067 rationis
2733 2010 2859 2065 fons
2895 2011 3120 2067 exsistat
3154 2029 3171 2063 :
3202 2011 3467 2067 honorum

1915 2099 2154 2157 omnium
2184 2100 2401 2155 cunctis
2428 2108 2728 2170 parentem,
2753 2101 3046 2157 intuentem
3077 2101 3259 2157 omnia
3284 2101 3467 2170 prius-

1905 2201 2068 2257 quam
2095 2188 2261 2255 ﬁant;
2301 2203 2464 2244 unam
2493 2189 2875 2253 substantiam,
2917 2203 3080 2245 unam
3107 2189 3465 2254 divinitatem,

1903 2290 2066 2333 uuam
2108 2276 2381 2342 virtutem,
2414 2292 2574 2335 uuam
2621 2279 2970 2343 voluntatem,
3003 2292 3168 2337 unam
3207 2279 3469 2349 operatiov

1916 2380 2064 2434 nem,
2092 2381 2262 2421 unum
2298 2366 2684 2436 principatum,
2717 2381 2880 2425 unam
2913 2374 3259 2436 potestatem,
3302 2381 3467 2425 unam

1916 2457 2360 2522 dominationem,
2396 2472 2565 2513 unum
2605 2471 2867 2527 regnum;
2899 2465 2961 2511 ut
2991 2464 3171 2512 tamen
3197 2457 3255 2515 in
3290 2458 3467 2513 tribus

1916 2548 2170 2617 perfectis
2200 2548 2445 2617 personis
2469 2556 2744 2614 noscatur,
2778 2554 2833 2603 et
2884 2547 3202 2607 adoratioue
3234 2563 3341 2603 una
3369 2549 3468 2602 ade

1918 2646 2127 2702 oretur,
2153 2638 2535 2707 eredaturqne,
2580 2645 2631 2692 et
2659 2638 2869 2692 colatur
2904 2636 2975 2692 ab
3016 2638 3164 2693 omni
3214 2637 3467 2692 rationali

1913 2733 2159 2783 creatura
2182 2736 2221 2809 ς.
2274 2726 2476 2798 quippe
2504 2728 2649 2797 quod
2678 2728 2782 2783 illa:
2808 2730 2946 2783 citra
2972 2727 3385 2798 permistionem
3413 2735 3469 2780 et

1911 2814 2284 2878 confusionem
2330 2818 2497 2871 unita:
2544 2817 2675 2882 sint,
2732 2824 2788 2873 et
2827 2818 2947 2873 sine
2990 2817 3247 2877 distantia
3286 2816 3468 2885 (quod

1913 2905 2294 2975 cogitationem
2340 2920 2555 2963 omnem
2613 2907 2883 2977 superat)
2929 2907 3180 2964 discreta;
3219 2925 3233 2962 :
3275 2907 3330 2962 in
3366 2904 3469 2959 Pa-

2916 2994 3007 3052 Sic
3029 2998 3171 3051 enim
3210 2996 3473 3052 Dominus

252 3074 518 3143 apostolis
565 3075 841 3144 baptizare
878 3076 1043 3146 jussit
1089 3095 1103 3131 :
1133 3078 1471 3146 Baptizatus;
1526 3095 1636 3144 eos,
1694 3077 1888 3149 inquit,
1917 3081 1970 3135 in
2003 3082 2210 3139 nomine
2246 3081 2428 3138 Patria
2460 3092 2511 3136 et
2542 3082 2673 3137 Filii
2702 3094 2751 3138 et
2782 3084 3011 3150 Spiritus
3044 3087 3212 3141 sancti
3266 3088 3309 3140 ¹.

316 3164 413 3225 Εἰς
450 3164 551 3215 ἕνα
586 3164 826 3234 Πατέρα,
867 3167 965 3237 τὴν
994 3167 1209 3222 πάντων
1257 3169 1430 3239 ἀρχὴν
1462 3171 1554 3227 καὶ
1581 3170 1759 3224 αἰτίαν
1785 3184 1799 3199 ·

1974 3171 2113 3237 Quid
2162 3174 2225 3227 de
2267 3173 2428 3229 Patre
2470 3172 2799 3230 credendum.
2835 3174 2973 3240 Quid
3018 3176 3080 3229 de
3126 3175 3284 3230 Filio.
3309 3206 3381 3217 —
3407 3177 3467 3236 In

249 3253 348 3306 οὒκ
378 3254 442 3305 ἐκ
478 3271 627 3316 τινος
653 3256 983 3324 γεννηθέντα
1005 3273 1019 3287 °
1054 3258 1289 3311 ἀναίτιον
1316 3259 1372 3311 δὲ
1403 3260 1496 3311 καὶ
1522 3259 1815 3329 ἀγέννητον

252 3345 413 3416 μόνον
461 3348 779 3415 ὑπάρχοντα
810 3363 824 3379 ·
867 3348 1086 3402 πάντων
1137 3349 1237 3419 μὲν
1285 3351 1555 3420 ποιητήν
1606 3350 1724 3414 ἑνὸς
1757 3349 1815 3407 δὲ

254 3439 411 3506 μόνον
470 3436 692 3505 Πατέρα
723 3437 881 3504 φύσει
926 3438 1017 3491 τοῦ
1072 3438 1393 3509 μονογενοῦς
1439 3438 1571 3492 Υίοῦ
1622 3438 1810 3506 αὑτοῦ,

252 3526 456 3595 Κυρίου
506 3524 599 3587 δὲ,
636 3526 728 3578 καὶ
756 3527 931 3593 Θεοῦ,
978 3529 1073 3583 καὶ
1120 3530 1371 3599 Σωτῆρος
1416 3531 1573 3599 ἡμῶν
1636 3531 1807 3601 Ἰησοῦ

252 3613 510 3686 Χριστοῦ,
549 3614 644 3667 καὶ
680 3615 947 3685 προϐολέα
1059 3614 1154 3670 τοῦ
1263 3616 1527 3685 παναγίου
1556 3617 1809 3689 Πνεύμα-

251 3724 359 3770 τος.
388 3708 503 3759 Καὶ
532 3709 615 3771 εἰς
654 3708 749 3760 ἕνα
782 3707 906 3759 Υίὸν
948 3705 1041 3759 τοῦ
1073 3705 1229 3772 Θεοῦ,
1259 3705 1351 3759 τὸν
1390 3708 1686 3776 μονογενῆ,
1719 3708 1809 3762 τὸν

254 3797 453 3867 Κύριον
483 3798 640 3867 ἡμῶν
681 3797 885 3867 Ἰησοῦν
917 3797 1148 3866 Χριστόν
1172 3812 1185 3825 ·
1237 3796 1326 3848 τὸν
1368 3796 1431 3848 ἐκ
1474 3795 1564 3848 τοῦ
1595 3796 1811 3866 Πατρὸς

256 3888 579 3957 γεννηθέντα
606 3887 717 3957 πρὸ,
733 3888 945 3941 πάντων
978 3886 1082 3939 τῶν
1109 3884 1349 3939 αἰώνων·
1378 3885 1492 3953 φῶς
1521 3886 1584 3937 ὲκ
1610 3885 1807 3952 φωτὸς,

256 3977 379 4030 Θεὸν
423 3977 675 4047 ἀληθινὸν
715 3979 782 4030 ὲκ
818 3977 952 4030 Θεοῦ
997 3976 1285 4046 ἀληθινοῦ’
1343 3974 1697 4043 γεννηθέντα,
1746 3975 1807 4031 οὐ

256 4067 569 4137 ποιηθέντα,
594 4067 871 4136 ὁμοοὺσιον
962 4063 1040 4137 τῷ
1132 4064 1327 4136 Πατρὶ,
1352 4065 1417 4117 δι’
1446 4057 1507 4118 οῦ
1533 4064 1602 4117 τὰ
1632 4065 1808 4123 πάντα

257 4159 466 4225 ἐγένετο
496 4174 508 4185 ·
550 4157 609 4208 ὃν
680 4157 783 4227 πρὸ
814 4157 1025 4210 πάντων
1061 4156 1268 4209 αἰώνων
1296 4155 1562 4221 λέγοντες,
1588 4156 1769 4209 δείκνυ
1788 4184 1803 4195 ο

259 4264 349 4313 μεν
372 4248 457 4299 ὅτι
507 4245 734 4314 ἄχρονος
777 4246 871 4298 καὶ
912 4245 1142 4315 ἄναρχος
1171 4243 1331 4296 αὑτοῦ
1365 4245 1397 4315 ἡ
1430 4243 1676 4314 γέννησις
1697 4264 1712 4279 υ
1746 4234 1806 4297 οῦ

258 4337 355 4405 γάρ
390 4338 457 4389 ὲκ
501 4335 597 4387 τοῦ
630 4335 704 4406 μὴ
740 4334 889 4401 ὄντος
924 4338 1003 4399 εἰς
1040 4336 1100 4388 τὸ
1145 4332 1283 4388 εἶναι
1332 4336 1585 4407 παρήχθη
1618 4337 1647 4389 ὁ
1681 4336 1808 4399 Υὶδς

256 4426 340 4477 τοῦ
367 4426 530 4487 Θεοῦ,
556 4426 615 4478 τὸ
645 4426 983 4496 ἀπαύγασμα
1015 4427 1111 4495 τῆς
1142 4426 1318 4496 δόξης,
1347 4428 1375 4479 ὁ
1395 4426 1679 4497 χαρακτὴρ
1712 4427 1807 4497 τῆς
1842 4431 1884 4488 Ι)
1915 4428 2111 4483 ductus
2137 4436 2257 4488 est;

256 4516 341 4568 τοῦ
372 4517 591 4585 [ἰατρὸς
619 4516 988 4579 ὑποστάσεως,
1025 4517 1057 4587 ἡ
1096 4516 1241 4579 ζῶσα
1277 4515 1459 4583 σοφία,
1512 4516 1606 4569 καὶ
1645 4512 1807 4570 δύνα-

259 4624 366 4674 μις,
407 4610 437 4658 ὁ
465 4608 635 4673 Λόγος
666 4606 693 4656 ὁ
718 4608 1095 4671 ἐνυπὸστατος,
1132 4609 1165 4677 ἡ
1189 4606 1454 4674 οὐσιώδης
1477 4605 1570 4657 καὶ
1603 4604 1808 4669 τελεία,

258 4701 343 4750 καὶ
379 4698 534 4761 ζῶσα
562 4697 723 4750 εἰκὼν
746 4696 839 4749 τοῦ
873 4696 1103 4767 ἀοράτου
1139 4696 1274 4749 Θεοῦ
1298 4713 1313 4729 ’
1390 4692 1507 4751 ἀλλ’
1592 4695 1679 4751 ἀεὶ
1712 4684 1809 4774 ,ἦν

260 4789 351 4840 σὺν
392 4787 469 4857 τις,
505 4788 713 4857 Πατρὶ,
748 4787 839 4840 καὶ
891 4787 949 4839 ὲν
980 4787 1160 4855 αὐτῷ,
1201 4785 1384 4847 άῖδίως
1428 4784 1523 4837 καὶ
1564 4784 1813 4854 ἀνάρχως

260 4879 312 4943 ἐξ
345 4878 512 4932 αὑτοῦ
550 4878 966 4949 γεγεννημένος.
1015 4879 1089 4930 Οὐ
1130 4876 1238 4947 γὰρ
1269 4873 1337 4947 ἦν
1384 4891 1513 4929 ποτε
1541 4874 1568 4927 ὀ
1599 4872 1811 4944 Πατὴρ,

259 4970 339 5022 ὅτε
373 4972 477 5024 οὐκ
521 4966 591 5039 ἦν
622 4971 651 5021 ὁ
690 4971 817 5034 Υἰός
839 4986 853 5000 ·
895 4968 1012 5023 ἀλλ’
1054 4967 1169 5036 ἃμα
1202 4967 1414 5038 Πατὴρ,
1444 4966 1561 5035 ἅμα
1595 4965 1744 5030 Υίὸς,
1782 4964 1812 5018 ὁ

262 5060 316 5123 ἐξ
342 5060 508 5113 αὑτοῦ
542 5060 933 5128 γεγεννημένος
958 5074 973 5089 ο
1019 5056 1211 5128 Πατὴρ
1234 5057 1344 5127 γὰρ
1378 5058 1533 5118 ὲκτδς
1558 5054 1689 5108 Υίοῦ
1714 5055 1815 5109 οὐκ

262 5152 323 5205 ἂν
350 5150 601 5222 κληθείη.
635 5150 696 5203 Εἰ
726 5149 780 5201 δὲ
806 5144 875 5220 ἦν
902 5148 977 5219 μὴ
1011 5147 1149 5218 ἔχων
1182 5146 1331 5212 Υἱδν,
1362 5147 1460 5199 οὐκ
1487 5140 1554 5217 ἦν
1584 5144 1774 5215 Πατήρ
1794 5158 1809 5173 ⁶

266 5244 351 5296 καὶ
386 5244 434 5295 εἰ
460 5242 604 5312 μετᾶ
631 5242 803 5295 ταῦτα
833 5241 991 5312 ἔσχεν
1032 5240 1181 5307 Υίὸν,
1214 5238 1351 5309 μετὰ
1386 5237 1558 5291 ταῦτα
1599 5235 1815 5303 ἐγένετο

267 5334 468 5404 Πατὴρ,
503 5335 579 5401 μὴ
623 5333 698 5385 ὢν
736 5333 841 5403 πρὸ
879 5332 1069 5385 τούτου
1100 5331 1326 5399 Πατὴρ,
1371 5330 1465 5382 καὶ
1510 5326 1721 5397 ἐτράπη
1751 5325 1815 5377 ὲκ

267 5424 355 5476 τοῦ
384 5426 459 5497 μὴ
506 5418 645 5478 εἶναι
680 5424 870 5494 Πατὴρ
905 5424 986 5486 εἰς
1027 5422 1089 5474 τὸ
1118 5419 1368 5490 γενέσθαι
1402 5417 1591 5485 Πατήρ
1618 5431 1632 5445 ’
1678 5414 1815 5481 ὅπερ

269 5515 441 5582 πάσης
495 5512 846 5583 βλασφημίας
903 5511 1020 5566 ἐστί
1072 5507 1469 5581 χαλεπώτερον.
1532 5502 1815 5556 ’Δδύνατον

262 5604 362 5671 γὰρ
403 5603 497 5655 τὸν
542 5604 673 5657 Θεὸν
717 5602 917 5668 εἰπεῖν,
961 5600 1167 5671 ἔρημον
1216 5595 1317 5666 τῆς
1375 5593 1611 5665 φυσικῆς
1669 5608 1813 5662 γονι-

1912 3274 2081 3315 unum
2138 3260 2352 3319 Patrem
2387 3262 2739 3335 (credimus)
2788 3264 3115 3334 principium
3144 3268 3385 3322 omnium
3415 3279 3471 3325 et

1909 3363 2163 3415 causam,
2197 3367 2266 3409 ex
2297 3352 2448 3407 nullo
2494 3354 2754 3423 genitum,
2782 3353 2872 3423 qui
2915 3354 3064 3410 solus
3104 3369 3282 3411 causae
3302 3364 3356 3412 et
3379 3374 3471 3427 ge-

1908 3440 2210 3496 nerationis
2264 3456 2458 3511 expers
2508 3450 2593 3498 est
2634 3443 2922 3497 :omnium
2956 3445 3176 3514 quidem
3220 3448 3467 3502 condito-

1908 3544 2066 3595 rem;
2129 3538 2385 3589 caeterum
2444 3531 2609 3589 unius
2666 3531 2930 3586 duntaxat
2998 3542 3190 3588 natura
3253 3532 3467 3590 Patrem

1906 3619 2166 3689 unigeniti
2194 3619 2316 3675 Filii
2341 3621 2425 3676 sui
2460 3621 2669 3677 Domini
2694 3622 2866 3679 nostri
2896 3620 3024 3679 Jesu
3069 3622 3293 3689 Christi,
3344 3640 3472 3681 san,-

1905 3711 2242 3782 etissimique
2264 3711 2500 3782 Spiritus
2532 3714 2937 3783 productorem.
3020 3714 3085 3768 Et
3104 3714 3160 3769 in
3192 3731 3358 3769 unum
3380 3715 3479 3769 Fi-

1906 3799 2036 3855 lium
2065 3799 2158 3857 Dei
2199 3802 2537 3870 unigenitum
2576 3802 2863 3857 Dominum
2903 3812 3173 3868 nostrum,
3215 3819 3282 3859 ex
3312 3804 3477 3862 Patre

1914 3894 2099 3943 natum
2131 3898 2256 3945 ante
2282 3891 2463 3945 omnia
2491 3891 2685 3947 saecula
2711 3910 2725 3958 ;
2757 3892 2937 3945 lumen
2961 3892 3028 3947 de
3050 3892 3275 3957 lumine,
3300 3893 3472 3951 Deum

1913 3989 2099 4030 verum
2135 3975 2200 4031 de
2237 3975 2347 4031 Deo
2394 3992 2559 4045 vero;
2592 3979 2856 4049 genitum,
2912 3993 3021 4035 non
3068 3978 3292 4047 factum,
3336 3998 3472 4038 con-

1912 4065 2329 4121 substantialem
2372 4066 2542 4134 Patri,
2594 4083 2689 4141 per
2739 4083 2900 4138 quem
2934 4068 3114 4124 omnia
3145 4067 3289 4125 facta
3317 4082 3467 4129 sunt.

1912 4154 2080 4221 Quem
2115 4172 2238 4211 cum
2278 4165 2402 4213 ante
2426 4159 2609 4214 omnia
2660 4159 2859 4215 saecula
2887 4159 3145 4226 dicimus,
3180 4160 3351 4230 ipsius
3379 4179 3472 4234 ge-

1920 4247 2276 4312 nerationem,
2306 4262 2405 4302 nec
2437 4256 2667 4311 tempus,
2699 4262 2799 4301 nec
2838 4247 3051 4300 initium
3100 4248 3210 4317 pati
3238 4247 3479 4304 ostendi-

1919 4352 2063 4392 mus.
2098 4335 2217 4393 Non
2245 4336 2388 4393 enim
2420 4336 2512 4391 Dei
2545 4335 2714 4391 Filius
2739 4352 2805 4391 ex
2834 4334 3008 4391 nihilo
3043 4336 3096 4391 in
3133 4345 3314 4391 ortum
3348 4352 3477 4406 pro-

2337 4428 2449 4492 ille,
2476 4427 2717 4497 inquam,
2736 4426 2921 4497 gloriae
2941 4426 3220 4496 splendor,
3243 4437 3477 4497 paterna:

1914 4519 2086 4587 ﬁgura
2112 4515 2428 4571 substantia:
2468 4518 2517 4580 ',
2543 4517 2663 4569 viva
2680 4515 2968 4585 sapientia,
2993 4521 3049 4571 et
3071 4516 3245 4570 virtus
3278 4514 3321 4579 ³,
3345 4517 3476 4572 sub-

1917 4608 2121 4664 sistens
2156 4604 2414 4667 Verbum,
2444 4606 2823 4661 substantialis
2850 4606 2985 4675 ipsa,
3021 4605 3282 4675 perfecta,
3315 4616 3478 4674 atque

1913 4697 2101 4751 vivens
2132 4695 2309 4765 imago
2344 4695 2435 4749 Dei
2469 4693 2490 4725 ‘
2528 4694 2835 4756 invisibilis,
2867 4694 2962 4748 sed
2990 4701 3205 4765 semper
3224 4708 3345 4746 cum
3371 4693 3475 4744 Pa-

1913 4794 2013 4849 tre,
2029 4795 2081 4841 et
2107 4786 2159 4839 in
2182 4785 2341 4840 Patre
2365 4792 2502 4849 erat,
2530 4784 2858 4852 sempiterne
2879 4792 2928 4838 et
2955 4785 3163 4854 absque
3186 4781 3298 4837 ullo
3321 4782 3472 4836 initic

1912 4893 1979 4932 ex
2018 4877 2136 4946 ipso
2186 4876 2419 4945 genitus.
2469 4873 2651 4942 Neque
2688 4874 2831 4929 enim
2878 4874 3038 4929 Pater
3064 4887 3302 4943 unquam
3350 4870 3472 4937 fuit,

1912 4967 2128 5037 quando
2152 4966 2323 5022 Filius
2355 4981 2460 5020 nou
2483 4972 2627 5019 esset
2657 4983 2669 5018 :
2699 4980 2887 5017 verum
2912 4966 3073 5020 simul
3106 4965 3282 5028 Pater,
3311 4962 3475 5018 simul

1912 5057 2105 5118 Filius.
2138 5057 2230 5127 qui
2275 5072 2340 5112 ex
2381 5056 2497 5124 ipso
2536 5054 2750 5122 genitus
2776 5060 2882 5108 est.
2936 5053 3118 5122 Neque
3141 5053 3285 5107 enim
3315 5052 3475 5105 Pater

1914 5148 2096 5203 vocari
2127 5147 2316 5215 possit,
2340 5144 2432 5214 qui
2461 5142 2596 5196 Filio
2618 5152 2819 5199 careat.
2843 5140 2979 5197 Nam
3002 5143 3048 5197 si
3068 5140 3206 5194 Filio
3223 5142 3475 5209 aliquan-

1914 5237 1984 5293 do
2020 5237 2215 5300 caruit,
2256 5234 2416 5289 Pater
2444 5243 2593 5289 certe
2635 5248 2742 5288 non
2770 5241 2905 5289 erat.
3004 5232 3065 5286 Et
3093 5232 3137 5287 si
3169 5239 3356 5300 postea
3382 5231 3473 5284 Fi-

1916 5327 2041 5382 lium
2062 5325 2269 5389 habuit;
2284 5333 2469 5394 postea
2491 5337 2706 5394 quoque
2726 5322 2898 5377 factus
2914 5328 2995 5375 est
3012 5319 3189 5382 Pater,
3205 5333 3326 5373 cum
3351 5326 3476 5372 ante

1915 5416 2075 5470 Pater
2119 5429 2224 5469 non
2260 5420 2422 5478 esset,
2524 5416 2697 5479 atque
2819 5426 2881 5465 ex
2918 5423 2983 5463 eo
3008 5409 3148 5479 quod
3179 5407 3334 5464 Pater
3365 5419 3473 5462 non

1910 5516 2047 5570 erat,
2076 5511 2312 5557 mutatus
2335 5511 2435 5566 est,
2475 5516 2646 5571 eoque
2667 5514 2982 5571 progressus
3008 5506 3065 5553 ut
3092 5497 3248 5552 Pater
3284 5504 3468 5554 esset:

1912 5595 1964 5650 id
1991 5594 2134 5665 quod
2170 5593 2318 5647 omni
2368 5590 2704 5661 blasphemia
2781 5588 3000 5659 gravius
3035 5586 3189 5644 foret.
3304 5586 3467 5646 Nefas

344 5703 360 5732 '
390 5703 570 5759 Matth.
605 5718 735 5771 xxv,
769 5702 854 5757 i9.
927 5703 947 5734 ’
976 5702 1144 5759 ilebr.
1179 5716 1219 5766 ι,
1251 5700 1305 5755 3.
1379 5700 1399 5732 ³
1428 5698 1446 5751 l
1472 5696 1601 5752 Cor.
1630 5712 1668 5760 ι,
1699 5695 1788 5748 τι.
1866 5692 1888 5723 ⁵
1920 5692 2129 5747 Coloss.
2161 5705 2197 5755 ι,
2237 5691 2317 5745 l5.
