4026 6212
519 265 621 327 103

1725 275 2105 338 EUTHYMH
2147 277 2506 342 ZlGABENI

3631 297 3737 357 104

498 379 641 434 enim
661 385 746 434 est
769 374 969 444 dicere,
990 374 1155 432 Deum
1179 373 1508 431 fecunditate
1528 375 1763 429 naturali
1792 377 2060 433 caruisse.

2171 390 2422 459 μότητος.
2465 390 2529 442 Ἦ
2580 388 2638 443 δὲ
2675 391 2985 459 γονιμότης,
3017 389 3079 442 τὸ
3125 388 3185 453 ἐξ
3228 386 3426 453 αὐτοῦ,
3474 388 3646 458 ἧγουν
3677 389 3744 441 ὲκ

501 465 824 523 Fecunditas
867 481 1029 536 porro
1061 466 1117 520 in
1150 467 1250 519 hoc
1295 463 1465 534 posita
1490 474 1592 528 est,
1627 472 1684 518 ut
1708 464 1833 534 quis
1877 481 1944 521 ex
1970 481 2064 521 se-

500 559 643 627 ipse,
686 556 738 610 id
785 566 961 611 estex
999 555 1215 625 propria
1245 554 1571 621 substantia,
1611 555 1819 625 prolem
1873 567 2065 613 natura

501 648 734 703 similem
774 647 857 702 sui
894 646 1045 702 edat.

567 737 929 792 Generationis
966 736 1157 786 divinas
1205 750 1237 785 a
1292 735 1555 788 creatione
1614 736 1950 790 discrimina.
1993 766 2064 779 —-

501 827 738 881 Proinde
778 840 899 878 cum
941 824 1008 877 de
1050 823 1170 876 Filii
1208 825 1565 893 generatione
1603 829 1803 895 agitur,
1847 834 2065 896 tempus

502 914 888 969 intercessisse
925 912 1107 966 dicere
1146 911 1372 979 impium
1412 922 1530 976 est;
1638 921 1733 967 aut
1762 912 1885 968 Filii
1918 916 2067 969 exsi—

502 1005 757 1060 steutiam
789 1002 945 1057 Patre
974 1004 1326 1072 posteriorem
1366 1003 1723 1058 constituere.
1832 1003 1909 1058 Ex
1944 1005 2067 1074 ipso

499 1095 644 1147 enim
666 1132 681 1156 ,
717 1093 819 1147 hoc
853 1104 937 1146 est
970 1108 1034 1146 ex
1076 1092 1251 1146 Patris
1287 1099 1479 1145 natura
1501 1132 1516 1156 ,
1569 1107 1692 1147 esse
1743 1092 2069 1162 proﬁtemur

501 1181 626 1236 Filii
656 1184 1093 1251 generationem.
1129 1183 1206 1235 Ac
1234 1182 1339 1236 nisi
1374 1180 1573 1235 Filium
1602 1196 1631 1235 a
1678 1182 1952 1251 principio
1989 1184 2070 1236 si-

419 1283 427 1290 '
503 1274 613 1328 mul
644 1289 768 1327 cum
804 1272 964 1326 Patre
995 1288 1024 1324 a
1058 1285 1169 1340 quo
1199 1272 1417 1342 genitus
1446 1279 1530 1326 est
1554 1322 1567 1335 ,
1598 1270 1769 1328 fuisse
1796 1272 2069 1327 conceda-

506 1378 628 1417 mus
650 1403 665 1427 ,
692 1361 937 1416 Paterna!
957 1361 1279 1415 substantia:
1310 1361 1669 1425 mutationem
1704 1360 2027 1416 inducemus
2051 1378 2065 1417 :

504 1452 801 1521 quoniam,
835 1465 959 1503 Clllll
1015 1448 1178 1502 Pater
1230 1462 1340 1501 non
1384 1456 1571 1512 esset,
1621 1448 1850 1518 posthac
1892 1450 2072 1505 evasit

506 1542 686 1595 Pater.
725 1540 832 1594 Res
859 1540 1003 1594 enim
1050 1547 1279 1602 creatas,
1326 1539 1428 1592 etsi
1461 1539 1807 1607 postmodum
1839 1540 2072 1596 conditae

505 1639 671 1693 sunt,
724 1644 832 1684 non
882 1638 1064 1682 tamen
1106 1642 1173 1680 ex
1226 1627 1321 1681 Dei
1358 1628 1664 1683 substantia
1700 1630 2068 1697 exstiterunt;

2165 478 2262 549 τῆς
2291 479 2427 543 ιδίας
2455 480 2663 546 οὐσίας,
2694 482 2882 551 ὅμοιον
2915 480 3054 535 κατὰ
3086 479 3248 550 φύσιν
3285 482 3502 552 γεννᾷν.

2248 739 2369 792 Ἐπὶ
2410 740 2507 809 μὲν
2556 734 2647 794 οὖν
2699 741 2797 811 τῆς
2845 740 2941 794 τοῦ
2994 740 3124 794 Υίοῦ
3175 742 3484 810 γεννήσεως
3535 743 3738 805 ἀσεϐὲς

2165 830 2342 897 λέγειν
2377 832 2568 900 χρόνον
2602 832 2937 900 μεσιτεῦσαι,
2968 832 3063 884 καὶ
3093 832 3232 901 μετὰ
3261 831 3354 883 τὸν
3380 831 3601 902 Πατέρα
3637 832 3740 902 τὴν

2163 920 2258 972 τοῦ
2293 920 2420 973 Υίοῦ
2450 921 2699 988 γενέσθαι
2735 921 2990 991 ὓπαρξιν.
3048 922 3138 985 Ἐξ
3187 921 3353 974 αὐτοῦ
3400 923 3530 992 γὰρ,
3567 924 3743 991 ἡγουν

2172 1012 2270 1079 τῆς
2313 1012 2407 1064 τοῦ
2440 1012 2652 1082 Πατρὸς
2680 1012 2915 1079 φύσεως,
2966 1013 3148 1082 φαμὲν
3182 1013 3281 1081 τὴν
3311 1012 3405 1065 τοῦ
3440 1013 3571 1066 Υίοῦ
3614 1015 3744 1081 γένο

2169 1116 2346 1169 νησιν.
2380 1102 2489 1153 Καὶ
2521 1101 2569 1151 εί
2598 1102 2672 1169 μὴ
2704 1100 2761 1164 ἐξ
2783 1102 2955 1172 ἀρχῆς
2982 1102 3165 1170 δῶμεν
3187 1102 3278 1153 τὸν
3307 1101 3437 1153 Υίὸν
3465 1103 3745 1171 συνυπάρο

2168 1207 2283 1259 χειν
2314 1190 2391 1259 τῶ
2423 1192 2597 1260 Πατρὶ
2634 1192 2693 1255 ἐξ
2721 1192 2885 1247 αὐτοῦ
2934 1193 3331 1262 γεγεννημένον
3350 1233 3365 1256 ,
3396 1192 3605 1262 τροπὴν
3640 1194 3745 1262 τῆς

2167 1279 2261 1332 τοῦ
2295 1282 2510 1349 Πατρὸς
2558 1282 2907 1344 ὑποστάσεως
2945 1282 3357 1352 παρεισάγομεν
3380 1298 3392 1312 ο
3433 1282 3519 1334 ὄτι
3548 1283 3626 1353 μὴ
3664 1283 3743 1336 ῶν

2169 1370 2358 1441 Πατὴρ
2392 1371 2619 1442 ὔστερον
2659 1373 2873 1440 ἐγένετο
2907 1374 3098 1443 Πατήρ
3122 1389 3136 1403 ’
3192 1376 3224 1443 ἡ
3278 1373 3387 1443 γὰρ
3432 1374 3610 1437 κτίσις
3634 1417 3651 1440 ,
3675 1376 3742 1428 ἐί

2169 1462 2265 1515 καὶ
2299 1463 2435 1532 μετά
2473 1462 2645 1516 ταῦτα
2678 1464 2919 1531 γέγονεν,
2962 1464 3076 1516 ἀλλ’
3106 1465 3205 1516 οὐκ
3247 1465 3311 1517 ὲκ
3343 1465 3443 1533 τῆς
3471 1463 3567 1517 τοῦ
3600 1465 3741 1519 Θεοῦ

2171 1552 2359 1616 οὐσίας
2383 1568 2395 1582 ·
2445 1556 2509 1606 ὲκ
2555 1554 2611 1606 δὲ
2644 1555 2737 1607 τοῦ
2776 1554 2850 1625 μὴ
2894 1555 3048 1618 ὄντος
3080 1557 3158 1617 είς
3191 1554 3252 1607 τὸ
3293 1550 3433 1608 εἶναι
3484 1555 3742 1625 βουλήσει

2173 1644 2267 1696 καὶ
2292 1643 2517 1714 δυνάμει
2550 1644 2711 1698 αὐτοῦ
2751 1646 3026 1717 παρήχθη,
3054 1646 3149 1699 καὶ
3172 1646 3271 1715 οὐχ
3298 1645 3525 1699 ἅπτεται
3554 1647 3741 1718 τροπὴ

505 1722 601 1777 sed
637 1721 811 1790 ipsius
842 1719 1123 1772 voluntate
1166 1725 1222 1771 et
1256 1718 1500 1787 potentia
1536 1718 1756 1773 fuerunt
1791 1721 2060 1789 producta

2171 1734 2268 1803 τῆς
2293 1734 2387 1787 τοῦ
2416 1735 2550 1788 Θεοῦ
2581 1736 2813 1804 φύσεως.
2852 1737 3113 1806 Γέννησις
3146 1735 3248 1805 μὲν
3298 1736 3405 1807 γάρ
3436 1737 3551 1790 ἐστι
3580 1738 3643 1791 τὸ
3674 1740 3743 1792 ἐκ

509 1818 568 1865 ut
611 1818 816 1864 essent.
864 1807 974 1862 Nec
1027 1813 1315 1877 propterea
1370 1806 1425 1859 in
1479 1806 1569 1860 Dei
1622 1816 1874 1862 naturam
1922 1809 2072 1863 cadit

506 1900 780 1955 mutatio:
811 1898 1015 1953 etenim
1054 1898 1339 1967 generatio
1378 1896 1599 1965 quidem
1645 1897 1700 1951 in
1750 1898 1854 1952 hoc
1882 1901 2069 1957 consi-

508 1992 643 2056 stit,
698 1999 758 2045 ut
791 2005 855 2045 ex
891 1988 1167 2059 gignentis
1216 1988 1525 2043 substantia
1583 1988 1765 2057 proles
1816 1990 2065 2059 ejusdem

506 2101 630 2140 cum
659 2086 915 2155 gignente
945 2082 1269 2139 substantia:
1294 2082 1660 2152 producatur:
1693 2091 1749 2138 at
1776 2087 1985 2141 creatio
2013 2098 2068 2144 et

504 2173 722 2229 eﬂectio
752 2174 855 2228 hoc
898 2180 1108 2227 tantum
1155 2172 1416 2241 requirit,
1466 2180 1523 2225 ut
1552 2182 1701 2227 extra
1721 2211 1741 2238 ,
1771 2183 1824 2230 ει
1852 2190 1962 2230 non
1996 2193 2064 2233 ex

2170 1824 2265 1893 τῆς
2310 1824 2498 1889 οὐσίας
2529 1827 2622 1880 τοῦ
2662 1828 2960 1895 γεννῶντος
2995 1827 3330 1897 προάγεσθαι
3370 1828 3433 1881 τὸ
3462 1828 3741 1899 γεννῶμε-

2171 1932 2260 1968 νον
2298 1915 2482 1986 ὅμοιον
2531 1918 2651 1972 κατ’
2694 1919 2903 1974 οὐσίαν.
2936 1919 3128 1982 Κτίσις
3172 1919 3229 1973 δὲ
3281 1920 3374 1972 καὶ
3422 1921 3646 1990 ποίησις
3677 1921 3741 1974 τὸ

2172 2005 2404 2075 ἔξωθεν,
2459 2009 2553 2062 καὶ
2591 2009 2692 2063 οὐκ
2737 2011 2801 2062 ὲκ
2844 2011 2943 2080 τῆς
2976 2010 3163 2074 οὐσίας
3195 2008 3287 2063 τοῦ
3324 2009 3603 2075 κτίζοντος
3640 2010 3741 2063 καὶ

2172 2098 2471 2166 ποιοῦντος,
2504 2100 2757 2169 γενέσθαι
2803 2100 2865 2154 τὸ
2919 2101 3239 2172 κτιζόμενον
3275 2102 3369 2156 καὶ
3412 2101 3739 2171 ποιούμενον

2170 2185 2420 2258 ἀνόμοιον
2449 2188 2725 2254 παντελῶς
2750 2189 2876 2246 κατ’
2905 2190 3113 2246 οὐσίαν.

505 2267 746 2323 creantis
780 2273 873 2320 aut
910 2266 1194 2321 eﬂieientis
1224 2266 1535 2322 substantia
1589 2267 1686 2323 ﬂat
1734 2269 1869 2324 illud
1916 2272 2062 2342 quod
2102 2289 2324 2337 creatur
2372 2292 2466 2339 aut
2509 2284 2760 2351 eilicitur,
2804 2284 3138 2355 omninoque
3177 2289 3443 2355 quantum
3513 2282 3581 2339 ad
3642 2297 3737 2340 es-

503 2358 733 2415 sentiam
768 2356 1035 2411 dissimile
1064 2357 1159 2411 sit.

567 2450 928 2516 Quamobrem
979 2454 1032 2506 in
1085 2452 1222 2514 Deo,
1275 2454 1369 2523 qui
1422 2453 1575 2509 solus
1622 2467 1653 2508 a
1703 2455 2058 2524 perpessione

502 2540 674 2603 omni,
704 2541 1025 2597 alteratione
1062 2558 1126 2597 ac
1170 2545 1473 2600 mutatione
1499 2545 1637 2599 liber
1664 2552 1767 2607 est,
1817 2560 2059 2616 semper-

500 2642 610 2696 que
656 2628 848 2683 eodem
883 2631 1046 2685 modo
1087 2646 1146 2686 se
1174 2632 1376 2699 habet,
1424 2641 1539 2687 tum
1583 2634 1892 2703 generatio,
1941 2642 2055 2690 tum

499 2720 712 2773 creatio
733 2759 748 2786 ,
775 2722 1048 2790 passionis
1074 2737 1274 2793 expers
1304 2732 1410 2781 est.
1505 2724 1639 2779 Nam
1671 2740 1795 2784 cum
1830 2741 1928 2781 nec
1958 2740 2055 2796 pa-

500 2808 712 2875 tibilis,
766 2827 867 2866 nec
909 2811 1068 2868 ﬂuxa:
1130 2823 1343 2869 naturae
1394 2816 1506 2882 sit;
1566 2819 1777 2888 quippe
1827 2820 2056 2889 simplex

498 2905 605 2960 est,
665 2914 766 2954 nec
824 2902 1166 2971 compositus
1225 2920 1240 2958 :
1293 2913 1443 2960 certe
1475 2920 1578 2961 nec
1615 2910 1925 2977 passionem
1957 2926 2057 2967 nec

500 2986 739 3052 ﬂuxum,
770 2990 855 3044 vel
881 2990 936 3044 in
983 2992 1331 3060 generando,
1374 2994 1458 3048 vel
1501 2995 1557 3050 in
1602 2999 1841 3052 creando
1872 3002 2056 3057 subire
2092 2996 2135 3053 C

498 3086 704 3147 potest,
758 3093 861 3134 nec
925 3082 1248 3151 cujusquam
1328 3098 1484 3154 opem
1552 3094 1715 3158 atque
1774 3088 2061 3158 adjumen-

499 3176 612 3221 tum
651 3169 949 3225 desiderat.
1000 3171 1068 3227 At
1113 3176 1391 3243 generatio
1432 3175 1650 3245 quidem
1696 3177 1916 3233 initium
1948 3196 2055 3235 non

500 3257 665 3313 habet
724 3261 1161 3331 sempiternaque
1218 3272 1333 3328 est,
1396 3275 1455 3319 ut
1522 3281 1647 3335 quae
1720 3279 1928 3324 naturae
1985 3272 2057 3326 sit

495 3362 635 3413 opus
655 3387 670 3410 ,
695 3363 870 3419 exque
894 3351 1067 3421 ipsius
1096 3354 1404 3408 substantia
1435 3355 1668 3425 prodeat
1693 3374 1711 3427 ;
1741 3374 1811 3415 ne
1845 3360 2050 3431 alioqui

496 3441 585 3495 ille
612 3440 705 3510 qui
742 3442 948 3512 gignit,
1001 3444 1362 3501 mutationem
1409 3446 1639 3514 subeat,
1682 3463 1748 3504 ac
1793 3460 2055 3519 praeterea

497 3544 565 3583 ne
593 3529 735 3587 Deus
765 3533 917 3600 prior
947 3534 1054 3597 sit,
1088 3532 1343 3604 Deusque
1379 3539 1673 3607 posterior,
1705 3554 1839 3596 neve
1868 3556 2055 3599 acces-

496 3620 710 3676 sionem
745 3622 1020 3692 recipiat:
1075 3625 1282 3679 creatio
1324 3634 1505 3681 autem
1548 3628 1601 3682 in
1654 3628 1796 3696 Deo,
1824 3646 1947 3686 cum
1983 3635 2057 3690 sit

497 3711 799 3767 voluntatis
832 3726 970 3783 opus
994 3752 1010 3779 ,
1043 3713 1154 3770 Deo
1191 3715 1442 3784 profecto
1469 3727 1742 3776 eoaeterna
1790 3738 1898 3779 non
1947 3734 2053 3782 est.

496 3798 649 3855 Haud
682 3801 827 3856 enim
876 3810 1075 3861 natura
1116 3814 1491 3875 comparatum
1536 3817 1650 3873 est,
1689 3800 1747 3865 ut
1789 3812 1937 3881 quod
1986 3828 2057 3869 ex

496 3890 671 3945 nihilo
695 3892 1037 3961 producitur,
1260 3898 1501 3952 eamdem
1529 3914 1653 3954 cum
1685 3916 1749 3956 eo
1777 3903 1921 3972 quod
1953 3905 2057 3959 ini-

496 3987 575 4038 tto
607 3990 793 4045 caret,
835 3991 889 4038 et
935 3986 1331 4054 sempiternum
1380 3998 1504 4054 est,
1548 3993 1911 4048 aeternitatem
1963 4003 2057 4050 aut

495 4072 918 4140 perpetuitatem
956 4074 1176 4128 habeat.
1230 4076 1706 4141 Quemadmodum
1752 4081 1919 4150 igitur
1953 4083 2054 4140 bo-

494 4162 658 4214 minis
684 4170 738 4215 et
770 4160 863 4216 Dei
899 4178 1005 4216 non
1037 4165 1222 4218 eadem
1252 4176 1337 4220 est
1381 4167 1649 4223 eﬂiciendi
1692 4173 1873 4240 ratio;
1923 4176 2053 4243 quia

495 4248 660 4301 homo
694 4248 829 4301 nihil
857 4265 922 4303 ex
954 4250 1124 4306 nihilo
1157 4253 1410 4321 producit
1442 4268 1459 4317 ;
1523 4258 1619 4314 sed
1705 4262 1848 4329 quod
1891 4264 2052 4320 eﬂicit

492 4354 558 4393 ex
588 4339 995 4407 praaexsisteute
1051 4350 1104 4396 et
1134 4342 1381 4410 subjecta
1414 4347 1642 4400 materia
1712 4348 1873 4416 facit;
1949 4370 2051 4410 nec
2085 4354 2130 4410 D

495 4430 827 4484 voluntatem
861 4431 1130 4486 duntaxat
1163 4434 1422 4497 adhibet,
1452 4437 1545 4491 sed
1580 4439 1735 4507 prius
1763 4442 1927 4496 etiam
1960 4460 2051 4500 eo~

493 4520 628 4589 gitat
651 4559 664 4583 ,
700 4519 945 4589 illudque
971 4524 1117 4592 quod
1151 4522 1398 4580 facturus
1426 4534 1548 4593 est,
1585 4529 1769 4585 animo
1806 4532 2044 4604 eﬂingit,

404 4608 411 4615 ’
494 4624 557 4663 ac
584 4611 811 4678 posthac
840 4628 1095 4667 manuum
1128 4630 1345 4685 quoque
1372 4616 1555 4671 addita
1582 4634 1745 4689 opera
1766 4658 1781 4685 ,
1807 4622 2046 4679 laborem

493 4708 543 4755 et
573 4703 877 4756 molestiam
909 4706 1145 4759 sustinet
1218 4720 1233 4759 :
1292 4721 1391 4760 nec
1426 4722 1554 4762 raro
1588 4712 1753 4765 etiam
1801 4728 1897 4782 spe
1947 4730 2045 4770 sua

492 4790 716 4854 labitur,
743 4799 803 4845 ut
832 4791 920 4847 cui
945 4792 1286 4861 propositum
1311 4809 1374 4848 ex
1406 4796 1573 4849 animi
1612 4799 1894 4854 voluntate
1934 4816 2042 4856 non

493 4878 750 4934 succedat
775 4898 786 4931 :
821 4878 963 4934 Deus
990 4890 1168 4934 autem
1202 4881 1316 4933 sola
1344 4883 1624 4937 voluntate
1654 4887 1833 4940 omnia
1863 4903 1929 4941 ex
1961 4890 2045 4943 ni-

491 4969 601 5023 hilo
633 4978 686 5023 ut
722 4978 906 5024 essent
939 4969 1232 5039 produxit:
1267 4971 1340 5024 ita
1379 4988 1476 5027 nec
1520 4976 1709 5030 eodem
1762 4980 1926 5031 modo
1961 4981 2041 5049 gi-

493 5067 665 5129 gnunt
696 5057 841 5114 Deus
868 5065 923 5113 et
949 5056 1130 5112 homo.
1168 5058 1309 5113 Deus
1350 5061 1523 5125 enim,
1572 5072 1629 5116 ut
1675 5065 1765 5134 qui
1813 5067 2041 5137 tempori

2259 2455 2379 2509 Ἐπὶ
2409 2456 2508 2527 μὲν
2530 2450 2623 2509 οὖν
2642 2453 2736 2509 τοῦ
2762 2456 2920 2526 μόνου
2946 2455 3209 2522 ἀπαθοῦς,
3235 2458 3328 2522 καὶ
3350 2458 3734 2525 ἀναλλοιώτου,

2177 2549 2272 2604 καὶ
2305 2548 2573 2618 ἀτρέπτου
2595 2586 2611 2611 ,
2659 2548 2749 2601 καῖ
2786 2547 2872 2600 ἀεὶ
2900 2547 3161 2610 ὡσαύτως
3190 2548 3401 2617 ἔχοντος
3431 2547 3567 2601 Θεοῦ
3593 2588 3607 2613 ,
3642 2551 3743 2602 καὶ

2175 2631 2238 2693 τὸ
2272 2639 2487 2708 γεννᾷν,
2521 2638 2614 2691 καὶ
2652 2637 2713 2690 τὸ
2758 2639 2989 2705 κτίζειν,
3036 2638 3276 2703 ἀπαθές’
3322 2638 3481 2709 φύσει
3523 2641 3630 2711 γὰρ
3663 2640 3742 2695 ῶν

2178 2727 2392 2799 ἀπαθὴς
2423 2729 2513 2781 καὶ
2561 2730 2893 2800 ἀῤῥευστος,
2930 2729 3005 2792 ὡς
3051 2730 3257 2793 ἁπλοῦς
3289 2731 3381 2784 καὶ
3422 2731 3740 2797 ἀσύνθετος,

2176 2820 2236 2872 οὐ
2265 2820 2529 2888 πέφυκεν,
2563 2817 2854 2890 ὑπομένειν
2900 2820 3090 2887 πάθος,
3122 2821 3155 2891 ἢ
3188 2820 3393 2891 ρεῢσιν,
3422 2821 3543 2875 οὐτε
3575 2824 3631 2875 ὲν
3660 2823 3743 2893 τῷ

2177 2911 2391 2979 γεννᾷν,
2443 2910 2568 2963 οὐτε
2616 2912 2674 2964 ὲν
2706 2911 2784 2982 τῷ
2837 2911 3063 2976 κτίζειν,
3097 2912 3216 2964 οὐδέ
3254 2929 3400 2976 τινος
3447 2915 3738 2985 συνεργίας
3772 2913 3783 2921 ’

2176 2999 2384 3053 dsit-ar
2436 3001 2553 3055 ἀλλ’
2597 3003 2629 3072 ἡ
2685 3003 2783 3073 μὲν
2832 3003 3085 3071 γέννησις
3132 3005 3365 3075 ἄναρχος
3412 3007 3507 3060 καὶ
3543 3007 3737 3072 ἀΐδιος,

2178 3089 2391 3159 φύσεως
2418 3090 2579 3162 ἔργον
2620 3089 2776 3155 οὐσα,
2818 3094 2910 3148 καὶ
2954 3096 3017 3147 ὲκ
3057 3096 3156 3164 τῆς
3184 3096 3372 3159 οὐσίας
3404 3098 3568 3151 αὐτοῦ
3600 3115 3741 3169 προ-

2177 3181 2404 3248 άγουσα,
2442 3182 2529 3236 ἵνα
2571 3183 2779 3253 τροπὴν
2805 3185 2832 3237 ὁ
2854 3184 3060 3252 γεννῶν
3094 3185 3167 3255 μὴ
3197 3187 3486 3259 ὑπομείνῃ,
3525 3190 3619 3243 καὶ
3650 3190 3741 3244 ἵνα

2179 3273 2255 3341 μὴ
2270 3272 2401 3336 Θεὸς
2432 3272 2664 3345 πρῶτος,
2700 3275 2797 3329 καὶ
2823 3275 2954 3339 Θεὸς
2984 3276 3207 3348 ὕστερος
3242 3278 3350 3348 εἴη,
3380 3281 3471 3332 καὶ
3498 3280 3741 3353 προσθή-

2176 3377 2278 3432 κην
2309 3361 2543 3434 δέξηται.
2588 3364 2652 3418 Ἦ
2684 3365 2741 3419 δὲ
2784 3366 2961 3430 κτίσις
2997 3367 3091 3420 ἐπὶ
3127 3367 3262 3421 Θεοῦ
3289 3405 3307 3435 ,
3465 3370 3742 3440 θελήσεως

2176 3451 2335 3522 ἔργον
2361 3449 2524 3519 οὐσα,
2555 3455 2615 3507 οὐ
2655 3457 2924 3520 συνατδιός
2972 3458 3089 3511 ἐστι
3132 3457 3212 3529 τῷ
3243 3458 3383 3528 Θεῷ.
3428 3461 3651 3533 Ἐπειδὴ
3676 3465 3739 3517 οὐ

2175 3542 2386 3611 πέφυκε
2426 3545 2485 3597 τὸ
2516 3546 2579 3599 ὲκ
2600 3546 2693 3599 τοῦ
2737 3548 2812 3617 μὴ
2845 3547 2998 3611 ὄντος
3030 3549 3112 3611 είς
3139 3549 3200 3603 τὸ
3243 3545 3381 3604 εἶναι
3420 3555 3742 3624 παραγόμε-

2174 3647 2265 3685 νον
2294 3634 2559 3687 συναῖδιον
2592 3629 2729 3691 εἶναι
2760 3636 2835 3707 τῷ
2868 3637 3087 3708 ἀνάρχῳ
3120 3638 3212 3693 καὶ
3242 3640 3325 3692 ἀεὶ
3362 3640 3493 3693 ὄντι.
3521 3642 3740 3714 Ὥσπερ

2173 3715 2265 3774 οὖν
2288 3722 2317 3762 δ
2348 3723 2446 3792 οὐχ
2478 3723 2678 3795 ὁμοίως
2717 3727 2864 3780 ποιεῖ
2900 3727 3184 3798 ἄνθρωπος
3221 3731 3313 3781 καὶ
3352 3729 3516 3792 Θεόςο
3570 3732 3599 3784 ὀ
3631 3734 3735 3802 μὲν

2174 3808 2282 3881 γάρ
2304 3811 2588 3882 ἄνθρωπος
2615 3814 2766 3868 οὐδὲν
2797 3817 2860 3869 ἐκ
2897 3816 2988 3871 τοῦ
3028 3819 3100 3888 μὴ
3148 3818 3296 3881 ὄντος
3333 3820 3412 3883 είς
3443 3819 3551 3892 {ea}
3581 3818 3730 3878 εἶναι

2174 3899 2432 3968 παράγει,
2482 3900 2597 3954 ἀλλ’
2644 3903 2782 3974 ὅπερ
2812 3907 2955 3958 ποιεί
3000 3908 3063 3959 ὲκ
3095 3909 3565 3980 προϋποκειμένης
3601 3910 3741 3981 ὕλης

2174 3992 2347 4057 ποιεῖ,
2394 3992 2456 4045 οὐ
2490 3991 2722 4064 θελήσας
2770 3997 2961 4065 μόνον,
2996 3996 3132 4052 ἀλλὰ
3176 3998 3270 4053 καὶ
3313 4002 3733 4072 προεπινοήσας,

2173 4078 2266 4130 καὶ
2294 4080 2351 4132 ἐν
2386 4079 2465 4149 τῷ
2491 4080 2567 4151 νῷ
2591 4082 2946 4148 ἁνατυπώσας
2972 4085 3032 4138 τὸ
3061 4089 3421 4157 γενησόμενον
3441 4133 3457 4155 ,
3488 4087 3605 4145 εἶτα
3644 4094 3732 4145 καὶ

2174 4167 2358 4236 χερσὶν
2387 4168 2791 4240 ἐργασάμενος,
2828 4173 2922 4226 καὶ
2954 4175 3120 4227 κόπον
3168 4176 3468 4246 ὑπομείνας
3502 4182 3597 4234 καὶ
3637 4184 3731 4237 κά-

2177 4274 2365 4326 ματον,
2404 4260 2667 4325 πολλάκις
2707 4262 2765 4316 δὲ
2802 4265 2895 4317 καὶ
2928 4266 3259 4336 ἀστοχήσας,
3293 4270 3366 4338 μὴ
3399 4270 3731 4338 ἀποϐάντος,

2173 4348 2313 4401 καθά
2346 4349 2617 4419 βούλεται,
2658 4353 2750 4405 τοῦ
2779 4356 3237 4426 ἐπιτηδεύματοςο
3267 4362 3295 4413 ὁ
3329 4360 3385 4413 δὲ
3412 4362 3542 4425 Θεὸς
3572 4364 3730 4436 θελή-

2172 4454 2273 4501 σας
2302 4442 2577 4528 μόνον,ᾼὲκ
2606 4443 2698 4496 τοῦ
2733 4444 2806 4515 μὴ
2840 4445 2988 4510 ὄντος
3022 4447 3100 4510 εἰς
3126 4447 3186 4501 τὸ
3218 4446 3357 4503 εἶναι
3385 4454 3563 4507 πάντα
3595 4472 3729 4528 παρ-

2172 4524 2397 4594 ήγαγεν.
2431 4526 2616 4592 Οὕτως
2643 4530 2762 4583 οὐδὲ
2806 4533 3005 4602 ὁμοίως
3042 4537 3205 4605 γεννᾷ
3240 4536 3373 4600 Θεὸς
3402 4540 3497 4592 καὶ
3523 4524 3729 4613 ἀνθρῶ-

2172 4628 2287 4677 πος.
2332 4617 2394 4668 Ὀ
2432 4616 2530 4686 μὲν
2570 4618 2678 4689 γὰρ
2706 4619 2870 4684 Θεὸς,
2914 4622 3141 4693 ἄχρονος
3184 4624 3259 4678 ῶν
3284 4667 3299 4691 ,
3343 4629 3435 4682 καὶ
3474 4630 3729 4702 ἄναρχος,

2171 4705 2265 4755 καὶ
2318 4706 2577 4778 ἀπαθὴς,
2621 4709 2715 4762 καὶ
2761 4710 3090 4781 ἀρρευστος,
3126 4715 3220 4767 καὶ
3264 4718 3593 4788 ἀσώματος,
3636 4726 3727 4778 καὶ

2174 4793 2350 4862 μόνος,
2375 4791 2467 4849 καὶ
2502 4797 2875 4867 ἀτελεύτητος,
2910 4803 3178 4873 ἀχρόνως,
3218 4808 3310 4859 καὶ
3336 4809 3607 4879 ἀνάρχως,
3634 4816 3726 4866 καὶ

2169 4881 2415 4950 ἀπαθῶς,
2469 4887 2562 4940 καὶ
2610 4888 2926 4957 ἀρῤεὐστως
2981 4896 3183 4964 γεννᾷ,
3243 4898 3335 4949 καὶ
3387 4899 3543 4961 ἐκτὸς
3596 4920 3726 4955 συν-

2168 4968 2410 5041 ὄυασμοῦ
2442 4975 2462 4993 ⁹
2554 4973 2650 5028 καὶ
2745 4975 2866 5029 οὐτε
2917 4978 3090 5049 ἀρχὴν
3135 4982 3307 5052 ἔχειή
3342 4984 3731 5055 ἀκατάληπτος

2168 5059 2332 5113 αὐτοῦ
2360 5063 2643 5132 γέννησις,
2689 5066 2808 5119 οὐδὲ
2846 5067 3017 5130 τέλος.

497 5148 633 5204 non'
664 5153 860 5217 subsit,
910 5162 963 5207 et
998 5152 1285 5222 principio,
1341 5156 1592 5224 passione
1635 5169 1698 5208 ac
1741 5154 1975 5210 ﬂuxione
2019 5156 2165 5210 omni
2215 5164 2387 5223 vacet,
2430 5157 2604 5226 sitque
2648 5157 3019 5227 incorporeus,
3069 5171 3134 5212 ac
3183 5156 3328 5212 solus
3373 5156 3439 5211 ab
3486 5156 3715 5211 interitu

498 5242 669 5306 liber;
729 5244 801 5297 ita
838 5246 970 5298 citra
1006 5243 1219 5313 tempus
1248 5261 1480 5315 quoque,
1528 5256 1581 5300 et
1615 5248 1958 5316 principium,
1988 5258 2037 5302 et
2087 5250 2416 5316 passionem,
2450 5258 2505 5303 et
2542 5249 2765 5315 ﬂuxum,
2806 5258 2860 5304 et
2898 5250 3014 5305 sine
3052 5249 3160 5303 ullo
3198 5264 3488 5321 congressu
3519 5248 3716 5325 gignit,

494 5346 558 5386 ac
607 5346 705 5386 nec
735 5334 980 5399 initium,
1033 5350 1135 5390 nec
1182 5335 1341 5389 ﬁnem
1390 5337 1555 5390 habet
1584 5336 2148 5406 incomprehensibilis
2181 5338 2348 5408 ipsius
2378 5340 2679 5407 generatio.

569 5424 643 5477 Ac
671 5426 901 5492 proinde
934 5427 1294 5496 sempiternus
1326 5428 1465 5482 Deus
1494 5428 1726 5482 Verbum
1753 5444 1908 5483 suum
1932 5430 2048 5484 sine

498 5511 765 5582 principio
800 5533 861 5573 ac
922 5517 1027 5573 fine
1076 5520 1275 5591 gignit;
1326 5536 1393 5574 ne
1432 5520 1631 5589 alioqui
1680 5519 1842 5584 Deus,
1891 5521 2047 5590 cujus

498 5608 695 5656 natura
744 5621 806 5661 ac
850 5610 1165 5666 exsistentia
1228 5619 1439 5681 tempus
1485 5626 1646 5667 omne
1705 5618 1946 5679 superat,
1993 5610 2045 5663 in

2219 5430 2386 5499 Γεννᾷ
2432 5432 2608 5483 τοίνυν
2649 5430 2677 5482 ὁ
2724 5430 2812 5482 ἀεὶ
2858 5428 2931 5481 ῶν
2975 5428 3105 5490 Θεὸς
3144 5426 3234 5481 τὸν
3271 5425 3464 5480 ἑαυτοῦ
3515 5428 3717 5495 Λόγονί

2149 5518 2353 5571 τέλειον
2385 5518 2535 5580 ὄντα,
2566 5520 2833 5590 ἀνάρχως,
2866 5520 2959 5573 xui.
2992 5517 3383 5587 ἀτελευτήτως,
3424 5517 3508 5570 ἵνα
3544 5515 3621 5587 μὴ
3652 5518 3713 5571 ὲν

2149 5606 2329 5680 χρόνῳ
2357 5607 2512 5681 τίκτῃ
2548 5609 2700 5671 Θεὸς,
2740 5611 2767 5662 ὁ
2798 5607 2995 5679 χρόνον
3034 5606 3312 5669 ἀνωτέραν
3345 5605 3482 5677 ἔχων
3512 5607 3610 5667 τήν
3647 5619 3711 5656 τι
