4026 6212
511 321 623 386 "107

1757 312 2138 377 EUTHYMII
2179 313 2538 376 ZlGAllENi

3671 305 3774 372 103

524 435 686 488 unico
721 451 769 497 ν,
810 438 1003 497 sonat;
1048 427 1152 483 alia
1190 437 1392 491 creata,
1425 439 1586 496 quam
1621 439 1726 480 vox
1754 426 1954 498 γενητὴ
2009 427 2095 481 de-

2204 427 2449 496 διαφέρει
2482 426 2640 480 οὐσία
2670 422 2891 489 οὐσίας’
2938 423 3139 489 παντὸς
3187 423 3295 495 γὰρ
3343 422 3518 487 εἴδους
3551 423 3708 488 ζώων
3746 425 3775 492 ἡ

524 534 694 580 notat.
729 521 984 578 Secundo
1036 531 1218 575 autem
1263 517 1598 588 significandi
1647 531 1847 588 genere
1888 519 2096 572 nullum

517 618 777 672 essentia:
805 616 872 669 ab
902 612 1138 668 essentia
1167 610 1464 664 discrimen
1510 609 1808 664 inducitur.
1853 609 2094 664 Primum

525 710 671 763 enim
733 709 996 776 cujusque
1057 703 1420 756 animantium
1483 701 1686 771 speciei
1757 702 2095 756 individuum

506 803 843 870 ἀγέννητον.
883 799 976 851 seu
1024 794 1326 864 ingenitum
1356 803 1470 859 est;
1512 809 1619 848 non
1655 795 1781 848 item
1813 795 2092 864 ἀγένητον,

525 893 628 946 hoc
669 903 751 945 est
791 889 1015 942 minimc
1051 887 1328 955 conditum
1361 895 1414 940 et
1454 887 1677 940 factum.
1724 886 1767 939 Δ
1803 887 2095 940 (Συηὼιοτθ

2201 519 2394 588 πρώτη
2431 520 2727 580 ὑπόστασις
2756 516 3051 588 ἀγέννητός
3084 519 3255 580 ἐστιν,
3289 516 3406 569 ἀλλ’
3434 517 3536 568 οὐκ
3581 517 3783 586 ἀγένη-

2195 629 2310 674 τος.
2355 609 2717 679 Ἐκτίσθησαν
2745 609 2846 678 μὲν
2871 607 2978 678 γὰρ
3012 608 3115 661 ῠπδ
3151 607 3247 660 τοῦ
3281 606 3659 678 Δημιουργοῦ,
3702 608 3782 677 τῷ

2193 702 2337 772 λόγῳ
2368 701 2533 755 αὐτοῦ
2564 700 2918 769 παραχθέντα
2943 701 3022 763 είς
3045 701 3282 768 γένεσιν.
3309 701 3384 752 06
3415 700 3523 770 μὴν
3555 699 3786 768 ἐγεννή-

2195 793 2390 860 θησαν,
2427 792 2500 862 μὴ
2534 791 2988 862 προϋπάρχοντος
3035 792 3226 861 ἑτέρου
3273 791 3578 862 ὁμοειδοῦς,
3625 791 3686 858 ὲξ
3713 785 3775 845 06

2193 884 2517 955 τεννηῧῶσι.

519 983 720 1054 quippe
745 996 946 1042 rerum,
980 995 1076 1048 per
1104 979 1274 1049 ἰρεὶυη
1303 978 1538 1034 Verbum
1564 980 1615 1032 in
1647 990 1826 1033 ortum
1861 980 2120 1047 producta
2151 991 2298 1032 sunt.
2335 980 2400 1032 At
2434 995 2540 1033 non
2562 977 2778 1050 genita;
2806 987 2931 1034 cum
2959 987 3084 1033 ante
3109 977 3318 1032 nullum
3338 975 3487 1032 aliud
3518 978 3770 1047 ejusdem

521 1076 720 1147 speciei
745 1075 1022 1146 singulare
1047 1081 1309 1134 exstaret.
1344 1089 1406 1127 ex
1428 1089 1535 1141 quo
1570 1075 1948 1143 gignerentur.

593 1173 871 1236 Quantum
954 1169 1122 1236 igitur
1198 1168 1264 1222 ad
1345 1170 1573 1238 primam
1643 1169 2097 1238 signiﬁcationem

521 1263 742 1326 attinet,
771 1261 1003 1330 singulis
1029 1263 1202 1315 tribus
1233 1270 1436 1314 sanctae
1483 1260 1708 1315 Deitatis
1738 1260 2095 1314 divinissimis

505 1355 770 1424 .personis
813 1368 911 1406 vox
960 1353 1223 1420 ἀγένητος
1281 1353 1558 1407 convenit.
1637 1353 1895 1423 Ejusdem
1951 1356 2096 1409 enim

507 1445 840 1502 substantia:
884 1452 1013 1497 sunt
1042 1451 1099 1496 et
1150 1443 1428 1498 incrcatte.
1475 1443 1750 1509 Quantum
1794 1457 1976 1500 autem
2028 1447 2096 1502 ad

522 1538 973 1601 secundam,non
1005 1537 1136 1591 item
1168 1554 1182 1590 :
1233 1537 1384 1590 solus
1422 1538 1570 1591 enim
1610 1537 1772 1592 Pater
1819 1539 2094 1610 ingenitus

511 1638 628 1684 .ost.
663 1626 774 1682 Nec
803 1627 948 1681 enim
976 1627 1045 1697 ab
1089 1627 1194 1682 alia
1231 1643 1464 1697 persona
1509 1628 1671 1684 habet
1700 1638 1759 1684 ut
1800 1633 1892 1686 sit.
1933 1633 2094 1689 Solus

2279 1167 2435 1221 Κατὰ
2485 1167 2584 1237 μὲν
2632 1163 2727 1221 οὖν
2759 1162 2819 1220 τὺ
2866 1163 3082 1238 πρῶτον
3142 1169 3544 1238 σημαινόμενον
3597 1189 3788 1225 κοινω-

2202 1260 2389 1313 νοῦσιν
2441 1262 2496 1313 αί
2523 1263 2674 1331 τρεῖς
2709 1260 2810 1329 τῆς
2858 1260 3020 1328 ἁγίας
3051 1259 3306 1330 θεότητος
3357 1260 3612 1331 ὑπέρθεοι
3647 1264 3779 1316 ὑπο·

2201 1357 2420 1416 στάσεις
2457 1369 2471 1383 ⁸
2521 1353 2798 1423 ὀμοούσιοι
2856 1351 2964 1420 γὰρ
3010 1355 3104 1406 καὶ
3157 1354 3401 1405 ἄκτιστοι
3450 1353 3782 1423 ὑπάρχουσι.

2202 1448 2358 1502 Κατὰ
2383 1444 2440 1498 δὲ
2485 1445 2547 1498 τὸ
2574 1443 2828 1514 δεύτερον
2881 1435 3306 1513 σημαινόμενον,
3359 1446 3613 1515 οὐδαμῶς
3637 1464 3651 1478 ·
3679 1451 3786 1516 μό-

2198 1558 2288 1603 νος
2321 1539 2430 1610 γὰρ
2459 1542 2486 1592 6
2517 1540 2707 1608 Πατὴρ
2733 1538 3027 1606 ἀγέννητος
3049 1553 3062 1567 ⁸
3095 1537 3153 1590 οὐ
3183 1539 3290 1606 γὰρ
3317 1539 3373 1604 ἐξ
3404 1539 3592 1608 ἑτέρας
3629 1539 3783 1592 ἐστὶν

2195 1633 2344 1704 αὐτῷ
2382 1633 2737 1696 ὑποστάσεως
2761 1633 2822 1686 16
2851 1627 3016 1685 εῖναι.
3045 1633 3156 1686 Kal.
3185 1633 3344 1701 μόνος
3370 1632 3398 1684 6
3429 1632 3552 1693 Υίδς
3583 1639 3785 1702 γεννη-

529 1720 691 1775 etiam
727 1717 895 1773 Filius
930 1686 1146 1789 genitus
1173 1686 1256 1774 est
1291 1737 1305 1774 :
1333 1723 1397 1775 ex
1418 1719 1595 1776 Patris
1611 1723 1764 1777 enim
1786 1725 2092 1782 substantia

2204 1686 2328 1791 16;:
2385 1729 2450 1780 ὲκ
2482 1726 2583 1796 τῆς
2614 1686 2732 1780 τοῦ.
2759 1725 2973 1796 Πατρδς
3022 1725 3129 1797 γὰρ
3157 1686 3348 1788 οιύσῖας
3383 1686 3656 1804 ,ἂνάρνχως
3681 1686 3782 1780 καὶ

505 1812 727 1881 .absquc
756 1811 914 1866 initio
933 1812 1044 1866 ullo
1075 1827 1138 1867 ac
1160 1822 1408 1883 tempore
1430 1816 1645 1884 genitus
1679 1824 1783 1871 est.
1817 1817 1977 1875 Solus
1997 1821 2095 1877 de-

511 1900 686 1970 nique
714 1898 951 1969 Spiritus
973 1910 1198 1956 sanctus
1220 1917 1287 1979 es
1312 1903 1495 1981 _Patris
1527 1907 1747 1976 quidem
1793 1911 2098 1966 substantia

507 1986 892 2056 progreditur,
931 2001 1044 2041 non
1077 1988 1436 2056 generatione
1457 2028 1473 2056 ,
1509 1991 1605 2046 sed
1639 1991 1997 2061 process-iane
2047 1997 2098 2047 ·ι.

514 2085 598 2133 ιιι
645 2077 794 2132 enim
840 2091 871 2130 a
917 2077 1101 2133 divina
1152 2077 1436 2152 Scriptura
1485 2082 1828 2138 edocemur:
1875 2083 2096 2139 tametsi

517 2167 725 2236 alioqui
774 2169 1144 2238 generationis
1187 2185 1252 2225 ac
1297 2174 1673 2241 processionis
1716 2173 1912 2230 modus
1947 2174 2097 2228 nulla

515 2257 719 2326 ingenii
755 2257 806 2311 vi
842 2258 1228 2326 comprehendi
1265 2261 1458 2330 possit.

584 2347 728 2415 Quin
760 2350 896 2404 illud
921 2365 1141 2420 quoque
1163 2365 1328 2407 nosse
1347 2353 1578 2409 interest
1598 2394 1613 2418 ,
1641 2355 2009 2425 paternitatis,
2036 2353 2102 2410 ﬁ-

511 2437 751 2506 lietatis,
786 2449 842 2495 et
869 2443 1255 2510 processionis
1288 2444 1558 2500 vocabula
1596 2460 1705 2500 nun
1749 2460 1782 2500 a
1826 2447 1986 2503 nobis
2027 2447 2097 2502 ad

511 2531 728 2588 beatam
763 2530 1031 2588 Deitatem
1065 2548 1190 2591 esse
1223 2536 1495 2591 translata
1517 2576 1534 2600 ,
1571 2551 1759 2592 verum
1791 2549 1986 2594 contra
2027 2539 2098 2594 ii-

509 2621 626 2677 liue
652 2623 814 2680 armis
843 2625 1252 2679 communicata
1270 2664 1284 2688 ,
1309 2625 1775 2696 quemadmodum
1797 2629 2097 2699 Apostolus

512 2715 592 2768 ait
619 2734 633 2769 :
672 2715 957 2784 Propterea
983 2718 1138 2786 ﬂecto
1163 2725 1338 2789 genua
1371 2735 1485 2773 mea
1519 2720 1589 2774 ad
1625 2719 1873 2786 Patrem,
1899 2735 1966 2776 ca:
1991 2735 2096 2792 quo

515 2807 686 2862 omnis
713 2809 1011 2877 paternitas
1039 2809 1096 2864 in
1121 2810 1250 2864 creto
1279 2820 1327 2864 et
1360 2811 1415 2864 in
1444 2820 1588 2866 terra
1617 2820 1703 2868 est
1761 2815 1803 2867 ³.

583 2984 861 3052 Quomodo
895 2985 1058 3043 Pater
1091 2988 1263 3058 major
1297 2986 1466 3045 Filio.
1511 2989 1740 3044 Verbum
1770 3007 1874 3046 non
1901 3001 1980 3046 est
2014 2993 2096 3047 in-

512 3086 862 3134 strumentum
899 3078 1100 3135 Patris.
1135 3110 1204 3121 —
1227 3081 1384 3145 Quod
1415 3081 1461 3137 si
1499 3080 1720 3137 Patrem
1768 3081 1892 3138 Filii
1938 3084 2094 3154 prin-

2193 1819 2439 1891 ἀχρόνως
2471 1819 2811 1890 γεγέννηται.
2853 1816 2953 1870 Καὶ
2991 1818 3153 1886 μόνον
3181 1818 3242 1870 16
3273 1815 3499 1887 Πνεῦμα
3523 1818 3583 1869 16
3615 1816 3778 1883 ἄτιον

2200 1911 2556 1984 ὶκπορευτδν,
2590 1909 2652 1965 ὲκ
2680 1912 2779 1982 τῆς
2802 1912 2897 1964 τοῦ
2936 1908 3147 1982 Πατρδς
3174 1908 3387 1984 οὐσίας,
3407 1909 3469 1962 οὐ
3492 1908 3778 1978 γεννώμεφ

2200 1992 2315 2055 νον,
2344 1990 2460 2044 ἀλλ’
2486 1991 2926 2062 ἐκπορευόμενον
2945 2009 2958 2020 ·
2987 1991 3130 2044 οὕτω
3157 1991 3261 2060 μιν
3338 1993 3437 2059 τῆς
3467 1993 3789 2059 Θείαςδιδαο

2204 2082 2443 2154 σκούσης
2473 2081 2718 2154 Γραφῆς,
2754 2083 2848 2136 τοῦ
2877 2068 2932 2137 δὲ
2972 2083 3178 2156 τρόπου
3211 2085 3312 2154 τῆς
3349 2087 3659 2158 γεννήσεως
3685 2086 3787 2142 καὶ

2199 2173 2302 2244 τῆς
2333 2172 2716 2246 ὲκπορεύσεως
2747 2175 3134 2246 ἀκαταλήπτου
3166 2177 3527 2246 ὑπάρχοντος.

2271 2359 2385 2412 Kal.
2417 2357 2576 2412 10610
2623 2358 2678 2412 δὲ
2729 2358 2946 2424 ίστέον,
3026 2359 3103 2421 ὡς
3210 2357 3311 2410 οὐκ
3360 2357 3420 2422 ἐξ
3447 2358 3602 2428 ἡμῶν
3648 2374 3785 2427 μετ-

2196 2449 2405 2524 ,ηνέχθη
2441 2451 2533 2503 ἐπὶ
2556 2448 2655 2521 τὴν
2693 2449 2972 2520 μακαρίαν
3000 2450 3232 2519 Θεότητα
3267 2449 3331 2503 16
3369 2449 3470 2519 τῆς
3502 2451 3784 2519 πατρότη-

2198 2560 2314 2610 τος,
2342 2543 2439 2596 καὶ
2465 2541 2733 2612 υἷότητος,
2778 2547 2873 2596 καὶ
2898 2543 3284 2614 ὲκπιιρεύσεως
3320 2542 3493 2613 ὄνομα
3513 2558 3526 2572 ’
3554 2543 3784 2596 τούναν-

2199 2636 2315 2688 τίον
2360 2634 2418 2688 δὲ
2446 2634 2659 2688 ἐκεῖθεν
2693 2624 2827 2704 ἡμῖν
2870 2635 3244 2705 μεταδεδοται,
3270 2620 3346 2699 ὣς
3376 2652 3544 2705 φησιν
3577 2637 3607 2689 6
3637 2633 3786 2700 θεῖος

2211 2726 2532 2789 ’Δπόστολος
2556 2743 2569 2757 ο
2610 2723 2712 2780 Διὰ
2765 2726 2942 2780 τοῦτο
2992 2726 3238 2796 κάμπτω
3280 2726 3351 2780 τὰ
3390 2725 3612 2796 γόνατά
3657 2745 3783 2796 μου

2197 2820 2349 2889 πρὸς
2368 2821 2474 2874 τὸν
2502 2819 2754 2887 Πατέρα,
2784 2819 2854 2884 ἐξ
2877 2814 2950 2875 οὗ
2987 2819 3155 2875 πᾶσα
3193 2817 3408 2888 πατριὰ
3431 2818 3503 2872 ἐν
3543 2818 3784 2888 οὐρανῷ

2197 2912 2295 2967 καὶ
2323 2912 2422 2965 ἐπὶ
2453 2909 2588 2980 τῆς.

2268 3004 2333 3059 Ei
2369 3003 2428 3056 δὲ
2466 3003 2698 3074 λέγομεν
2810 3005 2905 3058 16v
3007 3003 3230 3072 Πατέρα
3276 3002 3450 3074 ἀρχὴν
3496 2999 3636 3056 εἶναι
3678 2985 3780 3058 τοῦ

2198 3093 2328 3149 Υίοῦ
2363 3096 2458 3148 καὶ
2505 3096 2750 3166 μείζονα,
2779 3096 2842 3149 οὐ
2886 3092 3244 3166 ⁴ἑτροτερεύειν
3291 3093 3456 3146 αὑτὸν
3505 3092 3603 3147 τοῦ
3646 3092 3780 3147 me

510 3171 713 3244 cipiunt
735 3180 792 3228 et
813 3172 1082 3242 majorem
1107 3179 1230 3230 esse
1253 3175 1489 3231 dicimus
1507 3219 1522 3242 ,
1552 3175 1978 3248 haudquaquam
2009 3178 2095 3234 his

2204 3184 2458 3256 xp6np,ﬁ
2509 3184 2668 3254 φύσει
2719 3185 3118 3254 ὑποφαίνομεν·
3167 3184 3234 3238 δι’
3277 3183 3444 3238 αὐτοῦ
3494 3183 3604 3255 γὰρ
3649 3183 3781 3248 τοὺς

512 3262 697 3319 verbis
731 3278 856 3318 eum
892 3262 1033 3318 Filio
1063 3265 1148 3319 vel
1192 3273 1441 3336 tempore
1487 3267 1726 3337 priorem
1769 3269 1853 3323 vel
1897 3276 2096 3324 natura

504 3355 954 3425 praestantiorem
987 3371 1113 3412 esse
1147 3356 1464 3412 indicamus
1499 3360 1521 3392 ³
1571 3358 1589 3427 (
1616 3373 1710 3426 per
1737 3358 1914 3429 ipsum
1947 3359 2094 3415 enim

510 3450 644 3506 fecit
668 3437 870 3508 saeuis
911 3452 981 3522 ι),
1015 3459 1116 3507 nec
1137 3448 1381 3523 denique
1403 3454 1508 3508 alia
1537 3468 1596 3508 re
1623 3469 1783 3524 quam
1814 3455 1930 3510 sola
1961 3470 2093 3509 cau-

501 3558 614 3609 sa;
651 3546 754 3601 hoc
783 3545 1025 3615 estquia
1053 3561 1119 3600 ex
1155 3540 1317 3600 Patre
1345 3547 1565 3615 genitus
1606 3555 1724 3612 est,
1764 3546 1873 3601 nun
1910 3556 2092 3602 autem

500 3635 677 3694 Pater
706 3654 771 3694 ex
799 3637 949 3692 ‘l’ilio
976 3657 991 3706 ;
1020 3647 1076 3693 et
1103 3638 1234 3708 quia
1267 3647 1422 3708 pater
1449 3637 1779 3694 naturaliter
1808 3640 1903 3694 filii
1933 3656 2100 3695 causa

496 3739 595 3786 est
618 3747 635 3785 :
662 3725 1128 3801 quemadmodum
1157 3737 1262 3784 n'ec
1295 3731 1473 3800 ignem
1507 3747 1572 3784 ex
1609 3731 1729 3787 luce
1763 3731 1985 3802 prodire
2015 3730 2101 3785 di-

497 3823 689 3878 cimus
707 3861 723 3886 .
749 3829 940 3876 verum
969 3820 1148 3876 lucem
1174 3828 1239 3876 es
1263 3821 1410 3892 igne.
1438 3819 1707 3887 Quocirca
1732 3837 1854 3876 cum
1886 3820 2099 3876 Patrem

512 3913 636 3968 Filii
670 3912 1002 3983 principium
1035 3927 1101 3967 ac
1141 3911 1269 3968 Filii
1321 3913 1589 3982 majorem
1619 3915 1998 3982 audierimus,
2046 3914 2100 3969 id

509 4019 698 4062 cum
726 4003 1369 4074 rationejtttell'igamt't's.
1399 4003 1460 4058 Et
1493 4003 1672 4074 i‘gnc'rn
1706 4003 1850 4060 sicut
1881 4009 1988 4060 non
2022 4008 2103 4059 al-

510 4093 686 4150 terius
713 4095 1040 4149 substantia:
1067 4107 1194 4148 esse
1221 4095 1501 4150 dicimus.
1553 4109 1618 4148 ac
1667 4109 1866 4150 rursus
1911 4095 2099 4150 lucem

509 4186 748 4241 alterius
775 4203 792 4252 ;
825 4186 1018 4239 eodem
1054 4183 1220 4238 modo
1265 4199 1365 4239 nec
1396 4182 1627 4242 alterius
1653 4179 1975 4242 substantiae
2000 4186 2102 4242 Pa-

511 4287 614 4339 ter.
646 4277 877 4332 alterius
899 4274 1074 4331 Filius
1106 4275 1214 4330 dici
1243 4283 1462 4346 potest;
1496 4279 1591 4333 sed
1626 4279 1790 4333 unius
1820 4279 2095 4350 ejusdem-

508 4385 638 4441 quc.
759 4368 1076 4432 Praeterea,
1128 4369 1275 4424 sicut
1325 4370 1506 4440 ignem
1555 4379 1652 4440 per
1696 4371 1874 4425 lucc'm
1927 4389 1992 4427 ex
2027 4389 2092 4429 eo

2199 3277 2403 3340 αἰῶνας
2431 3277 2716 3347 ἐποίησεν·
2746 3277 2866 3331 οὐδὲ
2895 3277 3016 3330 καθ’
3045 3275 3234 3348 ἕτερόν
3262 3294 3338 3340 τι,
3370 3277 3419 3329 εί
3453 3275 3531 3348 μὴ
3558 3275 3698 3330 κατὰ
3719 3275 3783 3330 16

2199 3369 2400 3422 αἴτιονο
2432 3368 2732 3432 τουτέστιν,
2759 3371 2842 3424 ὅτι
2887 3370 2914 3421 6
2947 3368 3071 3432 Υἱὸς
3117 3369 3184 3422 ἐκ
3231 3367 3324 3422 τοῦ
3379 3368 3594 3438 Πατρδς
3629 3369 3786 3435 ὲτενο

2199 3461 2359 3532 νήθη,
2389 3461 2484 3514 καὶ
2519 3461 2618 3532 οὐχ
2653 3462 2682 3514 6
2719 3460 2910 3532 Πατὴρ
2947 3462 3010 3514 ὲκ
3042 3458 3138 3514 τοῦ
3169 3460 3330 3514 Υίοῦ·
3369 3461 3463 3514 καὶ
3493 3462 3574 3514 ὅτι
3613 3461 3641 3512 6
3666 3460 3784 3512 Πα-

2198 3553 2305 3624 τὴρ
2353 3552 2526 3614 αἴτιός
2559 3553 2676 3606 ἐστι
2713 3551 2808 3604 106
2856 3551 2986 3604 Υίοῦ
3037 3551 3318 3620 φυσικῶς·
3359 3551 3549 3621 ὥσπερ
3581 3549 3683 3603 οὐκ
3717 3550 3786 3604 ἐκ

2197 3642 2290 3695 τοῦ
2319 3641 2496 3711 φωτὸς
2530 3641 2592 3694 16
2621 3642 2732 3713 πῦρ
2771 3659 2956 3712 φαμεν
2982 3634 3368 3712 ’προέρχεσθαῃ
3398 3640 3536 3692 ἀλλὰ
3567 3639 3630 3693 16
3659 3637 3786 3708 φῶς

2201 3731 2402 3802 μᾶλλον
2427 3732 2490 3784 ὲκ
2517 3730 2610 3784 τοῦ
2633 3731 2825 3802 πυρός.
2862 3731 2990 3784 Ὅτε
3013 3725 3105 3783 οὖν
3131 3729 3452 3796 ἀκούσωμεν
3476 3724 3651 3797 ἀρχὴν
3677 3725 3783 3779 καὶ

2201 3821 2424 3894 μείζονα
2465 3821 2560 3875 τοῦ
2585 3820 2718 3875 Υίοῦ
2745 3821 2836 3874 τὸν
2886 3820 3125 3891 Πατέρα,
3163 3815 3241 3889 τῷ
3271 3817 3429 3887 αἰτίῳ
3464 3818 3781 3886 νοήσωμεν.

2199 3915 2309 3968 Kal
2338 3913 2528 3986 ὥσπερ
2559 3913 2621 3967 οὐ
2666 3911 2901 3983 λὲγομεν
2943 3911 3136 3983 ἑτέρας
3173 3909 3363 3972 οὐσίας
3393 3906 3456 3960 16
3495 3904 3631 3976 πῦρ,
3681 3905 3788 3960 καὶ

2199 4004 2392 4073 ἑτέρας
2442 4003 2504 4056 16
2538 4003 2675 4071 φῶς,
2733 4002 2906 4065 οὕτως
2951 4002 3050 4072 οὐχ
3108 3995 3218 4053 οἷόν
3263 4015 3320 4052 τε
3361 3997 3530 4067 φάναι
3563 3993 3788 4076 ,ἑτέρας

2196 4095 2385 4159 οὐσίας
2417 4093 2508 4148 τὸν
2543 4096 2786 4166 Πατέρα,
2827 4095 2920 4147 καὶ
2948 4093 3040 4147 τὸν
3071 4088 3199 4146 Υίὸν
3222 4090 3413 4161 ἐτέρας
3434 4106 3448 4119 ·
3484 4087 3621 4142 ἀλλὰ
3650 4089 3789 4158 μιᾶς

2197 4190 2292 4244 καὶ
2322 4189 2421 4260 τῆς
2449 4188 2640 4258 αὐτῆς.
2668 4188 2778 4241 Kal.
2807 4186 3064 4256 καθάπερ
3087 4180 3267 4255 φαμὲν
3293 4182 3384 4235 διὰ
3414 4180 3507 4235 τοῦ
3527 4177 3587 4245 ἐξ
3613 4179 3788 4233 αὑτοῦ

2201 4278 2606 4351 προερχομένου
2632 4277 2808 4347 φωτὸς
2833 4277 3046 4346 φαίνειν
3068 4273 3129 4328 16
3152 4273 3286 4345 πῦρ,
3313 4262 3405 4326 καὶ
3431 4271 3492 4325 οὐ
3517 4269 3791 4340 τιθέμεθα

2204 4371 2435 4443 ὀργανον
2487 4369 2821 4441 ὑπουργικὺν
2859 4365 2999 4423 εἶναι
3048 4365 3142 4419 τοῦ
3195 4363 3371 4434 πυρὸς
3416 4362 3476 4415 τὸ
3506 4360 3563 4427 ἐξ
3610 4358 3789 4414 αὐτοῦ

510 4460 948 4534 progredientem
981 4460 1167 4516 lucere
1198 4459 1436 4518 dicimus
1463 4479 1476 4516 :
1514 4475 1616 4517 nec
1644 4463 1874 4533 proinde
1908 4473 2090 4519 tamen

2204 4462 2342 4535 φῶς,
2371 4458 2603 4532 δύναμιν
2631 4459 2687 4514 δὲ
2723 4459 2923 4532 μᾶλλον
2956 4458 3222 4528 φυσικήν·
3257 4455 3400 4509 οὓτω
3428 4452 3662 4522 λέγομεν
3691 4450 3793 4504 16v

505 4558 693 4610 lucem
715 4553 940 4606 illamex
961 4566 1024 4606 eo
1048 4549 1362 4608 manantem
1377 4567 1645 4620 organum
1672 4552 1946 4619 quoddam
1965 4570 2085 4611 esse

499 4635 604 4704 ipsi
635 4634 970 4692 inserviens.
1007 4631 1104 4687 Sed
1140 4634 1247 4685 vim
1275 4633 1574 4702 quamdam
1623 4633 1871 4687 nativam
1895 4638 2095 4689 statui-

499 4735 630 4782 mus
665 4743 678 4779 :
711 4725 835 4796 'pari
885 4723 1051 4780 modo
1099 4722 1324 4780 Patrem
1370 4724 1557 4780 omnia
1616 4737 1740 4792 quae
1786 4721 1970 4791 facit,"
1999 4744 2096 4798 per

503 4819 862 4890 Unigenitum
913 4823 1077 4873 suum
1130 4816 1317 4874 ia’cere
1355 4818 1635 4886 dicimus,
1675 4833 1788 4874 non
1827 4830 2092 4891 tanquam

499 4915 599 4984 per
622 4912 824 4968 servile
850 4910 1127 4983 quoddam
1155 4909 1450 4982 organum,
1472 4911 1567 4968 sed
1607 4938 1610 4942 ·
1653 4919 1716 4967 ut
1805 4925 1903 4982 per
1982 4908 2091 4964 vim

500 5005 816 5060 naturalem
872 5013 928 5059 et
986 5004 1406 5059 subsistentem.
1543 5003 1778 5073 Insuper
1829 4999 2092 5079 quemad-

500 5095 724 5151 modum
751 5096 934 5166 igncm
959 5095 1275 5151 illuminare
1301 5091 1575 5164 dicimus,
1612 5097 1868 5168 idemque
1901 5096 2087 5153 rursus

503 5189 680 5257 ipsius
712 5188 824 5242 luci
863 5189 1161 5243 tribuimus
1194 5204 1208 5254 ;
1244 5190 1324 5244 sic
1352 5189 1533 5242 o'mnia
1573 5204 1691 5259 qua:
1729 5189 1897 5243 Pater
1929 5189 2092 5260 facit,

500 5278 671 5334 Filius
707 5280 872 5334 etiam
907 5279 1159 5334 similiter
1198 5281 1331 5348 facit
1391 5285 1434 5333 ⁸.
1475 5281 1544 5334 At
1583 5296 1711 5336 vero
1748 5281 1803 5336 in
1837 5281 1940 5336 hoc
1977 5281 2094 5336 dis-

501 5374 714 5427 crimen
743 5373 910 5428 situm
938 5381 1022 5427 est
1042 5411 1056 5436 ,
1089 5373 1236 5442 quod
1267 5372 1357 5426 lux
1393 5373 1669 5443 propriam
1693 5382 1751 5428 et
1775 5371 2094 5436 distinctam

503 5465 572 5516 ab
603 5465 728 5533 igne
761 5461 1182 5521 subsiStentiam
1211 5478 1321 5519 non
1347 5463 1531 5519 habet.
1554 5459 1731 5521 Filius
1756 5473 1939 5522 autem
1971 5480 2099 5536 per—

505 5554 649 5608 l’ecta
682 5556 1002 5628 liypostasis
1041 5565 1125 5612 est
1151 5601 1164 5622 ,
1201 5572 1231 5612 a
1274 5564 1504 5629 paterna
1553 5555 1836 5628 ltypostasi
1876 5555 2100 5626 insepa-

503 5646 702 5702 rabilis
725 5687 740 5711 ,
781 5658 840 5702 ut
875 5653 1135 5720 superius
1171 5666 1201 5706 a
1241 5649 1404 5706 nobis
1441 5657 1726 5706 ostensum
1767 5656 1871 5705 est.
1909 5645 2099 5718 Neque

503 5735 657 5792 enim
691 5736 808 5791 ﬁeri
837 5748 1019 5805 potest
1044 5748 1104 5794 ut
1135 5741 1190 5794 in
1223 5742 1392 5796 rebus
1423 5741 1628 5796 creatis
1656 5739 1839 5806 imago
1868 5739 1976 5793 ulla
2004 5747 2098 5792 aut

2198 4551 2425 4609 Πατέρα
2455 4551 2633 4607 πάντα
2662 4551 2763 4605 ὅσα
2801 4551 2964 4616 ποιεῖ,
2994 4545 3082 4602 διὰ
3115 4544 3211 4602 τοῦ
3247 4540 3570 4616 μονογενοῦς
3613 4538 3792 4593 αὐτοῦ

2200 4631 2331 4687 Υξοῦ
2368 4635 2562 4692 ποιεῖν,
2597 4631 2696 4698 οὐχ
2732 4627 2806 4688 ὡς
2835 4627 2902 4679 δι’
2953 4628 3190 4696 ὀργάνου
3388 4625 3808 4698 λειτουργικοῦ,

2197 4724 2338 4780 ἀλλὰ
2368 4723 2603 4792 φυσικῆς
2631 4720 2719 4773 καὶ
2747 4717 3115 4771 ὲνυποστάτου
3140 4713 3444 4786 δυνάμεως.
3465 4717 3576 4771 Καὶ
3605 4716 3810 4792 ὥσπερ

2201 4816 2436 4886 λέγομεν
2464 4813 2526 4866 16
2553 4810 2664 4883 πῦρ
2703 4808 2982 4878 φωτίζειν,
3020 4808 3116 4861 καὶ
3157 4807 3317 4862 πάλιν
3362 4807 3549 4878 φαμὲν
3579 4807 3640 4860 16
3683 4808 3812 4878 φῶς

2202 4907 2295 4960 τοῦ
2331 4903 2502 4975 πυρὸς
2541 4900 2820 4973 φωτίζειν,
2848 4900 2992 4953 οὕτω
3029 4898 3227 4952 πάντα
3258 4897 3375 4952 ὅσα
3414 4897 3577 4952 ποιεῖ
3605 4899 3637 4953 ὁ
3676 4903 3809 4954 Πα-

2203 4998 2340 5068 τὴρ,
2375 4995 2589 5066 ὁμοίως
2634 4994 2732 5047 καὶ
2768 4995 2800 5046 ό
2853 4992 2987 5058 Υἱὸς
3030 4991 3209 5044 ποιεῖ.
3249 4990 3412 5044 Ἀλλὰ
3442 4991 3503 5044 τὸ
3549 4991 3648 5061 μὲν
3687 4991 3812 5060 φῶς

2205 5090 2302 5142 οὐκ
2337 5089 2474 5142 ἰδίαν
2510 5086 2812 5140 ὑπόστασιν
2857 5085 3012 5154 παρὰ
3048 5084 3111 5136 τὸ
3151 5083 3264 5154 πῦρ
3308 5082 3611 5154 κέκτηταιο
3673 5084 3702 5135 6
3748 5080 3815 5135 δὲ

2216 5182 2335 5244 ι’ίὸς
2359 5179 2541 5232 τελεία
2567 5177 2873 5240 ὑπόστασίς
2900 5178 3039 5239 ἐστι,
3064 5176 3166 5246 τ’ἧς
3200 5176 3470 5246 πατρικῆς
3491 5173 3816 5244 ἀχώριστος

2209 5273 2588 5336 ὑποστάσεως,
2623 5270 2698 5334 ὠς
2745 5269 3004 5340 ἀνωτέρω
3029 5269 3480 5339 παρεστήκαμεν.
3513 5264 3819 5320 Ἀδύνατον

2209 5367 2320 5437 γὰρ
2364 5363 2655 5436 εὑρεθῆναι
2695 5365 2753 5416 ὲν
2798 5364 2864 5434 τῇ
2901 5362 3078 5414 κτίσει
3129 5362 3319 5414 εἰκόνα
3361 5360 3821 5433 ἀπαραλλάκτως

2209 5461 2268 5516 ἐν
2315 5459 2486 5529 ἑαυτῇ
2540 5456 2632 5510 τὸν
2674 5456 2880 5526 τρόπον
2917 5454 3018 5524 τῆς
3066 5455 3229 5524 ἁγίας
3263 5454 3493 5525 Τριάδος
3541 5454 3825 5526 παραδει-

2214 5550 2512 5606 κνύουσαν.
2558 5549 2631 5602 T6
2682 5548 2791 5620 γὰρ
2827 5548 3045 5604 κτιστὸν
3081 5549 3175 5602 καὶ
3224 5546 3508 5610 σύνθετον,
3539 5548 3635 5602 καὶ
3683 5551 3827 5619 ῥευ-

2215 5643 2361 5702 στὸν,
2415 5641 2510 5696 καὶ
2563 5639 2821 5709 τρεπτὸν,
2873 5639 2970 5692 καὶ
3017 5639 3427 5711 περίγραπτον,
3469 5638 3566 5692 καὶ
3618 5638 3830 5708 σχῆμα

2216 5731 2360 5803 ἕχον,
2404 5731 2498 5784 καὶ
2527 5729 2794 5802 φθαρτὸν,
2829 5729 2948 5794 πῶς
2973 5732 3163 5801 σαφῶς
3191 5731 3422 5803 δηλώσει
3448 5731 3552 5802 τὴν
3590 5732 3832 5788 πάντων

589 5829 607 5860 ³
633 5827 789 5884 Join.
820 5846 908 5898 xv,
941 5830 1032 5884 26.
1110 5833 1129 5864 ⁸
1165 5832 1362 5902 Ephes.
1402 5849 1454 5899 ν,
1483 5833 1568 5886 14.
1646 5833 1665 5863 ³
1690 5831 1846 5886 Joan.
1881 5847 1969 5900 xv,
2001 5832 2093 5890 28.

2230 5833 2394 5890 llebr.
2421 5848 2462 5900 ι,
2498 5832 2586 5889 26.
2665 5835 2685 5866 ³
2718 5831 2874 5890 Joan.
2909 5847 2963 5900 ν,
2997 5834 3085 5892 l9.
