4026 6212
537 293 638 360 111

1722 300 2105 364 EUTHYMII
2150 299 2536 361 ZIGABENI.

3671 297 3776 361 112

529 421 782 466 naturam
825 411 1118 480 perfectam
1166 415 1573 486 intelligamus;
1620 415 1714 470 sed
1760 431 1922 469 unam
1956 416 2089 469 sim-

2200 432 2316 467 σεσι
2350 417 2479 483 μίαν
2506 411 2685 482 ἁπλῆν
2706 408 2916 475 οὐσίαν,
2962 409 3261 482 ὑπερτελῆ,
3297 408 3391 462 καὶ
3434 410 3772 481 προτέλειον.

528 501 726 572 plicem
770 503 1136 561 substantiam
1170 516 1225 561 et
1257 507 1549 561 essentiam
1578 508 1726 563 omni
1758 507 2094 577 perfectione

527 594 868 661 superiorem
930 602 986 648 et
1049 594 1419 659 anteriorem,
1480 595 1535 650 in
1593 597 1766 652 tribus
1837 596 2096 667 perfectis

527 683 776 753 personis
823 699 1133 740 noscamus.
1167 685 1443 756 Quidquid
1481 689 1624 743 enim
1655 703 1721 743 ex
1762 689 2095 760 imperfectis

526 772 816 837 conflatur,
868 778 1182 831 necessario
1237 781 1598 849 compositum
1637 789 1743 837 est.
1772 782 1841 834 At
1872 797 1936 836 ex
1967 796 2093 850 per-

526 863 681 919 fectis
716 866 1099 934 hypostasibus
1129 871 1452 939 compositio
1476 871 1587 926 ﬁeri
1613 887 1721 927 non
1749 883 1947 944 potest.
1976 873 2096 940 Quo

527 952 586 1007 tit
626 963 686 1007 ut
724 969 828 1008 nec
880 959 1118 1025 speciem
1169 975 1232 1015 ex
1278 961 1660 1033 hypostasibus
1699 965 1952 1036 singulis,
1999 965 2095 1020 sed

525 1054 580 1095 tn
622 1042 1005 1115 hypostasibus
1038 1049 1268 1121 singulis
1300 1052 1567 1110 dicamus.
1620 1055 1940 1126 imperfecta
1966 1070 2098 1111 vero

523 1134 780 1203 diximus,
815 1155 936 1210 quae
973 1143 1210 1212 speciem
1261 1161 1368 1203 non
1421 1157 1646 1205 servant
1697 1150 1816 1219 ejus
1850 1149 1939 1205 rei
1976 1161 2117 1217 qua

521 1241 589 1281 ex
627 1228 760 1298 ipsis
804 1232 1058 1288 efﬁcitur.
1090 1235 1253 1307 Lapis
1285 1238 1456 1303 enim,
1500 1239 1726 1310 lignum,
1769 1240 1971 1297 ferrum
2001 1255 2100 1309 per

521 1334 580 1375 se
621 1322 864 1390 quidem,
910 1326 955 1379 si
988 1326 1317 1393 peculiarem
1358 1330 1624 1403 cujusque
1671 1338 1923 1413 naturam
1969 1344 2097 1399 spe-

2198 509 2313 561 Πᾶν
2349 507 2459 575 γὰρ
2488 505 2546 573 ἑξ
2584 505 2789 560 ἀτελῶν
2824 504 3222 574 συγκείμενον,
3260 502 3518 556 σύνθετον
3553 506 3775 566 πάντως

2194 599 2368 654 ἐστίν.
2411 599 2505 652 Ἐκ
2531 598 2588 651 δὲ
2620 598 2841 651 τελείων
2886 596 3239 649 ύποστάσεων
3277 594 3543 648 ἀδύνατον
3577 594 3773 647 σύνθε-

2196 707 2282 743 om
2308 688 2581 759 γενέσθαι.
2611 689 2771 742 Ὅθεν
2798 686 2921 741 οὐδὲ
2943 687 3176 755 λέγομεν
3201 688 3258 739 τὸ
3285 682 3424 745 εἶδος
3454 685 3514 749 ἐξ
3537 685 3777 737 ὑποπά-

2197 798 2361 844 σεων,
2392 781 2507 837 ἀλλ’
2535 783 2591 834 ἐν
2623 781 3007 833 ὑποστάσεσιν.
3040 777 3270 833 ’Δτελῶν
3299 778 3355 831 δὲ
3385 778 3639 847 εἴπομεν,
3666 778 3777 829 τᾶν

2198 873 2276 945 μὴ
2315 873 2597 938 σωζόντων
2629 872 2689 924 τὸ
2727 866 2869 935 εἶδος
2900 870 2995 924 τοῦ
3027 870 3084 936 ιε
3113 870 3294 924 αὐτῶν
3326 869 3774 937 ἀποτελουμένου

2197 964 2547 1034 πράγματος.
2577 961 2734 1024 Δίθος
2772 962 2869 1030 μὲν
2902 962 3035 1030 γὰρ,
3067 959 3159 1014 καὶ
3186 959 3367 1026 ξύλον,
3398 960 3495 1013 καὶ
3528 960 3775 1030 σίδηρος,

2195 1057 2429 1110 ἕκαστον
2460 1054 2582 1111 καθ’
2613 1054 2776 1108 ἑαυτὸ
2808 1054 3015 1108 τέλειόν
3043 1054 3160 1105 ἐστι
3199 1056 3340 1105 κατὰ
3368 1051 3466 1123 τὴν
3501 1052 3638 1105 ἰδίαν
3670 1051 3777 1121 φύ-

2198 1163 2316 1200 σινο
2361 1147 2499 1218 πρὸς
2538 1147 2596 1200 δὲ
2631 1148 2691 1198 τὸ
2731 1146 2787 1213 ἐξ
2831 1146 3012 1202 αὐτῶν
3058 1144 3497 1214 ἀποτελούμενον
3538 1146 3775 1214 οἴκημα,

2197 1237 2387 1300 ἀτελὲς
2428 1238 2661 1295 ἕκαστον
2703 1237 2940 1308 ὑπάρχει
2966 1252 2982 1269 ⁸
3030 1237 3149 1291 οὐδὲ
3189 1237 3299 1308 γάρ
3342 1238 3494 1295 ἐστιν
3538 1236 3777 1290 ἕκαστον

2197 1329 2380 1383 αὐτῶν
2412 1329 2535 1385 καθ’
2563 1330 2725 1390 ἑαυτὸ
2749 1325 2922 1391 οἶκος.

520 1425 658 1476 ctes,
690 1416 929 1484 perfecta
962 1424 1093 1471 sunt
1126 1434 1139 1470 :
1171 1428 1228 1473 at
1256 1428 1510 1488 respectu
1543 1420 1741 1477 domus
1766 1436 1890 1490 qua:
1920 1435 1989 1476 ex
2017 1421 2151 1492 ipsis
2179 1430 2598 1491 exstructaest,
2622 1422 2835 1493 singula
2865 1424 3187 1495 imperfecta
3217 1431 3370 1481 sunt.
3404 1423 3594 1494 Neque
3620 1423 3775 1479 enim

519 1506 819 1579 quidquam
839 1507 1062 1575 horum,
1095 1510 1140 1565 si
1175 1510 1433 1580 privatim
1460 1513 1871 1580 consideretur,
1904 1516 2103 1571 domus
2130 1526 2235 1573 est.

586 1597 880 1665 Quocirca,
896 1601 1169 1671 periectas
1196 1603 1417 1672 quidem
1459 1620 1722 1675 personas
1750 1607 2089 1677 proﬁtemur,

2265 1610 2496 1674 Τελείας
2528 1611 2630 1681 μὶν
2664 1609 2759 1671 οὖν
2791 1608 2893 1674 τὰς
2930 1607 3264 1672 ὑποστάσεις
3299 1609 3483 1680 φαμὲν
3504 1647 3520 1671 ,
3562 1609 3652 1662 ῐνσ.
3693 1608 3775 1682 μὴ

518 1706 589 1745 ne
636 1691 692 1744 in
748 1690 929 1749 divina
970 1701 1165 1748 natura
1213 1695 1665 1763 compositionem
1701 1697 2091 1769 intelligamus.

511 1780 855 1852 Compositio
884 1786 1031 1840 enim
1060 1785 1271 1842 dissidii
1303 1797 1478 1844 mater
1512 1799 1617 1844 est.
1649 1792 1719 1844 At
1760 1807 1950 1847 rursus
1979 1801 2091 1848 tres

516 1892 780 1945 personas
811 1879 863 1932 in
906 1893 965 1933 se
1007 1878 1242 1939 invicem
1290 1896 1413 1937 esse
1436 1882 1692 1950 dicimus,
1749 1899 1821 1939 ne
1868 1885 2093 1940 deorum

518 1969 731 2039 capiam
779 1978 837 2024 et
887 1972 1107 2027 turbam
1160 1974 1503 2030 inducamus.
1551 1974 1627 2030 lta
1676 1991 1774 2044 per
1823 1984 1934 2032 tres
1972 1991 2095 2046 per-

519 2075 684 2116 sonas
735 2061 838 2118 lioe
871 2062 1249 2134 intelligimus,
1287 2066 1434 2135 quod
1480 2068 1664 2123 nullus
1707 2068 1795 2124 hic
1825 2068 2096 2138 composi-

522 2156 654 2210 tioni
691 2163 745 2209 et
785 2155 1098 2214 confusioni
1147 2158 1300 2213 locns
1342 2159 1461 2214 sit:
1494 2176 1593 2232 per
1633 2159 1687 2215 id
1732 2171 1916 2217 autem
1944 2164 2093 2232 quod

515 2256 633 2303 tres
650 2261 907 2319 persona:
934 2247 1193 2317 ejusdem,
1220 2248 1541 2306 substantia:
1586 2260 1738 2316 sunt,
1772 2260 1825 2306 et
1871 2252 1991 2309 aliae
2035 2253 2092 2309 in

516 2340 667 2405 aliis;
703 2339 847 2409 quod
876 2339 1041 2395 etiam
1076 2340 1267 2396 eadem
1302 2341 1575 2406 voluntas,
1600 2342 1793 2399 eadem
1823 2344 2091 2415 operatio,

518 2432 823 2496 eadem,vis
861 2446 925 2487 ac
980 2432 1243 2502 potentia,
1290 2447 1355 2488 ac
1416 2433 1653 2502 denique
1702 2433 1865 2499 idem,
1903 2444 1962 2490 ut
2020 2437 2094 2491 ita

522 2525 738 2595 loquar,
771 2524 829 2579 in
869 2523 975 2580 illis
1012 2536 1193 2580 motus
1220 2535 1325 2589 est,
1358 2525 1463 2580 hoc
1506 2526 1889 2598 agnoscimus;
1946 2529 2093 2599 quod

516 2618 775 2672 nimirum
830 2619 884 2672 in
941 2618 1047 2673 illis
1102 2618 1249 2673 nulla
1304 2618 1503 2674 divisio
1550 2618 1728 2673 locum
1766 2620 1997 2682 habeat,
2039 2630 2096 2677 et

515 2711 663 2781 quod
710 2727 854 2767 unus
912 2713 982 2766 sit
1014 2711 1176 2768 Deus.
1228 2711 1382 2768 Unus
1412 2715 1613 2786 quippe
1646 2731 1775 2772 vere
1821 2714 1960 2772 Deus
1991 2728 2097 2783 est,

516 2801 683 2867 Deus,
716 2800 953 2860 Verbum
979 2813 1035 2859 et
1067 2804 1305 2879 Spiritus
1344 2807 1488 2877 ejus.

592 2895 705 2950 Hoc
728 2904 908 2951 autem
937 2912 1099 2954 nosse
1129 2900 1381 2965 interest,
1436 2900 1580 2968 quod
1616 2901 1765 2957 aliud
1793 2903 1867 2958 sit
1894 2904 2075 2974 quoad

2197 1704 2448 1759 σύνθεσιν
2476 1704 2570 1758 ἐπὶ
2591 1703 2874 1773 τῆςθείας
2906 1704 3192 1775 νοήσωμεν
3231 1701 3471 1774 φύσεως.
3508 1702 3775 1765 Σύνθεσις

2196 1795 2307 1865 γὰρ
2336 1795 2481 1867 ἀρχὴ
2518 1795 2879 1859 διαστάσεως.
2916 1796 3028 1848 Καὶ
3062 1795 3259 1857 πάλιν,
3292 1794 3641 1863 ἐν’ἀλλήλαις
3671 1794 3777 1858 τὰς

2190 1888 2339 1956 τρεῖς
2367 1886 2699 1951 ὑποστάσεις
2724 1885 2981 1957 λέγομεν,
3020 1886 3211 1958 ἵναμὴ
3241 1884 3446 1957 πλῆθος
3474 1886 3571 1940 καὶ
3598 1885 3776 1955 δῆμον

2188 1977 2329 2031 θεῶν
2359 1978 2767 2049 εἰσαγάγωμεν.
2802 1978 2905 2033 Διά
2936 1977 3038 2047 μὲν
3070 1976 3180 2030 τῶν
3208 1977 3375 2049 τριῶν
3410 1978 3777 2033 ὕποστάσεων

2188 2069 2250 2122 τὸ
2281 2068 2577 2126 ἀσύνθετον
2617 2073 2711 2127 καὶ
2749 2070 3062 2140 ἀσύγχυτον
3081 2085 3097 2101 ⁸
3121 2070 3209 2124 διὰ
3234 2069 3292 2123 δὲ
3324 2069 3419 2123 τοῦ
3453 2068 3774 2141 ὀμοουσίου,

2190 2161 2287 2217 και
2320 2161 2418 2216 τοῦ
2447 2162 2509 2215 εν
2536 2162 2800 2234 ἀλλήλαις
2830 2157 2980 2221 εἶναι
3008 2163 3109 2226 τὰς
3138 2162 3468 2227 ὑποστάσεις
3488 2203 3504 2230 ,
3538 2164 3635 2216 καὶ
3667 2164 3776 2232 τῆς

2191 2253 2522 2324 ταυτότητος
2569 2255 2664 2308 τοῦ
2711 2254 3015 2327 θελήματά(
3050 2271 3139 2319 τε,
3185 2255 3418 2325 καὶτῆς
3462 2255 3773 2326 ἐνεργείας,

2194 2346 2288 2400 καὶ
2316 2347 2415 2416 τῆς
2446 2346 2750 2418 δυνάμεως,
2786 2348 2884 2402 καὶ
2917 2346 3022 2418 τῆς
3060 2346 3335 2413 ἐξουσίας,
3367 2349 3461 2401 καὶ
3489 2348 3590 2417 τῆς
3614 2347 3777 2417 κινή-

2196 2455 2356 2501 σεως,
2396 2438 2463 2492 ἵν’
2502 2439 2680 2502 οὕτως
2717 2439 2880 2507 εἴπω,
2930 2440 2992 2495 τὸ
3039 2440 3367 2510 ἀδιαίρετον,
3403 2440 3499 2493 καὶ
3531 2439 3591 2493 τὸ
3625 2435 3774 2492 εἶναι

2193 2530 2291 2585 ἕνα
2316 2530 2449 2584 Θεὸν
2486 2532 2845 2602 γνωρίζομεν.
2878 2528 2971 2595 Εἷς
3014 2531 3125 2602 γὰρ
3152 2532 3325 2597 ὅντως
3350 2532 3503 2599 Θεδί,
3545 2533 3575 2587 ὁ
3610 2531 3770 2599 Θεὸς,

2196 2625 2294 2678 καὶ
2322 2624 2349 2676 ὁ
2371 2623 2564 2691 Λόγος,
2593 2622 2771 2677 καὶτὸ
2801 2622 3028 2695 Πνεῦμα
3068 2624 3258 2679 αὑτοῦ.

2254 2902 2375 2975 Χρὴ
2408 2901 2465 2956 δὲ
2502 2903 2723 2969 ειδέναι,
2768 2906 2851 2960 ὅτι
2888 2905 3076 2977 ἕτερόν
3116 2905 3171 2959 τί
3213 2906 3332 2960 ἐστι
3368 2904 3434 2958 τὸ
3475 2904 3773 2975 πράγματι

492 2989 735 3051 rem,.et
769 2982 925 3040 aliud
981 2986 1197 3040 ratione
1243 2999 1308 3040 ac
1339 2985 1679 3056 cogitatione
1709 2988 2082 3045 considerari.

2194 2990 2483 3062 πράγματι
2513 2988 2862 3060 θεωρεῖσθαι,
2882 2990 2976 3043 καὶ
3010 2989 3142 3044 ἄλλο
3165 2989 3227 3044 τὸ
3249 2991 3393 3063 λόγῳ
3420 2994 3513 3046 καὶ
3532 2996 3781 3066 ἐπινοίᾳ,

502 3073 799 3130 Enimvero
835 3077 889 3129 in
936 3075 1201 3132 omnibus
1246 3078 1523 3133 creaturis
1563 3078 1829 3136 discretio
1861 3081 2082 3150 quidem

499 3181 863 3237 personarum
914 3170 1097 3237 quoad
1147 3183 1266 3223 rem
1311 3168 1729 3224 consideratur.
1764 3169 1846 3226 Re
1874 3173 2082 3242 quippe

498 3256 619 3327 ipsa
654 3256 902 3314 .Petrnm
953 3274 985 3311 a
1021 3258 1203 3313 .Paulo
1254 3267 1568 3329 separatum
1624 3262 2081 3328 consideramus;

497 3352 866 3407 communitas
914 3361 1095 3408 autem
1134 3355 1578 3424 -et-conjunctio
1643 3364 1813 3425 atque
1872 3356 2081 3421 unitas,

2191 3082 2315 3136 Ἐπὶ
2339 3082 2437 3152 μὲν
2458 3070 2555 3135 οὖν
2586 3082 2803 3137 πάντων
2824 3081 2933 3136 τῶν
2956 3084 3296 3154 κτισμάτων,
3324 3086 3356 3155 ή
3384 3085 3483 3156 μὲν
3508 3086 3617 3139 τῶν
3641 3087 3782 3140 ὑπο-

2187 3178 2429 3229 στάσεων
2468 3174 2757 3246 διαίρεσις,
2804 3174 3089 3246 πράγματι
3131 3174 3439 3247 θεωρεῖται.
3480 3179 3782 3249 Πράγματι

2186 3265 2297 3335 γὰρ
2332 3268 2362 3322 ὀ
2395 3266 2601 3337 Πέτρος
2637 3265 2733 3319 τοῦ
2763 3266 2977 3321 Παύλου
3012 3268 3423 3339 κεχωρισμένος
3463 3270 3775 3339 θεωρεῖται.

2196 3356 2262 3409 Ἥ
2293 3356 2350 3409 δὲ
2378 3357 2651 3427 κοινότης,
2686 3358 2839 3429 καὶὴ
2868 3359 3160 3428 συνάφεια,
3188 3361 3281 3413 καὶ
3308 3361 3369 3414 τὸ
3394 3360 3475 3428 ἒν,
3512 3360 3657 3434 λόγῳ
3679 3364 3778 3417 καὶ

496 3442 712 3498 ratione
740 3453 910 3514 atque
936 3446 1277 3516 cogitatione
1301 3446 1810 3517 ..perspicitur..Per
1840 3457 2079 3502 mentem

2194 3449 2397 3521 ἑπινοίᾳ
2431 3449 2735 3521 θεωρεῖται.
2769 3450 3020 3522 Νοοῦμεν
3045 3451 3155 3522 γὰρ
3184 3453 3263 3522 τῷ
3284 3451 3382 3522 νῷ,
3402 3453 3485 3506 ὅτι
3510 3455 3538 3507 ὁ
3565 3454 3776 3525 Πέτρος

496 3537 643 3591 enim
676 3537 1027 3607 concipimus
1058 3537 1283 3591 Petrum
1321 3546 1379 3594 et
1413 3538 1924 3609 Paulumejusdetn
1955 3552 2083 3595 esse

2194 3541 2281 3595 καὶ
2307 3541 2337 3594 ὁ
2370 3541 2584 3605 Παῦλος
2638 3541 2740 3611 τῆς
2781 3544 2953 3613 αὐτῆς
2981 3545 3093 3602 εισι
3141 3544 3386 3612 φύσεως,
3424 3545 3522 3598 καὶ
3580 3546 3774 3617 κοινὴν

497 3639 727 3693 naturae,
770 3640 1143 3701 naturamque
1176 3645 1738 3686 unamcommunem
1840 3631 2077 3689 habere.

2194 3633 2319 3703 μίαν
2338 3633 2527 3704 ἔχουσι
2564 3634 2747 3704 φύσιν.
2781 3636 3052 3700 Ἕκαστος
3088 3637 3195 3707 γὰρ
3223 3637 3401 3690 αὐτῶν
3434 3636 3574 3701 ζῶόν
3592 3638 3718 3691 ἐστι
3742 3638 3771 3678 Ιι

495 3719 629 3775 Nam
662 3729 899 3791 uterque
928 3736 1121 3777 eorum
1166 3722 1371 3777 animal
1428 3722 1704 3779 rationale
1746 3731 1803 3779 et
1847 3722 2083 3779 mortale

2194 3725 2397 3794 λογικὸν
2455 3725 2681 3796 θνητόν·
2733 3726 2829 3780 καὶ
2865 3726 3095 3790 ἕκαστος
3149 3726 3284 3797 σὰρξ
3321 3726 3469 3780 ἐστιν
3501 3725 3766 3796 ὲμψυχωο

468 3814 579 3867 ‘cst
613 3822 720 3867 :.et
751 3824 984 3884 uterque
1013 3828 1145 3868 caro
1175 3823 1279 3880 est,
1304 3815 1486 3869 anima
1514 3815 1773 3869 rationali
1804 3824 1859 3870 et
1885 3814 2087 3869 intelli-

2194 3818 2321 3887 μένη
2357 3816 2538 3887 ιψυχῇ
2566 3817 2759 3890 λογικῇ
2788 3835 2848 3875 τε
2881 3819 2976 3872 καὶ
3009 3820 3187 3890 vespa.
3236 3817 3383 3889 Αὕτη
3410 3814 3506 3872 οὖν
3541 3819 3574 3889 ἡ
3603 3818 3770 3889 κοινὴ

495 3910 656 3969 gente
696 3903 964 3973 mrmdita.
1102 3903 1226 3959 Haec
1279 3906 1468 3975 itaque
1519 3906 1831 3961 communis
1884 3913 2083 3959 natura

2194 3909 2341 3977 ρύσις
2374 3910 2452 3979 τῷ
2483 3908 2628 3981 λόγῳ
2661 3910 2779 3963 ἐστὶ
2813 3909 3086 3982 θεωρητή.
3116 3909 3252 3969 Οὐδὲ
3280 3909 3390 3981 γὰρ
3423 3912 3480 3969 αι
3514 3909 3765 3970 ὑποστᾶι

495 3994 714 4049 ratione
743 3996 1153 4052 consideratur.
1189 3996 1378 4065 Neque
1424 3997 1570 4051 enim
1611 3997 1940 4067 hypostases
1964 3998 2086 4053 alia;

2194 4018 2293 4066 τεις
2329 4004 2389 4056 ὲν
2414 4000 2673 4074 ἀλλήλαις
2697 4002 2858 4057 εἰσίν.
2904 4002 3036 4072 ’ἰδίᾳ
3076 4001 3134 4056 δὲ
3160 4002 3368 4072 ἑκάστη
3419 4001 3517 4059 καὶ
3556 4002 3769 4072 ἀναμὲε

495 4100 529 4138 n
564 4084 689 4139 aliis
722 4095 884 4148 sunt,
918 4101 1111 4140 verum
1162 4086 1428 4157 quaelibet
1460 4087 1717 4156 privatim
1770 4096 1825 4141 et
1865 4087 2076 4158 sigilla-

2194 4110 2297 4160 οος,
2324 4094 2492 4163 ἡγουν
2516 4092 2637 4147 καθ’
2664 4093 2866 4163 ἑαυτὴν
2900 4091 3255 4163 κεχώρισται,
3282 4091 3508 4149 πλεῖστα
3528 4090 3597 4144 τὰ
3628 4091 3771 4149 διαι-

496 4174 630 4238 tim,
665 4174 770 4231 hoc
818 4184 902 4231 est
944 4177 1241 4245 seiunctim
1291 4176 1581 4241 consistit;
1631 4176 1910 4248 habetque
1950 4194 2075 4249 per-

2194 4183 2379 4255 ροῦντα
2422 4184 2593 4255 αὐτὴν
2644 4186 2710 4238 ὲκ
2758 4184 2855 4254 τῆς
2902 4184 3097 4255 ἑτέρας
3136 4182 3356 4254 ἔχουσα.
3401 4184 3511 4243 Καὶ
3535 4182 3645 4257 γάρ
3669 4181 3772 4237 καὶ

495 4264 666 4320 multa
711 4265 916 4335 quibus
944 4265 1013 4321 ab
1045 4266 1153 4320 alia
1200 4279 1436 4335 persona
1473 4264 1789 4323 dirimatur.
1832 4266 1969 4323 Nam
2022 4280 2077 4324 et

2194 4275 2330 4345 εόπῳ
2354 4275 2693 4346 διεστήκασι,
2728 4276 2824 4329 καὶ
2852 4274 3031 4347 χρόνῳ
3070 4274 3415 4345 διαφέρουσι,
3449 4273 3543 4330 καὶ
3568 4271 3773 4349 γνώμῃ

497 4356 619 4411 loco
641 4355 1059 4430 disiunguntur,
1091 4368 1148 4414 et
1175 4368 1418 4429 tempore
1444 4358 1786 4431 discrepant,
1807 4362 2078 4417 sententia

2194 4364 2520 4435 μερίζονται,
2550 4367 2653 4421 καὶ
2683 4364 2856 4436 ίσχύῖ,
2884 4366 2981 4420 καὶ
3014 4368 3196 4437 μορφῇ
3230 4367 3399 4437 ἧγουν
3427 4377 3468 4405 ιιι
3497 4367 3770 4438 σχήματι,

496 4465 720 4521 quoque
747 4451 1093 4517 dividuntur,
1129 4460 1183 4507 et
1208 4452 1384 4507 forma
1412 4455 1528 4510 sive
1561 4455 1757 4526 figura,
1783 4466 1837 4511 et
1864 4457 2078 4525 habitu,

2194 4458 2273 4513 ιαί
2311 4457 2445 4524 ἕξει,
2494 4458 2593 4515 καὶ
2620 4460 2838 4529 κράσει,
2890 4460 2984 4513 καὶ
3023 4457 3173 4531 ἀξία,
3212 4460 3308 4512 καὶ
3342 4458 3767 4529 ἐπιτηδεύματι,

492 4547 549 4596 ει
606 4551 1061 4612 temperamento,
1117 4552 1170 4597 et
1226 4543 1512 4613 dignitate,
1555 4556 1610 4601 et
1663 4546 1919 4603 instituto
1955 4549 2081 4604 vitae

2194 4549 2272 4601 ιαὶ
2306 4550 2443 4603 πᾶσι
2477 4553 2590 4613 τοῖς
2628 4552 3151 4623 χαρακτηριστικοῖς
3187 4549 3475 4620 ἱδιώμασι·
3522 4549 3684 4609 πλέον
3708 4548 3773 4601 δὲ

492 4646 720 4702 genere,
761 4646 825 4686 ac
870 4632 1109 4703 denique
1154 4635 1411 4689 omnibus
1447 4635 1574 4691 aliis
1613 4638 2076 4708 proprietatibus,

2194 4638 2416 4705 πάντων,
2477 4638 2555 4711 τῷ
2606 4640 2683 4709 μὴ
2738 4639 2797 4693 ὲν
2846 4638 3129 4713 ἀλλήλαις,
3161 4637 3298 4694 ἀλλά
3336 4635 3773 4707 κεχωρισμένως

492 4720 703 4796 quibus
762 4732 1026 4795 tanquam
1076 4725 1245 4782 certis
1286 4726 1617 4796 quibusdam
1679 4731 1829 4785 notis
1884 4728 2079 4799 digno-

2194 4725 2335 4785 ιῖναι.
2372 4730 2534 4785 Ὅθεν
2572 4731 2669 4785 καὶ
2694 4728 2938 4797 δύο,⁸καὶ
2964 4734 3113 4801 τρεῖς
3143 4729 3424 4800 ἄνθρωποι
3485 4727 3761 4795 λέγονται

491 4823 747 4873 scuntur.
780 4816 840 4870 In
883 4816 1076 4888 primis
1104 4828 1286 4873 autem
1315 4819 1458 4874 inter
1488 4834 1549 4876 se
1580 4820 1880 4885 dissident,
1929 4820 2075 4891 quod

2194 4824 2275 4877 καὶ
2301 4822 2510 4879 πολλοί.
2930 4823 2935 4828 ’

489 4926 601 4969 non
638 4912 744 4967 alia
776 4913 833 4973 in
866 4913 996 4980 alia,
1044 4914 1140 4970 sed
1174 4930 1406 4986 qumque
1435 4917 1736 4987 separatim
1772 4918 2069 4974 exsistunt.
2113 4916 2188 4973 Et
2238 4935 2350 4990 quo
2379 4919 2548 4975 etiam
2581 4918 2839 4985 ellicitur,
2872 4926 2933 4973 ιιι
2966 4918 3101 4985 duo,
3153 4927 3205 4975 et
3276 4929 3409 4987 tres,
3462 4926 3517 4973 et
3603 4916 3777 4974 multi

492 5007 749 5063 homines
780 5009 1065 5068 dicantur.
3406 4994 3426 5017 ’

566 5101 712 5163 Unde
756 5106 1180 5162 unitasnatura:
1225 5105 1442 5163 divinw.
1491 5105 1743 5162 Persona:
1789 5106 2073 5163 Trinitatis

490 5196 749 5255 indivisw.
787 5194 964 5254 Filius
997 5209 1046 5253 et
1080 5197 1315 5269 Spiritus
1356 5209 1577 5260 sanctus
1609 5199 1677 5254 ad
1714 5217 1877 5255 unum
1920 5201 2066 5271 priu-

490 5288 686 5359 ct‘pium
738 5288 1064 5359 referuntur.
1093 5321 1161 5333 —
1193 5287 1249 5344 ld
1288 5290 1437 5360 quod
1478 5292 1533 5347 in
1570 5292 1830 5347 omnibus
1859 5306 2079 5362 quoque

490 5380 735 5436 conditis
772 5382 937 5437 rebus
970 5381 1412 5437 animadvertere
1458 5374 1645 5439 liceat.
1691 5382 1746 5438 In
1789 5398 2081 5440 sacrosan-

492 5477 581 5526 cta
642 5485 796 5538 vero,
858 5481 913 5528 ct
969 5473 1339 5527 substantiam
1403 5487 1621 5528 omnem
1688 5484 2076 5544 exsuperante,

490 5570 658 5631 atque
692 5564 835 5617 ultra
878 5581 965 5621 res
999 5580 1194 5621 omnes
1222 5578 1414 5621 evecta
1453 5576 1506 5621 et
1533 5567 2077 5637 incompreltensibili

493 5650 783 5716 Trinitate,
816 5659 1096 5711 contrario
1133 5658 1296 5717 modo
1330 5675 1388 5714 se
1425 5674 1512 5714 res
1551 5660 1739 5715 habet.
1774 5660 1892 5720 lllic
1929 5661 2075 5715 enim

485 5746 866 5800 communitas
896 5747 1116 5815 quidem
1151 5759 1203 5803 et
1235 5752 1419 5806 unitas
1451 5752 1631 5822 rcipsa
1665 5750 2076 5820 consideratur,

2250 5107 2423 5162 Τοῦτο
2453 5108 2509 5163 δὲ
2533 5107 2626 5162 ἐπὶ
2665 5107 2846 5178 πάσης
2880 5106 3028 5161 ἔστιν
3067 5106 3196 5160 ἰδεῖν
3223 5105 3324 5176 τῆς
3351 5107 3604 5174 κτίσεως.
3641 5110 3781 5165 Ἐπὶ

2181 5199 2238 5252 δὲ
2266 5200 2363 5269 τῆς
2389 5197 2554 5267 ἁγίας
2578 5199 2675 5254 καὶ
2704 5197 3059 5269 ὑπερουσίου,
3091 5198 3187 5251 καὶ
3223 5198 3445 5254 πάντων
3477 5198 3773 5269 ἐπέκεινα,

2182 5293 2276 5346 καὶ
2306 5292 2547 5362 ἀλήπτου
2577 5291 2830 5362 Τριάδος,
2898 5291 2959 5344 τὸ
3017 5291 3311 5345 ἀνάπαλιν.
3502 5287 3580 5345 Τδ
3664 5294 3775 5363 μὲν

2180 5381 2359 5437 κοινὸν
2413 5380 2508 5433 καὶ
2557 5380 2615 5432 ἓν
2640 5424 2653 5446 ,
2754 5378 3043 5454 πράγματι
3079 5380 3387 5452 θεωρεῖται,
3431 5382 3521 5437 διὰ
3551 5383 3609 5435 τὸ
3639 5400 3780 5437 συν-

2180 5474 2368 5538 αἳδιον,
2404 5476 2498 5527 καὶ
2521 5474 2581 5528 τὸ
2596 5474 2793 5530 ταυτὸν
2822 5476 2921 5542 τῆς
2957 5474 3167 5538 οὐσίας,
3202 5474 3297 5528 καὶ
3322 5474 3423 5545 τῆς
3456 5476 3773 5545 ἐνεργείας,

2180 5566 2392 5621 καὶτοῦ
2428 5566 2754 5639 θελήματος,
2786 5568 2879 5620 καὶ
2904 5567 3004 5638 τὴν
3031 5566 3129 5636 τῆς
3163 5564 3390 5636 γνώμης
3433 5564 3773 5635 σύμπνοιαν,

2180 5664 2281 5731 τήν
2307 5678 2367 5714 τε
2423 5661 2519 5731 τῆς
2581 5660 2853 5729 ἐξουσίας,
2894 5660 2989 5714 καὶ
3025 5660 3123 5730 τῆς
3165 5658 3479 5728 δυνάμεως,
3530 5660 3625 5711 καὶ
3666 5658 3781 5726 τῆς

2180 5753 2513 5825 ἀγαθότητος
2550 5753 2875 5824 ταυτότητά.
2925 5752 3041 5808 Οὐκ
3083 5748 3237 5805 εἷπον
3276 5751 3601 5822 ὁμοιότητα,
3632 5750 3775 5803 ἀλλὰ
