  <div class='ocr_page' id='page_1' title='image "/cluster/home/n/w/nwhite01/storage/ocr_20150623/130/hvd.32044073502387/062.png"; bbox 0 0 3992 6210; ppageno 0'>
   <div class='ocr_carea' id='block_1_1' title="bbox 229 365 325 443">
    <p class='ocr_par' dir='ltr' id='par_1_1' title="bbox 229 365 325 443">
     <span class='ocr_line' id='line_1_1' title="bbox 229 365 325 443; baseline -0.042 0"><span class='ocrx_word' id='word_1_1' title='bbox 229 365 325 443; x_wconf 78' lang='lat'><strong>113</strong></span> 
     </span>
    </p>
   </div>
   <div class='ocr_carea' id='block_1_2' title="bbox 1188 376 2481 444">
    <p class='ocr_par' dir='ltr' id='par_1_2' title="bbox 1188 376 2481 444">
     <span class='ocr_line' id='line_1_2' title="bbox 1188 376 2481 444; baseline -0.006 -1"><span class='ocrx_word' id='word_1_2' title='bbox 1188 381 1565 444; x_wconf 81' lang='lat' dir='ltr'><strong>PANOPLIA</strong></span> <span class='ocrx_word' id='word_1_3' title='bbox 1606 379 2068 441; x_wconf 78' lang='lat' dir='ltr'><strong>DOGMATlCA.</strong></span> <span class='ocrx_word' id='word_1_4' title='bbox 2107 405 2171 414; x_wconf 91' lang='lat'><strong>—</strong></span> <span class='ocrx_word' id='word_1_5' title='bbox 2204 377 2358 436; x_wconf 80' lang='lat' dir='ltr'><strong>Tl&#39;l‘.</strong></span> <span class='ocrx_word' id='word_1_6' title='bbox 2391 376 2481 435; x_wconf 86' lang='lat' dir='ltr'><strong>II.</strong></span> 
     </span>
    </p>
   </div>
   <div class='ocr_carea' id='block_1_3' title="bbox 3355 364 3457 428">
    <p class='ocr_par' dir='ltr' id='par_1_3' title="bbox 3355 364 3457 428">
     <span class='ocr_line' id='line_1_3' title="bbox 3355 364 3457 428; baseline -0.039 0"><span class='ocrx_word' id='word_1_7' title='bbox 3355 364 3457 428; x_wconf 73' lang='grc'><strong>114</strong></span> 
     </span>
    </p>
   </div>
   <div class='ocr_carea' id='block_1_4' title="bbox 212 482 1811 562">
    <p class='ocr_par' dir='ltr' id='par_1_4' title="bbox 212 482 1797 562">
     <span class='ocr_line' id='line_1_4' title="bbox 212 482 1797 562; baseline -0.001 -23"><span class='ocrx_word' id='word_1_8' title='bbox 212 493 514 562; x_wconf 70' lang='grc' dir='ltr'><strong>ταυτότητα</strong></span> <span class='ocrx_word' id='word_1_9' title='bbox 536 506 551 522; x_wconf 79' lang='grc' dir='ltr'><strong><em>ο</em></strong></span> <span class='ocrx_word' id='word_1_10' title='bbox 579 488 673 543; x_wconf 74' lang='grc' dir='ltr'><strong>καὶ</strong></span> <span class='ocrx_word' id='word_1_11' title='bbox 695 486 757 540; x_wconf 78' lang='grc' dir='ltr'><strong>τὸ</strong></span> <span class='ocrx_word' id='word_1_12' title='bbox 785 486 845 540; x_wconf 79' lang='grc' dir='ltr'><strong>ἑν</strong></span> <span class='ocrx_word' id='word_1_13' title='bbox 871 484 1080 555; x_wconf 74' lang='grc' dir='ltr'><strong>ἔξαλμα</strong></span> <span class='ocrx_word' id='word_1_14' title='bbox 1102 484 1203 555; x_wconf 82' lang='grc' dir='ltr'><strong>τῆς</strong></span> <span class='ocrx_word' id='word_1_15' title='bbox 1230 484 1519 553; x_wconf 81' lang='grc' dir='ltr'><strong>κινήσεως.</strong></span> <span class='ocrx_word' id='word_1_16' title='bbox 1552 482 1667 537; x_wconf 85' lang='grc' dir='ltr'><strong>Μία</strong></span> <span class='ocrx_word' id='word_1_17' title='bbox 1689 485 1797 554; x_wconf 77' lang='grc' dir='ltr'><strong>γὰρ</strong></span> 
     </span>
    </p>
   </div>
   <div class='ocr_carea' id='block_1_5' title="bbox 1914 482 3478 562">
    <p class='ocr_par' dir='ltr' id='par_1_5' title="bbox 1914 490 3478 562">
     <span class='ocr_line' id='line_1_5' title="bbox 1914 490 3478 562; baseline 0.003 -19"><span class='ocrx_word' id='word_1_18' title='bbox 1914 502 2016 559; x_wconf 69' lang='lat' dir='ltr'><strong>ium</strong></span> <span class='ocrx_word' id='word_1_19' title='bbox 2050 490 2175 560; x_wconf 86' lang='lat' dir='ltr'><strong>quia</strong></span> <span class='ocrx_word' id='word_1_20' title='bbox 2214 505 2464 559; x_wconf 79' lang='lat' dir='ltr'><strong>persona:</strong></span> <span class='ocrx_word' id='word_1_21' title='bbox 2511 498 2797 545; x_wconf 66' lang='lat' dir='ltr'><strong>comtcrna:</strong></span> <span class='ocrx_word' id='word_1_22' title='bbox 2826 501 2981 556; x_wconf 88' lang='lat' dir='ltr'><strong>sunt,</strong></span> <span class='ocrx_word' id='word_1_23' title='bbox 3033 500 3152 545; x_wconf 87' lang='lat' dir='ltr'><strong>tum</strong></span> <span class='ocrx_word' id='word_1_24' title='bbox 3190 494 3321 562; x_wconf 83' lang='lat' dir='ltr'><strong>quia</strong></span> <span class='ocrx_word' id='word_1_25' title='bbox 3363 494 3478 548; x_wconf 85' lang='lat' dir='ltr'><strong>illa-</strong></span> 
     </span>
    </p>
   </div>
   <div class='ocr_carea' id='block_1_6' title="bbox 214 573 1797 652">
    <p class='ocr_par' dir='ltr' id='par_1_6' title="bbox 214 573 1797 652">
     <span class='ocr_line' id='line_1_6' title="bbox 214 573 1797 652; baseline -0.007 -14"><span class='ocrx_word' id='word_1_26' title='bbox 214 586 387 646; x_wconf 76' lang='grc' dir='ltr'><strong>οὐσία,</strong></span> <span class='ocrx_word' id='word_1_27' title='bbox 425 582 528 652; x_wconf 86' lang='grc' dir='ltr'><strong>μία</strong></span> <span class='ocrx_word' id='word_1_28' title='bbox 550 578 846 649; x_wconf 77' lang='grc' dir='ltr'><strong>ἀγαθότης,</strong></span> <span class='ocrx_word' id='word_1_29' title='bbox 879 576 977 647; x_wconf 92' lang='grc' dir='ltr'><strong>μία</strong></span> <span class='ocrx_word' id='word_1_30' title='bbox 997 576 1250 646; x_wconf 80' lang='grc' dir='ltr'><strong>δύναμις,</strong></span> <span class='ocrx_word' id='word_1_31' title='bbox 1289 575 1390 644; x_wconf 89' lang='grc' dir='ltr'><strong>μία</strong></span> <span class='ocrx_word' id='word_1_32' title='bbox 1431 574 1671 645; x_wconf 79' lang='grc' dir='ltr'><strong>θέλησις,</strong></span> <span class='ocrx_word' id='word_1_33' title='bbox 1700 573 1797 643; x_wconf 89' lang='grc' dir='ltr'><strong>μία</strong></span> 
     </span>
    </p>
   </div>
   <div class='ocr_carea' id='block_1_7' title="bbox 216 664 1797 746">
    <p class='ocr_par' dir='ltr' id='par_1_7' title="bbox 216 664 1797 746">
     <span class='ocr_line' id='line_1_7' title="bbox 216 664 1797 746; baseline -0.006 -19"><span class='ocrx_word' id='word_1_34' title='bbox 216 676 485 746; x_wconf 66' lang='grc' dir='ltr'><strong>ἐνέργεια,</strong></span> <span class='ocrx_word' id='word_1_35' title='bbox 544 672 645 741; x_wconf 89' lang='grc' dir='ltr'><strong>μία</strong></span> <span class='ocrx_word' id='word_1_36' title='bbox 702 669 942 739; x_wconf 75' lang='grc' dir='ltr'><strong>ἐξουσία,</strong></span> <span class='ocrx_word' id='word_1_37' title='bbox 1003 668 1104 738; x_wconf 89' lang='grc' dir='ltr'><strong>μία</strong></span> <span class='ocrx_word' id='word_1_38' title='bbox 1164 667 1257 719; x_wconf 73' lang='grc' dir='ltr'><strong>καὶ</strong></span> <span class='ocrx_word' id='word_1_39' title='bbox 1291 668 1324 737; x_wconf 85' lang='grc' dir='ltr'>ἡ</span> <span class='ocrx_word' id='word_1_40' title='bbox 1353 664 1512 733; x_wconf 71' lang='grc' dir='ltr'><strong>αὐτὴ,</strong></span> <span class='ocrx_word' id='word_1_41' title='bbox 1552 665 1613 719; x_wconf 80' lang='grc' dir='ltr'>οὐ</span> <span class='ocrx_word' id='word_1_42' title='bbox 1650 667 1797 735; x_wconf 80' lang='grc' dir='ltr'>τρεῖς</span> 
     </span>
    </p>
   </div>
   <div class='ocr_carea' id='block_1_8' title="bbox 216 753 1798 834">
    <p class='ocr_par' dir='ltr' id='par_1_8' title="bbox 216 753 1798 834">
     <span class='ocr_line' id='line_1_8' title="bbox 216 753 1798 834; baseline -0.007 -17"><span class='ocrx_word' id='word_1_43' title='bbox 216 765 400 834; x_wconf 81' lang='grc' dir='ltr'><strong>ὅμοιαι</strong></span> <span class='ocrx_word' id='word_1_44' title='bbox 430 760 688 830; x_wconf 75' lang='grc' dir='ltr'><strong>ἀλλήλαις</strong></span> <span class='ocrx_word' id='word_1_45' title='bbox 711 775 723 788; x_wconf 94' lang='grc'><strong>·</strong></span> <span class='ocrx_word' id='word_1_46' title='bbox 760 756 898 813; x_wconf 76' lang='grc' dir='ltr'><strong>ἀλλὰ</strong></span> <span class='ocrx_word' id='word_1_47' title='bbox 934 757 1034 827; x_wconf 85' lang='grc' dir='ltr'><strong>μία</strong></span> <span class='ocrx_word' id='word_1_48' title='bbox 1075 755 1171 809; x_wconf 78' lang='grc' dir='ltr'><strong>καὶ</strong></span> <span class='ocrx_word' id='word_1_49' title='bbox 1209 757 1243 827; x_wconf 78' lang='grc' dir='ltr'>ὴ</span> <span class='ocrx_word' id='word_1_50' title='bbox 1277 753 1417 826; x_wconf 78' lang='grc' dir='ltr'><strong>αὐτὴ</strong></span> <span class='ocrx_word' id='word_1_51' title='bbox 1450 754 1662 826; x_wconf 82' lang='grc' dir='ltr'><strong>κίνησις</strong></span> <span class='ocrx_word' id='word_1_52' title='bbox 1690 754 1798 807; x_wconf 84' lang='grc' dir='ltr'><strong>τῶν</strong></span> 
     </span>
    </p>
   </div>
   <div class='ocr_carea' id='block_1_9' title="bbox 215 844 1798 927">
    <p class='ocr_par' dir='ltr' id='par_1_9' title="bbox 215 844 1798 927">
     <span class='ocr_line' id='line_1_9' title="bbox 215 844 1798 927; baseline -0.006 -20"><span class='ocrx_word' id='word_1_53' title='bbox 215 854 379 927; x_wconf 73' lang='grc' dir='ltr'><strong>τριῶν</strong></span> <span class='ocrx_word' id='word_1_54' title='bbox 428 852 804 906; x_wconf 80' lang='grc' dir='ltr'><strong>ὕποστάσεων.</strong></span> <span class='ocrx_word' id='word_1_55' title='bbox 850 849 949 902; x_wconf 84' lang='grc' dir='ltr'><strong>Ἐν</strong></span> <span class='ocrx_word' id='word_1_56' title='bbox 995 847 1106 919; x_wconf 81' lang='grc' dir='ltr'><strong>γὰρ</strong></span> <span class='ocrx_word' id='word_1_57' title='bbox 1158 847 1393 902; x_wconf 75' lang='grc' dir='ltr'><strong>ἕκαστον</strong></span> <span class='ocrx_word' id='word_1_58' title='bbox 1446 846 1627 900; x_wconf 83' lang='grc' dir='ltr'><strong>αὐτῶν</strong></span> <span class='ocrx_word' id='word_1_59' title='bbox 1685 844 1798 915; x_wconf 72' lang='grc' dir='ltr'><strong>ἔχει</strong></span> 
     </span>
    </p>
   </div>
   <div class='ocr_carea' id='block_1_10' title="bbox 216 934 1801 1016">
    <p class='ocr_par' dir='ltr' id='par_1_10' title="bbox 216 934 1801 1016">
     <span class='ocr_line' id='line_1_10' title="bbox 216 934 1801 1016; baseline -0.005 -18"><span class='ocrx_word' id='word_1_60' title='bbox 216 945 347 1016; x_wconf 78' lang='grc' dir='ltr'><strong>πρὸς</strong></span> <span class='ocrx_word' id='word_1_61' title='bbox 370 944 432 997; x_wconf 78' lang='grc' dir='ltr'><strong>τὸ</strong></span> <span class='ocrx_word' id='word_1_62' title='bbox 461 944 673 1013; x_wconf 76' lang='grc' dir='ltr'><strong>ἕτερον,</strong></span> <span class='ocrx_word' id='word_1_63' title='bbox 698 942 800 1012; x_wconf 82' lang='grc' dir='ltr'><strong>οὐχ</strong></span> <span class='ocrx_word' id='word_1_64' title='bbox 826 934 990 1013; x_wconf 83' lang='grc' dir='ltr'><strong>ἦττον</strong></span> <span class='ocrx_word' id='word_1_65' title='bbox 1018 940 1052 1011; x_wconf 78' lang='grc' dir='ltr'>ἢ</span> <span class='ocrx_word' id='word_1_66' title='bbox 1087 939 1220 1011; x_wconf 79' lang='grc' dir='ltr'><strong>πρὸς</strong></span> <span class='ocrx_word' id='word_1_67' title='bbox 1255 940 1447 993; x_wconf 70' lang='grc' dir='ltr'><strong>ἑαυτόν</strong></span> <span class='ocrx_word' id='word_1_68' title='bbox 1468 954 1481 968; x_wconf 91' lang='grc'><strong>·</strong></span> <span class='ocrx_word' id='word_1_69' title='bbox 1521 936 1801 991; x_wconf 79' lang='grc' dir='ltr'><strong>τουτέστιν</strong></span> 
     </span>
    </p>
   </div>
   <div class='ocr_carea' id='block_1_11' title="bbox 216 1030 1801 1103">
    <p class='ocr_par' dir='ltr' id='par_1_11' title="bbox 216 1030 1801 1103">
     <span class='ocr_line' id='line_1_11' title="bbox 216 1030 1801 1103; baseline -0.004 -14"><span class='ocrx_word' id='word_1_70' title='bbox 216 1038 289 1090; x_wconf 75' lang='grc' dir='ltr'><strong>ᾶτι</strong></span> <span class='ocrx_word' id='word_1_71' title='bbox 312 1035 459 1088; x_wconf 74' lang='grc' dir='ltr'><strong>κατὰ</strong></span> <span class='ocrx_word' id='word_1_72' title='bbox 494 1035 677 1088; x_wconf 76' lang='grc' dir='ltr'><strong>πάντα</strong></span> <span class='ocrx_word' id='word_1_73' title='bbox 708 1034 768 1086; x_wconf 75' lang='grc' dir='ltr'><strong>ἓν</strong></span> <span class='ocrx_word' id='word_1_74' title='bbox 798 1034 938 1086; x_wconf 76' lang='grc' dir='ltr'><strong>εἰσιν</strong></span> <span class='ocrx_word' id='word_1_75' title='bbox 1002 1033 1032 1085; x_wconf 89' lang='grc' dir='ltr'><strong>ό</strong></span> <span class='ocrx_word' id='word_1_76' title='bbox 1081 1031 1298 1103; x_wconf 83' lang='grc' dir='ltr'><strong>Πατὴρ,</strong></span> <span class='ocrx_word' id='word_1_77' title='bbox 1326 1031 1422 1085; x_wconf 71' lang='grc' dir='ltr'><strong>καὶ</strong></span> <span class='ocrx_word' id='word_1_78' title='bbox 1459 1032 1492 1083; x_wconf 75' lang='grc' dir='ltr'><strong>ὁ</strong></span> <span class='ocrx_word' id='word_1_79' title='bbox 1515 1030 1664 1095; x_wconf 67' lang='grc' dir='ltr'><strong>Υἱὸς,</strong></span> <span class='ocrx_word' id='word_1_80' title='bbox 1705 1030 1801 1082; x_wconf 73' lang='grc' dir='ltr'><strong>καὶ</strong></span> 
     </span>
    </p>
   </div>
   <div class='ocr_carea' id='block_1_12' title="bbox 215 1120 1801 1195">
    <p class='ocr_par' dir='ltr' id='par_1_12' title="bbox 215 1120 1801 1195">
     <span class='ocr_line' id='line_1_12' title="bbox 215 1120 1801 1195; baseline -0.004 -16"><span class='ocrx_word' id='word_1_81' title='bbox 215 1125 269 1179; x_wconf 70' lang='grc' dir='ltr'><strong>τὸ</strong></span> <span class='ocrx_word' id='word_1_82' title='bbox 292 1127 450 1193; x_wconf 74' lang='grc' dir='ltr'><strong>ἆγιον</strong></span> <span class='ocrx_word' id='word_1_83' title='bbox 481 1123 735 1195; x_wconf 78' lang='grc' dir='ltr'><strong>Πνεῦμα,</strong></span> <span class='ocrx_word' id='word_1_84' title='bbox 757 1123 899 1194; x_wconf 78' lang='grc' dir='ltr'><strong>πλὴν</strong></span> <span class='ocrx_word' id='word_1_85' title='bbox 926 1123 1026 1193; x_wconf 74' lang='grc' dir='ltr'><strong>τῆς</strong></span> <span class='ocrx_word' id='word_1_86' title='bbox 1050 1122 1403 1192; x_wconf 81' lang='grc' dir='ltr'><strong>ἁγεννησίας,</strong></span> <span class='ocrx_word' id='word_1_87' title='bbox 1432 1120 1527 1174; x_wconf 78' lang='grc' dir='ltr'><strong>καὶ</strong></span> <span class='ocrx_word' id='word_1_88' title='bbox 1551 1120 1652 1191; x_wconf 84' lang='grc' dir='ltr'><strong>τῆς</strong></span> <span class='ocrx_word' id='word_1_89' title='bbox 1674 1137 1801 1187; x_wconf 84' lang='grc' dir='ltr'><strong>γεν-</strong></span> 
     </span>
    </p>
   </div>
   <div class='ocr_carea' id='block_1_13' title="bbox 216 1210 1801 1288">
    <p class='ocr_par' dir='ltr' id='par_1_13' title="bbox 216 1210 1801 1288">
     <span class='ocr_line' id='line_1_13' title="bbox 216 1210 1801 1288; baseline 0.006 -28"><span class='ocrx_word' id='word_1_90' title='bbox 216 1218 438 1286; x_wconf 64' lang='grc' dir='ltr'><strong>νήσεως,</strong></span> <span class='ocrx_word' id='word_1_91' title='bbox 463 1216 564 1268; x_wconf 77' lang='grc' dir='ltr'><strong>καὶ</strong></span> <span class='ocrx_word' id='word_1_92' title='bbox 587 1210 687 1286; x_wconf 70' lang='grc' dir='ltr'><strong>τῆς</strong></span> <span class='ocrx_word' id='word_1_93' title='bbox 721 1215 1105 1288; x_wconf 67' lang='grc' dir='ltr'><strong>ἐκπορεύσεως</strong></span> <span class='ocrx_word' id='word_1_94' title='bbox 1126 1231 1142 1244; x_wconf 75' lang='grc' dir='ltr'><strong><em>ο</em></strong></span> <span class='ocrx_word' id='word_1_95' title='bbox 1183 1214 1399 1285; x_wconf 77' lang='grc' dir='ltr'><strong>ἐπινοίᾳ</strong></span> <span class='ocrx_word' id='word_1_96' title='bbox 1426 1212 1482 1266; x_wconf 84' lang='grc' dir='ltr'><strong>δὲ</strong></span> <span class='ocrx_word' id='word_1_97' title='bbox 1510 1212 1571 1266; x_wconf 84' lang='grc' dir='ltr'><strong>τὸ</strong></span> <span class='ocrx_word' id='word_1_98' title='bbox 1607 1214 1801 1285; x_wconf 81' lang='grc' dir='ltr'><strong>διῃρη-</strong></span> 
     </span>
    </p>
   </div>
   <div class='ocr_carea' id='block_1_14' title="bbox 220 1303 1801 1375">
    <p class='ocr_par' dir='ltr' id='par_1_14' title="bbox 220 1303 1801 1375">
     <span class='ocr_line' id='line_1_14' title="bbox 220 1303 1801 1375; baseline -0.001 -18"><span class='ocrx_word' id='word_1_99' title='bbox 220 1306 397 1375; x_wconf 80' lang='grc' dir='ltr'><strong>μένον.</strong></span> <span class='ocrx_word' id='word_1_100' title='bbox 455 1306 599 1359; x_wconf 83' lang='grc' dir='ltr'><strong>Ἕνα</strong></span> <span class='ocrx_word' id='word_1_101' title='bbox 664 1306 774 1375; x_wconf 81' lang='grc' dir='ltr'><strong>γὰρ</strong></span> <span class='ocrx_word' id='word_1_102' title='bbox 827 1305 962 1359; x_wconf 82' lang='grc' dir='ltr'>Θεὸν</span> <span class='ocrx_word' id='word_1_103' title='bbox 1011 1304 1390 1374; x_wconf 68' lang='grc' dir='ltr'><strong>γινώσκομεν*</strong></span> <span class='ocrx_word' id='word_1_104' title='bbox 1431 1305 1489 1357; x_wconf 77' lang='grc' dir='ltr'><strong>ἐν</strong></span> <span class='ocrx_word' id='word_1_105' title='bbox 1528 1303 1801 1374; x_wconf 80' lang='grc' dir='ltr'><strong>μόναιςᾶ</strong></span> 
     </span>
    </p>
   </div>
   <div class='ocr_carea' id='block_1_15' title="bbox 217 1392 1799 1467">
    <p class='ocr_par' dir='ltr' id='par_1_15' title="bbox 217 1392 1799 1467">
     <span class='ocr_line' id='line_1_15' title="bbox 217 1392 1799 1467; baseline -0.002 -18"><span class='ocrx_word' id='word_1_106' title='bbox 217 1399 331 1459; x_wconf 78' lang='grc' dir='ltr'><strong>ταῖς</strong></span> <span class='ocrx_word' id='word_1_107' title='bbox 366 1396 603 1466; x_wconf 81' lang='grc' dir='ltr'><strong>ίδιότησι</strong></span> <span class='ocrx_word' id='word_1_108' title='bbox 630 1397 729 1465; x_wconf 82' lang='grc' dir='ltr'><strong>τῆς</strong></span> <span class='ocrx_word' id='word_1_109' title='bbox 750 1413 812 1448; x_wconf 89' lang='grc' dir='ltr'><strong>τε</strong></span> <span class='ocrx_word' id='word_1_110' title='bbox 843 1392 1204 1467; x_wconf 76' lang='grc' dir='ltr'><strong>πατρότητος,</strong></span> <span class='ocrx_word' id='word_1_111' title='bbox 1263 1395 1358 1448; x_wconf 75' lang='grc' dir='ltr'><strong>καὶ</strong></span> <span class='ocrx_word' id='word_1_112' title='bbox 1395 1396 1494 1466; x_wconf 76' lang='grc' dir='ltr'><strong>τῆς</strong></span> <span class='ocrx_word' id='word_1_113' title='bbox 1529 1394 1799 1463; x_wconf 86' lang='grc' dir='ltr'><strong>υίότητος,</strong></span> 
     </span>
    </p>
   </div>
   <div class='ocr_carea' id='block_1_16' title="bbox 218 1482 1803 1560">
    <p class='ocr_par' dir='ltr' id='par_1_16' title="bbox 218 1482 1803 1560">
     <span class='ocr_line' id='line_1_16' title="bbox 218 1482 1803 1560; baseline -0.002 -18"><span class='ocrx_word' id='word_1_114' title='bbox 218 1489 307 1542; x_wconf 67' lang='grc' dir='ltr'><strong>καὶ</strong></span> <span class='ocrx_word' id='word_1_115' title='bbox 335 1482 440 1557; x_wconf 74' lang='grc' dir='ltr'><strong>τῆς</strong></span> <span class='ocrx_word' id='word_1_116' title='bbox 470 1489 860 1560; x_wconf 80' lang='grc' dir='ltr'><strong>ὲκπορεύσεως</strong></span> <span class='ocrx_word' id='word_1_117' title='bbox 881 1505 899 1520; x_wconf 68' lang='grc' dir='ltr'><strong>θ</strong></span> <span class='ocrx_word' id='word_1_118' title='bbox 969 1488 1112 1542; x_wconf 82' lang='grc' dir='ltr'><strong>κατὰ</strong></span> <span class='ocrx_word' id='word_1_119' title='bbox 1162 1504 1222 1540; x_wconf 87' lang='grc' dir='ltr'><strong>τε</strong></span> <span class='ocrx_word' id='word_1_120' title='bbox 1279 1486 1339 1539; x_wconf 82' lang='grc' dir='ltr'><strong>τὸ</strong></span> <span class='ocrx_word' id='word_1_121' title='bbox 1372 1487 1569 1551; x_wconf 70' lang='grc' dir='ltr'><strong>αἴτιον,</strong></span> <span class='ocrx_word' id='word_1_122' title='bbox 1617 1486 1711 1539; x_wconf 76' lang='grc' dir='ltr'><strong>καὶ</strong></span> <span class='ocrx_word' id='word_1_123' title='bbox 1742 1485 1803 1539; x_wconf 80' lang='grc' dir='ltr'><strong>τὸ</strong></span> 
     </span>
    </p>
   </div>
   <div class='ocr_carea' id='block_1_17' title="bbox 219 1570 1801 1650">
    <p class='ocr_par' dir='ltr' id='par_1_17' title="bbox 219 1570 1801 1650">
     <span class='ocr_line' id='line_1_17' title="bbox 219 1570 1801 1650; baseline -0.002 -17"><span class='ocrx_word' id='word_1_124' title='bbox 219 1570 675 1649; x_wconf 66' lang='grc' dir='ltr'><strong>αἱτιατδν(ί),καὶ</strong></span> <span class='ocrx_word' id='word_1_125' title='bbox 690 1578 965 1635; x_wconf 82' lang='grc' dir='ltr'><strong>τὺτὲλειον</strong></span> <span class='ocrx_word' id='word_1_126' title='bbox 982 1581 1081 1650; x_wconf 75' lang='grc' dir='ltr'><strong>τῆς</strong></span> <span class='ocrx_word' id='word_1_127' title='bbox 1142 1578 1517 1644; x_wconf 80' lang='grc' dir='ltr'><strong>ὐποστάσεως,</strong></span> <span class='ocrx_word' id='word_1_128' title='bbox 1555 1578 1674 1648; x_wconf 72' lang='grc' dir='ltr'><strong>ἤτοι</strong></span> <span class='ocrx_word' id='word_1_129' title='bbox 1711 1576 1801 1630; x_wconf 80' lang='grc' dir='ltr'><strong>τὸν</strong></span> 
     </span>
    </p>
   </div>
   <div class='ocr_carea' id='block_1_18' title="bbox 220 1667 1799 1741">
    <p class='ocr_par' dir='ltr' id='par_1_18' title="bbox 220 1667 1799 1741">
     <span class='ocr_line' id='line_1_18' title="bbox 220 1667 1799 1741; baseline -0.007 -7"><span class='ocrx_word' id='word_1_130' title='bbox 220 1672 315 1740; x_wconf 82' lang='grc' dir='ltr'><strong>τῆς</strong></span> <span class='ocrx_word' id='word_1_131' title='bbox 382 1669 681 1739; x_wconf 72' lang='grc' dir='ltr'><strong>ὑπάρξεως</strong></span> <span class='ocrx_word' id='word_1_132' title='bbox 740 1669 978 1737; x_wconf 81' lang='grc' dir='ltr'><strong>τρόπον,</strong></span> <span class='ocrx_word' id='word_1_133' title='bbox 1029 1670 1128 1741; x_wconf 82' lang='grc' dir='ltr'><strong>τὴν</strong></span> <span class='ocrx_word' id='word_1_134' title='bbox 1176 1669 1443 1740; x_wconf 77' lang='grc' dir='ltr'><strong>διαφορὰν</strong></span> <span class='ocrx_word' id='word_1_135' title='bbox 1490 1667 1799 1739; x_wconf 71' lang='grc' dir='ltr'><strong>ἐννοοῦμεν.</strong></span> 
     </span>
    </p>
   </div>
   <div class='ocr_carea' id='block_1_19' title="bbox 221 1760 1803 1832">
    <p class='ocr_par' dir='ltr' id='par_1_19' title="bbox 221 1760 1803 1832">
     <span class='ocr_line' id='line_1_19' title="bbox 221 1760 1803 1832; baseline 0.001 -17"><span class='ocrx_word' id='word_1_136' title='bbox 221 1763 353 1816; x_wconf 70' lang='grc' dir='ltr'><strong>Οὔτε</strong></span> <span class='ocrx_word' id='word_1_137' title='bbox 377 1762 493 1831; x_wconf 76' lang='grc' dir='ltr'><strong>γὰρ</strong></span> <span class='ocrx_word' id='word_1_138' title='bbox 525 1760 763 1829; x_wconf 70' lang='grc' dir='ltr'><strong>τοπικὴν</strong></span> <span class='ocrx_word' id='word_1_139' title='bbox 814 1760 1116 1828; x_wconf 80' lang='grc' dir='ltr'><strong>διάστασιν,</strong></span> <span class='ocrx_word' id='word_1_140' title='bbox 1179 1762 1255 1826; x_wconf 85' lang='grc' dir='ltr'><strong>ὡς</strong></span> <span class='ocrx_word' id='word_1_141' title='bbox 1314 1762 1399 1832; x_wconf 79' lang='grc' dir='ltr'><strong>ἐφ’</strong></span> <span class='ocrx_word' id='word_1_142' title='bbox 1429 1760 1606 1831; x_wconf 83' lang='grc' dir='ltr'><strong>ἡμῶν,</strong></span> <span class='ocrx_word' id='word_1_143' title='bbox 1640 1761 1803 1816; x_wconf 78' lang='grc' dir='ltr'><strong>δυνάο</strong></span> 
     </span>
    </p>
   </div>
   <div class='ocr_carea' id='block_1_20' title="bbox 224 1849 2023 1924">
    <p class='ocr_par' dir='ltr' id='par_1_20' title="bbox 224 1849 2023 1924">
     <span class='ocr_line' id='line_1_20' title="bbox 224 1849 2023 1924; baseline 0.003 -22"><span class='ocrx_word' id='word_1_144' title='bbox 224 1850 360 1919; x_wconf 60' lang='lat' dir='ltr'><strong>[teda</strong></span> <span class='ocrx_word' id='word_1_145' title='bbox 391 1851 490 1903; x_wconf 73' lang='grc' dir='ltr'><strong>ἐπὶ</strong></span> <span class='ocrx_word' id='word_1_146' title='bbox 507 1849 610 1921; x_wconf 83' lang='grc' dir='ltr'><strong>τῆς</strong></span> <span class='ocrx_word' id='word_1_147' title='bbox 627 1850 731 1903; x_wconf 82' lang='grc' dir='ltr'><strong>ἀπε</strong></span> <span class='ocrx_word' id='word_1_148' title='bbox 742 1850 1045 1921; x_wconf 73' lang='grc' dir='ltr'><strong>ριγράπτου</strong></span> <span class='ocrx_word' id='word_1_149' title='bbox 1068 1851 1248 1919; x_wconf 80' lang='grc' dir='ltr'><strong>λέγειν</strong></span> <span class='ocrx_word' id='word_1_150' title='bbox 1266 1851 1541 1924; x_wconf 80' lang='grc' dir='ltr'><strong>Θεὸτητος’</strong></span> <span class='ocrx_word' id='word_1_151' title='bbox 1563 1854 1621 1905; x_wconf 80' lang='grc' dir='ltr'><strong>ὲν</strong></span> <span class='ocrx_word' id='word_1_152' title='bbox 1638 1852 1804 1922; x_wconf 84' lang='grc' dir='ltr'><strong>ἀλλή-</strong></span> <span class='ocrx_word' id='word_1_153' title='bbox 1840 1856 1885 1911; x_wconf 85' lang='grc' dir='ltr'>Β</span> <span class='ocrx_word' id='word_1_154' title='bbox 1908 1860 2023 1910; x_wconf 89' lang='lat' dir='ltr'><strong>tur.</strong></span> 
     </span>
    </p>
   </div>
   <div class='ocr_carea' id='block_1_21' title="bbox 220 1939 1805 2015">
    <p class='ocr_par' dir='ltr' id='par_1_21' title="bbox 220 1939 1805 2015">
     <span class='ocr_line' id='line_1_21' title="bbox 220 1939 1805 2015; baseline 0.004 -24"><span class='ocrx_word' id='word_1_155' title='bbox 220 1939 338 2001; x_wconf 72' lang='grc' dir='ltr'><strong>λαις</strong></span> <span class='ocrx_word' id='word_1_156' title='bbox 364 1941 480 2008; x_wconf 71' lang='grc' dir='ltr'><strong>γὰρ</strong></span> <span class='ocrx_word' id='word_1_157' title='bbox 504 1941 561 1992; x_wconf 79' lang='grc' dir='ltr'><strong>αἱ</strong></span> <span class='ocrx_word' id='word_1_158' title='bbox 611 1941 945 2005; x_wconf 70' lang='grc' dir='ltr'><strong>ὑποστάσεις</strong></span> <span class='ocrx_word' id='word_1_159' title='bbox 972 1941 1137 1995; x_wconf 77' lang='grc' dir='ltr'><strong>εἰσίν·</strong></span> <span class='ocrx_word' id='word_1_160' title='bbox 1167 1944 1265 2014; x_wconf 81' lang='grc' dir='ltr'><strong>οὐχ</strong></span> <span class='ocrx_word' id='word_1_161' title='bbox 1296 1944 1435 1997; x_wconf 84' lang='grc' dir='ltr'><strong>ὥστε</strong></span> <span class='ocrx_word' id='word_1_162' title='bbox 1466 1944 1805 2015; x_wconf 82' lang='grc' dir='ltr'><strong>συγχεῖσθαι,</strong></span> 
     </span>
    </p>
   </div>
   <div class='ocr_carea' id='block_1_22' title="bbox 221 2030 1813 2107">
    <p class='ocr_par' dir='ltr' id='par_1_22' title="bbox 221 2030 1813 2107">
     <span class='ocr_line' id='line_1_22' title="bbox 221 2030 1813 2107; baseline 0.006 -24"><span class='ocrx_word' id='word_1_163' title='bbox 221 2031 355 2083; x_wconf 72' lang='grc' dir='ltr'><strong>ἁ)λὰ</strong></span> <span class='ocrx_word' id='word_1_164' title='bbox 382 2030 533 2084; x_wconf 79' lang='grc' dir='ltr'><strong>ὥστε</strong></span> <span class='ocrx_word' id='word_1_165' title='bbox 559 2031 807 2101; x_wconf 79' lang='grc' dir='ltr'><strong>ἔχεσθαι,</strong></span> <span class='ocrx_word' id='word_1_166' title='bbox 834 2033 977 2086; x_wconf 81' lang='grc' dir='ltr'><strong>κατὰ</strong></span> <span class='ocrx_word' id='word_1_167' title='bbox 1000 2034 1091 2087; x_wconf 78' lang='grc' dir='ltr'><strong>τδν</strong></span> <span class='ocrx_word' id='word_1_168' title='bbox 1112 2034 1206 2089; x_wconf 79' lang='grc' dir='ltr'><strong>τοῦ</strong></span> <span class='ocrx_word' id='word_1_169' title='bbox 1236 2036 1444 2107; x_wconf 84' lang='grc' dir='ltr'><strong>Κυρίου</strong></span> <span class='ocrx_word' id='word_1_170' title='bbox 1467 2038 1645 2106; x_wconf 84' lang='grc' dir='ltr'><strong>λόγον,</strong></span> <span class='ocrx_word' id='word_1_171' title='bbox 1664 2035 1813 2106; x_wconf 71' lang='grc' dir='ltr'><strong>Ἐγὼ</strong></span> 
     </span>
    </p>
   </div>
   <div class='ocr_carea' id='block_1_23' title="bbox 221 2119 1809 2198">
    <p class='ocr_par' dir='ltr' id='par_1_23' title="bbox 221 2119 1809 2198">
     <span class='ocr_line' id='line_1_23' title="bbox 221 2119 1809 2198; baseline 0.004 -25"><span class='ocrx_word' id='word_1_172' title='bbox 221 2119 288 2173; x_wconf 70' lang='grc' dir='ltr'><strong>ἐν</strong></span> <span class='ocrx_word' id='word_1_173' title='bbox 310 2120 393 2185; x_wconf 79' lang='grc' dir='ltr'><strong>τῷ</strong></span> <span class='ocrx_word' id='word_1_174' title='bbox 416 2122 626 2191; x_wconf 78' lang='grc' dir='ltr'><strong>Πατρὶ,</strong></span> <span class='ocrx_word' id='word_1_175' title='bbox 651 2122 750 2176; x_wconf 74' lang='grc' dir='ltr'><strong>καί</strong></span> <span class='ocrx_word' id='word_1_176' title='bbox 777 2127 809 2176; x_wconf 81' lang='grc' dir='ltr'><strong>ό</strong></span> <span class='ocrx_word' id='word_1_177' title='bbox 838 2124 1044 2192; x_wconf 73' lang='grc' dir='ltr'><strong>Πατὴρ</strong></span> <span class='ocrx_word' id='word_1_178' title='bbox 1070 2125 1140 2178; x_wconf 78' lang='grc' dir='ltr'><strong>ἐν</strong></span> <span class='ocrx_word' id='word_1_179' title='bbox 1162 2126 1314 2195; x_wconf 74' lang='grc' dir='ltr'><strong>ἐμοὶ,</strong></span> <span class='ocrx_word' id='word_1_180' title='bbox 1346 2129 1620 2198; x_wconf 78' lang='grc' dir='ltr'><strong>φήσαντος</strong></span> <span class='ocrx_word' id='word_1_181' title='bbox 1647 2148 1659 2160; x_wconf 82' lang='grc'>·</span> <span class='ocrx_word' id='word_1_182' title='bbox 1685 2126 1809 2180; x_wconf 71' lang='grc' dir='ltr'><strong>οὔτε</strong></span> 
     </span>
    </p>
   </div>
   <div class='ocr_carea' id='block_1_24' title="bbox 223 2208 1811 2286">
    <p class='ocr_par' dir='ltr' id='par_1_24' title="bbox 223 2208 1811 2286">
     <span class='ocr_line' id='line_1_24' title="bbox 223 2208 1811 2286; baseline 0.006 -27"><span class='ocrx_word' id='word_1_183' title='bbox 223 2208 539 2277; x_wconf 72' lang='grc' dir='ltr'><strong>Θελήματος</strong></span> <span class='ocrx_word' id='word_1_184' title='bbox 568 2208 857 2282; x_wconf 77' lang='grc' dir='ltr'><strong>διαφορὰν,</strong></span> <span class='ocrx_word' id='word_1_185' title='bbox 888 2208 921 2282; x_wconf 81' lang='grc' dir='ltr'>ἦ</span> <span class='ocrx_word' id='word_1_186' title='bbox 945 2212 1192 2285; x_wconf 81' lang='grc' dir='ltr'><strong>γνώμης,</strong></span> <span class='ocrx_word' id='word_1_187' title='bbox 1215 2215 1247 2285; x_wconf 82' lang='grc' dir='ltr'>ἦ</span> <span class='ocrx_word' id='word_1_188' title='bbox 1267 2216 1568 2286; x_wconf 71' lang='grc' dir='ltr'><strong>ἐνεργείας,</strong></span> <span class='ocrx_word' id='word_1_189' title='bbox 1594 2216 1628 2286; x_wconf 83' lang='grc' dir='ltr'>ἢ</span> <span class='ocrx_word' id='word_1_190' title='bbox 1649 2216 1811 2269; x_wconf 79' lang='grc' dir='ltr'><strong>δυνά-</strong></span> 
     </span>
    </p>
   </div>
   <div class='ocr_carea' id='block_1_25' title="bbox 228 2300 1813 2379">
    <p class='ocr_par' dir='ltr' id='par_1_25' title="bbox 228 2300 1813 2379">
     <span class='ocr_line' id='line_1_25' title="bbox 228 2300 1813 2379; baseline 0.009 -31"><span class='ocrx_word' id='word_1_191' title='bbox 228 2315 393 2365; x_wconf 82' lang='grc' dir='ltr'><strong>μεως,</strong></span> <span class='ocrx_word' id='word_1_192' title='bbox 425 2300 461 2370; x_wconf 75' lang='grc' dir='ltr'><strong>ἡ</strong></span> <span class='ocrx_word' id='word_1_193' title='bbox 491 2317 641 2363; x_wconf 82' lang='grc' dir='ltr'><strong>τινος</strong></span> <span class='ocrx_word' id='word_1_194' title='bbox 661 2302 872 2373; x_wconf 73' lang='grc' dir='ltr'><strong>ἑτέρου,</strong></span> <span class='ocrx_word' id='word_1_195' title='bbox 906 2304 1065 2357; x_wconf 70' lang='grc' dir='ltr'><strong>ἅτινα</strong></span> <span class='ocrx_word' id='word_1_196' title='bbox 1094 2306 1195 2376; x_wconf 85' lang='grc' dir='ltr'><strong>τὴν</strong></span> <span class='ocrx_word' id='word_1_197' title='bbox 1245 2309 1665 2379; x_wconf 80' lang='grc' dir='ltr'><strong>πραγματικὴν,</strong></span> <span class='ocrx_word' id='word_1_198' title='bbox 1718 2310 1813 2362; x_wconf 80' lang='grc' dir='ltr'><strong>καὶ</strong></span> 
     </span>
    </p>
   </div>
   <div class='ocr_carea' id='block_1_26' title="bbox 224 2390 1813 2470">
    <p class='ocr_par' dir='ltr' id='par_1_26' title="bbox 224 2390 1813 2470">
     <span class='ocr_line' id='line_1_26' title="bbox 224 2390 1813 2470; baseline 0.007 -30"><span class='ocrx_word' id='word_1_199' title='bbox 224 2390 399 2442; x_wconf 71' lang='grc' dir='ltr'>διόλου</span> <span class='ocrx_word' id='word_1_200' title='bbox 458 2393 524 2443; x_wconf 81' lang='grc' dir='ltr'><strong>ὲν</strong></span> <span class='ocrx_word' id='word_1_201' title='bbox 580 2394 717 2463; x_wconf 75' lang='grc' dir='ltr'><strong>ἡμῖν</strong></span> <span class='ocrx_word' id='word_1_202' title='bbox 761 2398 994 2464; x_wconf 83' lang='grc' dir='ltr'><strong>γεννῶσι</strong></span> <span class='ocrx_word' id='word_1_203' title='bbox 1044 2398 1331 2470; x_wconf 84' lang='grc' dir='ltr'><strong>διαίρεσιν.</strong></span> <span class='ocrx_word' id='word_1_204' title='bbox 1380 2400 1470 2452; x_wconf 84' lang='grc' dir='ltr'><strong>Διὺ</strong></span> <span class='ocrx_word' id='word_1_205' title='bbox 1504 2400 1626 2453; x_wconf 80' lang='grc' dir='ltr'>οὐδὲ</span> <span class='ocrx_word' id='word_1_206' title='bbox 1662 2402 1813 2469; x_wconf 80' lang='grc' dir='ltr'>τρεῖς</span> 
     </span>
    </p>
   </div>
   <div class='ocr_carea' id='block_1_27' title="bbox 227 2480 1814 2561">
    <p class='ocr_par' dir='ltr' id='par_1_27' title="bbox 227 2480 1814 2561">
     <span class='ocr_line' id='line_1_27' title="bbox 227 2480 1814 2561; baseline 0.009 -29"><span class='ocrx_word' id='word_1_207' title='bbox 227 2480 381 2544; x_wconf 68' lang='grc' dir='ltr'><strong>θεοὺς</strong></span> <span class='ocrx_word' id='word_1_208' title='bbox 408 2482 670 2553; x_wconf 76' lang='grc' dir='ltr'><strong>λέγομεν,</strong></span> <span class='ocrx_word' id='word_1_209' title='bbox 735 2487 827 2541; x_wconf 73' lang='grc' dir='ltr'><strong>τὸν</strong></span> <span class='ocrx_word' id='word_1_210' title='bbox 883 2491 1127 2561; x_wconf 79' lang='grc' dir='ltr'><strong>Πατέρα,</strong></span> <span class='ocrx_word' id='word_1_211' title='bbox 1162 2492 1255 2544; x_wconf 76' lang='grc' dir='ltr'><strong>καὶ</strong></span> <span class='ocrx_word' id='word_1_212' title='bbox 1307 2492 1399 2545; x_wconf 81' lang='grc' dir='ltr'><strong>τὸν</strong></span> <span class='ocrx_word' id='word_1_213' title='bbox 1449 2492 1601 2555; x_wconf 79' lang='grc' dir='ltr'><strong>Υἱὺν,</strong></span> <span class='ocrx_word' id='word_1_214' title='bbox 1637 2496 1730 2546; x_wconf 73' lang='grc' dir='ltr'><strong>καὶ</strong></span> <span class='ocrx_word' id='word_1_215' title='bbox 1753 2492 1814 2547; x_wconf 77' lang='grc' dir='ltr'><strong>τὸ</strong></span> 
     </span>
    </p>
   </div>
   <div class='ocr_carea' id='block_1_28' title="bbox 227 2570 1813 2649">
    <p class='ocr_par' dir='ltr' id='par_1_28' title="bbox 227 2570 1813 2649">
     <span class='ocr_line' id='line_1_28' title="bbox 227 2570 1813 2649; baseline 0.007 -27"><span class='ocrx_word' id='word_1_216' title='bbox 227 2570 383 2637; x_wconf 64' lang='grc' dir='ltr'><strong>ἆγιον</strong></span> <span class='ocrx_word' id='word_1_217' title='bbox 428 2574 698 2642; x_wconf 81' lang='grc' dir='ltr'><strong>Πνεῦμα·</strong></span> <span class='ocrx_word' id='word_1_218' title='bbox 749 2576 847 2630; x_wconf 72' lang='grc' dir='ltr'><strong>ἕνα</strong></span> <span class='ocrx_word' id='word_1_219' title='bbox 903 2579 961 2632; x_wconf 84' lang='grc' dir='ltr'><strong>δὲ</strong></span> <span class='ocrx_word' id='word_1_220' title='bbox 1029 2580 1231 2649; x_wconf 76' lang='grc' dir='ltr'><strong>μᾶλλον</strong></span> <span class='ocrx_word' id='word_1_221' title='bbox 1288 2580 1457 2645; x_wconf 85' lang='grc' dir='ltr'><strong>Θεὸν,</strong></span> <span class='ocrx_word' id='word_1_222' title='bbox 1509 2582 1610 2649; x_wconf 83' lang='grc' dir='ltr'><strong>τὴν</strong></span> <span class='ocrx_word' id='word_1_223' title='bbox 1650 2582 1813 2649; x_wconf 84' lang='grc' dir='ltr'><strong>ἁγίαν</strong></span> 
     </span>
    </p>
   </div>
   <div class='ocr_carea' id='block_1_29' title="bbox 228 2662 1817 2743">
    <p class='ocr_par' dir='ltr' id='par_1_29' title="bbox 228 2662 1817 2743">
     <span class='ocr_line' id='line_1_29' title="bbox 228 2662 1817 2743; baseline 0.006 -25"><span class='ocrx_word' id='word_1_224' title='bbox 228 2662 456 2732; x_wconf 66' lang='grc' dir='ltr'><strong>Τριάδα,</strong></span> <span class='ocrx_word' id='word_1_225' title='bbox 485 2668 569 2729; x_wconf 81' lang='grc' dir='ltr'><strong>εἰς</strong></span> <span class='ocrx_word' id='word_1_226' title='bbox 600 2666 660 2719; x_wconf 73' lang='grc' dir='ltr'><strong>ἒν</strong></span> <span class='ocrx_word' id='word_1_227' title='bbox 684 2669 858 2722; x_wconf 71' lang='grc' dir='ltr'><strong>αἴτιον</strong></span> <span class='ocrx_word' id='word_1_228' title='bbox 966 2672 1102 2725; x_wconf 82' lang='grc' dir='ltr'>Υἱοῦ</span> <span class='ocrx_word' id='word_1_229' title='bbox 1203 2673 1299 2726; x_wconf 73' lang='grc' dir='ltr'><strong>καὶ</strong></span> <span class='ocrx_word' id='word_1_230' title='bbox 1341 2672 1663 2743; x_wconf 80' lang='grc' dir='ltr'><strong>Πνεὺματος</strong></span> <span class='ocrx_word' id='word_1_231' title='bbox 1687 2675 1817 2727; x_wconf 82' lang='grc' dir='ltr'><strong>ἀνα-</strong></span> 
     </span>
    </p>
   </div>
   <div class='ocr_carea' id='block_1_30' title="bbox 228 2752 1812 2835">
    <p class='ocr_par' dir='ltr' id='par_1_30' title="bbox 228 2752 1812 2835">
     <span class='ocr_line' id='line_1_30' title="bbox 228 2752 1812 2835; baseline 0.011 -35"><span class='ocrx_word' id='word_1_232' title='bbox 228 2752 570 2817; x_wconf 70' lang='grc' dir='ltr'><strong>φερομένων,</strong></span> <span class='ocrx_word' id='word_1_233' title='bbox 601 2755 664 2806; x_wconf 73' lang='grc' dir='ltr'>οὐ</span> <span class='ocrx_word' id='word_1_234' title='bbox 698 2757 1119 2827; x_wconf 72' lang='grc' dir='ltr'><strong>συντιθεμένων,</strong></span> <span class='ocrx_word' id='word_1_235' title='bbox 1150 2759 1273 2812; x_wconf 80' lang='grc' dir='ltr'>οὐδὲ</span> <span class='ocrx_word' id='word_1_236' title='bbox 1321 2762 1812 2835; x_wconf 76' lang='grc' dir='ltr'><strong>συναλειφομένων,</strong></span> 
     </span>
    </p>
   </div>
   <div class='ocr_carea' id='block_1_31' title="bbox 228 2842 1817 2926">
    <p class='ocr_par' dir='ltr' id='par_1_31' title="bbox 228 2842 1817 2926">
     <span class='ocr_line' id='line_1_31' title="bbox 228 2842 1817 2926; baseline 0.013 -36"><span class='ocrx_word' id='word_1_237' title='bbox 228 2842 371 2892; x_wconf 76' lang='grc' dir='ltr'><strong>κατὰ</strong></span> <span class='ocrx_word' id='word_1_238' title='bbox 406 2843 510 2913; x_wconf 74' lang='grc' dir='ltr'><strong>τὴν</strong></span> <span class='ocrx_word' id='word_1_239' title='bbox 554 2844 848 2901; x_wconf 74' lang='grc' dir='ltr'><strong>Σαϐελλίου</strong></span> <span class='ocrx_word' id='word_1_240' title='bbox 896 2852 1236 2919; x_wconf 87' lang='grc' dir='ltr'><strong>συναίρεσιν·</strong></span> <span class='ocrx_word' id='word_1_241' title='bbox 1286 2853 1534 2907; x_wconf 78' lang='grc' dir='ltr'><strong>ἐνοῦνται</strong></span> <span class='ocrx_word' id='word_1_242' title='bbox 1568 2855 1696 2926; x_wconf 85' lang='grc' dir='ltr'><strong>γὰρ,</strong></span> <span class='ocrx_word' id='word_1_243' title='bbox 1739 2855 1817 2920; x_wconf 83' lang='grc' dir='ltr'>ὼς</span> 
     </span>
    </p>
   </div>
   <div class='ocr_carea' id='block_1_32' title="bbox 229 2932 1816 3017">
    <p class='ocr_par' dir='ltr' id='par_1_32' title="bbox 229 2932 1816 3017">
     <span class='ocr_line' id='line_1_32' title="bbox 229 2932 1816 3017; baseline 0.011 -35"><span class='ocrx_word' id='word_1_244' title='bbox 229 2932 467 3002; x_wconf 55' lang='lat' dir='ltr'><strong>Esmun,</strong></span> <span class='ocrx_word' id='word_1_245' title='bbox 522 2938 624 3006; x_wconf 80' lang='grc' dir='ltr'><strong>οὐχ</strong></span> <span class='ocrx_word' id='word_1_246' title='bbox 663 2938 805 2992; x_wconf 82' lang='grc' dir='ltr'><strong>ὥστε</strong></span> <span class='ocrx_word' id='word_1_247' title='bbox 860 2944 1205 3011; x_wconf 77' lang='grc' dir='ltr'><strong>συγχεῖσθαι,</strong></span> <span class='ocrx_word' id='word_1_248' title='bbox 1255 2941 1373 2998; x_wconf 70' lang='grc' dir='ltr'>ἀλλ’</span> <span class='ocrx_word' id='word_1_249' title='bbox 1408 2946 1548 3000; x_wconf 79' lang='grc' dir='ltr'><strong>ὥστε</strong></span> <span class='ocrx_word' id='word_1_250' title='bbox 1594 2946 1816 3017; x_wconf 77' lang='grc' dir='ltr'><strong>ἔχεσθαι</strong></span> 
     </span>
    </p>
   </div>
   <div class='ocr_carea' id='block_1_33' title="bbox 229 3024 1811 3112">
    <p class='ocr_par' dir='ltr' id='par_1_33' title="bbox 229 3024 1811 3112">
     <span class='ocr_line' id='line_1_33' title="bbox 229 3024 1811 3112; baseline 0.013 -38"><span class='ocrx_word' id='word_1_251' title='bbox 229 3024 517 3094; x_wconf 67' lang='grc' dir='ltr'><strong>ἁλὶήλωψ</strong></span> <span class='ocrx_word' id='word_1_252' title='bbox 576 3030 674 3083; x_wconf 71' lang='grc' dir='ltr'><strong>καὶ</strong></span> <span class='ocrx_word' id='word_1_253' title='bbox 722 3032 823 3101; x_wconf 84' lang='grc' dir='ltr'><strong>τὴν</strong></span> <span class='ocrx_word' id='word_1_254' title='bbox 879 3033 937 3084; x_wconf 76' lang='grc' dir='ltr'><strong>ἐν</strong></span> <span class='ocrx_word' id='word_1_255' title='bbox 984 3034 1243 3104; x_wconf 78' lang='grc' dir='ltr'><strong>ἀλλήλαις</strong></span> <span class='ocrx_word' id='word_1_256' title='bbox 1439 3037 1811 3112; x_wconf 83' lang='grc' dir='ltr'><strong>περιχὼρησιν</strong></span> 
     </span>
    </p>
   </div>
   <div class='ocr_carea' id='block_1_34' title="bbox 229 3115 1813 3199">
    <p class='ocr_par' dir='ltr' id='par_1_34' title="bbox 229 3115 1813 3199">
     <span class='ocr_line' id='line_1_34' title="bbox 229 3115 1813 3199; baseline 0.01 -34"><span class='ocrx_word' id='word_1_257' title='bbox 229 3115 416 3182; x_wconf 73' lang='grc' dir='ltr'><strong>ἔχουσι</strong></span> <span class='ocrx_word' id='word_1_258' title='bbox 443 3118 575 3187; x_wconf 75' lang='grc' dir='ltr'><strong>δίχα</strong></span> <span class='ocrx_word' id='word_1_259' title='bbox 636 3120 820 3191; x_wconf 83' lang='grc' dir='ltr'><strong>πάσης</strong></span> <span class='ocrx_word' id='word_1_260' title='bbox 875 3124 1201 3194; x_wconf 73' lang='grc' dir='ltr'><strong>συναλοιφῆς</strong></span> <span class='ocrx_word' id='word_1_261' title='bbox 1256 3126 1351 3178; x_wconf 72' lang='grc' dir='ltr'><strong>καὶ</strong></span> <span class='ocrx_word' id='word_1_262' title='bbox 1413 3127 1813 3199; x_wconf 85' lang='grc' dir='ltr'><strong>συμφύρσεως⁶</strong></span> 
     </span>
    </p>
   </div>
   <div class='ocr_carea' id='block_1_35' title="bbox 229 3207 1816 3287">
    <p class='ocr_par' dir='ltr' id='par_1_35' title="bbox 229 3207 1816 3287">
     <span class='ocr_line' id='line_1_35' title="bbox 229 3207 1816 3287; baseline 0.008 -30"><span class='ocrx_word' id='word_1_263' title='bbox 229 3207 357 3260; x_wconf 68' lang='grc' dir='ltr'><strong>οὐδὲ</strong></span> <span class='ocrx_word' id='word_1_264' title='bbox 389 3208 790 3280; x_wconf 74' lang='grc' dir='ltr'><strong>ἐξισταμένων,</strong></span> <span class='ocrx_word' id='word_1_265' title='bbox 822 3214 855 3282; x_wconf 78' lang='grc' dir='ltr'>ἢ</span> <span class='ocrx_word' id='word_1_266' title='bbox 889 3214 1008 3267; x_wconf 84' lang='grc' dir='ltr'><strong>κατ’</strong></span> <span class='ocrx_word' id='word_1_267' title='bbox 1042 3215 1233 3268; x_wconf 79' lang='grc' dir='ltr'><strong>οὐσίαν</strong></span> <span class='ocrx_word' id='word_1_268' title='bbox 1280 3218 1630 3287; x_wconf 77' lang='grc' dir='ltr'><strong>τεμνομένων</strong></span> <span class='ocrx_word' id='word_1_269' title='bbox 1675 3218 1816 3271; x_wconf 77' lang='grc' dir='ltr'><strong>κατᾶ</strong></span> 
     </span>
    </p>
   </div>
   <div class='ocr_carea' id='block_1_36' title="bbox 230 3298 1819 3377">
    <p class='ocr_par' dir='ltr' id='par_1_36' title="bbox 230 3298 1819 3377">
     <span class='ocr_line' id='line_1_36' title="bbox 230 3298 1819 3377; baseline 0.008 -30"><span class='ocrx_word' id='word_1_270' title='bbox 230 3298 329 3368; x_wconf 76' lang='grc' dir='ltr'><strong>τὴν</strong></span> <span class='ocrx_word' id='word_1_271' title='bbox 393 3301 613 3370; x_wconf 82' lang='grc' dir='ltr'><strong>Ἀρείου</strong></span> <span class='ocrx_word' id='word_1_272' title='bbox 672 3302 959 3373; x_wconf 79' lang='grc' dir='ltr'><strong>διαίρεσιν.</strong></span> <span class='ocrx_word' id='word_1_273' title='bbox 1032 3306 1357 3377; x_wconf 75' lang='grc' dir='ltr'><strong>Ἀμέριστυς</strong></span> <span class='ocrx_word' id='word_1_274' title='bbox 1400 3307 1510 3377; x_wconf 78' lang='grc' dir='ltr'><strong>γὰρ</strong></span> <span class='ocrx_word' id='word_1_275' title='bbox 1540 3308 1598 3359; x_wconf 83' lang='grc' dir='ltr'><strong>ἐν</strong></span> <span class='ocrx_word' id='word_1_276' title='bbox 1649 3325 1819 3377; x_wconf 86' lang='grc' dir='ltr'><strong>μεμε-</strong></span> 
     </span>
    </p>
   </div>
   <div class='ocr_carea' id='block_1_37' title="bbox 233 3392 1817 3470">
    <p class='ocr_par' dir='ltr' id='par_1_37' title="bbox 233 3392 1817 3470">
     <span class='ocr_line' id='line_1_37' title="bbox 233 3392 1817 3470; baseline 0.006 -26"><span class='ocrx_word' id='word_1_277' title='bbox 233 3392 544 3460; x_wconf 77' lang='grc' dir='ltr'><strong>ρισμένοις,</strong></span> <span class='ocrx_word' id='word_1_278' title='bbox 597 3396 646 3448; x_wconf 77' lang='grc' dir='ltr'><strong>εί</strong></span> <span class='ocrx_word' id='word_1_279' title='bbox 700 3395 781 3448; x_wconf 84' lang='grc' dir='ltr'><strong>δεῖ</strong></span> <span class='ocrx_word' id='word_1_280' title='bbox 826 3398 1107 3468; x_wconf 79' lang='grc' dir='ltr'><strong>συντόμως</strong></span> <span class='ocrx_word' id='word_1_281' title='bbox 1157 3400 1354 3463; x_wconf 70' lang='grc' dir='ltr'><strong>εἰπεῖν,</strong></span> <span class='ocrx_word' id='word_1_282' title='bbox 1388 3400 1670 3470; x_wconf 80' lang='grc' dir='ltr'><strong>ἡΘεότης,</strong></span> <span class='ocrx_word' id='word_1_283' title='bbox 1723 3402 1817 3455; x_wconf 69' lang='grc' dir='ltr'><strong>καὶ</strong></span> 
     </span>
    </p>
   </div>
   <div class='ocr_carea' id='block_1_38' title="bbox 232 3476 1820 3561">
    <p class='ocr_par' dir='ltr' id='par_1_38' title="bbox 232 3476 1820 3561">
     <span class='ocr_line' id='line_1_38' title="bbox 232 3476 1820 3561; baseline 0.008 -27"><span class='ocrx_word' id='word_1_284' title='bbox 232 3476 345 3535; x_wconf 74' lang='grc' dir='ltr'><strong>οἷον</strong></span> <span class='ocrx_word' id='word_1_285' title='bbox 377 3486 439 3536; x_wconf 73' lang='grc' dir='ltr'><strong>ἐν</strong></span> <span class='ocrx_word' id='word_1_286' title='bbox 470 3485 648 3555; x_wconf 73' lang='grc' dir='ltr'><strong>ὴλίοις</strong></span> <span class='ocrx_word' id='word_1_287' title='bbox 677 3488 855 3558; x_wconf 73' lang='grc' dir='ltr'><strong>τρισὶν</strong></span> <span class='ocrx_word' id='word_1_288' title='bbox 889 3490 1169 3560; x_wconf 66' lang='grc' dir='ltr'><strong>ἐχομένοις</strong></span> <span class='ocrx_word' id='word_1_289' title='bbox 1216 3491 1485 3561; x_wconf 81' lang='grc' dir='ltr'><strong>ἀλλήλων,</strong></span> <span class='ocrx_word' id='word_1_290' title='bbox 1539 3494 1635 3547; x_wconf 76' lang='grc' dir='ltr'><strong>καὶ</strong></span> <span class='ocrx_word' id='word_1_291' title='bbox 1667 3493 1820 3547; x_wconf 84' lang='grc' dir='ltr'><strong>ἀδια-</strong></span> 
     </span>
    </p>
   </div>
   <div class='ocr_carea' id='block_1_39' title="bbox 236 3570 1817 3649">
    <p class='ocr_par' dir='ltr' id='par_1_39' title="bbox 236 3570 1817 3649">
     <span class='ocr_line' id='line_1_39' title="bbox 236 3570 1817 3649; baseline 0.007 -25"><span class='ocrx_word' id='word_1_292' title='bbox 236 3574 458 3635; x_wconf 74' lang='grc' dir='ltr'><strong>στάτοις</strong></span> <span class='ocrx_word' id='word_1_293' title='bbox 490 3570 634 3635; x_wconf 72' lang='grc' dir='ltr'><strong>οὖσι,</strong></span> <span class='ocrx_word' id='word_1_294' title='bbox 662 3577 762 3643; x_wconf 67' lang='grc' dir='ltr'><strong>μία</strong></span> <span class='ocrx_word' id='word_1_295' title='bbox 793 3574 888 3628; x_wconf 72' lang='grc' dir='ltr'><strong>τοῦ</strong></span> <span class='ocrx_word' id='word_1_296' title='bbox 920 3578 1098 3645; x_wconf 82' lang='grc' dir='ltr'><strong>φωτὸς</strong></span> <span class='ocrx_word' id='word_1_297' title='bbox 1136 3580 1441 3649; x_wconf 73' lang='grc' dir='ltr'><strong>σύγ’κρασίς</strong></span> <span class='ocrx_word' id='word_1_298' title='bbox 1464 3597 1523 3632; x_wconf 87' lang='grc' dir='ltr'><strong>τε</strong></span> <span class='ocrx_word' id='word_1_299' title='bbox 1562 3582 1655 3635; x_wconf 74' lang='grc' dir='ltr'><strong>καὶ</strong></span> <span class='ocrx_word' id='word_1_300' title='bbox 1684 3598 1817 3635; x_wconf 93' lang='grc' dir='ltr'><strong>συν-</strong></span> 
     </span>
    </p>
   </div>
   <div class='ocr_carea' id='block_1_40' title="bbox 235 3658 1815 3743">
    <p class='ocr_par' dir='ltr' id='par_1_40' title="bbox 235 3658 1815 3743">
     <span class='ocr_line' id='line_1_40' title="bbox 235 3658 1815 3743; baseline 0.006 -26"><span class='ocrx_word' id='word_1_301' title='bbox 235 3665 424 3730; x_wconf 67' lang='grc' dir='ltr'><strong>άφεια.</strong></span> <span class='ocrx_word' id='word_1_302' title='bbox 456 3666 627 3719; x_wconf 83' lang='grc' dir='ltr'><strong>Ὅταν</strong></span> <span class='ocrx_word' id='word_1_303' title='bbox 658 3667 759 3737; x_wconf 65' lang='grc' dir='ltr'><strong>μιν</strong></span> <span class='ocrx_word' id='word_1_304' title='bbox 809 3658 905 3720; x_wconf 75' lang='grc' dir='ltr'>οὖν</span> <span class='ocrx_word' id='word_1_305' title='bbox 941 3670 1079 3740; x_wconf 72' lang='grc' dir='ltr'><strong>πρὸς</strong></span> <span class='ocrx_word' id='word_1_306' title='bbox 1126 3672 1227 3740; x_wconf 76' lang='grc' dir='ltr'><strong>τὴν</strong></span> <span class='ocrx_word' id='word_1_307' title='bbox 1250 3672 1482 3742; x_wconf 82' lang='grc' dir='ltr'><strong>Θεότητα</strong></span> <span class='ocrx_word' id='word_1_308' title='bbox 1510 3671 1815 3743; x_wconf 78' lang='grc' dir='ltr'><strong>βλέψωμεν,</strong></span> 
     </span>
    </p>
   </div>
   <div class='ocr_carea' id='block_1_41' title="bbox 235 3757 1820 3834">
    <p class='ocr_par' dir='ltr' id='par_1_41' title="bbox 235 3757 1820 3834">
     <span class='ocr_line' id='line_1_41' title="bbox 235 3757 1820 3834; baseline 0.006 -26"><span class='ocrx_word' id='word_1_309' title='bbox 235 3758 333 3809; x_wconf 71' lang='grc' dir='ltr'><strong>καὶ</strong></span> <span class='ocrx_word' id='word_1_310' title='bbox 358 3757 463 3826; x_wconf 86' lang='grc' dir='ltr'><strong>τὴν</strong></span> <span class='ocrx_word' id='word_1_311' title='bbox 496 3758 720 3829; x_wconf 80' lang='grc' dir='ltr'><strong>πρώτην</strong></span> <span class='ocrx_word' id='word_1_312' title='bbox 755 3761 957 3826; x_wconf 71' lang='grc' dir='ltr'><strong>αἰτίαν,</strong></span> <span class='ocrx_word' id='word_1_313' title='bbox 992 3764 1086 3814; x_wconf 59' lang='grc' dir='ltr'><strong>κα)⁵</strong></span> <span class='ocrx_word' id='word_1_314' title='bbox 1130 3762 1229 3834; x_wconf 80' lang='grc' dir='ltr'><strong>τὴν</strong></span> <span class='ocrx_word' id='word_1_315' title='bbox 1290 3766 1610 3834; x_wconf 74' lang='grc' dir='ltr'><strong>μοναρχίαν,</strong></span> <span class='ocrx_word' id='word_1_316' title='bbox 1642 3766 1735 3817; x_wconf 82' lang='grc' dir='ltr'><strong>καὶ</strong></span> <span class='ocrx_word' id='word_1_317' title='bbox 1760 3766 1820 3818; x_wconf 83' lang='grc' dir='ltr'><strong>τὸ</strong></span> 
     </span>
    </p>
   </div>
   <div class='ocr_carea' id='block_1_42' title="bbox 238 3846 1823 3925">
    <p class='ocr_par' dir='ltr' id='par_1_42' title="bbox 238 3846 1823 3925">
     <span class='ocr_line' id='line_1_42' title="bbox 238 3846 1823 3925; baseline 0.007 -27"><span class='ocrx_word' id='word_1_318' title='bbox 238 3846 316 3912; x_wconf 75' lang='grc' dir='ltr'><strong>ιν,</strong></span> <span class='ocrx_word' id='word_1_319' title='bbox 346 3849 444 3901; x_wconf 69' lang='grc' dir='ltr'><strong>καὶ</strong></span> <span class='ocrx_word' id='word_1_320' title='bbox 479 3850 677 3903; x_wconf 76' lang='grc' dir='ltr'><strong>ταυτὸν</strong></span> <span class='ocrx_word' id='word_1_321' title='bbox 708 3852 808 3921; x_wconf 74' lang='grc' dir='ltr'><strong>τῆς</strong></span> <span class='ocrx_word' id='word_1_322' title='bbox 828 3852 1107 3924; x_wconf 75' lang='grc' dir='ltr'><strong>θεότητος,</strong></span> <span class='ocrx_word' id='word_1_323' title='bbox 1139 3854 1207 3907; x_wconf 80' lang='grc' dir='ltr'><strong>ἵν’</strong></span> <span class='ocrx_word' id='word_1_324' title='bbox 1234 3854 1408 3918; x_wconf 74' lang='grc' dir='ltr'><strong>οὕτως</strong></span> <span class='ocrx_word' id='word_1_325' title='bbox 1434 3857 1593 3921; x_wconf 84' lang='grc' dir='ltr'><strong>είπω,</strong></span> <span class='ocrx_word' id='word_1_326' title='bbox 1616 3855 1823 3925; x_wconf 84' lang='grc' dir='ltr'><strong>κίνημά</strong></span> 
     </span>
    </p>
   </div>
   <div class='ocr_carea' id='block_1_43' title="bbox 238 3940 1822 4015">
    <p class='ocr_par' dir='ltr' id='par_1_43' title="bbox 238 3940 1822 4015">
     <span class='ocr_line' id='line_1_43' title="bbox 238 3940 1822 4015; baseline 0.008 -26"><span class='ocrx_word' id='word_1_327' title='bbox 238 3953 297 3990; x_wconf 81' lang='grc' dir='ltr'><strong>τε</strong></span> <span class='ocrx_word' id='word_1_328' title='bbox 354 3940 453 3991; x_wconf 79' lang='grc' dir='ltr'><strong>καὶ</strong></span> <span class='ocrx_word' id='word_1_329' title='bbox 505 3940 773 4013; x_wconf 76' lang='grc' dir='ltr'><strong>βούλημα,</strong></span> <span class='ocrx_word' id='word_1_330' title='bbox 836 3946 932 3998; x_wconf 81' lang='grc' dir='ltr'><strong>καὶ</strong></span> <span class='ocrx_word' id='word_1_331' title='bbox 961 3947 1059 4014; x_wconf 87' lang='grc' dir='ltr'><strong>τὴν</strong></span> <span class='ocrx_word' id='word_1_332' title='bbox 1096 3947 1196 4015; x_wconf 83' lang='grc' dir='ltr'><strong>τῆς</strong></span> <span class='ocrx_word' id='word_1_333' title='bbox 1263 3947 1475 4012; x_wconf 79' lang='grc' dir='ltr'><strong>οὐσίας,</strong></span> <span class='ocrx_word' id='word_1_334' title='bbox 1528 3949 1625 4001; x_wconf 75' lang='grc' dir='ltr'><strong>καὶ</strong></span> <span class='ocrx_word' id='word_1_335' title='bbox 1664 3948 1822 4001; x_wconf 74' lang='grc' dir='ltr'><strong>δυνά·</strong></span> 
     </span>
    </p>
   </div>
   <div class='ocr_carea' id='block_1_44' title="bbox 242 4032 1822 4107">
    <p class='ocr_par' dir='ltr' id='par_1_44' title="bbox 242 4032 1822 4107">
     <span class='ocr_line' id='line_1_44' title="bbox 242 4032 1822 4107; baseline -0.006 -11"><span class='ocrx_word' id='word_1_336' title='bbox 242 4045 412 4096; x_wconf 63' lang='grc' dir='ltr'><strong>μεως,</strong></span> <span class='ocrx_word' id='word_1_337' title='bbox 446 4032 545 4107; x_wconf 51' lang='grc' dir='ltr'><strong>καὶ</strong></span> <span class='ocrx_word' id='word_1_338' title='bbox 573 4033 878 4104; x_wconf 78' lang='grc' dir='ltr'><strong>ἐνεργείας,</strong></span> <span class='ocrx_word' id='word_1_339' title='bbox 906 4037 1000 4089; x_wconf 73' lang='grc' dir='ltr'><strong>καὶ</strong></span> <span class='ocrx_word' id='word_1_340' title='bbox 1035 4036 1359 4105; x_wconf 79' lang='grc' dir='ltr'><strong>κυριότητος</strong></span> <span class='ocrx_word' id='word_1_341' title='bbox 1405 4037 1732 4106; x_wconf 84' lang='grc' dir='ltr'><strong>ταυτότητα,</strong></span> <span class='ocrx_word' id='word_1_342' title='bbox 1764 4036 1822 4088; x_wconf 76' lang='grc' dir='ltr'><strong>ἒν</strong></span> 
     </span>
    </p>
   </div>
   <div class='ocr_carea' id='block_1_45' title="bbox 241 4121 1820 4201">
    <p class='ocr_par' dir='ltr' id='par_1_45' title="bbox 241 4121 1820 4201">
     <span class='ocr_line' id='line_1_45' title="bbox 241 4121 1820 4201; baseline 0.008 -30"><span class='ocrx_word' id='word_1_343' title='bbox 241 4122 376 4187; x_wconf 70' lang='grc' dir='ltr'><strong>ἡμῖν</strong></span> <span class='ocrx_word' id='word_1_344' title='bbox 429 4121 494 4175; x_wconf 79' lang='grc' dir='ltr'><strong>τδ</strong></span> <span class='ocrx_word' id='word_1_345' title='bbox 548 4126 977 4196; x_wconf 76' lang='grc' dir='ltr'><strong>φανταζόμενον.</strong></span> <span class='ocrx_word' id='word_1_346' title='bbox 1007 4129 1180 4182; x_wconf 85' lang='grc' dir='ltr'><strong>Ὅταν</strong></span> <span class='ocrx_word' id='word_1_347' title='bbox 1211 4129 1268 4182; x_wconf 80' lang='grc' dir='ltr'><strong>δὲ</strong></span> <span class='ocrx_word' id='word_1_348' title='bbox 1313 4130 1451 4201; x_wconf 82' lang='grc' dir='ltr'><strong>πρὸς</strong></span> <span class='ocrx_word' id='word_1_349' title='bbox 1479 4129 1551 4182; x_wconf 79' lang='grc' dir='ltr'><strong>τὰ</strong></span> <span class='ocrx_word' id='word_1_350' title='bbox 1588 4132 1644 4182; x_wconf 84' lang='grc' dir='ltr'><strong>ὲν</strong></span> <span class='ocrx_word' id='word_1_351' title='bbox 1674 4124 1756 4190; x_wconf 74' lang='grc' dir='ltr'><strong>οἷς</strong></span> <span class='ocrx_word' id='word_1_352' title='bbox 1787 4131 1820 4199; x_wconf 83' lang='grc' dir='ltr'>ἡ</span> 
     </span>
    </p>
   </div>
   <div class='ocr_carea' id='block_1_46' title="bbox 242 4212 1822 4291">
    <p class='ocr_par' dir='ltr' id='par_1_46' title="bbox 242 4212 1822 4291">
     <span class='ocr_line' id='line_1_46' title="bbox 242 4212 1822 4291; baseline 0.008 -28"><span class='ocrx_word' id='word_1_353' title='bbox 242 4212 469 4283; x_wconf 75' lang='grc' dir='ltr'><strong>Θεότης,</strong></span> <span class='ocrx_word' id='word_1_354' title='bbox 495 4216 555 4285; x_wconf 64' lang='grc' dir='ltr'><strong>ἢ.</strong></span> <span class='ocrx_word' id='word_1_355' title='bbox 589 4218 649 4270; x_wconf 89' lang='grc' dir='ltr'><strong>τό</strong></span> <span class='ocrx_word' id='word_1_356' title='bbox 703 4235 766 4285; x_wconf 84' lang='grc' dir='ltr'><strong>γε</strong></span> <span class='ocrx_word' id='word_1_357' title='bbox 823 4219 1214 4291; x_wconf 77' lang='grc' dir='ltr'><strong>ἀκριϐέστερον</strong></span> <span class='ocrx_word' id='word_1_358' title='bbox 1252 4223 1450 4283; x_wconf 82' lang='grc' dir='ltr'><strong>εἰπεῖν,</strong></span> <span class='ocrx_word' id='word_1_359' title='bbox 1474 4221 1510 4275; x_wconf 78' lang='grc' dir='ltr'><strong>ἃ</strong></span> <span class='ocrx_word' id='word_1_360' title='bbox 1538 4224 1569 4291; x_wconf 75' lang='grc' dir='ltr'><strong>ἡ</strong></span> <span class='ocrx_word' id='word_1_361' title='bbox 1598 4222 1822 4291; x_wconf 82' lang='grc' dir='ltr'><strong>Θεότης,</strong></span> 
     </span>
    </p>
   </div>
   <div class='ocr_carea' id='block_1_47' title="bbox 245 4307 1821 4383">
    <p class='ocr_par' dir='ltr' id='par_1_47' title="bbox 245 4307 1821 4383">
     <span class='ocr_line' id='line_1_47' title="bbox 245 4307 1821 4383; baseline 0.007 -29"><span class='ocrx_word' id='word_1_362' title='bbox 245 4307 335 4355; x_wconf 72' lang='grc' dir='ltr'><strong>καὶ</strong></span> <span class='ocrx_word' id='word_1_363' title='bbox 371 4308 444 4357; x_wconf 72' lang='grc' dir='ltr'><strong>τὰ</strong></span> <span class='ocrx_word' id='word_1_364' title='bbox 482 4309 545 4359; x_wconf 81' lang='grc' dir='ltr'><strong>ἐκ</strong></span> <span class='ocrx_word' id='word_1_365' title='bbox 579 4308 679 4377; x_wconf 79' lang='grc' dir='ltr'><strong>τῆς</strong></span> <span class='ocrx_word' id='word_1_366' title='bbox 709 4309 935 4381; x_wconf 78' lang='grc' dir='ltr'><strong>πρώτης</strong></span> <span class='ocrx_word' id='word_1_367' title='bbox 962 4312 1139 4374; x_wconf 85' lang='grc' dir='ltr'><strong>αίτίας</strong></span> <span class='ocrx_word' id='word_1_368' title='bbox 1162 4313 1410 4383; x_wconf 73' lang='grc' dir='ltr'><strong>ἅχρόνως</strong></span> <span class='ocrx_word' id='word_1_369' title='bbox 1438 4312 1648 4365; x_wconf 74' lang='grc' dir='ltr'><strong>ἐκεῖθεν</strong></span> <span class='ocrx_word' id='word_1_370' title='bbox 1666 4312 1821 4375; x_wconf 75' lang='grc' dir='ltr'><strong>ὄντα,</strong></span> 
     </span>
    </p>
   </div>
   <div class='ocr_carea' id='block_1_48' title="bbox 248 4400 1827 4467">
    <p class='ocr_par' dir='ltr' id='par_1_48' title="bbox 248 4400 1827 4467">
     <span class='ocr_line' id='line_1_48' title="bbox 248 4400 1827 4467; baseline 0.007 -20"><span class='ocrx_word' id='word_1_371' title='bbox 248 4400 337 4448; x_wconf 66' lang='lat' dir='ltr'><strong>aui.</strong></span> <span class='ocrx_word' id='word_1_372' title='bbox 362 4400 657 4467; x_wconf 77' lang='grc' dir='ltr'><strong>ὀμοδόξως,</strong></span> <span class='ocrx_word' id='word_1_373' title='bbox 680 4404 773 4454; x_wconf 81' lang='grc' dir='ltr'><strong>καὶ</strong></span> <span class='ocrx_word' id='word_1_374' title='bbox 802 4402 1142 4467; x_wconf 78' lang='grc' dir='ltr'><strong>ἅδιαστὰτως</strong></span> <span class='ocrx_word' id='word_1_375' title='bbox 1169 4421 1182 4435; x_wconf 78' lang='grc'><strong><em>⁸</em></strong></span> <span class='ocrx_word' id='word_1_376' title='bbox 1202 4405 1449 4458; x_wconf 77' lang='grc' dir='ltr'><strong>τουτέστι</strong></span> <span class='ocrx_word' id='word_1_377' title='bbox 1466 4405 1564 4466; x_wconf 71' lang='grc' dir='ltr'><strong>τὰς</strong></span> <span class='ocrx_word' id='word_1_378' title='bbox 1588 4404 1827 4458; x_wconf 79' lang='grc' dir='ltr'><strong>ὗποστά-</strong></span> 
     </span>
    </p>
   </div>
   <div class='ocr_carea' id='block_1_49' title="bbox 1903 578 3482 645">
    <p class='ocr_par' dir='ltr' id='par_1_49' title="bbox 1903 578 3482 645">
     <span class='ocr_line' id='line_1_49' title="bbox 1903 578 3482 645; baseline 0.003 -13"><span class='ocrx_word' id='word_1_379' title='bbox 1903 592 2026 632; x_wconf 89' lang='lat' dir='ltr'><strong>rnm</strong></span> <span class='ocrx_word' id='word_1_380' title='bbox 2077 579 2268 633; x_wconf 75' lang='lat' dir='ltr'><strong>eadem</strong></span> <span class='ocrx_word' id='word_1_381' title='bbox 2302 588 2385 635; x_wconf 89' lang='lat' dir='ltr'><strong>est</strong></span> <span class='ocrx_word' id='word_1_382' title='bbox 2424 581 2702 644; x_wconf 75' lang='lat' dir='ltr'><strong>essentia,</strong></span> <span class='ocrx_word' id='word_1_383' title='bbox 2742 578 3002 645; x_wconf 81' lang='lat' dir='ltr'><strong>facultas,</strong></span> <span class='ocrx_word' id='word_1_384' title='bbox 3052 581 3333 645; x_wconf 78' lang='lat' dir='ltr'><strong>voluntas,</strong></span> <span class='ocrx_word' id='word_1_385' title='bbox 3362 596 3482 637; x_wconf 87' lang='lat' dir='ltr'><strong>scn-</strong></span> 
     </span>
    </p>
   </div>
   <div class='ocr_carea' id='block_1_50' title="bbox 1904 671 3484 742">
    <p class='ocr_par' dir='ltr' id='par_1_50' title="bbox 1904 671 3484 742">
     <span class='ocr_line' id='line_1_50' title="bbox 1904 671 3484 742; baseline 0.004 -17"><span class='ocrx_word' id='word_1_386' title='bbox 1904 671 2089 726; x_wconf 75' lang='lat' dir='ltr'><strong>tentiae</strong></span> <span class='ocrx_word' id='word_1_387' title='bbox 2150 672 2544 741; x_wconf 80' lang='lat' dir='ltr'><strong>conSpiratio,</strong></span> <span class='ocrx_word' id='word_1_388' title='bbox 2613 672 2803 727; x_wconf 90' lang='lat' dir='ltr'><strong>eadem</strong></span> <span class='ocrx_word' id='word_1_389' title='bbox 2865 687 3085 742; x_wconf 88' lang='lat' dir='ltr'><strong>quoque</strong></span> <span class='ocrx_word' id='word_1_390' title='bbox 3136 676 3484 741; x_wconf 88' lang='lat' dir='ltr'><strong>auctoritas,</strong></span> 
     </span>
    </p>
   </div>
   <div class='ocr_carea' id='block_1_51' title="bbox 1905 759 3484 829">
    <p class='ocr_par' dir='ltr' id='par_1_51' title="bbox 1905 759 3484 829">
     <span class='ocr_line' id='line_1_51' title="bbox 1905 759 3484 829; baseline -0.001 -16"><span class='ocrx_word' id='word_1_391' title='bbox 1905 759 2172 829; x_wconf 89' lang='lat' dir='ltr'><strong>potentia,</strong></span> <span class='ocrx_word' id='word_1_392' title='bbox 2229 760 2471 816; x_wconf 75' lang='lat' dir='ltr'><strong>bonitas.</strong></span> <span class='ocrx_word' id='word_1_393' title='bbox 2526 759 2645 814; x_wconf 84' lang='lat' dir='ltr'><strong>Non</strong></span> <span class='ocrx_word' id='word_1_394' title='bbox 2703 761 2840 826; x_wconf 82' lang='lat' dir='ltr'><strong>dixi,</strong></span> <span class='ocrx_word' id='word_1_395' title='bbox 2892 761 3338 824; x_wconf 84' lang='lat' dir='ltr'><strong>similitudinem,</strong></span> <span class='ocrx_word' id='word_1_396' title='bbox 3391 761 3484 815; x_wconf 71' lang='lat' dir='ltr'><strong>sed</strong></span> 
     </span>
    </p>
   </div>
   <div class='ocr_carea' id='block_1_52' title="bbox 1905 851 3483 923">
    <p class='ocr_par' dir='ltr' id='par_1_52' title="bbox 1905 851 3483 923">
     <span class='ocr_line' id='line_1_52' title="bbox 1905 851 3483 923; baseline 0.001 -18"><span class='ocrx_word' id='word_1_397' title='bbox 1905 851 2273 918; x_wconf 79' lang='lat' dir='ltr'><strong>identitatein,</strong></span> <span class='ocrx_word' id='word_1_398' title='bbox 2338 860 2507 922; x_wconf 88' lang='lat' dir='ltr'><strong>atque</strong></span> <span class='ocrx_word' id='word_1_399' title='bbox 2556 868 2723 907; x_wconf 90' lang='lat' dir='ltr'><strong>unam</strong></span> <span class='ocrx_word' id='word_1_400' title='bbox 2786 854 3052 909; x_wconf 89' lang='lat' dir='ltr'><strong>motionis</strong></span> <span class='ocrx_word' id='word_1_401' title='bbox 3116 852 3483 923; x_wconf 72' lang='lat' dir='ltr'><strong>praasnltatio-</strong></span> 
     </span>
    </p>
   </div>
   <div class='ocr_carea' id='block_1_53' title="bbox 1906 940 3485 1011">
    <p class='ocr_par' dir='ltr' id='par_1_53' title="bbox 1906 940 3485 1011">
     <span class='ocr_line' id='line_1_53' title="bbox 1906 940 3485 1011; baseline -0.001 -14"><span class='ocrx_word' id='word_1_402' title='bbox 1906 957 2060 997; x_wconf 89' lang='lat' dir='ltr'><strong>nem.</strong></span> <span class='ocrx_word' id='word_1_403' title='bbox 2157 940 2278 997; x_wconf 88' lang='lat' dir='ltr'><strong>Una</strong></span> <span class='ocrx_word' id='word_1_404' title='bbox 2305 944 2454 997; x_wconf 88' lang='lat' dir='ltr'><strong>enim</strong></span> <span class='ocrx_word' id='word_1_405' title='bbox 2495 952 2581 998; x_wconf 89' lang='lat' dir='ltr'><strong>est</strong></span> <span class='ocrx_word' id='word_1_406' title='bbox 2615 944 2883 1010; x_wconf 74' lang='lat' dir='ltr'><strong>essentia,</strong></span> <span class='ocrx_word' id='word_1_407' title='bbox 2934 961 3042 998; x_wconf 90' lang='lat' dir='ltr'><strong>una</strong></span> <span class='ocrx_word' id='word_1_408' title='bbox 3095 944 3338 1011; x_wconf 86' lang='lat' dir='ltr'><strong>bonitas,</strong></span> <span class='ocrx_word' id='word_1_409' title='bbox 3378 959 3485 997; x_wconf 90' lang='lat' dir='ltr'><strong>una</strong></span> 
     </span>
    </p>
   </div>
   <div class='ocr_carea' id='block_1_54' title="bbox 1904 1034 3487 1104">
    <p class='ocr_par' dir='ltr' id='par_1_54' title="bbox 1904 1034 3487 1104">
     <span class='ocr_line' id='line_1_54' title="bbox 1904 1034 3487 1104; baseline 0.002 -19"><span class='ocrx_word' id='word_1_410' title='bbox 1904 1040 2174 1104; x_wconf 80' lang='lat' dir='ltr'><strong>potestas,</strong></span> <span class='ocrx_word' id='word_1_411' title='bbox 2205 1048 2318 1088; x_wconf 90' lang='lat' dir='ltr'><strong>una</strong></span> <span class='ocrx_word' id='word_1_412' title='bbox 2347 1034 2627 1101; x_wconf 81' lang='lat' dir='ltr'><strong>voluntas,</strong></span> <span class='ocrx_word' id='word_1_413' title='bbox 2660 1050 2771 1090; x_wconf 89' lang='lat' dir='ltr'><strong>una</strong></span> <span class='ocrx_word' id='word_1_414' title='bbox 2804 1034 3064 1102; x_wconf 82' lang='lat' dir='ltr'><strong>facultas,</strong></span> <span class='ocrx_word' id='word_1_415' title='bbox 3104 1051 3211 1090; x_wconf 87' lang='lat' dir='ltr'><strong>una</strong></span> <span class='ocrx_word' id='word_1_416' title='bbox 3242 1035 3487 1089; x_wconf 87' lang='lat' dir='ltr'><strong>auctori-</strong></span> 
     </span>
    </p>
   </div>
   <div class='ocr_carea' id='block_1_55' title="bbox 1906 1125 3487 1196">
    <p class='ocr_par' dir='ltr' id='par_1_55' title="bbox 1906 1125 3487 1196">
     <span class='ocr_line' id='line_1_55' title="bbox 1906 1125 3487 1196; baseline 0.001 -19"><span class='ocrx_word' id='word_1_417' title='bbox 1906 1132 2020 1184; x_wconf 76' lang='lat' dir='ltr'><strong>tas;</strong></span> <span class='ocrx_word' id='word_1_418' title='bbox 2064 1139 2195 1188; x_wconf 87' lang='lat' dir='ltr'><strong>una,</strong></span> <span class='ocrx_word' id='word_1_419' title='bbox 2229 1125 2478 1196; x_wconf 83' lang='lat' dir='ltr'><strong>inquam,</strong></span> <span class='ocrx_word' id='word_1_420' title='bbox 2510 1134 2565 1181; x_wconf 91' lang='lat' dir='ltr'><strong>et</strong></span> <span class='ocrx_word' id='word_1_421' title='bbox 2619 1126 2852 1190; x_wconf 87' lang='lat' dir='ltr'><strong>eadem,</strong></span> <span class='ocrx_word' id='word_1_422' title='bbox 2907 1141 3016 1180; x_wconf 91' lang='lat' dir='ltr'><strong>non</strong></span> <span class='ocrx_word' id='word_1_423' title='bbox 3069 1135 3182 1181; x_wconf 87' lang='lat' dir='ltr'><strong>tres</strong></span> <span class='ocrx_word' id='word_1_424' title='bbox 3234 1128 3381 1181; x_wconf 89' lang='lat' dir='ltr'><strong>inter</strong></span> <span class='ocrx_word' id='word_1_425' title='bbox 3426 1140 3487 1180; x_wconf 91' lang='lat' dir='ltr'><strong>sc</strong></span> 
     </span>
    </p>
   </div>
   <div class='ocr_carea' id='block_1_56' title="bbox 1907 1214 3486 1287">
    <p class='ocr_par' dir='ltr' id='par_1_56' title="bbox 1907 1214 3486 1287">
     <span class='ocr_line' id='line_1_56' title="bbox 1907 1214 3486 1287; baseline -0.001 -17"><span class='ocrx_word' id='word_1_426' title='bbox 1907 1214 2143 1281; x_wconf 79' lang='lat' dir='ltr'><strong>similes,</strong></span> <span class='ocrx_word' id='word_1_427' title='bbox 2172 1214 2269 1270; x_wconf 89' lang='lat' dir='ltr'><strong>sed</strong></span> <span class='ocrx_word' id='word_1_428' title='bbox 2300 1231 2406 1269; x_wconf 87' lang='lat' dir='ltr'><strong>una</strong></span> <span class='ocrx_word' id='word_1_429' title='bbox 2446 1216 2607 1286; x_wconf 87' lang='lat' dir='ltr'><strong>plane</strong></span> <span class='ocrx_word' id='word_1_430' title='bbox 2641 1216 2951 1287; x_wconf 83' lang='lat' dir='ltr'><strong>eademque</strong></span> <span class='ocrx_word' id='word_1_431' title='bbox 3006 1217 3173 1271; x_wconf 89' lang='lat' dir='ltr'><strong>trium</strong></span> <span class='ocrx_word' id='word_1_432' title='bbox 3229 1231 3486 1286; x_wconf 88' lang='lat' dir='ltr'><strong>persona-</strong></span> 
     </span>
    </p>
   </div>
   <div class='ocr_carea' id='block_1_57' title="bbox 1907 1306 3491 1379">
    <p class='ocr_par' dir='ltr' id='par_1_57' title="bbox 1907 1306 3491 1379">
     <span class='ocr_line' id='line_1_57' title="bbox 1907 1306 3491 1379; baseline 0.002 -20"><span class='ocrx_word' id='word_1_433' title='bbox 1907 1320 2027 1359; x_wconf 86' lang='lat' dir='ltr'><strong>rum</strong></span> <span class='ocrx_word' id='word_1_434' title='bbox 2061 1307 2252 1360; x_wconf 88' lang='lat' dir='ltr'><strong>motio.</strong></span> <span class='ocrx_word' id='word_1_435' title='bbox 2282 1306 2633 1379; x_wconf 64' lang='lat' dir='ltr'><strong>Unaquaeque</strong></span> <span class='ocrx_word' id='word_1_436' title='bbox 2674 1309 2820 1362; x_wconf 90' lang='lat' dir='ltr'><strong>enim</strong></span> <span class='ocrx_word' id='word_1_437' title='bbox 2854 1308 3107 1379; x_wconf 84' lang='lat' dir='ltr'><strong>ipsarum</strong></span> <span class='ocrx_word' id='word_1_438' title='bbox 3155 1324 3265 1362; x_wconf 89' lang='lat' dir='ltr'><strong>non</strong></span> <span class='ocrx_word' id='word_1_439' title='bbox 3307 1308 3491 1362; x_wconf 89' lang='lat' dir='ltr'><strong>minus</strong></span> 
     </span>
    </p>
   </div>
   <div class='ocr_carea' id='block_1_58' title="bbox 1907 1394 3489 1470">
    <p class='ocr_par' dir='ltr' id='par_1_58' title="bbox 1907 1394 3489 1470">
     <span class='ocr_line' id='line_1_58' title="bbox 1907 1394 3489 1470; baseline 0.001 -22"><span class='ocrx_word' id='word_1_440' title='bbox 1907 1395 2172 1449; x_wconf 84' lang='lat' dir='ltr'><strong>unitatem</strong></span> <span class='ocrx_word' id='word_1_441' title='bbox 2205 1396 2515 1451; x_wconf 90' lang='lat' dir='ltr'><strong>habetcum</strong></span> <span class='ocrx_word' id='word_1_442' title='bbox 2546 1399 2671 1463; x_wconf 85' lang='lat' dir='ltr'><strong>alia,</strong></span> <span class='ocrx_word' id='word_1_443' title='bbox 2707 1416 2869 1469; x_wconf 89' lang='lat' dir='ltr'><strong>quam</strong></span> <span class='ocrx_word' id='word_1_444' title='bbox 2907 1401 3026 1470; x_wconf 86' lang='lat' dir='ltr'><strong>ipsa</strong></span> <span class='ocrx_word' id='word_1_445' title='bbox 3058 1414 3266 1455; x_wconf 81' lang='lat' dir='ltr'><strong>secum.</strong></span> <span class='ocrx_word' id='word_1_446' title='bbox 3308 1394 3489 1452; x_wconf 88' lang='lat' dir='ltr'><strong>Unum</strong></span> 
     </span>
    </p>
   </div>
   <div class='ocr_carea' id='block_1_59' title="bbox 1906 1486 3490 1559">
    <p class='ocr_par' dir='ltr' id='par_1_59' title="bbox 1906 1486 3490 1559">
     <span class='ocr_line' id='line_1_59' title="bbox 1906 1486 3490 1559; baseline 0.003 -20"><span class='ocrx_word' id='word_1_447' title='bbox 1906 1486 2111 1556; x_wconf 83' lang='lat' dir='ltr'><strong>quippe</strong></span> <span class='ocrx_word' id='word_1_448' title='bbox 2167 1486 2423 1559; x_wconf 76' lang='lat' dir='ltr'><strong>idemque</strong></span> <span class='ocrx_word' id='word_1_449' title='bbox 2463 1491 2695 1546; x_wconf 90' lang='lat' dir='ltr'><strong>omnino</strong></span> <span class='ocrx_word' id='word_1_450' title='bbox 2742 1500 2873 1547; x_wconf 89' lang='lat' dir='ltr'><strong>sunt</strong></span> <span class='ocrx_word' id='word_1_451' title='bbox 2923 1490 3087 1547; x_wconf 89' lang='lat' dir='ltr'><strong>Pater</strong></span> <span class='ocrx_word' id='word_1_452' title='bbox 3130 1501 3183 1546; x_wconf 90' lang='lat' dir='ltr'><strong>et</strong></span> <span class='ocrx_word' id='word_1_453' title='bbox 3233 1489 3406 1545; x_wconf 83' lang='lat' dir='ltr'><strong>Filius</strong></span> <span class='ocrx_word' id='word_1_454' title='bbox 3435 1498 3490 1545; x_wconf 90' lang='lat' dir='ltr'><strong>et</strong></span> 
     </span>
    </p>
   </div>
   <div class='ocr_carea' id='block_1_60' title="bbox 1909 1576 3489 1654">
    <p class='ocr_par' dir='ltr' id='par_1_60' title="bbox 1909 1576 3489 1654">
     <span class='ocr_line' id='line_1_60' title="bbox 1909 1576 3489 1654; baseline 0.001 -21"><span class='ocrx_word' id='word_1_455' title='bbox 1909 1576 2154 1647; x_wconf 89' lang='lat' dir='ltr'><strong>Spiritus</strong></span> <span class='ocrx_word' id='word_1_456' title='bbox 2201 1588 2464 1647; x_wconf 88' lang='lat' dir='ltr'><strong>sanctus;</strong></span> <span class='ocrx_word' id='word_1_457' title='bbox 2517 1582 2623 1636; x_wconf 84' lang='lat' dir='ltr'><strong>nisi</strong></span> <span class='ocrx_word' id='word_1_458' title='bbox 2672 1584 2816 1654; x_wconf 87' lang='lat' dir='ltr'><strong>quod</strong></span> <span class='ocrx_word' id='word_1_459' title='bbox 2851 1582 3022 1639; x_wconf 85' lang='lat' dir='ltr'><strong>Pater</strong></span> <span class='ocrx_word' id='word_1_460' title='bbox 3053 1583 3331 1654; x_wconf 78' lang='lat' dir='ltr'><strong>ingenitus</strong></span> <span class='ocrx_word' id='word_1_461' title='bbox 3380 1590 3489 1647; x_wconf 81' lang='lat' dir='ltr'><strong>est,</strong></span> 
     </span>
    </p>
   </div>
   <div class='ocr_carea' id='block_1_61' title="bbox 1908 1667 3491 1742">
    <p class='ocr_par' dir='ltr' id='par_1_61' title="bbox 1908 1667 3491 1742">
     <span class='ocr_line' id='line_1_61' title="bbox 1908 1667 3491 1742; baseline 0.003 -20"><span class='ocrx_word' id='word_1_462' title='bbox 1908 1667 2081 1724; x_wconf 84' lang='lat' dir='ltr'><strong>Filius</strong></span> <span class='ocrx_word' id='word_1_463' title='bbox 2109 1670 2349 1739; x_wconf 76' lang='lat' dir='ltr'><strong>genitus,</strong></span> <span class='ocrx_word' id='word_1_464' title='bbox 2374 1679 2427 1724; x_wconf 92' lang='lat' dir='ltr'><strong>et</strong></span> <span class='ocrx_word' id='word_1_465' title='bbox 2459 1670 2702 1740; x_wconf 79' lang='lat' dir='ltr'><strong>Spiritus</strong></span> <span class='ocrx_word' id='word_1_466' title='bbox 2733 1680 2960 1730; x_wconf 89' lang='lat' dir='ltr'><strong>sanctus</strong></span> <span class='ocrx_word' id='word_1_467' title='bbox 2989 1675 3285 1742; x_wconf 88' lang='lat' dir='ltr'><strong>processit.</strong></span> <span class='ocrx_word' id='word_1_468' title='bbox 3333 1672 3491 1738; x_wconf 89' lang='lat' dir='ltr'><strong>Quod</strong></span> 
     </span>
    </p>
   </div>
   <div class='ocr_carea' id='block_1_62' title="bbox 1905 1762 3490 1837">
    <p class='ocr_par' dir='ltr' id='par_1_62' title="bbox 1905 1762 3490 1837">
     <span class='ocr_line' id='line_1_62' title="bbox 1905 1762 3490 1837; baseline 0.003 -25"><span class='ocrx_word' id='word_1_469' title='bbox 1905 1769 2097 1814; x_wconf 89' lang='lat' dir='ltr'><strong>autem</strong></span> <span class='ocrx_word' id='word_1_470' title='bbox 2146 1762 2202 1816; x_wconf 90' lang='lat' dir='ltr'><strong>in</strong></span> <span class='ocrx_word' id='word_1_471' title='bbox 2255 1776 2320 1817; x_wconf 90' lang='lat' dir='ltr'><strong>ea</strong></span> <span class='ocrx_word' id='word_1_472' title='bbox 2369 1763 2677 1818; x_wconf 86' lang='lat' dir='ltr'><strong>discretum</strong></span> <span class='ocrx_word' id='word_1_473' title='bbox 2719 1773 2828 1830; x_wconf 85' lang='lat' dir='ltr'><strong>est,</strong></span> <span class='ocrx_word' id='word_1_474' title='bbox 2871 1766 3209 1837; x_wconf 78' lang='lat' dir='ltr'><strong>cogitatione</strong></span> <span class='ocrx_word' id='word_1_475' title='bbox 3251 1764 3490 1835; x_wconf 86' lang='lat' dir='ltr'><strong>percipi-</strong></span> 
     </span>
    </p>
   </div>
   <div class='ocr_carea' id='block_1_63' title="bbox 2145 1851 3487 1925">
    <p class='ocr_par' dir='ltr' id='par_1_63' title="bbox 2145 1851 3487 1925">
     <span class='ocr_line' id='line_1_63' title="bbox 2145 1851 3487 1925; baseline -0.005 -15"><span class='ocrx_word' id='word_1_476' title='bbox 2145 1854 2325 1910; x_wconf 81' lang='lat' dir='ltr'><strong>Ununi</strong></span> <span class='ocrx_word' id='word_1_477' title='bbox 2357 1856 2559 1924; x_wconf 86' lang='lat' dir='ltr'><strong>quippe</strong></span> <span class='ocrx_word' id='word_1_478' title='bbox 2602 1852 2773 1910; x_wconf 89' lang='lat' dir='ltr'><strong>Deum</strong></span> <span class='ocrx_word' id='word_1_479' title='bbox 2809 1854 3227 1925; x_wconf 73' lang='lat' dir='ltr'><strong>cognoscimus:</strong></span> <span class='ocrx_word' id='word_1_480' title='bbox 3263 1853 3320 1907; x_wconf 88' lang='lat' dir='ltr'><strong>in</strong></span> <span class='ocrx_word' id='word_1_481' title='bbox 3351 1851 3487 1907; x_wconf 81' lang='lat' dir='ltr'><strong>solis</strong></span> 
     </span>
    </p>
   </div>
   <div class='ocr_carea' id='block_1_64' title="bbox 1909 1944 3489 2017">
    <p class='ocr_par' dir='ltr' id='par_1_64' title="bbox 1909 1944 3489 2017">
     <span class='ocr_line' id='line_1_64' title="bbox 1909 1944 3489 2017; baseline 0 -18"><span class='ocrx_word' id='word_1_482' title='bbox 1909 1944 2367 2014; x_wconf 83' lang='lat' dir='ltr'><strong>proprietatibus,</strong></span> <span class='ocrx_word' id='word_1_483' title='bbox 2529 1944 2785 2001; x_wconf 88' lang='lat' dir='ltr'><strong>nimirum</strong></span> <span class='ocrx_word' id='word_1_484' title='bbox 2937 1944 3311 2017; x_wconf 84' lang='lat' dir='ltr'><strong>paternitatis,</strong></span> <span class='ocrx_word' id='word_1_485' title='bbox 3351 1944 3489 1999; x_wconf 59' lang='lat' dir='ltr'><strong>lilia-</strong></span> 
     </span>
    </p>
   </div>
   <div class='ocr_carea' id='block_1_65' title="bbox 1909 2034 3486 2105">
    <p class='ocr_par' dir='ltr' id='par_1_65' title="bbox 1909 2034 3486 2105">
     <span class='ocr_line' id='line_1_65' title="bbox 1909 2034 3486 2105; baseline 0.001 -18"><span class='ocrx_word' id='word_1_486' title='bbox 1909 2035 2100 2097; x_wconf 89' lang='lat' dir='ltr'><strong>tionis,</strong></span> <span class='ocrx_word' id='word_1_487' title='bbox 2134 2045 2188 2090; x_wconf 90' lang='lat' dir='ltr'><strong>et</strong></span> <span class='ocrx_word' id='word_1_488' title='bbox 2220 2036 2633 2105; x_wconf 86' lang='lat' dir='ltr'><strong>processionis;</strong></span> <span class='ocrx_word' id='word_1_489' title='bbox 2668 2044 2835 2105; x_wconf 88' lang='lat' dir='ltr'><strong>atque</strong></span> <span class='ocrx_word' id='word_1_490' title='bbox 2865 2042 3132 2105; x_wconf 88' lang='lat' dir='ltr'><strong>quantum</strong></span> <span class='ocrx_word' id='word_1_491' title='bbox 3161 2034 3229 2089; x_wconf 88' lang='lat' dir='ltr'><strong>ad</strong></span> <span class='ocrx_word' id='word_1_492' title='bbox 3259 2049 3486 2089; x_wconf 82' lang='lat' dir='ltr'><strong>causam</strong></span> 
     </span>
    </p>
   </div>
   <div class='ocr_carea' id='block_1_66' title="bbox 1910 2126 3489 2198">
    <p class='ocr_par' dir='ltr' id='par_1_66' title="bbox 1910 2126 3489 2198">
     <span class='ocr_line' id='line_1_66' title="bbox 1910 2126 3489 2198; baseline 0 -19"><span class='ocrx_word' id='word_1_493' title='bbox 1910 2134 1964 2179; x_wconf 89' lang='lat' dir='ltr'><strong>et</strong></span> <span class='ocrx_word' id='word_1_494' title='bbox 2006 2136 2317 2190; x_wconf 86' lang='lat' dir='ltr'><strong>causatum,</strong></span> <span class='ocrx_word' id='word_1_495' title='bbox 2354 2142 2418 2181; x_wconf 89' lang='lat' dir='ltr'><strong>ac</strong></span> <span class='ocrx_word' id='word_1_496' title='bbox 2454 2127 2773 2198; x_wconf 82' lang='lat' dir='ltr'><strong>bypostasis</strong></span> <span class='ocrx_word' id='word_1_497' title='bbox 2803 2128 3220 2198; x_wconf 83' lang='lat' dir='ltr'><strong>perfectionem,</strong></span> <span class='ocrx_word' id='word_1_498' title='bbox 3258 2126 3362 2181; x_wconf 87' lang='lat' dir='ltr'><strong>hoc</strong></span> <span class='ocrx_word' id='word_1_499' title='bbox 3404 2136 3489 2181; x_wconf 91' lang='lat' dir='ltr'><strong>est</strong></span> 
     </span>
    </p>
   </div>
   <div class='ocr_carea' id='block_1_67' title="bbox 1911 2215 3487 2287">
    <p class='ocr_par' dir='ltr' id='par_1_67' title="bbox 1911 2215 3487 2287">
     <span class='ocr_line' id='line_1_67' title="bbox 1911 2215 3487 2287; baseline -0.002 -17"><span class='ocrx_word' id='word_1_500' title='bbox 1911 2216 2215 2272; x_wconf 80' lang='lat' dir='ltr'><strong>exsistendi</strong></span> <span class='ocrx_word' id='word_1_501' title='bbox 2262 2217 2507 2281; x_wconf 90' lang='lat' dir='ltr'><strong>modum,</strong></span> <span class='ocrx_word' id='word_1_502' title='bbox 2554 2217 2972 2272; x_wconf 80' lang='lat' dir='ltr'><strong>diStinctioncm</strong></span> <span class='ocrx_word' id='word_1_503' title='bbox 3114 2215 3487 2287; x_wconf 77' lang='lat' dir='ltr'><strong>intelligimus.</strong></span> 
     </span>
    </p>
   </div>
   <div class='ocr_carea' id='block_1_68' title="bbox 1912 2304 3488 2379">
    <p class='ocr_par' dir='ltr' id='par_1_68' title="bbox 1912 2304 3488 2379">
     <span class='ocr_line' id='line_1_68' title="bbox 1912 2304 3488 2379; baseline -0.002 -18"><span class='ocrx_word' id='word_1_504' title='bbox 1912 2307 2099 2379; x_wconf 75' lang='lat' dir='ltr'><strong>Neque</strong></span> <span class='ocrx_word' id='word_1_505' title='bbox 2132 2310 2275 2364; x_wconf 90' lang='lat' dir='ltr'><strong>enim</strong></span> <span class='ocrx_word' id='word_1_506' title='bbox 2321 2309 2640 2363; x_wconf 79' lang='lat' dir='ltr'><strong>distantiam</strong></span> <span class='ocrx_word' id='word_1_507' title='bbox 2675 2304 2977 2364; x_wconf 87' lang='lat' dir='ltr'><strong>secundum</strong></span> <span class='ocrx_word' id='word_1_508' title='bbox 3009 2308 3213 2369; x_wconf 89' lang='lat' dir='ltr'><strong>locum,</strong></span> <span class='ocrx_word' id='word_1_509' title='bbox 3257 2314 3315 2360; x_wconf 89' lang='lat' dir='ltr'><strong>ut</strong></span> <span class='ocrx_word' id='word_1_510' title='bbox 3344 2305 3488 2375; x_wconf 86' lang='lat' dir='ltr'><strong>apud</strong></span> 
     </span>
    </p>
   </div>
   <div class='ocr_carea' id='block_1_69' title="bbox 1914 2395 3488 2466">
    <p class='ocr_par' dir='ltr' id='par_1_69' title="bbox 1914 2395 3488 2466">
     <span class='ocr_line' id='line_1_69' title="bbox 1914 2395 3488 2466; baseline -0.003 -16"><span class='ocrx_word' id='word_1_511' title='bbox 1914 2412 2037 2459; x_wconf 91' lang='lat' dir='ltr'><strong>nos,</strong></span> <span class='ocrx_word' id='word_1_512' title='bbox 2096 2398 2148 2450; x_wconf 91' lang='lat' dir='ltr'><strong>in</strong></span> <span class='ocrx_word' id='word_1_513' title='bbox 2204 2396 2419 2451; x_wconf 87' lang='lat' dir='ltr'><strong>Deitate</strong></span> <span class='ocrx_word' id='word_1_514' title='bbox 2466 2410 2589 2466; x_wconf 80' lang='lat' dir='ltr'><strong>quae</strong></span> <span class='ocrx_word' id='word_1_515' title='bbox 2645 2395 3218 2465; x_wconf 78' lang='lat' dir='ltr'><strong>circumscriptionem</strong></span> <span class='ocrx_word' id='word_1_516' title='bbox 3270 2409 3488 2447; x_wconf 86' lang='lat' dir='ltr'><strong>onmem</strong></span> 
     </span>
    </p>
   </div>
   <div class='ocr_carea' id='block_1_70' title="bbox 1912 2486 3492 2556">
    <p class='ocr_par' dir='ltr' id='par_1_70' title="bbox 1912 2486 3492 2556">
     <span class='ocr_line' id='line_1_70' title="bbox 1912 2486 3492 2556; baseline -0.001 -13"><span class='ocrx_word' id='word_1_517' title='bbox 1912 2488 2181 2551; x_wconf 82' lang='lat' dir='ltr'><strong>excindit,</strong></span> <span class='ocrx_word' id='word_1_518' title='bbox 2214 2486 2505 2541; x_wconf 88' lang='lat' dir='ltr'><strong>admittere</strong></span> <span class='ocrx_word' id='word_1_519' title='bbox 2548 2486 2675 2542; x_wconf 77' lang='lat' dir='ltr'><strong>liCct</strong></span> <span class='ocrx_word' id='word_1_520' title='bbox 2719 2489 2872 2555; x_wconf 86' lang='lat' dir='ltr'><strong>(sunt</strong></span> <span class='ocrx_word' id='word_1_521' title='bbox 2904 2486 3049 2541; x_wconf 89' lang='lat' dir='ltr'><strong>enim</strong></span> <span class='ocrx_word' id='word_1_522' title='bbox 3083 2501 3336 2556; x_wconf 70' lang='lat' dir='ltr'><strong>persona!</strong></span> <span class='ocrx_word' id='word_1_523' title='bbox 3370 2486 3492 2541; x_wconf 72' lang='lat' dir='ltr'><strong>alia:</strong></span> 
     </span>
    </p>
   </div>
   <div class='ocr_carea' id='block_1_71' title="bbox 1914 2578 3486 2645">
    <p class='ocr_par' dir='ltr' id='par_1_71' title="bbox 1914 2578 3486 2645">
     <span class='ocr_line' id='line_1_71' title="bbox 1914 2578 3486 2645; baseline -0.002 -10"><span class='ocrx_word' id='word_1_524' title='bbox 1914 2581 1969 2635; x_wconf 89' lang='lat' dir='ltr'><strong>in</strong></span> <span class='ocrx_word' id='word_1_525' title='bbox 1998 2580 2151 2645; x_wconf 84' lang='lat' dir='ltr'><strong>aliis;</strong></span> <span class='ocrx_word' id='word_1_526' title='bbox 2185 2593 2293 2633; x_wconf 90' lang='lat' dir='ltr'><strong>non</strong></span> <span class='ocrx_word' id='word_1_527' title='bbox 2327 2587 2385 2633; x_wconf 88' lang='lat' dir='ltr'><strong>ut</strong></span> <span class='ocrx_word' id='word_1_528' title='bbox 2413 2580 2555 2633; x_wconf 88' lang='lat' dir='ltr'><strong>inter</strong></span> <span class='ocrx_word' id='word_1_529' title='bbox 2603 2595 2663 2634; x_wconf 89' lang='lat' dir='ltr'><strong>se</strong></span> <span class='ocrx_word' id='word_1_530' title='bbox 2690 2578 3128 2643; x_wconf 80' lang='lat' dir='ltr'><strong>confundantur,</strong></span> <span class='ocrx_word' id='word_1_531' title='bbox 3168 2580 3260 2635; x_wconf 86' lang='lat' dir='ltr'><strong>sed</strong></span> <span class='ocrx_word' id='word_1_532' title='bbox 3299 2588 3359 2633; x_wconf 93' lang='lat' dir='ltr'><strong>ut</strong></span> <span class='ocrx_word' id='word_1_533' title='bbox 3390 2594 3486 2632; x_wconf 87' lang='lat' dir='ltr'><strong>co-</strong></span> 
     </span>
    </p>
   </div>
   <div class='ocr_carea' id='block_1_72' title="bbox 1915 2666 3489 2738">
    <p class='ocr_par' dir='ltr' id='par_1_72' title="bbox 1915 2666 3489 2738">
     <span class='ocr_line' id='line_1_72' title="bbox 1915 2666 3489 2738; baseline -0.001 -16"><span class='ocrx_word' id='word_1_534' title='bbox 1915 2669 2178 2731; x_wconf 75' lang='lat' dir='ltr'><strong>luercant,</strong></span> <span class='ocrx_word' id='word_1_535' title='bbox 2231 2669 2386 2737; x_wconf 72' lang='lat' dir='ltr'><strong>juxta</strong></span> <span class='ocrx_word' id='word_1_536' title='bbox 2438 2684 2558 2723; x_wconf 88' lang='lat' dir='ltr'><strong>eam</strong></span> <span class='ocrx_word' id='word_1_537' title='bbox 2616 2666 2833 2723; x_wconf 86' lang='lat' dir='ltr'><strong>D’omini</strong></span> <span class='ocrx_word' id='word_1_538' title='bbox 2881 2669 3207 2724; x_wconf 85' lang='lat' dir='ltr'><strong>sententiam</strong></span> <span class='ocrx_word' id='word_1_539' title='bbox 3242 2686 3256 2723; x_wconf 88' lang='lat'><strong>:</strong></span> <span class='ocrx_word' id='word_1_540' title='bbox 3286 2671 3395 2738; x_wconf 85' lang='lat' dir='ltr'><strong>Ego</strong></span> <span class='ocrx_word' id='word_1_541' title='bbox 3433 2669 3489 2722; x_wconf 79' lang='lat' dir='ltr'><strong>in</strong></span> 
     </span>
    </p>
   </div>
   <div class='ocr_carea' id='block_1_73' title="bbox 1915 2758 3493 2832">
    <p class='ocr_par' dir='ltr' id='par_1_73' title="bbox 1915 2758 3493 2832">
     <span class='ocr_line' id='line_1_73' title="bbox 1915 2758 3493 2832; baseline -0.001 -18"><span class='ocrx_word' id='word_1_542' title='bbox 1915 2760 2082 2815; x_wconf 78' lang='lat' dir='ltr'><strong>Patre</strong></span> <span class='ocrx_word' id='word_1_543' title='bbox 2124 2770 2174 2815; x_wconf 82' lang='lat' dir='ltr'><strong>et</strong></span> <span class='ocrx_word' id='word_1_544' title='bbox 2228 2758 2391 2815; x_wconf 83' lang='lat' dir='ltr'><strong>Pater</strong></span> <span class='ocrx_word' id='word_1_545' title='bbox 2443 2761 2497 2815; x_wconf 74' lang='lat' dir='ltr'><strong>in</strong></span> <span class='ocrx_word' id='word_1_546' title='bbox 2550 2778 2629 2815; x_wconf 87' lang='lat' dir='ltr'><strong>me</strong></span> <span class='ocrx_word' id='word_1_547' title='bbox 2663 2770 2742 2816; x_wconf 80' lang='lat' dir='ltr'><strong>est</strong></span> <span class='ocrx_word' id='word_1_548' title='bbox 2815 2761 2856 2832; x_wconf 79' lang='grc'><strong>¹)</strong></span> <span class='ocrx_word' id='word_1_549' title='bbox 2894 2776 2993 2815; x_wconf 91' lang='lat' dir='ltr'><strong>nec</strong></span> <span class='ocrx_word' id='word_1_550' title='bbox 3026 2761 3352 2826; x_wconf 87' lang='lat' dir='ltr'><strong>voluntatis,</strong></span> <span class='ocrx_word' id='word_1_551' title='bbox 3400 2767 3493 2813; x_wconf 87' lang='lat' dir='ltr'><strong>aut</strong></span> 
     </span>
    </p>
   </div>
   <div class='ocr_carea' id='block_1_74' title="bbox 1915 2852 3495 2921">
    <p class='ocr_par' dir='ltr' id='par_1_74' title="bbox 1915 2852 3495 2921">
     <span class='ocr_line' id='line_1_74' title="bbox 1915 2852 3495 2921; baseline -0.004 -9"><span class='ocrx_word' id='word_1_552' title='bbox 1915 2855 2238 2919; x_wconf 75' lang='lat' dir='ltr'><strong>sententize;</strong></span> <span class='ocrx_word' id='word_1_553' title='bbox 2295 2862 2387 2907; x_wconf 91' lang='lat' dir='ltr'><strong>aut</strong></span> <span class='ocrx_word' id='word_1_554' title='bbox 2448 2852 2835 2916; x_wconf 80' lang='lat' dir='ltr'><strong>eﬂicacitatis,</strong></span> <span class='ocrx_word' id='word_1_555' title='bbox 2887 2860 2980 2906; x_wconf 90' lang='lat' dir='ltr'><strong>aut</strong></span> <span class='ocrx_word' id='word_1_556' title='bbox 3034 2852 3341 2921; x_wconf 60' lang='lat' dir='ltr'><strong>potentias;</strong></span> <span class='ocrx_word' id='word_1_557' title='bbox 3400 2863 3495 2905; x_wconf 86' lang='lat' dir='ltr'><strong>aut</strong></span> 
     </span>
    </p>
   </div>
   <div class='ocr_carea' id='block_1_75' title="bbox 1916 2939 3492 3014">
    <p class='ocr_par' dir='ltr' id='par_1_75' title="bbox 1916 2939 3492 3014">
     <span class='ocr_line' id='line_1_75' title="bbox 1916 2939 3492 3014; baseline -0.006 -12"><span class='ocrx_word' id='word_1_558' title='bbox 1916 2948 2144 3002; x_wconf 82' lang='lat' dir='ltr'><strong>alterius</strong></span> <span class='ocrx_word' id='word_1_559' title='bbox 2170 2946 2461 3014; x_wconf 83' lang='lat' dir='ltr'><strong>cujusdam</strong></span> <span class='ocrx_word' id='word_1_560' title='bbox 2494 2945 2593 3006; x_wconf 86' lang='lat' dir='ltr'><strong>rei,</strong></span> <span class='ocrx_word' id='word_1_561' title='bbox 2627 2959 2749 3014; x_wconf 72' lang='lat' dir='ltr'><strong>quae</strong></span> <span class='ocrx_word' id='word_1_562' title='bbox 2797 2944 3000 3000; x_wconf 85' lang='lat' dir='ltr'><strong>realem</strong></span> <span class='ocrx_word' id='word_1_563' title='bbox 3030 2956 3094 2997; x_wconf 87' lang='lat' dir='ltr'><strong>ac</strong></span> <span class='ocrx_word' id='word_1_564' title='bbox 3120 2939 3492 2998; x_wconf 87' lang='lat' dir='ltr'><strong>omnimodam</strong></span> 
     </span>
    </p>
   </div>
   <div class='ocr_carea' id='block_1_76' title="bbox 1917 3033 3492 3105">
    <p class='ocr_par' dir='ltr' id='par_1_76' title="bbox 1917 3033 3492 3105">
     <span class='ocr_line' id='line_1_76' title="bbox 1917 3033 3492 3105; baseline -0.006 -12"><span class='ocrx_word' id='word_1_565' title='bbox 1917 3038 1973 3093; x_wconf 89' lang='lat' dir='ltr'><strong>in</strong></span> <span class='ocrx_word' id='word_1_566' title='bbox 2016 3038 2173 3093; x_wconf 91' lang='lat' dir='ltr'><strong>nobis</strong></span> <span class='ocrx_word' id='word_1_567' title='bbox 2221 3036 2635 3092; x_wconf 78' lang='lat' dir='ltr'><strong>distinctionem</strong></span> <span class='ocrx_word' id='word_1_568' title='bbox 2690 3039 2898 3105; x_wconf 74' lang='lat' dir='ltr'><strong>gignat,</strong></span> <span class='ocrx_word' id='word_1_569' title='bbox 2950 3034 3251 3089; x_wconf 84' lang='lat' dir='ltr'><strong>discrimen</strong></span> <span class='ocrx_word' id='word_1_570' title='bbox 3299 3033 3492 3087; x_wconf 86' lang='lat' dir='ltr'><strong>ullum.</strong></span> 
     </span>
    </p>
   </div>
   <div class='ocr_carea' id='block_1_77' title="bbox 1918 3121 3496 3199">
    <p class='ocr_par' dir='ltr' id='par_1_77' title="bbox 1918 3121 3496 3199">
     <span class='ocr_line' id='line_1_77' title="bbox 1918 3121 3496 3199; baseline -0.005 -16"><span class='ocrx_word' id='word_1_571' title='bbox 1918 3129 2268 3199; x_wconf 84' lang='lat' dir='ltr'><strong>Quapropter</strong></span> <span class='ocrx_word' id='word_1_572' title='bbox 2296 3143 2399 3181; x_wconf 91' lang='lat' dir='ltr'><strong>nec</strong></span> <span class='ocrx_word' id='word_1_573' title='bbox 2428 3136 2543 3181; x_wconf 85' lang='lat' dir='ltr'><strong>tres</strong></span> <span class='ocrx_word' id='word_1_574' title='bbox 2573 3126 2705 3181; x_wconf 88' lang='lat' dir='ltr'><strong>deos</strong></span> <span class='ocrx_word' id='word_1_575' title='bbox 2730 3124 2947 3179; x_wconf 82' lang='lat' dir='ltr'><strong>Patrem</strong></span> <span class='ocrx_word' id='word_1_576' title='bbox 2973 3134 3026 3179; x_wconf 91' lang='lat' dir='ltr'><strong>et</strong></span> <span class='ocrx_word' id='word_1_577' title='bbox 3058 3124 3256 3177; x_wconf 83' lang='lat' dir='ltr'><strong>Filium</strong></span> <span class='ocrx_word' id='word_1_578' title='bbox 3289 3130 3343 3177; x_wconf 91' lang='lat' dir='ltr'><strong>et</strong></span> <span class='ocrx_word' id='word_1_579' title='bbox 3369 3121 3496 3192; x_wconf 85' lang='lat' dir='ltr'><strong>Spi-</strong></span> 
     </span>
    </p>
   </div>
   <div class='ocr_carea' id='block_1_78' title="bbox 1922 3209 3496 3285">
    <p class='ocr_par' dir='ltr' id='par_1_78' title="bbox 1922 3209 3496 3285">
     <span class='ocr_line' id='line_1_78' title="bbox 1922 3209 3496 3285; baseline -0.005 -12"><span class='ocrx_word' id='word_1_580' title='bbox 1922 3220 2084 3274; x_wconf 87' lang='lat' dir='ltr'><strong>ritum</strong></span> <span class='ocrx_word' id='word_1_581' title='bbox 2117 3224 2374 3273; x_wconf 87' lang='lat' dir='ltr'><strong>sanctum</strong></span> <span class='ocrx_word' id='word_1_582' title='bbox 2402 3216 2675 3282; x_wconf 80' lang='lat' dir='ltr'><strong>dicimus;</strong></span> <span class='ocrx_word' id='word_1_583' title='bbox 2709 3216 2844 3285; x_wconf 87' lang='lat' dir='ltr'><strong>quin</strong></span> <span class='ocrx_word' id='word_1_584' title='bbox 2884 3214 3065 3284; x_wconf 86' lang='lat' dir='ltr'><strong>potius</strong></span> <span class='ocrx_word' id='word_1_585' title='bbox 3089 3221 3340 3268; x_wconf 88' lang='lat' dir='ltr'><strong>sanctam</strong></span> <span class='ocrx_word' id='word_1_586' title='bbox 3366 3209 3496 3265; x_wconf 81' lang='lat' dir='ltr'><strong>Tri-</strong></span> 
     </span>
    </p>
   </div>
   <div class='ocr_carea' id='block_1_79' title="bbox 1920 3302 3499 3365">
    <p class='ocr_par' dir='ltr' id='par_1_79' title="bbox 1920 3302 3499 3365">
     <span class='ocr_line' id='line_1_79' title="bbox 1920 3302 3499 3365; baseline -0.006 0"><span class='ocrx_word' id='word_1_587' title='bbox 1920 3310 2141 3365; x_wconf 84' lang='lat' dir='ltr'><strong>nitatem</strong></span> <span class='ocrx_word' id='word_1_588' title='bbox 2176 3323 2346 3362; x_wconf 89' lang='lat' dir='ltr'><strong>unum</strong></span> <span class='ocrx_word' id='word_1_589' title='bbox 2383 3307 2550 3362; x_wconf 90' lang='lat' dir='ltr'><strong>Deum</strong></span> <span class='ocrx_word' id='word_1_590' title='bbox 2605 3306 2909 3362; x_wconf 88' lang='lat' dir='ltr'><strong>asserimus</strong></span> <span class='ocrx_word' id='word_1_591' title='bbox 2952 3323 2967 3362; x_wconf 89' lang='lat'><strong>:</strong></span> <span class='ocrx_word' id='word_1_592' title='bbox 3015 3304 3094 3360; x_wconf 86' lang='lat' dir='ltr'><strong>sic</strong></span> <span class='ocrx_word' id='word_1_593' title='bbox 3143 3302 3399 3359; x_wconf 80' lang='lat' dir='ltr'><strong>videlicet</strong></span> <span class='ocrx_word' id='word_1_594' title='bbox 3436 3311 3499 3357; x_wconf 88' lang='lat' dir='ltr'><strong>ut</strong></span> 
     </span>
    </p>
   </div>
   <div class='ocr_carea' id='block_1_80' title="bbox 1920 3395 3498 3471">
    <p class='ocr_par' dir='ltr' id='par_1_80' title="bbox 1920 3395 3498 3471">
     <span class='ocr_line' id='line_1_80' title="bbox 1920 3395 3498 3471; baseline -0.006 -14"><span class='ocrx_word' id='word_1_595' title='bbox 1920 3402 2092 3458; x_wconf 86' lang='lat' dir='ltr'><strong>Filius</strong></span> <span class='ocrx_word' id='word_1_596' title='bbox 2126 3412 2175 3456; x_wconf 90' lang='lat' dir='ltr'><strong>et</strong></span> <span class='ocrx_word' id='word_1_597' title='bbox 2215 3400 2461 3471; x_wconf 86' lang='lat' dir='ltr'><strong>Spiritus</strong></span> <span class='ocrx_word' id='word_1_598' title='bbox 2492 3407 2720 3454; x_wconf 89' lang='lat' dir='ltr'><strong>sanctus</strong></span> <span class='ocrx_word' id='word_1_599' title='bbox 2751 3397 2818 3450; x_wconf 88' lang='lat' dir='ltr'><strong>ad</strong></span> <span class='ocrx_word' id='word_1_600' title='bbox 2846 3412 3012 3451; x_wconf 91' lang='lat' dir='ltr'><strong>unum</strong></span> <span class='ocrx_word' id='word_1_601' title='bbox 3047 3405 3328 3450; x_wconf 81' lang='lat' dir='ltr'><strong>auctorem</strong></span> <span class='ocrx_word' id='word_1_602' title='bbox 3356 3395 3498 3449; x_wconf 80' lang='lat' dir='ltr'><strong>refe-</strong></span> 
     </span>
    </p>
   </div>
   <div class='ocr_carea' id='block_1_81' title="bbox 1920 3487 3501 3561">
    <p class='ocr_par' dir='ltr' id='par_1_81' title="bbox 1920 3487 3501 3561">
     <span class='ocr_line' id='line_1_81' title="bbox 1920 3487 3501 3561; baseline -0.006 -12"><span class='ocrx_word' id='word_1_603' title='bbox 1920 3504 2138 3557; x_wconf 87' lang='lat' dir='ltr'><strong>rantur,</strong></span> <span class='ocrx_word' id='word_1_604' title='bbox 2169 3510 2280 3549; x_wconf 90' lang='lat' dir='ltr'><strong>non</strong></span> <span class='ocrx_word' id='word_1_605' title='bbox 2324 3501 2508 3548; x_wconf 87' lang='lat' dir='ltr'><strong>autem</strong></span> <span class='ocrx_word' id='word_1_606' title='bbox 2560 3500 2991 3561; x_wconf 85' lang='lat' dir='ltr'><strong>componantur,</strong></span> <span class='ocrx_word' id='word_1_607' title='bbox 3046 3497 3139 3543; x_wconf 88' lang='lat' dir='ltr'><strong>aut</strong></span> <span class='ocrx_word' id='word_1_608' title='bbox 3181 3489 3339 3558; x_wconf 76' lang='lat' dir='ltr'><strong>juxta</strong></span> <span class='ocrx_word' id='word_1_609' title='bbox 3397 3487 3501 3541; x_wconf 81' lang='lat' dir='ltr'><strong>Sa-</strong></span> 
     </span>
    </p>
   </div>
   <div class='ocr_carea' id='block_1_82' title="bbox 1920 3577 3503 3648">
    <p class='ocr_par' dir='ltr' id='par_1_82' title="bbox 1920 3577 3503 3648">
     <span class='ocr_line' id='line_1_82' title="bbox 1920 3577 3503 3648; baseline -0.006 -7"><span class='ocrx_word' id='word_1_610' title='bbox 1920 3585 2066 3641; x_wconf 86' lang='lat' dir='ltr'><strong>bellii</strong></span> <span class='ocrx_word' id='word_1_611' title='bbox 2122 3582 2557 3639; x_wconf 87' lang='lat' dir='ltr'><strong>contractionem</strong></span> <span class='ocrx_word' id='word_1_612' title='bbox 2628 3597 2739 3637; x_wconf 84' lang='lat' dir='ltr'><strong>una</strong></span> <span class='ocrx_word' id='word_1_613' title='bbox 2816 3582 3135 3636; x_wconf 86' lang='lat' dir='ltr'><strong>coalescant</strong></span> <span class='ocrx_word' id='word_1_614' title='bbox 3181 3594 3248 3634; x_wconf 83' lang='lat' dir='ltr'><strong>ac</strong></span> <span class='ocrx_word' id='word_1_615' title='bbox 3296 3577 3503 3648; x_wconf 81' lang='lat' dir='ltr'><strong>permi-</strong></span> 
     </span>
    </p>
   </div>
   <div class='ocr_carea' id='block_1_83' title="bbox 1920 3672 3501 3747">
    <p class='ocr_par' dir='ltr' id='par_1_83' title="bbox 1920 3672 3501 3747">
     <span class='ocr_line' id='line_1_83' title="bbox 1920 3672 3501 3747; baseline -0.006 -16"><span class='ocrx_word' id='word_1_616' title='bbox 1920 3685 2183 3732; x_wconf 88' lang='lat' dir='ltr'><strong>sceantur</strong></span> <span class='ocrx_word' id='word_1_617' title='bbox 2213 3679 2510 3747; x_wconf 89' lang='lat' dir='ltr'><strong>(uniuntur</strong></span> <span class='ocrx_word' id='word_1_618' title='bbox 2541 3676 2713 3734; x_wconf 86' lang='lat' dir='ltr'><strong>enim.</strong></span> <span class='ocrx_word' id='word_1_619' title='bbox 2770 3681 2832 3728; x_wconf 87' lang='lat' dir='ltr'><strong>ut</strong></span> <span class='ocrx_word' id='word_1_620' title='bbox 2880 3673 3144 3735; x_wconf 76' lang='lat' dir='ltr'><strong>diximus,</strong></span> <span class='ocrx_word' id='word_1_621' title='bbox 3177 3686 3288 3726; x_wconf 87' lang='lat' dir='ltr'><strong>non</strong></span> <span class='ocrx_word' id='word_1_622' title='bbox 3321 3672 3394 3724; x_wconf 86' lang='lat' dir='ltr'><strong>ita</strong></span> <span class='ocrx_word' id='word_1_623' title='bbox 3439 3676 3501 3722; x_wconf 87' lang='lat' dir='ltr'><strong>ut</strong></span> 
     </span>
    </p>
   </div>
   <div class='ocr_carea' id='block_1_84' title="bbox 1921 3759 3501 3832">
    <p class='ocr_par' dir='ltr' id='par_1_84' title="bbox 1921 3759 3501 3832">
     <span class='ocr_line' id='line_1_84' title="bbox 1921 3759 3501 3832; baseline -0.006 -12"><span class='ocrx_word' id='word_1_624' title='bbox 1921 3767 2357 3832; x_wconf 62' lang='lat' dir='ltr'><strong>confundantur,</strong></span> <span class='ocrx_word' id='word_1_625' title='bbox 2393 3767 2488 3820; x_wconf 86' lang='lat' dir='ltr'><strong>sed</strong></span> <span class='ocrx_word' id='word_1_626' title='bbox 2531 3774 2591 3819; x_wconf 86' lang='lat' dir='ltr'><strong>ut</strong></span> <span class='ocrx_word' id='word_1_627' title='bbox 2624 3765 2972 3826; x_wconf 64' lang='lat' dir='ltr'><strong>cohercent;</strong></span> <span class='ocrx_word' id='word_1_628' title='bbox 3009 3771 3176 3832; x_wconf 88' lang='lat' dir='ltr'><strong>atque</strong></span> <span class='ocrx_word' id='word_1_629' title='bbox 3206 3774 3333 3816; x_wconf 88' lang='lat' dir='ltr'><strong>sese</strong></span> <span class='ocrx_word' id='word_1_630' title='bbox 3358 3759 3501 3812; x_wconf 87' lang='lat' dir='ltr'><strong>invi-</strong></span> 
     </span>
    </p>
   </div>
   <div class='ocr_carea' id='block_1_85' title="bbox 1926 3848 3503 3911">
    <p class='ocr_par' dir='ltr' id='par_1_85' title="bbox 1926 3848 3503 3911">
     <span class='ocr_line' id='line_1_85' title="bbox 1926 3848 3503 3911; baseline -0.005 -1"><span class='ocrx_word' id='word_1_631' title='bbox 1926 3872 2049 3910; x_wconf 80' lang='lat' dir='ltr'><strong>cem</strong></span> <span class='ocrx_word' id='word_1_632' title='bbox 2084 3858 2221 3910; x_wconf 90' lang='lat' dir='ltr'><strong>citra</strong></span> <span class='ocrx_word' id='word_1_633' title='bbox 2256 3870 2476 3911; x_wconf 86' lang='lat' dir='ltr'><strong>omnem</strong></span> <span class='ocrx_word' id='word_1_634' title='bbox 2524 3852 3024 3908; x_wconf 82' lang='lat' dir='ltr'><strong>contradictionem</strong></span> <span class='ocrx_word' id='word_1_635' title='bbox 3060 3863 3125 3903; x_wconf 87' lang='lat' dir='ltr'><strong>ac</strong></span> <span class='ocrx_word' id='word_1_636' title='bbox 3155 3848 3503 3905; x_wconf 83' lang='lat' dir='ltr'><strong>commistio-</strong></span> 
     </span>
    </p>
   </div>
   <div class='ocr_carea' id='block_1_86' title="bbox 1924 3940 3502 4017">
    <p class='ocr_par' dir='ltr' id='par_1_86' title="bbox 1924 3940 3502 4017">
     <span class='ocr_line' id='line_1_86' title="bbox 1924 3940 3502 4017; baseline -0.006 -16"><span class='ocrx_word' id='word_1_637' title='bbox 1924 3963 2046 4002; x_wconf 78' lang='lat' dir='ltr'><strong>netn</strong></span> <span class='ocrx_word' id='word_1_638' title='bbox 2087 3945 2434 4017; x_wconf 85' lang='lat' dir='ltr'><strong>pervadant),</strong></span> <span class='ocrx_word' id='word_1_639' title='bbox 2479 3958 2580 3999; x_wconf 89' lang='lat' dir='ltr'><strong>nec</strong></span> <span class='ocrx_word' id='word_1_640' title='bbox 2634 3950 2791 3998; x_wconf 75' lang='lat' dir='ltr'><strong>extra</strong></span> <span class='ocrx_word' id='word_1_641' title='bbox 2819 3958 2877 3997; x_wconf 91' lang='lat' dir='ltr'><strong>se</strong></span> <span class='ocrx_word' id='word_1_642' title='bbox 2928 3942 3163 3995; x_wconf 82' lang='lat' dir='ltr'><strong>invicem</strong></span> <span class='ocrx_word' id='word_1_643' title='bbox 3210 3940 3502 4001; x_wconf 81' lang='lat' dir='ltr'><strong>sistantur,</strong></span> 
     </span>
    </p>
   </div>
   <div class='ocr_carea' id='block_1_87' title="bbox 1923 4031 3503 4108">
    <p class='ocr_par' dir='ltr' id='par_1_87' title="bbox 1923 4031 3503 4108">
     <span class='ocr_line' id='line_1_87' title="bbox 1923 4031 3503 4108; baseline -0.006 -14"><span class='ocrx_word' id='word_1_644' title='bbox 1923 4048 2017 4094; x_wconf 89' lang='lat' dir='ltr'><strong>aut</strong></span> <span class='ocrx_word' id='word_1_645' title='bbox 2043 4046 2313 4108; x_wconf 75' lang='lat' dir='ltr'><strong>quantum</strong></span> <span class='ocrx_word' id='word_1_646' title='bbox 2348 4037 2415 4091; x_wconf 79' lang='lat' dir='ltr'><strong>ad</strong></span> <span class='ocrx_word' id='word_1_647' title='bbox 2444 4035 2749 4091; x_wconf 79' lang='lat' dir='ltr'><strong>essentiam</strong></span> <span class='ocrx_word' id='word_1_648' title='bbox 2790 4035 2947 4101; x_wconf 77' lang='lat' dir='ltr'><strong>juxta</strong></span> <span class='ocrx_word' id='word_1_649' title='bbox 3002 4032 3117 4086; x_wconf 80' lang='lat' dir='ltr'><strong>Arii</strong></span> <span class='ocrx_word' id='word_1_650' title='bbox 3172 4031 3503 4087; x_wconf 75' lang='lat' dir='ltr'><strong>divisionem</strong></span> 
     </span>
    </p>
   </div>
   <div class='ocr_carea' id='block_1_88' title="bbox 1924 4124 3504 4187">
    <p class='ocr_par' dir='ltr' id='par_1_88' title="bbox 1924 4124 3504 4187">
     <span class='ocr_line' id='line_1_88' title="bbox 1924 4124 3504 4187; baseline -0.008 0"><span class='ocrx_word' id='word_1_651' title='bbox 1924 4132 2277 4187; x_wconf 77' lang='lat' dir='ltr'><strong>scindantur.</strong></span> <span class='ocrx_word' id='word_1_652' title='bbox 2413 4127 2653 4183; x_wconf 80' lang='lat' dir='ltr'><strong>lndivisa</strong></span> <span class='ocrx_word' id='word_1_653' title='bbox 2701 4126 2850 4181; x_wconf 85' lang='lat' dir='ltr'><strong>enim</strong></span> <span class='ocrx_word' id='word_1_654' title='bbox 2897 4126 2954 4180; x_wconf 88' lang='lat' dir='ltr'><strong>in</strong></span> <span class='ocrx_word' id='word_1_655' title='bbox 3004 4124 3220 4187; x_wconf 80' lang='lat' dir='ltr'><strong>divisis,</strong></span> <span class='ocrx_word' id='word_1_656' title='bbox 3273 4130 3334 4177; x_wconf 92' lang='lat' dir='ltr'><strong>ut</strong></span> <span class='ocrx_word' id='word_1_657' title='bbox 3384 4138 3504 4176; x_wconf 83' lang='lat' dir='ltr'><strong>rem</strong></span> 
     </span>
    </p>
   </div>
   <div class='ocr_carea' id='block_1_89' title="bbox 1927 4212 3507 4283">
    <p class='ocr_par' dir='ltr' id='par_1_89' title="bbox 1927 4212 3507 4283">
     <span class='ocr_line' id='line_1_89' title="bbox 1927 4212 3507 4283; baseline -0.004 -9"><span class='ocrx_word' id='word_1_658' title='bbox 1927 4220 2167 4274; x_wconf 84' lang='lat' dir='ltr'><strong>breviter</strong></span> <span class='ocrx_word' id='word_1_659' title='bbox 2186 4218 2492 4282; x_wconf 85' lang='lat' dir='ltr'><strong>enuntiem,</strong></span> <span class='ocrx_word' id='word_1_660' title='bbox 2525 4215 2799 4273; x_wconf 84' lang='lat' dir='ltr'><strong>Divinitas</strong></span> <span class='ocrx_word' id='word_1_661' title='bbox 2819 4224 2942 4283; x_wconf 87' lang='lat' dir='ltr'><strong>est;</strong></span> <span class='ocrx_word' id='word_1_662' title='bbox 2972 4229 3036 4268; x_wconf 85' lang='lat' dir='ltr'><strong>ac</strong></span> <span class='ocrx_word' id='word_1_663' title='bbox 3064 4214 3213 4268; x_wconf 85' lang='lat' dir='ltr'><strong>velut</strong></span> <span class='ocrx_word' id='word_1_664' title='bbox 3245 4213 3298 4267; x_wconf 89' lang='lat' dir='ltr'><strong>in</strong></span> <span class='ocrx_word' id='word_1_665' title='bbox 3328 4212 3507 4267; x_wconf 85' lang='lat' dir='ltr'><strong>tribus</strong></span> 
     </span>
    </p>
   </div>
   <div class='ocr_carea' id='block_1_90' title="bbox 1925 4305 3510 4371">
    <p class='ocr_par' dir='ltr' id='par_1_90' title="bbox 1925 4305 3510 4371">
     <span class='ocr_line' id='line_1_90' title="bbox 1925 4305 3510 4371; baseline -0.006 -3"><span class='ocrx_word' id='word_1_666' title='bbox 1925 4311 2137 4368; x_wconf 87' lang='lat' dir='ltr'><strong>solibus</strong></span> <span class='ocrx_word' id='word_1_667' title='bbox 2157 4311 2260 4367; x_wconf 88' lang='lat' dir='ltr'><strong>sibi</strong></span> <span class='ocrx_word' id='word_1_668' title='bbox 2292 4312 2529 4366; x_wconf 88' lang='lat' dir='ltr'><strong>invicem</strong></span> <span class='ocrx_word' id='word_1_669' title='bbox 2559 4309 2983 4371; x_wconf 64' lang='lat' dir='ltr'><strong>cohaerentibus,</strong></span> <span class='ocrx_word' id='word_1_670' title='bbox 3015 4308 3165 4362; x_wconf 87' lang='lat' dir='ltr'><strong>nulla</strong></span> <span class='ocrx_word' id='word_1_671' title='bbox 3195 4306 3300 4360; x_wconf 88' lang='lat' dir='ltr'><strong>loci</strong></span> <span class='ocrx_word' id='word_1_672' title='bbox 3335 4305 3510 4360; x_wconf 87' lang='lat' dir='ltr'><strong>inter-</strong></span> 
     </span>
    </p>
   </div>
   <div class='ocr_carea' id='block_1_91' title="bbox 1927 4400 3511 4477">
    <p class='ocr_par' dir='ltr' id='par_1_91' title="bbox 1927 4400 3511 4477">
     <span class='ocr_line' id='line_1_91' title="bbox 1927 4400 3511 4477; baseline -0.006 -16"><span class='ocrx_word' id='word_1_673' title='bbox 1927 4406 2198 4477; x_wconf 84' lang='lat' dir='ltr'><strong>capedine</strong></span> <span class='ocrx_word' id='word_1_674' title='bbox 2228 4404 2555 4474; x_wconf 76' lang='lat' dir='ltr'><strong>disiunctis,</strong></span> <span class='ocrx_word' id='word_1_675' title='bbox 2584 4419 2693 4459; x_wconf 89' lang='lat' dir='ltr'><strong>una</strong></span> <span class='ocrx_word' id='word_1_676' title='bbox 2723 4401 3033 4471; x_wconf 82' lang='lat' dir='ltr'><strong>eadetnqne</strong></span> <span class='ocrx_word' id='word_1_677' title='bbox 3064 4400 3204 4454; x_wconf 89' lang='lat' dir='ltr'><strong>lucis</strong></span> <span class='ocrx_word' id='word_1_678' title='bbox 3238 4406 3511 4469; x_wconf 84' lang='lat' dir='ltr'><strong>tempera-</strong></span> 
     </span>
    </p>
   </div>
   <div class='ocr_carea' id='block_1_92' title="bbox 248 4488 1811 4568">
    <p class='ocr_par' dir='ltr' id='par_1_92' title="bbox 248 4490 1811 4568">
     <span class='ocr_line' id='line_1_92' title="bbox 248 4490 1811 4568; baseline 0.006 -28"><span class='ocrx_word' id='word_1_679' title='bbox 248 4502 358 4549; x_wconf 77' lang='grc' dir='ltr'><strong>σεις</strong></span> <span class='ocrx_word' id='word_1_680' title='bbox 417 4490 515 4544; x_wconf 79' lang='grc' dir='ltr'><strong>τοῦ</strong></span> <span class='ocrx_word' id='word_1_681' title='bbox 548 4492 678 4546; x_wconf 83' lang='grc' dir='ltr'>Υίοῦ</span> <span class='ocrx_word' id='word_1_682' title='bbox 726 4495 820 4547; x_wconf 77' lang='grc' dir='ltr'><strong>καὶ</strong></span> <span class='ocrx_word' id='word_1_683' title='bbox 861 4495 955 4548; x_wconf 81' lang='grc' dir='ltr'><strong>τοῦ</strong></span> <span class='ocrx_word' id='word_1_684' title='bbox 995 4497 1331 4567; x_wconf 64' lang='grc' dir='ltr'><strong>Πειεύματος,</strong></span> <span class='ocrx_word' id='word_1_685' title='bbox 1382 4497 1509 4568; x_wconf 72' lang='grc' dir='ltr'><strong>τρία</strong></span> <span class='ocrx_word' id='word_1_686' title='bbox 1552 4497 1621 4551; x_wconf 82' lang='grc' dir='ltr'><strong>τὰ</strong></span> <span class='ocrx_word' id='word_1_687' title='bbox 1655 4509 1811 4567; x_wconf 81' lang='grc' dir='ltr'><strong>προσ·</strong></span> 
     </span>
    </p>
   </div>
   <div class='ocr_carea' id='block_1_93' title="bbox 1914 4488 3512 4568">
    <p class='ocr_par' dir='ltr' id='par_1_93' title="bbox 1930 4488 3512 4567">
     <span class='ocr_line' id='line_1_93' title="bbox 1930 4488 3512 4567; baseline -0.007 -15"><span class='ocrx_word' id='word_1_688' title='bbox 1930 4497 2009 4552; x_wconf 93' lang='lat' dir='ltr'><strong>tio</strong></span> <span class='ocrx_word' id='word_1_689' title='bbox 2050 4507 2216 4567; x_wconf 86' lang='lat' dir='ltr'><strong>atque</strong></span> <span class='ocrx_word' id='word_1_690' title='bbox 2257 4495 2605 4565; x_wconf 91' lang='lat' dir='ltr'><strong>conjunctio.</strong></span> <span class='ocrx_word' id='word_1_691' title='bbox 2659 4491 2844 4560; x_wconf 81' lang='lat' dir='ltr'><strong>Quare</strong></span> <span class='ocrx_word' id='word_1_692' title='bbox 2890 4509 3016 4547; x_wconf 86' lang='lat' dir='ltr'><strong>cum</strong></span> <span class='ocrx_word' id='word_1_693' title='bbox 3073 4491 3369 4555; x_wconf 87' lang='lat' dir='ltr'><strong>Deitatem,</strong></span> <span class='ocrx_word' id='word_1_694' title='bbox 3401 4488 3512 4560; x_wconf 84' lang='lat' dir='ltr'><strong>pri-</strong></span> 
     </span>
    </p>
   </div>
   <div class='ocr_carea' id='block_1_94' title="bbox 250 4582 579 4650">
    <p class='ocr_par' dir='ltr' id='par_1_94' title="bbox 250 4582 579 4650">
     <span class='ocr_line' id='line_1_94' title="bbox 250 4582 579 4650; baseline 0.012 -19"><span class='ocrx_word' id='word_1_695' title='bbox 250 4582 579 4650; x_wconf 67' lang='grc' dir='ltr'><strong>τυνούμενα.</strong></span> 
     </span>
    </p>
   </div>
   <div class='ocr_carea' id='block_1_95' title="bbox 1930 4582 3512 4659">
    <p class='ocr_par' dir='ltr' id='par_1_95' title="bbox 1930 4582 3512 4659">
     <span class='ocr_line' id='line_1_95' title="bbox 1930 4582 3512 4659; baseline -0.006 -15"><span class='ocrx_word' id='word_1_696' title='bbox 1930 4604 2189 4659; x_wconf 90' lang='lat' dir='ltr'><strong>mamque</strong></span> <span class='ocrx_word' id='word_1_697' title='bbox 2245 4588 2394 4643; x_wconf 90' lang='lat' dir='ltr'><strong>illam</strong></span> <span class='ocrx_word' id='word_1_698' title='bbox 2448 4601 2717 4650; x_wconf 88' lang='lat' dir='ltr'><strong>causam,</strong></span> <span class='ocrx_word' id='word_1_699' title='bbox 2772 4592 2827 4638; x_wconf 73' lang='lat' dir='ltr'><strong>et</strong></span> <span class='ocrx_word' id='word_1_700' title='bbox 2888 4582 3307 4648; x_wconf 76' lang='lat' dir='ltr'><strong>monarcliiam,</strong></span> <span class='ocrx_word' id='word_1_701' title='bbox 3349 4590 3512 4650; x_wconf 86' lang='lat' dir='ltr'><strong>atque</strong></span> 
     </span>
    </p>
   </div>
   <div class='ocr_carea' id='block_1_96' title="bbox 248 4670 3504 4745">
    <p class='ocr_par' dir='ltr' id='par_1_96' title="bbox 248 4670 3504 4745">
     <span class='ocr_line' id='line_1_96' title="bbox 248 4670 3504 4745; baseline 0.001 -23"><span class='ocrx_word' id='word_1_702' title='bbox 248 4685 417 4723; x_wconf 76' lang='lat' dir='ltr'><strong>unam</strong></span> <span class='ocrx_word' id='word_1_703' title='bbox 456 4671 815 4743; x_wconf 80' lang='lat' dir='ltr'><strong>eamdemque</strong></span> <span class='ocrx_word' id='word_1_704' title='bbox 847 4674 1149 4729; x_wconf 77' lang='lat' dir='ltr'><strong>divinitatis</strong></span> <span class='ocrx_word' id='word_1_705' title='bbox 1197 4675 1216 4745; x_wconf 92' lang='lat'>(</span> <span class='ocrx_word' id='word_1_706' title='bbox 1245 4683 1304 4729; x_wconf 88' lang='lat' dir='ltr'><strong>ut</strong></span> <span class='ocrx_word' id='word_1_707' title='bbox 1336 4674 1409 4729; x_wconf 85' lang='lat' dir='ltr'><strong>ita</strong></span> <span class='ocrx_word' id='word_1_708' title='bbox 1443 4674 1653 4745; x_wconf 80' lang='lat' dir='ltr'><strong>dicam)</strong></span> <span class='ocrx_word' id='word_1_709' title='bbox 1683 4675 1981 4730; x_wconf 81' lang='lat' dir='ltr'><strong>motionem</strong></span> <span class='ocrx_word' id='word_1_710' title='bbox 2013 4686 2069 4730; x_wconf 84' lang='lat' dir='ltr'><strong>et</strong></span> <span class='ocrx_word' id='word_1_711' title='bbox 2102 4675 2462 4738; x_wconf 77' lang='lat' dir='ltr'><strong>voluntatem,</strong></span> <span class='ocrx_word' id='word_1_712' title='bbox 2505 4674 2803 4729; x_wconf 87' lang='lat' dir='ltr'><strong>essentiam</strong></span> <span class='ocrx_word' id='word_1_713' title='bbox 2857 4687 2921 4728; x_wconf 88' lang='lat' dir='ltr'><strong>ac</strong></span> <span class='ocrx_word' id='word_1_714' title='bbox 2966 4672 3291 4743; x_wconf 88' lang='lat' dir='ltr'><strong>potentiam,</strong></span> <span class='ocrx_word' id='word_1_715' title='bbox 3322 4670 3504 4725; x_wconf 82' lang='lat' dir='ltr'><strong>emea-</strong></span> 
     </span>
    </p>
   </div>
   <div class='ocr_carea' id='block_1_97' title="bbox 249 4769 3501 4837">
    <p class='ocr_par' dir='ltr' id='par_1_97' title="bbox 249 4769 3501 4837">
     <span class='ocr_line' id='line_1_97' title="bbox 249 4769 3501 4837; baseline 0.001 -18"><span class='ocrx_word' id='word_1_716' title='bbox 249 4769 608 4835; x_wconf 80' lang='lat' dir='ltr'><strong>citatemque,</strong></span> <span class='ocrx_word' id='word_1_717' title='bbox 642 4778 697 4823; x_wconf 88' lang='lat' dir='ltr'><strong>et</strong></span> <span class='ocrx_word' id='word_1_718' title='bbox 730 4769 1159 4824; x_wconf 87' lang='lat' dir='ltr'><strong>dominationem</strong></span> <span class='ocrx_word' id='word_1_719' title='bbox 1192 4770 1492 4835; x_wconf 88' lang='lat' dir='ltr'><strong>intuemur,</strong></span> <span class='ocrx_word' id='word_1_720' title='bbox 1527 4786 1693 4825; x_wconf 88' lang='lat' dir='ltr'><strong>unum</strong></span> <span class='ocrx_word' id='word_1_721' title='bbox 1724 4772 1991 4826; x_wconf 85' lang='lat' dir='ltr'><strong>duntaxat</strong></span> <span class='ocrx_word' id='word_1_722' title='bbox 2030 4769 2218 4823; x_wconf 78' lang='lat' dir='ltr'><strong>sensui</strong></span> <span class='ocrx_word' id='word_1_723' title='bbox 2262 4778 2455 4825; x_wconf 93' lang='lat' dir='ltr'><strong>nostro</strong></span> <span class='ocrx_word' id='word_1_724' title='bbox 2488 4771 2836 4825; x_wconf 88' lang='lat' dir='ltr'><strong>obversatur.</strong></span> <span class='ocrx_word' id='word_1_725' title='bbox 2886 4770 2957 4825; x_wconf 82' lang='lat' dir='ltr'><strong>At</strong></span> <span class='ocrx_word' id='word_1_726' title='bbox 2992 4786 3147 4837; x_wconf 87' lang='lat' dir='ltr'><strong>vero,</strong></span> <span class='ocrx_word' id='word_1_727' title='bbox 3180 4785 3303 4823; x_wconf 88' lang='lat' dir='ltr'><strong>cum</strong></span> <span class='ocrx_word' id='word_1_728' title='bbox 3334 4783 3418 4827; x_wconf 87' lang='lat' dir='ltr'><strong>ea.</strong></span> <span class='ocrx_word' id='word_1_729' title='bbox 3448 4770 3501 4823; x_wconf 91' lang='lat' dir='ltr'><strong>in</strong></span> 
     </span>
    </p>
   </div>
   <div class='ocr_carea' id='block_1_98' title="bbox 248 4861 3502 4938">
    <p class='ocr_par' dir='ltr' id='par_1_98' title="bbox 248 4861 3502 4938">
     <span class='ocr_line' id='line_1_98' title="bbox 248 4861 3502 4938; baseline 0.002 -26"><span class='ocrx_word' id='word_1_730' title='bbox 248 4864 449 4927; x_wconf 61' lang='lat' dir='ltr'><strong>quebus</strong></span> <span class='ocrx_word' id='word_1_731' title='bbox 488 4861 667 4916; x_wconf 83' lang='lat' dir='ltr'><strong>Deitas</strong></span> <span class='ocrx_word' id='word_1_732' title='bbox 690 4874 801 4924; x_wconf 84' lang='lat' dir='ltr'><strong>est,</strong></span> <span class='ocrx_word' id='word_1_733' title='bbox 835 4866 940 4930; x_wconf 86' lang='lat' dir='ltr'><strong>vel,</strong></span> <span class='ocrx_word' id='word_1_734' title='bbox 974 4867 1019 4920; x_wconf 89' lang='lat' dir='ltr'><strong>si</strong></span> <span class='ocrx_word' id='word_1_735' title='bbox 1048 4868 1361 4923; x_wconf 84' lang='lat' dir='ltr'><strong>accuratius</strong></span> <span class='ocrx_word' id='word_1_736' title='bbox 1394 4868 1729 4938; x_wconf 84' lang='lat' dir='ltr'><strong>loquendum</strong></span> <span class='ocrx_word' id='word_1_737' title='bbox 1762 4879 1868 4932; x_wconf 88' lang='lat' dir='ltr'><strong>est,</strong></span> <span class='ocrx_word' id='word_1_738' title='bbox 1906 4883 2028 4937; x_wconf 69' lang='lat' dir='ltr'><strong>quae</strong></span> <span class='ocrx_word' id='word_1_739' title='bbox 2064 4866 2251 4921; x_wconf 87' lang='lat' dir='ltr'><strong>Deitas</strong></span> <span class='ocrx_word' id='word_1_740' title='bbox 2274 4875 2377 4932; x_wconf 88' lang='lat' dir='ltr'><strong>est,</strong></span> <span class='ocrx_word' id='word_1_741' title='bbox 2410 4877 2574 4937; x_wconf 89' lang='lat' dir='ltr'><strong>atque</strong></span> <span class='ocrx_word' id='word_1_742' title='bbox 2600 4881 2662 4920; x_wconf 88' lang='lat' dir='ltr'><strong>ea</strong></span> <span class='ocrx_word' id='word_1_743' title='bbox 2695 4882 2815 4934; x_wconf 71' lang='lat' dir='ltr'><strong>quae</strong></span> <span class='ocrx_word' id='word_1_744' title='bbox 2842 4882 2909 4921; x_wconf 78' lang='lat' dir='ltr'><strong>ex</strong></span> <span class='ocrx_word' id='word_1_745' title='bbox 2942 4866 3191 4936; x_wconf 84' lang='lat' dir='ltr'><strong>principe</strong></span> <span class='ocrx_word' id='word_1_746' title='bbox 3224 4865 3310 4918; x_wconf 89' lang='lat' dir='ltr'><strong>illa</strong></span> <span class='ocrx_word' id='word_1_747' title='bbox 3338 4879 3502 4918; x_wconf 87' lang='lat' dir='ltr'><strong>causa</strong></span> 
     </span>
    </p>
   </div>
   <div class='ocr_carea' id='block_1_99' title="bbox 249 4954 3499 5031">
    <p class='ocr_par' dir='ltr' id='par_1_99' title="bbox 249 4954 3499 5031">
     <span class='ocr_line' id='line_1_99' title="bbox 249 4954 3499 5031; baseline 0.002 -26"><span class='ocrx_word' id='word_1_748' title='bbox 249 4954 384 5005; x_wconf 82' lang='lat' dir='ltr'><strong>citra</strong></span> <span class='ocrx_word' id='word_1_749' title='bbox 424 4970 588 5008; x_wconf 89' lang='lat' dir='ltr'><strong>omne</strong></span> <span class='ocrx_word' id='word_1_750' title='bbox 614 4958 875 5025; x_wconf 87' lang='lat' dir='ltr'><strong>temporis</strong></span> <span class='ocrx_word' id='word_1_751' title='bbox 904 4960 1163 5027; x_wconf 87' lang='lat' dir='ltr'><strong>spatium.</strong></span> <span class='ocrx_word' id='word_1_752' title='bbox 1194 4962 1489 5031; x_wconf 70' lang='lat' dir='ltr'><strong>glorimque</strong></span> <span class='ocrx_word' id='word_1_753' title='bbox 1518 4963 1837 5024; x_wconf 87' lang='lat' dir='ltr'><strong>discrimen,</strong></span> <span class='ocrx_word' id='word_1_754' title='bbox 1874 4976 1937 5015; x_wconf 87' lang='lat' dir='ltr'><strong>ac</strong></span> <span class='ocrx_word' id='word_1_755' title='bbox 1970 4960 2374 5030; x_wconf 72' lang='lat' dir='ltr'><strong>separationein</strong></span> <span class='ocrx_word' id='word_1_756' title='bbox 2410 4960 2717 5026; x_wconf 79' lang='lat' dir='ltr'><strong>exsistunt;</strong></span> <span class='ocrx_word' id='word_1_757' title='bbox 2758 4962 2860 5016; x_wconf 89' lang='lat' dir='ltr'><strong>hoc</strong></span> <span class='ocrx_word' id='word_1_758' title='bbox 2889 4970 2974 5014; x_wconf 85' lang='lat' dir='ltr'><strong>est</strong></span> <span class='ocrx_word' id='word_1_759' title='bbox 3006 4973 3289 5028; x_wconf 81' lang='lat' dir='ltr'><strong>personas,</strong></span> <span class='ocrx_word' id='word_1_760' title='bbox 3317 4957 3499 5011; x_wconf 87' lang='lat' dir='ltr'><strong>consi-</strong></span> 
     </span>
    </p>
   </div>
   <div class='ocr_carea' id='block_1_100' title="bbox 252 5047 1587 5120">
    <p class='ocr_par' dir='ltr' id='par_1_100' title="bbox 252 5047 1587 5120">
     <span class='ocr_line' id='line_1_100' title="bbox 252 5047 1587 5120; baseline 0.006 -21"><span class='ocrx_word' id='word_1_761' title='bbox 252 5047 529 5109; x_wconf 82' lang='lat' dir='ltr'><strong>deramus,</strong></span> <span class='ocrx_word' id='word_1_762' title='bbox 569 5052 667 5103; x_wconf 90' lang='lat' dir='ltr'><strong>tria</strong></span> <span class='ocrx_word' id='word_1_763' title='bbox 700 5063 827 5105; x_wconf 85' lang='lat' dir='ltr'><strong>sunt</strong></span> <span class='ocrx_word' id='word_1_764' title='bbox 860 5068 980 5120; x_wconf 75' lang='lat' dir='ltr'><strong>quzc</strong></span> <span class='ocrx_word' id='word_1_765' title='bbox 1007 5068 1034 5105; x_wconf 89' lang='lat' dir='ltr'><strong>a</strong></span> <span class='ocrx_word' id='word_1_766' title='bbox 1066 5053 1227 5107; x_wconf 85' lang='lat' dir='ltr'><strong>nobis</strong></span> <span class='ocrx_word' id='word_1_767' title='bbox 1265 5054 1587 5109; x_wconf 88' lang='lat' dir='ltr'><strong>adorantur.</strong></span> 
     </span>
    </p>
   </div>
   <div class='ocr_carea' id='block_1_101' title="bbox 323 5144 1811 5216">
    <p class='ocr_par' dir='ltr' id='par_1_101' title="bbox 323 5144 1811 5216">
     <span class='ocr_line' id='line_1_101' title="bbox 323 5144 1811 5216; baseline 0.003 -20"><span class='ocrx_word' id='word_1_768' title='bbox 323 5146 443 5215; x_wconf 69' lang='grc' dir='ltr'><strong>Χρὴ</strong></span> <span class='ocrx_word' id='word_1_769' title='bbox 476 5146 536 5197; x_wconf 78' lang='grc' dir='ltr'><strong>δὲ</strong></span> <span class='ocrx_word' id='word_1_770' title='bbox 564 5144 876 5212; x_wconf 72' lang='grc' dir='ltr'><strong>γινώσκειν,</strong></span> <span class='ocrx_word' id='word_1_771' title='bbox 909 5147 991 5199; x_wconf 82' lang='grc' dir='ltr'><strong>ὅτι</strong></span> <span class='ocrx_word' id='word_1_772' title='bbox 1024 5147 1113 5198; x_wconf 72' lang='grc' dir='ltr'><strong>τὸν</strong></span> <span class='ocrx_word' id='word_1_773' title='bbox 1147 5147 1363 5216; x_wconf 76' lang='grc' dir='ltr'><strong>Πατέρα</strong></span> <span class='ocrx_word' id='word_1_774' title='bbox 1398 5148 1459 5200; x_wconf 83' lang='grc' dir='ltr'><strong>οὐ</strong></span> <span class='ocrx_word' id='word_1_775' title='bbox 1501 5149 1736 5216; x_wconf 79' lang='grc' dir='ltr'><strong>λέγομεν</strong></span> <span class='ocrx_word' id='word_1_776' title='bbox 1770 5149 1811 5200; x_wconf 70' lang='grc' dir='ltr'><strong>ἐι</strong></span> 
     </span>
    </p>
   </div>
   <div class='ocr_carea' id='block_1_102' title="bbox 1914 5144 3493 5216">
    <p class='ocr_par' dir='ltr' id='par_1_102' title="bbox 2001 5144 3493 5214">
     <span class='ocr_line' id='line_1_102' title="bbox 2001 5144 3493 5214; baseline -0.001 -17"><span class='ocrx_word' id='word_1_777' title='bbox 2001 5147 2201 5200; x_wconf 77' lang='lat' dir='ltr'><strong>Verum</strong></span> <span class='ocrx_word' id='word_1_778' title='bbox 2236 5146 2285 5200; x_wconf 91' lang='lat' dir='ltr'><strong>id</strong></span> <span class='ocrx_word' id='word_1_779' title='bbox 2314 5145 2470 5200; x_wconf 90' lang='lat' dir='ltr'><strong>nobis</strong></span> <span class='ocrx_word' id='word_1_780' title='bbox 2504 5144 2895 5199; x_wconf 86' lang='lat' dir='ltr'><strong>advertendum</strong></span> <span class='ocrx_word' id='word_1_781' title='bbox 2927 5152 3027 5208; x_wconf 86' lang='lat' dir='ltr'><strong>est,</strong></span> <span class='ocrx_word' id='word_1_782' title='bbox 3056 5144 3198 5214; x_wconf 87' lang='lat' dir='ltr'><strong>quod</strong></span> <span class='ocrx_word' id='word_1_783' title='bbox 3220 5158 3342 5197; x_wconf 88' lang='lat' dir='ltr'><strong>cum</strong></span> <span class='ocrx_word' id='word_1_784' title='bbox 3384 5158 3493 5199; x_wconf 81' lang='lat' dir='ltr'><strong>non</strong></span> 
     </span>
    </p>
   </div>
   <div class='ocr_carea' id='block_1_103' title="bbox 257 5236 1811 5308">
    <p class='ocr_par' dir='ltr' id='par_1_103' title="bbox 257 5236 1811 5308">
     <span class='ocr_line' id='line_1_103' title="bbox 257 5236 1811 5308; baseline 0.003 -24"><span class='ocrx_word' id='word_1_785' title='bbox 257 5250 430 5298; x_wconf 75' lang='grc' dir='ltr'><strong>τινος·</strong></span> <span class='ocrx_word' id='word_1_786' title='bbox 490 5236 727 5303; x_wconf 75' lang='grc' dir='ltr'><strong>λέγομεν</strong></span> <span class='ocrx_word' id='word_1_787' title='bbox 775 5238 831 5289; x_wconf 71' lang='grc' dir='ltr'><strong>δὲ</strong></span> <span class='ocrx_word' id='word_1_788' title='bbox 886 5241 1049 5290; x_wconf 76' lang='grc' dir='ltr'><strong>αὑτὸν</strong></span> <span class='ocrx_word' id='word_1_789' title='bbox 1105 5238 1198 5290; x_wconf 80' lang='grc' dir='ltr'><strong>τοῦ</strong></span> <span class='ocrx_word' id='word_1_790' title='bbox 1252 5238 1381 5291; x_wconf 87' lang='grc' dir='ltr'><strong>Υίοῦ</strong></span> <span class='ocrx_word' id='word_1_791' title='bbox 1438 5241 1675 5308; x_wconf 78' lang='grc' dir='ltr'><strong>Πατέρα.</strong></span> <span class='ocrx_word' id='word_1_792' title='bbox 1727 5240 1811 5291; x_wconf 49' lang='lat' dir='ltr'><strong>rei</strong></span> 
     </span>
    </p>
   </div>
   <div class='ocr_carea' id='block_1_104' title="bbox 1914 5236 3496 5308">
    <p class='ocr_par' dir='ltr' id='par_1_104' title="bbox 1929 5238 3496 5307">
     <span class='ocr_line' id='line_1_104' title="bbox 1929 5238 3496 5307; baseline -0.002 -15"><span class='ocrx_word' id='word_1_793' title='bbox 1929 5238 2175 5292; x_wconf 89' lang='lat' dir='ltr'><strong>dicamus</strong></span> <span class='ocrx_word' id='word_1_794' title='bbox 2203 5238 2417 5291; x_wconf 89' lang='lat' dir='ltr'><strong>Patrem</strong></span> <span class='ocrx_word' id='word_1_795' title='bbox 2449 5253 2571 5291; x_wconf 85' lang='lat' dir='ltr'><strong>esse</strong></span> <span class='ocrx_word' id='word_1_796' title='bbox 2607 5254 2671 5292; x_wconf 81' lang='lat' dir='ltr'><strong>ex</strong></span> <span class='ocrx_word' id='word_1_797' title='bbox 2717 5238 2916 5305; x_wconf 80' lang='lat' dir='ltr'><strong>aliquo,</strong></span> <span class='ocrx_word' id='word_1_798' title='bbox 2954 5239 3183 5292; x_wconf 84' lang='lat' dir='ltr'><strong>dicimus</strong></span> <span class='ocrx_word' id='word_1_799' title='bbox 3208 5246 3386 5290; x_wconf 82' lang='lat' dir='ltr'><strong>tamen</strong></span> <span class='ocrx_word' id='word_1_800' title='bbox 3416 5238 3496 5307; x_wconf 80' lang='lat' dir='ltr'><strong>ip-</strong></span> 
     </span>
    </p>
   </div>
   <div class='ocr_carea' id='block_1_105' title="bbox 259 5326 1811 5399">
    <p class='ocr_par' dir='ltr' id='par_1_105' title="bbox 259 5326 1811 5399">
     <span class='ocr_line' id='line_1_105' title="bbox 259 5326 1811 5399; baseline 0.003 -22"><span class='ocrx_word' id='word_1_801' title='bbox 259 5326 312 5376; x_wconf 63' lang='grc' dir='ltr'><strong>δὲ</strong></span> <span class='ocrx_word' id='word_1_802' title='bbox 342 5329 492 5391; x_wconf 62' lang='grc' dir='ltr'><strong>Υἱδν,</strong></span> <span class='ocrx_word' id='word_1_803' title='bbox 526 5331 590 5379; x_wconf 74' lang='grc' dir='ltr'><strong>οὐ</strong></span> <span class='ocrx_word' id='word_1_804' title='bbox 631 5328 863 5397; x_wconf 77' lang='grc' dir='ltr'><strong>λέγομεν</strong></span> <span class='ocrx_word' id='word_1_805' title='bbox 899 5333 1092 5393; x_wconf 82' lang='grc' dir='ltr'><strong>αἴτιον,</strong></span> <span class='ocrx_word' id='word_1_806' title='bbox 1143 5326 1267 5381; x_wconf 82' lang='grc' dir='ltr'><strong>οὐδὲ</strong></span> <span class='ocrx_word' id='word_1_807' title='bbox 1327 5332 1563 5399; x_wconf 80' lang='grc' dir='ltr'><strong>Πατέρα·</strong></span> <span class='ocrx_word' id='word_1_808' title='bbox 1598 5331 1811 5399; x_wconf 71' lang='grc' dir='ltr'><strong>λέγομεε</strong></span> 
     </span>
    </p>
   </div>
   <div class='ocr_carea' id='block_1_106' title="bbox 1914 5326 3497 5399">
    <p class='ocr_par' dir='ltr' id='par_1_106' title="bbox 1930 5326 3497 5389">
     <span class='ocr_line' id='line_1_106' title="bbox 1930 5326 3497 5389; baseline -0.003 -7"><span class='ocrx_word' id='word_1_809' title='bbox 1930 5344 2048 5382; x_wconf 92' lang='lat' dir='ltr'><strong>sum</strong></span> <span class='ocrx_word' id='word_1_810' title='bbox 2086 5327 2205 5381; x_wconf 87' lang='lat' dir='ltr'><strong>Filii</strong></span> <span class='ocrx_word' id='word_1_811' title='bbox 2265 5328 2497 5382; x_wconf 83' lang='lat' dir='ltr'><strong>Patrem.</strong></span> <span class='ocrx_word' id='word_1_812' title='bbox 2567 5330 2761 5382; x_wconf 78' lang='lat' dir='ltr'><strong>Filium</strong></span> <span class='ocrx_word' id='word_1_813' title='bbox 2814 5338 2993 5380; x_wconf 81' lang='lat' dir='ltr'><strong>autem</strong></span> <span class='ocrx_word' id='word_1_814' title='bbox 3032 5341 3132 5380; x_wconf 89' lang='lat' dir='ltr'><strong>nec</strong></span> <span class='ocrx_word' id='word_1_815' title='bbox 3163 5326 3282 5379; x_wconf 88' lang='lat' dir='ltr'><strong>sine</strong></span> <span class='ocrx_word' id='word_1_816' title='bbox 3312 5342 3497 5389; x_wconf 87' lang='lat' dir='ltr'><strong>causa,</strong></span> 
     </span>
    </p>
   </div>
   <div class='ocr_carea' id='block_1_107' title="bbox 258 5416 1811 5490">
    <p class='ocr_par' dir='ltr' id='par_1_107' title="bbox 258 5416 1805 5490">
     <span class='ocr_line' id='line_1_107' title="bbox 258 5416 1805 5490; baseline 0.006 -24"><span class='ocrx_word' id='word_1_817' title='bbox 258 5416 307 5467; x_wconf 69' lang='grc' dir='ltr'><strong>δὲ</strong></span> <span class='ocrx_word' id='word_1_818' title='bbox 349 5419 531 5481; x_wconf 69' lang='grc' dir='ltr'><strong>αὐτὸν,</strong></span> <span class='ocrx_word' id='word_1_819' title='bbox 568 5421 663 5472; x_wconf 68' lang='grc' dir='ltr'><strong>καὶ</strong></span> <span class='ocrx_word' id='word_1_820' title='bbox 698 5422 760 5473; x_wconf 82' lang='grc' dir='ltr'><strong>ὲκ</strong></span> <span class='ocrx_word' id='word_1_821' title='bbox 794 5421 887 5473; x_wconf 79' lang='grc' dir='ltr'><strong>τοῦ</strong></span> <span class='ocrx_word' id='word_1_822' title='bbox 926 5422 1155 5490; x_wconf 60' lang='grc' dir='ltr'><strong>Πατρὶς.</strong></span> <span class='ocrx_word' id='word_1_823' title='bbox 1186 5423 1281 5475; x_wconf 72' lang='grc' dir='ltr'><strong>καὶ</strong></span> <span class='ocrx_word' id='word_1_824' title='bbox 1307 5424 1433 5476; x_wconf 80' lang='grc' dir='ltr'><strong>Υίδν</strong></span> <span class='ocrx_word' id='word_1_825' title='bbox 1463 5424 1557 5476; x_wconf 84' lang='grc' dir='ltr'><strong>τοῦ</strong></span> <span class='ocrx_word' id='word_1_826' title='bbox 1596 5424 1805 5490; x_wconf 82' lang='grc' dir='ltr'><strong>Πατρός</strong></span> 
     </span>
    </p>
   </div>
   <div class='ocr_carea' id='block_1_108' title="bbox 1914 5416 3501 5490">
    <p class='ocr_par' dir='ltr' id='par_1_108' title="bbox 1930 5419 3501 5486">
     <span class='ocr_line' id='line_1_108' title="bbox 1930 5419 3501 5486; baseline -0.001 -11"><span class='ocrx_word' id='word_1_827' title='bbox 1930 5439 2031 5476; x_wconf 88' lang='lat' dir='ltr'><strong>nec.</strong></span> <span class='ocrx_word' id='word_1_828' title='bbox 2059 5421 2269 5477; x_wconf 84' lang='lat' dir='ltr'><strong>Patrem</strong></span> <span class='ocrx_word' id='word_1_829' title='bbox 2300 5423 2552 5485; x_wconf 86' lang='lat' dir='ltr'><strong>dicimus,</strong></span> <span class='ocrx_word' id='word_1_830' title='bbox 2584 5424 2678 5477; x_wconf 89' lang='lat' dir='ltr'><strong>sed</strong></span> <span class='ocrx_word' id='word_1_831' title='bbox 2702 5440 2766 5476; x_wconf 77' lang='lat' dir='ltr'><strong>ex</strong></span> <span class='ocrx_word' id='word_1_832' title='bbox 2795 5421 2970 5486; x_wconf 74' lang='lat' dir='ltr'><strong>Patre,</strong></span> <span class='ocrx_word' id='word_1_833' title='bbox 3011 5430 3064 5475; x_wconf 94' lang='lat' dir='ltr'><strong>et</strong></span> <span class='ocrx_word' id='word_1_834' title='bbox 3092 5420 3285 5474; x_wconf 70' lang='lat' dir='ltr'><strong>Fdium</strong></span> <span class='ocrx_word' id='word_1_835' title='bbox 3306 5419 3501 5475; x_wconf 82' lang='lat' dir='ltr'><strong>Patris.</strong></span> 
     </span>
    </p>
   </div>
   <div class='ocr_carea' id='block_1_109' title="bbox 259 5505 1811 5585">
    <p class='ocr_par' dir='ltr' id='par_1_109' title="bbox 259 5505 1805 5584">
     <span class='ocr_line' id='line_1_109' title="bbox 259 5505 1805 5584; baseline 0.006 -27"><span class='ocrx_word' id='word_1_836' title='bbox 259 5505 325 5558; x_wconf 70' lang='grc' dir='ltr'><strong>Τὸ</strong></span> <span class='ocrx_word' id='word_1_837' title='bbox 352 5509 409 5559; x_wconf 75' lang='grc' dir='ltr'>δὲ</span> <span class='ocrx_word' id='word_1_838' title='bbox 440 5510 667 5579; x_wconf 80' lang='grc' dir='ltr'><strong>Πνεῦμα</strong></span> <span class='ocrx_word' id='word_1_839' title='bbox 696 5512 757 5564; x_wconf 80' lang='grc' dir='ltr'><strong>τὸ</strong></span> <span class='ocrx_word' id='word_1_840' title='bbox 789 5515 965 5580; x_wconf 75' lang='grc' dir='ltr'><strong>ἅγιον,</strong></span> <span class='ocrx_word' id='word_1_841' title='bbox 996 5515 1091 5565; x_wconf 76' lang='grc' dir='ltr'><strong>καὶ</strong></span> <span class='ocrx_word' id='word_1_842' title='bbox 1120 5516 1185 5565; x_wconf 77' lang='grc' dir='ltr'><strong>ὲκ</strong></span> <span class='ocrx_word' id='word_1_843' title='bbox 1212 5514 1307 5566; x_wconf 81' lang='grc' dir='ltr'><strong>τοῦ</strong></span> <span class='ocrx_word' id='word_1_844' title='bbox 1339 5515 1547 5584; x_wconf 72' lang='grc' dir='ltr'><strong>Πατρός</strong></span> <span class='ocrx_word' id='word_1_845' title='bbox 1574 5515 1805 5584; x_wconf 72' lang='grc' dir='ltr'><strong>λέγομεν</strong></span> 
     </span>
    </p>
   </div>
   <div class='ocr_carea' id='block_1_110' title="bbox 1914 5505 3501 5585">
    <p class='ocr_par' dir='ltr' id='par_1_110' title="bbox 1927 5513 3501 5585">
     <span class='ocr_line' id='line_1_110' title="bbox 1927 5513 3501 5585; baseline -0.001 -16"><span class='ocrx_word' id='word_1_846' title='bbox 1927 5516 1995 5569; x_wconf 79' lang='lat' dir='ltr'><strong>At</strong></span> <span class='ocrx_word' id='word_1_847' title='bbox 2029 5516 2289 5585; x_wconf 87' lang='lat' dir='ltr'><strong>Spiritum</strong></span> <span class='ocrx_word' id='word_1_848' title='bbox 2319 5526 2749 5578; x_wconf 81' lang='lat' dir='ltr'><strong>sanetum,etex</strong></span> <span class='ocrx_word' id='word_1_849' title='bbox 2789 5514 2948 5567; x_wconf 79' lang='lat' dir='ltr'><strong>Patre</strong></span> <span class='ocrx_word' id='word_1_850' title='bbox 2999 5513 3231 5569; x_wconf 83' lang='lat' dir='ltr'><strong>dicimus</strong></span> <span class='ocrx_word' id='word_1_851' title='bbox 3290 5525 3501 5577; x_wconf 80' lang='lat' dir='ltr'><strong>esse,et</strong></span> 
     </span>
    </p>
   </div>
   <div class='ocr_carea' id='block_1_111' title="bbox 326 5630 1811 5706">
    <p class='ocr_par' dir='ltr' id='par_1_111' title="bbox 326 5630 1811 5706">
     <span class='ocr_line' id='line_1_111' title="bbox 326 5630 1811 5706; baseline 0.003 -25"><span class='ocrx_word' id='word_1_852' title='bbox 326 5630 405 5697; x_wconf 80' lang='grc' dir='ltr'><strong>(Ι)</strong></span> <span class='ocrx_word' id='word_1_853' title='bbox 467 5633 545 5688; x_wconf 70' lang='lat' dir='ltr'><strong>Ad</strong></span> <span class='ocrx_word' id='word_1_854' title='bbox 596 5634 755 5706; x_wconf 73' lang='lat' dir='ltr'><strong>verba</strong></span> <span class='ocrx_word' id='word_1_855' title='bbox 804 5636 899 5685; x_wconf 61' lang='grc' dir='ltr'><strong>καὶ</strong></span> <span class='ocrx_word' id='word_1_856' title='bbox 939 5634 997 5686; x_wconf 77' lang='grc' dir='ltr'><strong>τὸ</strong></span> <span class='ocrx_word' id='word_1_857' title='bbox 1038 5634 1281 5706; x_wconf 74' lang='grc' dir='ltr'><strong>αἰτιατδν</strong></span> <span class='ocrx_word' id='word_1_858' title='bbox 1327 5633 1587 5706; x_wconf 63' lang='lat' dir='ltr'><strong>Scholion</strong></span> <span class='ocrx_word' id='word_1_859' title='bbox 1621 5648 1811 5700; x_wconf 86' lang='lat' dir='ltr'><strong>sequer</strong></span> 
     </span>
    </p>
   </div>
   <div class='ocr_carea' id='block_1_112' title="bbox 1914 5630 2902 5706">
    <p class='ocr_par' dir='ltr' id='par_1_112' title="bbox 1914 5630 2902 5706">
     <span class='ocr_line' id='line_1_112' title="bbox 1914 5630 2902 5706; baseline -0.007 -18"><span class='ocrx_word' id='word_1_860' title='bbox 1914 5633 2111 5706; x_wconf 74' lang='lat' dir='ltr'><strong>legitur</strong></span> <span class='ocrx_word' id='word_1_861' title='bbox 2165 5634 2219 5689; x_wconf 92' lang='lat' dir='ltr'><strong>in</strong></span> <span class='ocrx_word' id='word_1_862' title='bbox 2271 5634 2457 5688; x_wconf 84' lang='lat' dir='ltr'><strong>codice</strong></span> <span class='ocrx_word' id='word_1_863' title='bbox 2513 5633 2534 5686; x_wconf 81' lang='grc'><strong>1</strong></span> <span class='ocrx_word' id='word_1_864' title='bbox 2594 5630 2902 5699; x_wconf 81' lang='lat' dir='ltr'><strong>Mosquensi</strong></span> 
     </span>
    </p>
   </div>
   <div class='ocr_carea' id='block_1_113' title="bbox 2953 5627 3507 5700">
    <p class='ocr_par' dir='ltr' id='par_1_113' title="bbox 2953 5627 3507 5700">
     <span class='ocr_line' id='line_1_113' title="bbox 2953 5627 3507 5700; baseline -0.009 -17"><span class='ocrx_word' id='word_1_865' title='bbox 2953 5647 2966 5683; x_wconf 88' lang='lat'><strong>:</strong></span> <span class='ocrx_word' id='word_1_866' title='bbox 3025 5627 3366 5700; x_wconf 70' lang='grc' dir='ltr'><strong>’ἰδιοτρόπως</strong></span> <span class='ocrx_word' id='word_1_867' title='bbox 3413 5628 3507 5680; x_wconf 78' lang='grc' dir='ltr'><strong>καὶ</strong></span> 
     </span>
    </p>
   </div>
   <div class='ocr_carea' id='block_1_114' title="bbox 258 5697 1829 5774">
    <p class='ocr_par' dir='ltr' id='par_1_114' title="bbox 258 5697 1829 5774">
     <span class='ocr_line' id='line_1_114' title="bbox 258 5697 1829 5774; baseline 0.005 -26"><span class='ocrx_word' id='word_1_868' title='bbox 258 5697 329 5749; x_wconf 62' lang='grc' dir='ltr'><strong>ἐκ</strong></span> <span class='ocrx_word' id='word_1_869' title='bbox 369 5706 595 5767; x_wconf 72' lang='grc' dir='ltr'><strong>ρυυτίως</strong></span> <span class='ocrx_word' id='word_1_870' title='bbox 619 5703 679 5753; x_wconf 75' lang='grc' dir='ltr'><strong>τὸ</strong></span> <span class='ocrx_word' id='word_1_871' title='bbox 704 5705 972 5758; x_wconf 68' lang='lat' dir='ltr'><strong>alnuth</strong></span> <span class='ocrx_word' id='word_1_872' title='bbox 1004 5704 1239 5759; x_wconf 71' lang='grc' dir='ltr'><strong>ἐνταῦθα</strong></span> <span class='ocrx_word' id='word_1_873' title='bbox 1269 5705 1507 5774; x_wconf 78' lang='grc' dir='ltr'><strong>νοητέον.</strong></span> <span class='ocrx_word' id='word_1_874' title='bbox 1544 5697 1829 5758; x_wconf 39' lang='lat' dir='ltr'><strong>Man-um.</strong></span> 
     </span>
    </p>
   </div>
   <div class='ocr_carea' id='block_1_115' title="bbox 331 5819 792 5882">
    <p class='ocr_par' dir='ltr' id='par_1_115' title="bbox 331 5819 792 5882">
     <span class='ocr_line' id='line_1_115' title="bbox 331 5819 792 5882; baseline -0.002 -6"><span class='ocrx_word' id='word_1_875' title='bbox 331 5820 343 5847; x_wconf 87' lang='lat'>&#39;</span> <span class='ocrx_word' id='word_1_876' title='bbox 379 5819 533 5877; x_wconf 62' lang='lat' dir='ltr'><strong>low.</strong></span> <span class='ocrx_word' id='word_1_877' title='bbox 575 5837 661 5882; x_wconf 77' lang='lat' dir='ltr'><strong>xv.</strong></span> <span class='ocrx_word' id='word_1_878' title='bbox 709 5820 792 5875; x_wconf 81' lang='lat' dir='ltr'><strong>ll.</strong></span> 
     </span>
    </p>
   </div>
  </div>
