4026 6212
281 307 373 374 ll'l'
1260 299 1638 361 PANOPIJA
1678 297 2138 365 DOGMATICA.
2171 321 2242 333 ··-
2274 295 2418 361 TiT.
2467 299 2550 360 11.

3439 304 3540 373 Ῑ18

281 444 410 480 σεων
437 423 698 494 διαίρεσις
714 421 994 492 πράγματι
1020 419 1325 491 θεωρεῖταιο
1359 423 1645 491 πρᾶγιατι
1677 419 1786 488 γὰρ
1828 420 1840 470 ί

1963 434 2086 473 rum
2121 417 2318 473 divisio
2372 433 2732 487 personarum
2793 418 2971 489 reipsa
3028 419 3376 490 perspicitur.
3436 422 3539 480 lli-

277 517 488 587 Μιχαὴλ
524 515 620 569 τοῦ
657 513 896 584 Γαϐριὴλ
929 510 1292 580 κεχώρισται,
1327 514 1423 564 καὶ
1447 513 1475 563 ὁ
1509 513 1713 580 Πέτρος
1750 509 1845 561 τοῦ

280 610 506 673 Παύλου,
536 607 630 660 καὶ
661 605 724 656 τὰ
752 604 912 655 λοιπᾶ
943 602 998 655 δὲ
1031 603 1258 666 ὁμοίως.
1289 603 1363 655 Τὸ
1387 601 1442 656 δὲ
1469 602 1646 655 κοινὸν
1675 601 1854 654 αὐτῶν

279 706 374 757 καὶ
399 703 459 755 τδ
484 701 540 753 ὃν
574 697 790 767 ἐπινοίᾳ
819 695 1243 764 διαγινώσκεται
1266 711 1281 728 ·
1337 695 1548 766 ἐπινοίᾳ
1572 693 1678 762 γὰρ
1719 694 1851 762 μόνῃ

279 794 504 862 νοοῦμεν
541 791 605 862 τὴ
619 814 634 838 λ
654 787 992 856 άγγεὶότητα
1007 806 1068 839 τυ
1079 786 1170 856 χὸν
1208 786 1300 838 καὶ
1317 786 1414 856 τὴν
1436 785 1849 854 ἀνθρωπότητα.

288 889 408 941 Ἐπὶ
449 886 504 940 δὲ
541 885 638 954 τῆς
674 882 820 942 θείας
869 879 1096 949 Τριάδος
1132 877 1402 931 ἀνάπαλιν
1435 877 1495 929 τὸ
1547 876 1645 946 μὲν
1675 874 1852 927 κοινὸν

277 978 449 1031 αὐτῶν
483 977 580 1029 καὶ
607 976 667 1028 τὸ
701 974 757 1025 ἓν
795 975 1081 1040 πράγματι
1103 971 1386 1042 θεωρεῖται
1409 986 1424 1002 ⁸
1449 967 1850 1038 πραγματικῶς

277 1069 378 1138 γάρ
425 1068 651 1135 οἴδαμεν
687 1065 770 1116 ὅτι
806 1060 883 1124 εἷς
917 1065 1033 1116 ἐστι
1063 1061 1217 1123 Θεὸς,
1245 1063 1338 1114 καὶ
1388 1060 1485 1130 μία
1521 1061 1614 1112 καὶ
1646 1062 1677 1128 ἡ
1712 1059 1849 1128 αὑτὴ

275 1161 453 1228 φύσις,
499 1160 597 1212 καὶ
637 1157 876 1221 ἐξουσία,
923 1155 1020 1207 καὶ
1066 1155 1248 1221 σοφία,
1302 1154 1396 1204 καὶ
1447 1151 1696 1220 δύναμις,
1754 1149 1848 1202 καὶ

271 1254 538 1320 ἐνέργεια.
584 1249 678 1300 καὶ
729 1246 784 1298 ἓν
831 1247 924 1298 καὶ
976 1245 1037 1298 τὸ
1084 1245 1216 1296 αὐτὸ
1264 1242 1512 1313 θέλημαο
1561 1243 1593 1310 ἠ
1640 1241 1697 1294 δὲ
1740 1242 1848 1293 τῶν

269 1343 624 1396 ὑποστάσεων
641 1337 902 1405 διαίρεσις
929 1335 1141 1405 ἐπινοίᾳ
1166 1334 1294 1406 ψιλῇ
1318 1336 1537 1389 νοεῖται.
1574 1333 1712 1386 Οὔτε
1740 1336 1848 1401 γὰρ

268 1431 626 1503 apostemata
667 1427 1012 1499 περιγραφὴν
1052 1426 1298 1495 ἐννοῆσαι
1360 1424 1683 1494 τολμῶμεν,
1717 1422 1841 1476 οὔτε

268 1523 496 1592 τοπικὴν
540 1521 849 1587 διάστασινξ,
884 1516 1006 1570 οὔτε
1042 1534 1094 1570 τι
1128 1516 1238 1569 τῶν
1266 1513 1441 1569 ἄλλων
1480 1515 1848 1586 ἀφοριστικῶν

269 1615 573 1684 ίδιοτὴτων,
603 1611 742 1681 πλὴν
777 1609 1112 1680 πατρότητος
1142 1609 1234 1662 καὶ
1268 1608 1538 1678 υίότητος,
1564 1608 1656 1660 καὶ
1683 1607 1848 1660 ἐκπο-

266 1708 526 1779 ρεύσεως.
568 1703 679 1756 Καὶ
713 1703 883 1755 ταῦτα
916 1702 972 1755 δὲ
1015 1700 1307 1771 ὑπερφυῶς
1347 1701 1444 1753 καὶ
1479 1700 1842 1770 ύπερουσίως.

265 1767 351 1851 λιδ
384 1767 607 1849 καὶῗένα
633 1794 764 1846 Θεὸν
797 1793 1024 1862 λέγομεν
1055 1767 1279 1856 αὐτοὺς,
1317 1791 1393 1860 μὴ
1425 1767 1711 1860 δυνάμενοι
1739 1791 1840 1843 διε-

1951 1797 2214 1866 ptionem,
2247 1795 2460 1864 qualem
2489 1795 2576 1848 hic
2597 1794 2651 1848 in
2683 1795 2932 1864 personis
2959 1793 3256 1856 cernimus.
3309 1801 3402 1848 aut
3435 1792 3541 1849 lori

262 1891 369 1943 ὶεῖν
393 1888 620 1950 τελείως
642 1889 736 1940 καὶ
759 1885 1160 1956 πραγματικῶς
1179 1884 1277 1947 τὰς
1298 1882 1623 1946 ὑποστάσεις
1643 1882 1845 1944 αὑτῶν,

263 1983 589 2053 ἀδιαιρέτως
627 1977 1013 2049 διαιρουμένας
1036 2017 1053 2041 ,
1097 1977 1190 2029 καὶ
1223 1975 1545 2036 ὰσυνάπτως
1581 1988 1850 2026 συναπτο-

264 2075 453 2144 μένας,
495 2073 582 2127 διὰ
617 2073 679 2126 τὸ
721 2069 994 2140 ὑπερφυὲς
1033 2067 1234 2138 ὁμοίως
1262 2068 1358 2120 καὶ
1389 2065 1712 2137 ὑπερούσιον
1745 2065 1847 2135 τῆς

260 2183 316 2218 τε
343 2166 667 2236 διαιρέσεως
698 2164 877 2216 αὑτῶν
909 2165 1002 2215 καὶ
1038 2161 1134 2230 τῆς
1168 2160 1489 2230 συναφείας.

1959 513 2115 567 chael
2159 527 2188 566 a
2225 510 2477 565 Gabriele
2541 512 2722 581 reipsa
2755 523 3040 582 separatus
3061 521 3164 579 est,
3201 522 3256 568 et
3275 511 3472 571 Petrus
3509 533 3540 571 a

1954 605 2145 666 Paulo,
2191 612 2245 658 et
2274 602 2496 672 reliquae
2516 604 2706 658 eodem
2741 611 2924 659 modo.
2959 604 3114 670 Quod
3141 618 3322 661 autem
3355 607 3408 661 in
3447 609 3532 678 lp-

1954 697 2029 752 sis
2052 711 2342 751 commune
2367 706 2526 763 atq-ue
2569 711 2736 749 unum
2769 703 2872 761 est,
2903 697 3089 752 animo
3114 709 3170 753 et
3210 699 3541 767 cOgitatiune

1955 788 2278 858 concipitur.
2347 787 2687 858 Cogitatione
2731 788 2877 842 enim
2926 793 3308 845 tantummodo
3391 806 3539 844 eom-
3581 808 3590 815 ·

1952 881 2342 952 prehendimus
2395 879 2808 945 humanitatem,
2859 889 2917 934 et
2991 880 3037 935 si
3073 896 3177 950 qua
3211 896 3313 936 vos
3345 880 3536 936 eodem

1954 973 2118 1026 modo
2152 985 2500 1026 communem
2527 970 2843 1038 angelorum
2865 971 3142 1025 notionem
3165 978 3328 1040 queat
3365 971 3542 1039 expli-

1953 1077 2101 1124 care,
2143 1075 2317 1130 neque
2347 1059 2494 1113 enim
2525 1058 2874 1128 angelitatem
2899 1059 3074 1114 ausim
3105 1060 3308 1118 dicere.
3364 1061 3434 1114 At
3480 1059 3536 1114 in

1949 1151 2220 1206 Trinitate
2251 1150 2430 1204 divina
2459 1159 2646 1203 contra
2701 1150 2782 1204 fit.
2839 1147 2993 1214 Quod
3046 1151 3188 1206 enim
3248 1165 3539 1212 commune

1950 1258 2113 1313 atque
2145 1259 2314 1298 unum
2339 1251 2444 1307 est,
2477 1243 2656 1312 reipsa
2680 1243 2944 1297 cernitur.
2979 1242 3192 1298 Etenim
3223 1241 3390 1298 Deum
3414 1258 3536 1297 esse

1959 1352 2127 1391 unum
2164 1374 2178 1398 ,
2213 1345 2271 1390 et
2303 1350 2466 1388 unam
2495 1335 2854 1403 eamdemque
2885 1344 3158 1398 naturam,
3193 1346 3247 1387 et
3293 1341 3534 1401 potesta-

1950 1439 2082 1490 tem,
2115 1436 2170 1481 et
2197 1426 2556 1496 sapientiam,
2585 1435 2642 1480 et
2679 1427 2956 1488 virtutem,
3019 1437 3074 1480 et
3124 1425 3418 1487 actionem,
3480 1434 3535 1478 et

1949 1522 2306 1587 voluntatem,
2331 1522 2507 1590 reipsa
2544 1521 2951 1591 cognoscimus.
3006 1521 3366 1576 Personarum
3405 1533 3538 1574 vero.

1947 1612 2359 1668 distinctionem
2451 1611 2602 1664 tenui
2685 1612 3018 1681 cogitatione
3094 1610 3531 1681 complectimur.

1956 1705 2144 1774 Neque
2172 1705 2316 1758 enim
2357 1704 2625 1759 audemus
2657 1703 2818 1757 ullam
2850 1703 3121 1772 ejusmodi
3181 1700 3534 1756 circumscri-

1954 1883 2336 1948 intervallum,
2365 1892 2422 1938 et
2452 1884 2586 1938 alias
2618 1885 2670 1937 id
2698 1899 2867 1953 genus
2893 1885 3278 1954 proprietates,
3329 1883 3536 1954 quibus

1955 1989 2043 2029 res
2078 1976 2304 2045 singultu
2325 1985 2579 2045 tanquam
2606 1977 2856 2031 terminis
2902 1977 3018 2030 suis
3042 1978 3312 2031 conclusae
3367 1989 3533 2044 sepa-

1957 2078 2153 2121 rantur
2182 2084 2212 2120 a
2247 2069 2485 2132 caeteris,
2523 2069 2792 2138 cogitare,
2812 2068 2906 2123 sed
2931 2084 3025 2123 eas
3081 2078 3294 2134 tantum
3352 2066 3539 2122 notio-

1958 2159 2314 2230 nes,!quibus
2335 2159 2494 2215 Pater
2518 2160 2752 2232 genitor,
2778 2160 2947 2216 Filius
2995 2161 3234 2232 genitus,
3300 2158 3538 2231 Spiritus

263 2261 578 2332 procedens
609 2257 950 2328 intelligitur.
979 2255 1084 2310 llas
1112 2256 1332 2326 quidem
1395 2256 1617 2311 Graecos
1665 2254 1937 2328 lingrndis
1992 2255 2222 2311 vocibus
2289 2256 2564 2311 feliciores
2602 2257 2796 2312 imitati
2839 2271 2946 2310 non
3011 2256 3280 2311 inutiliter
3325 2257 3528 2312 fortas-

255 2372 335 2416 se,
361 2354 602 2408 barbare
643 2350 862 2420 quidem
894 2358 1041 2403 certe
1073 2348 1476 2417 paternitatem,
1517 2349 1828 2403 liliationem
1888 2359 1942 2405 et
1993 2349 2400 2419 processionem
2465 2349 2764 2418 appellant.
2810 2348 2941 2414 Qua:
3005 2348 3220 2402 ratione
3272 2357 3524 2405 naturam

253 2457 416 2518 atque
491 2443 793 2498 essentiam
848 2449 1141 2508 superante
1208 2439 1364 2493 fiunt.
1430 2440 1620 2508 Itaque
1690 2441 1861 2494 Deum
1927 2455 2096 2494 unum
2158 2454 2254 2494 eos
2295 2455 2419 2495 esse
2473 2440 2728 2503 dicimus,
2788 2456 2911 2494 cum
2980 2441 3223 2510 ipsorum
3277 2455 3536 2510 personas

255 2540 377 2594 sine
418 2535 693 2590 divisione
721 2532 1021 2595 distinctas,
1053 2539 1111 2586 et
1139 2531 1257 2586 sine
1280 2534 1670 2601 conjunctione
1717 2534 2030 2603 copulatas,
2065 2542 2284 2603 propter
2342 2533 2627 2588 divisionis
2683 2533 3199 2605 conjunctionisque
3253 2536 3524 2592 rationem

257 2646 456 2691 natura
484 2632 648 2687 simul
678 2640 731 2686 et
779 2631 1019 2691 essentia
1067 2631 1519 2702 praestantiorem.
1576 2630 1816 2700 perfecte
1867 2643 1924 2688 ct
1973 2633 2151 2702 reipsa
2178 2631 2512 2702 distinguere
2539 2644 2896 2700 nequeamus.

329 2726 679 2798 Χωρίζονται
713 2724 958 2795 ἀλλήλων
988 2726 1045 2779 αί
1085 2726 1432 2792 ὑποστάσεις,
1467 2727 1528 2780 οὐ
1550 2730 1614 2796 τῇ
1639 2727 1797 2796 οὐσίᾳ
1819 2766 1834 2790 ,

263 2820 396 2873 ἀλλὰ
416 2821 534 2879 ταῖς
568 2820 1099 2888 χαρακτηριστικαίς
1125 2819 1352 2888 ἰδιότησι
1378 2819 1836 2891 τῶννεςροσώπων.

269 2911 466 2966 Λοιπὸν
497 2908 589 2964 οὖν
609 2907 694 2966 διὰ
724 2907 828 2960 τῶν
849 2907 1091 2977 κλήσεων
1116 2909 1214 2978 τῆς
1247 2910 1407 2978 ἁγίας
1434 2911 1634 2981 Τριάδο
1655 2930 1690 2976 ·,
1723 2912 1839 2964 Πα-

273 3005 421 3072 τρὺς,
440 3001 568 3056 Υἱοῦ
603 3001 696 3055 καὶ
716 3000 870 3068 ἁγίου
903 3001 1240 3070 Πνεύματος,
1272 3003 1330 3056 οὑ
1359 3002 1572 3071 φύσεων
1595 3004 1843 3058 διδασκό-

282 3096 417 3166 μεθα
453 3094 744 3166 διαφορὰνξ,
775 3091 892 3146 ἀλλ’
928 3091 1275 3146 ὑποστάσεων
1313 3097 1675 3164 γνωριστικὰς
1711 3095 1838 3149 ίδιό-

287 3205 461 3257 ττιτας.

361 3280 516 3333 υῦσία
539 3281 630 3334 καὶ
657 3279 841 3350 φύσις,
866 3280 959 3334 καὶ
987 3283 1158 3351 γένος,
1191 3281 1283 3334 καὶ
1311 3278 1472 3343 εἶδος,
1504 3282 1598 3334 καὶ
1629 3281 1837 3352 μορφὴ,

294 3373 467 3426 ταιτόν
502 3377 643 3428 ἐστιν
687 3373 782 3427 ἐπὶ
823 3374 955 3427 Θεοῦ
1000 3375 1139 3428 κατὰ
1181 3373 1304 3438 τοὺς
1349 3374 1526 3438 θείους
1567 3377 1835 3446 Πατέρας.

306 3463 599 3527 Ύπόστασις
633 3464 688 3517 δὲ
719 3465 903 3531 πάλιν,
941 3465 1036 3518 καὶ
1063 3467 1376 3537 πρόσωπον,
1402 3467 1493 3520 καὶ
1524 3467 1836 3539 χαρακτὴρ,

297 3556 380 3608 καὶ
426 3556 632 3625 ἰδιότης,
694 3556 786 3608 καὶ
839 3559 1039 3627 ἄτομον
1095 3560 1311 3611 ταυτόν.
1369 3559 1476 3610 Καὶ
1521 3559 1681 3610 οὑσία
1735 3559 1836 3622 μὲν

299 3647 379 3696 xz".
403 3646 546 3714 φύσις
571 3650 706 3700 κατὰ
732 3649 946 3702 πάντων
973 3649 1168 3719 ἐπίσης
1197 3650 1445 3717 λέγονται
1475 3648 1582 3702 τῶν
1615 3650 1836 3703 ὑποκει-

302 3739 484 3806 μένων,
515 3741 644 3792 καθὸ
677 3741 773 3793 καὶ
809 3743 1006 3804 πάντες
1041 3741 1318 3812 ἄνθρωποι
1358 3743 1486 3813 μιᾶς
1524 3743 1710 3804 οὐσίας
1743 3743 1834 3802 καὶ

300 3828 485 3894 φύσεως
505 3847 518 3860 ·
549 3831 840 3894 ὑπόστασις
870 3831 926 3885 δέ
955 3833 1091 3895 ἐστι,
1125 3833 1217 3884 καὶ
1247 3833 1556 3902 πρόσωπον,
1586 3833 1678 3885 καὶ
1712 3833 1835 3885 άτοο

299 3936 403 3983 μον,
451 3921 505 3974 τὸ
557 3923 862 3985 ἰδιαζόντως
918 3923 1011 3974 καὶ
1056 3923 1174 3976 καθ’
1221 3912 1380 3976 tauri)
1425 3923 1692 3990 ὑφεστὼς,
1742 3923 1834 3976 καὶ

293 4009 528 4080 διαίρεσιν
557 4015 726 4083 χωρὶς
757 4014 959 4084 φθορᾶς
983 4013 1058 4084 μὴ
1084 4013 1481 4085 ἐπιδεχόμενον.
1824 4025 1826 4027 ’

358 4101 496 4166 Εἶδος
533 4108 624 4159 καὶ
659 4104 842 4176 μορφὴ
891 4105 1086 4158 ταυτὸν
1135 4107 1227 4158 ἐπὶ
1255 4107 1349 4175 τῆς
1379 4107 1538 4174 ἁγίας
1569 4106 1830 4176 Τριάδος,

286 4194 371 4247 καὶ
413 4197 502 4267 τὴν
529 4197 715 4250 οὐσίαν
763 4195 929 4265 ἄμφω
964 4197 1338 4266 σημαίνουσιν.
1399 4215 1416 4248 ι
1488 4197 1544 4248 ’0
1569 4197 1831 4267 ἑωρακὼς

284 4289 402 4357 γὰρ,
457 4308 476 4340 ι
533 4290 718 4358 φησὶν,
757 4307 775 4340 ι
819 4289 920 4358 ἐμὲ
963 4287 1174 4359 ἑώρακε
1223 4289 1314 4342 τὸν
1362 4289 1584 4360 Πατέρα
1627 4306 1751 4360 μου,
1803 4308 1824 4342 ι

279 4378 506 4446 ὁράσεως
537 4379 770 4434 ἐνταῦθα
799 4381 1092 4450 νοουμένης
1125 4381 1220 4451 τῆς
1249 4385 1521 4447 γνώσεως.

356 4475 414 4528 Ἦ
462 4476 558 4544 μὲν
603 4475 764 4528 οὐσία
811 4475 1044 4545 ἑνωτικὴ
1099 4475 1206 4529 τῶν
1245 4477 1634 4530 ὑποστάσεων·
1680 4478 1736 4530 αἱ
1777 4475 1835 4529 δὲ

277 4566 584 4629 ὑποστάσεις
611 4567 941 4636 διαιρετικαὶ
973 4553 1070 4634 τῆς
1103 4565 1292 4625 οὐσίας
1325 4567 1382 4618 ὲν
1413 4567 1525 4628 τοῖς
1556 4581 1839 4638 χαρακτη-

275 4660 530 4724 ριστικοῖς
557 4659 651 4711 καὶ
674 4659 1047 4728 ἀφοριστικοῖς
1076 4657 1255 4710 αὑτῶν
1281 4656 1586 4726 ίδιώμασιν.

351 4747 410 4800 Ἦ
445 4750 540 4817 μὲν
561 4750 719 4802 οὐσία
744 4750 1001 4803 οὐδέποτε
1033 4749 1248 4816 λέγεται
1280 4750 1422 4802 κατὰ
1457 4750 1838 4818 ἀνυπάρκτων,

268 4841 299 4907 ἡ
336 4840 386 4892 δὲ
420 4840 581 4908 φύσις
601 4840 878 4902 πολλάκις.
901 4841 1067 4894 Φύσιν
1100 4842 1228 4911 γὰρ,
1263 4841 1445 4908 φησὶν,
1477 4838 1591 4909 ἔχει
1620 4839 1679 4892 τὸ
1705 4839 1835 4908 ψεῦ-

269 4930 349 4992 δος
390 4931 666 5000 τοιαύτην.
702 4931 812 4983 Καὶ
853 4931 979 5001 ὅλην
1011 4931 1110 5000 μὲν
1153 4930 1312 5000 φύσις
1357 4929 1543 4992 ὕδατος
1595 4931 1832 4983 δείκνυσι

268 5021 362 5090 τὴν
392 5023 600 5074 οἰκείαν
637 5021 837 5092 πηγὴν,
871 5021 1030 5091 λόγου
1083 5023 1138 5076 δὲ
1171 5021 1332 5092 φύσις
1371 5023 1470 5090 τὴν
1497 5021 1830 5090 προενέγκα-

269 5129 361 5165 σαν
389 5114 642 5184 καρδίαν.
1182 5182 1185 5186 _

330 5206 393 5258 Εί
425 5207 492 5258 τὰ
524 5205 680 5260 κοινὰ
711 5209 804 5258 καὶ
837 5203 1098 5259 καθολικὰ
1125 5205 1220 5256 ὅλα
1249 5203 1344 5256 καὶ
1378 5203 1560 5258 τέλεια
1595 5220 1829 5274 κατηγο·

260 5297 480 5366 pacm;
516 5297 625 5351 τῶν
657 5298 1028 5366 ὑποκειμένων
1061 5296 1246 5359 αὑτοῖς
1278 5295 1524 5366 μερικῶν
1549 5312 1564 5326 ·
1599 5311 1834 5365 κατηγο-

260 5393 437 5459 ρεῖται
476 5391 585 5462 ἄρα
619 5388 715 5442 καὶ
741 5391 773 5459 ὴ
801 5388 960 5456 φύσις
995 5387 1097 5458 τῆς
1126 5387 1374 5457 θεότητος
1405 5386 1500 5456 ὅλη
1529 5385 1624 5439 καὶ
1651 5385 1831 5439 τελεία

257 5485 492 5553 ἑκάστης
533 5482 644 5536 τῶν
682 5480 880 5552 ἑαυτῆς
921 5480 1295 5534 ὑποστάσεων.
1339 5479 1530 5532 Κοινὸν
1579 5477 1678 5548 μὲν
1705 5479 1831 5548 ,γὰρ

257 5578 348 5629 καὶ
396 5571 686 5626 καθολινθν
746 5573 780 5643 ἡ
823 5571 982 5643 φύσις
1024 5571 1120 5626 καὶ
1165 5572 1199 5640 ἡ
1253 5570 1432 5637 οὐσία,
1497 5567 1721 5640 μερικδν
1773 5567 1831 5621 δὲ

329 5711 534 5771 ’Joan.
567 5727 678 5779 xxv,
702 5711 755 5770 9.

2015 2729 2430 2800 Distinguuntur
2457 2728 2777 2797 hypustases
2811 2741 2921 2779 non
2951 2723 3209 2788 essentia,
3263 2724 3360 2780 sed
3411 2741 3535 2796 pro-

1947 2823 2080 2893 priis
2111 2837 2464 2892 personarum
2497 2821 2659 2875 notis.
2694 2820 2874 2884 Quare
2909 2834 3006 2887 per
3037 2827 3245 2874 sancta
3293 2817 3533 2874 Trinita-

1950 2915 2020 2969 tis
2039 2918 2284 2978 nomina,
2318 2915 2514 2976 Patris,
2551 2923 2606 2967 et
2627 2912 2770 2976 Filii,
2803 2920 2858 2965 et
2889 2910 3131 2978 Sp‘titus
3156 2909 3356 2977 sancti,
3411 2926 3523 2968 non

1954 3016 2267 3060 naturarum
2311 3007 2626 3070 discrimen,
2659 3005 2754 3059 sed
2775 3003 2984 3058 indices
3014 3015 3371 3072 personarum
3397 3015 3530 3074 pro~

1949 3096 2210 3168 prietates
2260 3101 2578 3156 edocemur.

2013 3278 2285 3345 Essentia,
2337 3291 2392 3336 et
2459 3292 2676 3350 natura,
2698 3295 2754 3340 et.
2781 3301 2970 3354 genus,
3052 3299 3106 3345 et
3193 3291 3423 3360 speties.
3474 3301 3533 3349 et

1945 3370 2141 3431 forma,
2166 3386 2228 3424 ex
2253 3371 2470 3425 Patrum
2512 3381 2804 3440 sententia,
2831 3379 2972 3433 idem
3003 3390 3130 3435 sunt
3160 3380 3212 3435 in
3236 3381 3362 3438 Deo.
3395 3381 3527 3439 Item

1943 3475 2200 3530 persona,
2248 3459 2512 3526 et“nota,
2573 3475 2628 3519 et
2689 3469 3020 3536 proprietas,
3081 3480 3138 3526 et
3191 3473 3529 3528 individuum

1942 3553 2084 3606 idem
2117 3563 2268 3608 sunt.
2302 3553 2368 3608 Et
2399 3556 2641 3610 essentia
2699 3559 2918 3627 quidem
2981 3571 3145 3630 atque
3194 3573 3387 3618 natura
3459 3565 3529 3619 de

1942 3642 2196 3696 omnibus
2215 3643 2478 3712 subjectis
2508 3650 2712 3716 pariter
2736 3649 3021 3718 dicuntur,
3055 3654 3520 3722 quemadmodum

1941 3741 1994 3786 ct
2019 3747 2207 3787 omnes
2240 3734 2486 3788 homines
2515 3738 2675 3792 unius
2709 3741 2960 3794 essentize
3014 3754 3329 3812 naturaeque
3361 3754 3526 3811 sunt,

1941 3821 2246 3892 ltypostasis
2285 3841 2434 3888 vero,
2478 3835 2534 3880 e't
2606 3843 2864 3896 persona,
2912 3831 3331 3886 etindividuum
3355 3837 3524 3904 signi-

1940 3915 2104 3970 ficant
2139 3916 2194 3971 id
2226 3917 2370 3986 quod
2403 3919 2646 3994 proprie,
2693 3931 2748 3973 et
2770 3935 2868 3988 per
2889 3935 2948 3974 se
3003 3922 3274 3985 subsistit.
3331 3933 3386 3979 et
3443 3929 3514 3980 ab

1939 4012 2045 4067 alio
2073 4013 2192 4068 sine
2218 4012 2442 4066 interitu
2473 4013 2706 4081 suscipit
2728 4015 3160 4070 distinctionem.

2011 4107 2254 4176 Species,
2286 4115 2341 4160 et
2371 4105 2543 4159 forma
2583 4106 2724 4160 idem
2775 4117 2904 4162 sunt
2932 4108 2985 4161 in
3019 4120 3204 4165 sancta
3226 4109 3518 4176 Trinitate,

1936 4198 2338 4266 essentiamque
2389 4197 2693 4268 signiﬁcant
2723 4213 2739 4254 :
2770 4199 2901 4266 «Qui
2954 4201 3086 4255 vidit
3108 4217 3216 4268 me,
3250 4220 3269 4254 ι
3324 4201 3519 4272 inquit,

1941 4290 2187 4345 «Patrem
2219 4289 2354 4345 vidit
2380 4291 2418 4344 ⁸.
2451 4308 2470 4342 ι
2503 4289 2603 4346 Hic
2655 4301 2836 4346 autem
2895 4293 3067 4346 videre
3115 4291 3388 4363 signiﬁcat
3424 4307 3520 4349 co-

1863 4405 1911 4466 ι)
1937 4398 2220 4455 gnoscere.

2009 4475 2251 4528 Esseutia
2297 4488 2564 4543 personas
2598 4474 2902 4545 eonjungit.
2946 4473 3200 4533 Peranna:
3231 4493 3361 4535 vero
3388 4494 3516 4550 pro-

1935 4564 2280 4634 prietatibus,
2317 4563 2471 4634 quasi
2529 4564 2672 4618 notis
2737 4565 3060 4633 quibusdam
3116 4571 3512 4638 separantibus.

1935 4656 2232 4710 essentiam
2267 4655 2631 4727 distinguunt.

2014 4745 2262 4802 Essentia
2297 4762 2577 4818 nunquam
2621 4747 2824 4802 dicitur
2882 4750 2952 4804 de
3004 4749 3091 4815 iis,
3145 4766 3265 4820 quae
3316 4767 3415 4821 per
3456 4765 3515 4808 se

1941 4851 2050 4889 non
2087 4844 2381 4902 constant;
2422 4847 2614 4892 natura
2649 4853 2779 4893 vero
2817 4841 3138 4910 saepissime.
3172 4845 3517 4913 Quapmpter

1939 4928 2056 4981 base
2089 4937 2192 4992 est,
2229 4929 2406 5000 inquit
2433 4929 2544 4996 ille,
2573 4940 2772 4986 natura
2823 4935 3120 4990 mendacii.
3150 4934 3216 4990 Et
3243 4936 3350 4999 ille,
3413 4935 3514 4990 du-

1939 5029 2079 5086 ctus,
2103 5021 2295 5090 inquit,
2351 5037 2501 5092 aqua:
2531 5022 2732 5078 fontem
2751 5025 2989 5082 ostendit
3011 5043 3168 5082 suum
3198 5046 3214 5086 :
3248 5028 3514 5084 sermonis

1935 5121 2117 5166 autem
2169 5123 2364 5168 natura
2393 5130 2486 5170 cor
2535 5116 2806 5187 loquentis
2841 5121 3069 5176 indicat.

2008 5202 2154 5259 Siea
2200 5220 2322 5276 quae
2374 5211 2709 5278 communia,
2764 5221 2821 5267 et
2879 5214 3158 5277 universa,
3213 5224 3268 5269 et
3295 5223 3428 5279 tota,
3459 5224 3514 5269 et

1930 5295 2170 5366 perfecta
2198 5298 2266 5353 de
2290 5299 2550 5370 subjectis
2579 5302 2683 5357 sibi
2713 5303 3080 5374 singularibus
3107 5307 3384 5370 dicuntur,
3427 5306 3512 5359 di-

1931 5387 2075 5441 citur
2125 5399 2182 5443 et
2236 5391 2546 5448 Divinitatis
2602 5406 2794 5451 natura
2853 5405 2960 5451 tota
3033 5407 3088 5452 et
3154 5397 3389 5467 perfecta
3440 5396 3510 5454 de

1933 5479 2168 5551 singulis
2199 5482 2370 5551 ipsius
2408 5486 2678 5554 personis.
2729 5487 3032 5543 Commune
3073 5489 3218 5544 enim
3269 5497 3326 5542 et
3384 5488 3508 5541 uni-

1931 5585 2148 5628 versum
2188 5575 2443 5644 quiddam
2501 5588 2583 5634 est
2640 5587 2832 5633 natura
2886 5589 2941 5634 et
2969 5580 3227 5636 essentia.
3254 5570 3509 5649 Singula-
