4026 6212
263 318 361 380 125
1210 320 1583 385 PANOPLIA
1631 325 2091 390 DOGMATICA.
2133 356 2205 371 -—
2237 333 2388 397 'm.
2434 326 2550 393 ut.
3298 294 3306 302 ’
3406 341 3509 407 126

256 430 404 484 οὐσία
433 429 554 501 μὲν,
585 429 663 492 ὡς
705 430 1052 501 αὑτοοντότης
1074 446 1089 462 ⁸
1118 431 1222 484 οὐκ
1250 431 1410 486 οὐσία
1436 434 1513 499 δὲ,
1546 436 1620 498 ὡς
1650 437 1829 511 ὑπερ-

1941 458 2050 496 non
2084 460 2252 498 unum
2282 458 2489 509 autem,
2528 445 2791 518 quoniam
2824 457 3039 512 eorum,
3071 464 3191 519 qua:
3221 465 3331 507 non
3377 454 3516 511 divi-

256 519 429 583 οὑσιός
485 534 542 570 τε
572 518 668 571 καὶ
694 519 1022 581 οὐσιοποιός.
1060 519 1182 572 Ἔτι
1207 521 1263 573 δὲ
1294 524 1388 576 καὶ
1430 525 1579 591 ὲνὰς,
1623 529 1714 580 καὶ
1737 530 1834 599 οὐχ

1941 534 2167 599 duntur,
2198 552 2431 606 qtueque
2485 538 2757 608 simplicia
2805 548 2955 607 sunt,
3004 518 3219 597 nullum
3272 553 3377 606 est,
3419 546 3519 601 sed

257 618 411 677 ἑνάς·
463 616 594 677 Evcl;
656 616 776 685 μὲν.
821 616 897 679 ὡς
930 616 1298 687 αὐτοενότηςδ
1345 619 1445 690 οὐχ
1491 623 1615 685 ὲνὰς
1648 623 1725 685 δὲ,
1760 626 1836 690 ὡς

1941 627 2196 681 omnibus
2255 644 2376 697 quae
2424 646 2595 689 unum
2644 639 2798 694 sunt,
2854 641 3100 702 praestat.
3188 649 3520 705 omnemque

261 708 394 776 ὑπὲρ
434 707 598 761 ἑνάδα
644 709 848 772 πᾶσαν,
887 708 984 761 καὶ
1028 711 1212 779 πάσης
1261 711 1450 775 ὲνάδος
1502 715 1833 784 ὑποστάτης.

1941 716 2225 792 divisionis
2299 731 2579 790 expertem
2642 724 2908 779 rationem
2975 737 3031 779 et
3107 724 3523 794 simplicitatem

261 802 364 855 Kal
390 799 555 853 πολλὰ
602 798 827 852 τοιαῦτα
854 801 948 852 ἐπὶ
993 800 1129 854 Θεοῦ
1179 802 1449 873 λεγόμενα
1481 804 1563 875 μὴ
1594 808 1713 859 κατ’
1749 807 1836 860 ελ..

1941 810 2130 875 anteit,
2170 821 2229 866 et
2274 828 2466 868 eorum
2526 830 2741 883 quoque
2795 827 2987 871 auctor
3038 816 3267 871 exsistit.
3318 817 3523 877 Essen-

258 891 442 958 >.ειψιν,
469 891 609 944 ἀλλὰ
641 891 765 943 καθ’
791 892 1089 962 ὑπεροχὴν,
1116 895 1299 947 ὁποῖόν
1330 896 1443 949 ἐστι
1475 899 1566 951 καὶ
1596 898 1656 951 τὸ
1682 898 1835 953 ἀναξ-

1941 898 2071 957 tiam
2115 902 2246 955 item
2301 911 2357 958 et
2385 918 2494 958 non
2527 906 2824 959 essentiam
2887 905 3121 960 dicimus
3178 904 3346 960 Deum
3380 921 3393 957 :
3423 922 3514 962 es-

260 981 458 1049 σθητον,
494 982 577 1035 ἔτι
608 983 666 1035 δὲ
694 985 787 1036 καὶ
818 984 880 1036 τὸ
908 984 1141 1054 ἀόρατον
1169 986 1306 1052 φῶς.

1941 993 2193 1061 sentiam,
2226 996 2481 1064 quoniam
2513 1012 2642 1051 vere
2678 1013 2773 1066 per
2804 1014 2863 1053 se
2894 1006 3004 1065 est;
3036 1013 3147 1053 non
3172 1001 3497 1063 essentiam,

256 1075 368 1142 quia
400 1076 660 1130 essentiae
712 1078 995 1147 praecellit,
1054 1089 1107 1134 et
1142 1082 1261 1149 ejus
1317 1080 1544 1136 etl‘ector
1584 1092 1686 1138 est.
1740 1082 1821 1140 Ad
1876 1087 1991 1143 hrcc
2023 1088 2286 1143 unitatem
2344 1099 2399 1145 et
2456 1106 2566 1144 non
2618 1092 2925 1157 unitatem;
2975 1091 3236 1145 unitatem
3271 1091 3521 1161 quidem,

255 1172 366 1239 quia
409 1181 497 1224 est
554 1174 667 1241 ipsa
700 1175 1071 1237 unitas:non
1103 1177 1367 1232 unitatem
1423 1194 1576 1245 vero,
1620 1181 1878 1250 quoniam
1940 1195 2024 1238 est
2071 1185 2222 1238 omni
2272 1188 2617 1255 praestantior
2667 1189 2898 1249 unitate,
2947 1198 3001 1243 et
3051 1188 3232 1243 omnis
3300 1188 3521 1242 unitatis

256 1263 605 1317 constitutor.
674 1265 801 1321 llaec
858 1277 912 1323 et
963 1268 1065 1323 alia
1114 1271 1282 1325 multa
1328 1270 1400 1325 de
1446 1274 1573 1338 Deo,
1601 1289 1710 1329 non
1738 1276 2041 1342 deﬁcienti,
2105 1279 2202 1333 sed
2247 1282 2597 1350 exsuperanti
2660 1282 2874 1339 ratione
2947 1281 3229 1343 dicuntur,
3284 1290 3343 1337 ut
3387 1282 3519 1336 illud
3564 1260 3571 1265 1

256 1354 425 1418 etiam,
464 1358 615 1424 quod
672 1372 865 1413 sensus
905 1376 1017 1415 non
1051 1363 1272 1426 habeat,
1304 1372 1362 1418 et
1409 1364 1590 1419 lumen
1628 1368 1697 1421 sit
1732 1383 1841 1421 non
1888 1371 2243 1438 aspectabilc.

864 1453 977 1507 Τοῦ
1011 1453 1224 1508 αὑτοῦ.

329 1537 381 1589 '0
410 1538 554 1601 Θεδς
598 1539 692 1594 καὶ
724 1542 899 1595 πάντα
929 1545 998 1597 τὰ
1026 1545 1155 1598 ὄντα
1181 1545 1347 1607 ἐστὶν,
1380 1544 1454 1609 ὡς
1479 1547 1698 1600 πάντων
1725 1547 1829 1615 ἀρ-

254 1626 317 1698 χὴ
337 1630 429 1680 καὶ
468 1631 639 1695 αἰτία,
672 1634 767 1684 καὶ
800 1633 874 1696 ὡς
906 1633 1086 1687 πάντα
1116 1636 1175 1687 ὲν
1197 1636 1372 1705 ἑαυτῷ
1407 1635 1566 1706 ἔχωνο
1605 1639 1698 1690 καὶ
1731 1637 1827 1690 οὐ·

254 1723 332 1775 δὲν
352 1723 468 1775 τῶν
496 1723 671 1776 ὄντων
707 1725 876 1787 ἐστὶν,
909 1724 985 1787 ὡς
1037 1726 1386 1795 ὑπερούσιος.
1411 1728 1501 1783 Διὸ
1531 1731 1624 1783 καὶ
1652 1731 1828 1783 πάντα

2522 1461 2788 1532 Ejusdem.

2010 1554 2150 1607 Deus
2180 1562 2337 1609 etest
2359 1556 2677 1623 omniaquae
2697 1568 2847 1618 sunt,
2879 1563 3149 1623 quatenus
3175 1552 3519 1607 estomnium

1935 1643 2260 1712 principium
2294 1652 2348 1695 et
2396 1658 2578 1704 causa.
2613 1652 2668 1697 et
2719 1642 2901 1696 omnia
2926 1640 2979 1695 in
3004 1655 3063 1696 se
3117 1640 3517 1709 complectitur.

1936 1734 2004 1787 Et
2041 1735 2247 1788 nullum
2279 1746 2573 1789 esteorum
2608 1750 2730 1803 quae
2758 1741 2907 1794 sunt.
2934 1741 3205 1803 quatenus
3228 1732 3518 1786 essentiam

256 1814 427 1878 αὐτοῦ,
454 1818 552 1868 καὶ
584 1818 701 1887 ἅμα
736 1821 1143 1888 κατηγορεῖται,
1166 1821 1259 1873 καὶ
1297 1822 1452 1875 οὐδὲν
1476 1822 1584 1875 τῶν
1613 1824 1830 1879 πάντων

1941 1837 2252 1897 exsuperat.
2298 1827 2663 1893 Quamobrem
2701 1828 2769 1882 dc
2821 1827 2940 1894 ipso
2980 1834 3041 1881 et
3061 1818 3247 1883 omnia
3281 1834 3333 1877 et
3358 1824 3519 1877 simul

255 1904 376 1967 ἐστὶ,
412 1906 774 1977 πάνοχημος,
821 1910 1126 1974 πανείδεος,
1172 1911 1347 1967 ταῦτα
1376 1914 1572 1985 ἀρχὰς,
1600 1915 1696 1970 καὶ
1735 1917 1833 1986 μὲ-

258 2008 317 2046 ca.
346 1995 442 2045 καὶ
463 1995 598 2064 τέλη
628 1996 737 2049 τῶν
777 1997 947 2052 ὅντων
974 2002 1325 2071 προειληφὼς
1366 2004 1423 2055 ὲν
1452 2005 1632 2075 ἑαυτῷ
1668 2007 1832 2077 ἀσχέ-

259 2100 376 2148 τως,
410 2086 509 2137 καὶ
542 2086 923 2160 ἐξῃρημένως,
961 2092 1057 2145 καὶ
1086 2094 1222 2147 πᾶσι
1256 2094 1316 2146 τὸ
1345 2090 1483 2149 εἶναι
1506 2097 1831 2169 ὲπιλάμπων
1871 2083 1882 2106 ⁸

260 2178 388 2229 κατά
416 2178 861 2253 ὕπερηνωμένην
892 2183 1094 2239 αἰτίαν.

1937 1920 2119 1974 omnia
2143 1921 2418 1985 dicuntur,
2468 1930 2633 1976 etest
2692 1920 2937 1974 omnium
2988 1919 3223 1973 nullum.
3289 1914 3519 1972 Omnem

1937 2006 2167 2066 formam
2207 2011 2545 2081 ﬁguramque
2573 2010 2838 2073 continet,
2858 2009 3115 2077 idemque
3133 2006 3313 2061 omnis
3334 2005 3522 2060 formae

1936 2112 2096 2172 atque
2119 2103 2303 2173 ﬁgura:
2337 2112 2424 2157 est
2444 2117 2663 2172 expers.
2689 2102 2960 2156 Praeterea
3016 2100 3083 2154 de
3120 2099 3230 2152 Deo
3260 2097 3522 2152 dicuntur

1941 2194 2106 2248 etiam
2132 2193 2403 2262 ejusmodi
2427 2209 2439 2245 :
2461 2207 2645 2249 rerum
2670 2190 2954 2260 principia,
2979 2199 3035 2243 ct
3055 2188 3252 2250 media,
3277 2193 3335 2240 et
3364 2184 3521 2243 lines.

258 2276 548 2338 antequam
591 2286 680 2324 res
708 2273 840 2340 ipsa:
870 2273 1000 2337 sint,
1040 2275 1307 2333 immenso
1340 2287 1396 2332 et
1439 2278 1640 2334 eximio
1669 2280 1831 2337 modo
1867 2281 2010 2338 Deus
2032 2282 2088 2338 in
2118 2298 2180 2338 se
2205 2281 2612 2352 complectitur.
2646 2278 2986 2335 Etomnibus
3020 2275 3314 2332 exsistendi
3337 2274 3518 2329 lumcn

258 2377 344 2432 per
368 2379 593 2418 causam
632 2366 898 2422 unitatem
931 2370 1365 2440 coniunctiorem
1414 2375 1699 2447 elargitur.

862 2462 973 2516 Τοῦ
1002 2464 1211 2519 αὐτοῦ.

318 2551 442 2602 Ὅτι
476 2550 572 2602 ἐπὶ
602 2551 697 2604 τοῦ
740 2552 877 2606 Θεοῦ
922 2558 1016 2609 καὶ
1059 2560 1237 2614 πάντα
1280 2562 1727 2633 καταφὰσκομεν,
1761 2561 1837 2626 ὡς

257 2640 466 2694 πάντων
513 2643 716 2710 αἰτίου,
760 2650 852 2699 καὶ
894 2648 1073 2701 πάντα
1116 2652 1531 2721 ἀποφάσκοδλμεν,
1579 2651 1653 2716 ὡς
1698 2653 1837 2722 ὑπὲρ

259 2730 427 2784 πάντα
472 2733 653 2798 ὖντος.
699 2737 760 2789 '0
799 2738 908 2808 γὰρ
943 2739 1075 2803 Θεὸς
1109 2743 1205 2794 καὶ
1249 2747 1426 2797 πάντα
1456 2746 1573 2798 ἐστὶ
1612 2745 1839 2812 θεοπρε-

257 2823 385 2887 πῶς,
432 2830 531 2878 καὶ
562 2828 719 2880 οὐδὲν
759 2828 869 2881 τῶν
902 2833 1123 2885 πάντων
1171 2834 1537 2905 ὑπερουσίως.
1588 2838 1698 2892 Καὶ
1743 2839 1836 2889 ὲπὶ

255 2914 339 2966 ἑοῦ
366 2917 504 2970 Θεοῦ
528 2918 627 2971 οὐκ
677 2919 818 2973 εἰσὶν
849 2924 906 2974 αἱ
930 2927 1268 2993 καταφάσεις
1315 2928 1688 2996 ἀντικείμεναι
1716 2933 1838 2993 ταῖς

257 3013 576 3079 ἀποφάσεσι,
644 3013 734 3065 διὰ
776 3015 837 3067 τὸ
890 3012 1029 3069 εἶναι
1074 3020 1237 3072 αὐτὸν
1269 3020 1407 3089 ὑπὲρ
1447 3024 1648 3073 πᾶσα-ιο
1686 3021 1835 3075 Θέσιν

257 3103 343 3153 καὶ
388 3104 717 3175 ἀφαίρεσιν,
774 3108 869 3159 καὶ
923 3109 1063 3179 ὑπὲρ
1124 3112 1304 3165 πᾶσαν
1382 3111 1496 3177 ἕξιν
1560 3113 1655 3166 καὶ
1709 3114 1833 3166 στέ-

260 3206 429 3260 ρησιν.

862 3288 977 3349 Τοῦ
1009 3296 1219 3353 αὐτοῦ.

324 3374 442 3430 ’Ὁτι
492 3375 755 3444 πολλάκις
806 3386 1277 3454 ἀντιπεπονθότως
1322 3392 1415 3446 ἐπὶ
1457 3396 1552 3447 τοῦ
1590 3396 1723 3450 Θεοῦ
1767 3397 1833 3451 τὰ

255 3466 350 3533 lxii;
378 3470 689 3540 στερήσεως
727 3475 1132 3545 ἀποφάσκεται,
1167 3481 1241 3544 ὡς
1272 3482 1353 3546 τὸ,
1384 3484 1610 3539 «Ἔϐετο
1639 3489 1833 3551 σκότος

260 3558 569 3647 ἀξιοκρυφὴν
619 3564 812 3630 αὐτοῦ,
849 3586 867 3618 ι
904 3570 1043 3639 ὅπερ
1088 3573 1116 3623 ὁ
1146 3573 1441 3639 ἀπόστολος
1476 3577 1688 3642 Παῦλος
1715 3580 1831 3647 φῶς

269 3642 401 3702 εἶπεν
422 3653 734 3721 ἀπρόσιτον.
764 3676 783 3709 ι
809 3658 927 3720 Φῶς
959 3662 1119 3730 γὰρ,ι
1154 3664 1340 3733 φησὶν,
1371 3683 1391 3717 ι
1422 3668 1587 3721 οἰκῶν
1619 3642 1830 3741 ἀπρόσἐ

278 3759 404 3799 ιτον·
443 3769 462 3800 ι
529 3752 591 3804 τὸ
681 3753 790 3823 γὰρ
841 3756 1138 3826 ἀπρόσιτον
1193 3759 1332 3827 φῶς,
1389 3764 1482 3815 καὶ
1537 3763 1628 3817 διὰ
1677 3765 1836 3818 τοῦτο

277 3837 469 3904 ἀμιγὲς,
501 3844 617 3897 ἴσον
652 3844 775 3897 ἐστὶ
800 3848 880 3917 τῷ
928 3849 1125 3917 ἁφανεί
1170 3851 1374 3916 σκότει,
1406 3854 1529 3906 ὅσον
1566 3857 1645 3917 si;
1671 3855 1730 3907 τὸ
1761 3857 1836 3924 μὴ

276 3925 553 3995 φαίνεςθαι.
608 3938 1053 4007 Τοιουτοτρὸπως
1085 3940 1302 4008 λέγεται
1351 3946 1442 3998 καὶ
1481 3946 1541 3997 τὸ
1578 3949 1838 4016 παμφαὲς

276 4018 370 4083 φῶς
398 4023 644 4093 ἀόρατον,
682 4026 759 4088 ὡς
798 4028 1095 4100 ὑπεραῖρον
1122 4034 1222 4102 τὴν
1264 4035 1454 4105 ὅρασιν
1484 4052 1497 4065 ο
1532 4038 1623 4090 καὶ
1654 4038 1835 4104 ἀγνω-

281 4112 354 4164 σία
382 4115 508 4169 Θεοῦ
536 4118 569 4189 ἠ
600 4119 979 4191 ὑπεραίρουσα
1013 4123 1234 4192 γνῶσις,
1266 4129 1360 4181 καὶ
1393 4129 1576 4199 μωρὸν
1616 4131 1751 4185 Θεοῦ
1777 4133 1836 4186 τὸ

279 4203 579 4277 ὑπέρσορον.

2654 2470 2929 2544 Ejusdem.

2007 2567 2080 2622 De
2103 2566 2217 2622 Deo
2243 2576 2298 2622 et
2325 2565 2657 2622 allirmamus
2699 2567 2906 2629 omnia,
2947 2573 3008 2620 ut
3031 2562 3098 2620 de
3144 2562 3256 2627 illo,
3289 2562 3384 2632 qui
3430 2570 3518 2618 est

1932 2659 2179 2713 omnium
2214 2674 2378 2714 causa
2410 2677 2421 2712 :
2451 2667 2512 2713 et
2543 2673 2808 2730 negamus
2837 2657 3042 2722 omnia,
3072 2665 3132 2710 ut
3185 2653 3253 2708 de
3277 2653 3391 2714 illo,
3422 2653 3516 2721 qui

1933 2754 2004 2810 sit
2022 2752 2280 2807 omnibus
2306 2750 2682 2806 excellentior.
2714 2750 2859 2804 Deus
2883 2748 3029 2803 enim
3046 2757 3095 2802 et
3128 2754 3211 2802 est
3236 2746 3415 2800 omnia
3433 2760 3521 2799 ra-

1936 2846 2084 2899 tione
2100 2845 2331 2913 quadam
2358 2842 2475 2912 ipso
2494 2842 2688 2911 digna;
2712 2850 2768 2895 et
2794 2841 3006 2895 nullum
3030 2854 3094 2895 ex
3128 2838 3384 2892 omnibus
3412 2846 3520 2899 est,

1941 2937 2196 3005 quoniam
2245 2935 2542 2988 essentiam
2599 2942 2841 3003 superat.
2902 2933 3075 2986 Porro
3128 2929 3524 2984 allirmationes

1940 3029 1999 3083 in
2034 3028 2140 3081 Deo
2168 3028 2552 3097 ncgationibus
2573 3041 2683 3079 non
2718 3032 2848 3080 sunt
2878 3022 3197 3089 contrariae,
3256 3023 3515 3091 quoniam

1938 3130 1995 3175 et
2042 3122 2190 3175 omni
2221 3121 2488 3189 positione
2522 3130 2577 3174 et
2624 3117 2924 3184 ablatione,
2973 3118 3121 3172 omni
3176 3114 3366 3170 habitu
3408 3113 3518 3184 prio

1937 3214 2264 3283 vationeque
2321 3213 2590 3283 superior.

2605 3300 2879 3370 Ejusdem.

2004 3396 2159 3466 Stepe
2185 3395 2460 3451 contrario
2481 3394 2642 3449 modo
2667 3392 2934 3461 privantia
2961 3390 3222 3446 dicuntur
3257 3388 3326 3442 tle
3379 3387 3514 3442 Deo.

1934 3488 2005 3544 Ut
2062 3488 2234 3543 illud:
2272 3508 2290 3541 ι
2338 3488 2530 3543 Posuit
2575 3484 2829 3540 tenebras
2884 3482 3167 3538 latibulum
3211 3494 3376 3535 suum
3421 3477 3464 3542 ⁸,
3495 3496 3515 3529 ι

1935 3579 2083 3650 quod
2113 3580 2394 3649 apostolus
2424 3577 2624 3631 Paulus
2654 3576 2836 3630 lumen
2865 3576 3206 3630 inaccessum
3238 3569 3513 3640 appellat:

1941 3692 1958 3721 ι
1988 3671 2213 3737 Lucem,
2263 3688 2282 3722 ι
2349 3670 2544 3738 inquit,
2597 3687 2614 3720 ι
2656 3668 2910 3722 habitans
2962 3664 3390 3721 inaccessibilem
3437 3660 3510 3711 ’.ι

1934 3761 2073 3817 Nam
2104 3762 2218 3827 lux,
2246 3761 2312 3815 ad
2339 3775 2502 3829 quam
2530 3760 2711 3814 accedi
2742 3774 2854 3814 non
2909 3764 3112 3828 potest,
3174 3764 3339 3820 atque
3394 3753 3521 3807 ideo

1938 3867 2051 3906 non
2083 3850 2589 3918 cernitur,tequalis
2641 3857 2727 3905 est
2768 3849 3034 3910 tenebris,
3088 3862 3208 3915 qua:
3267 3859 3375 3898 non
3435 3843 3519 3897 vi-

1937 3943 2156 4003 dentur,
2189 3940 2244 3994 in
2304 3954 2371 3995 eo
2402 3942 2688 4002 duntaxat,
2746 3937 2891 4008 quod
2942 3938 3033 3991 illa
3065 3935 3319 4005 perinde,
3352 3944 3517 4002 atque

1940 4039 2043 4097 liae.
2081 4036 2249 4092 videri
2280 4052 2387 4089 non
2420 4044 2619 4106 potest.
2652 4034 2863 4089 Lumen
2896 4033 3043 4087 enim
3098 4030 3355 4086 omnibus
3388 4044 3515 4097 paro

1943 4131 2089 4186 tibus
2110 4127 2610 4199 splendidissimum
2639 4141 2752 4180 non
2809 4138 3099 4195 possumus
3124 4123 3347 4187 intueri,
3379 4137 3519 4192 quo-

1939 4222 2087 4276 niam
2124 4221 2414 4290 splendore
2454 4234 2557 4274 suo
2581 4217 2914 4288 praestringit
2971 4216 3147 4271 aciem
3207 4214 3516 4270 oculorum.

277 4304 330 4358 Et
355 4303 647 4375 ignorantia
683 4309 777 4365 Dei
831 4321 914 4366 est
946 4314 1392 4381 praestantissima
1436 4320 1702 4387 cognitio,
1762 4329 1819 4374 ct
1855 4318 2083 4374 stultitia
2103 4316 2197 4371 Dei
2228 4330 2455 4370 omnem
2477 4323 2697 4382 superat
2732 4312 3080 4383 sapientiam.

870 4421 980 4474 Τοῦ
1010 4423 1220 4478 αὑτοῦ.

2616 4426 2884 4496 Ejusdem.

341 4507 394 4561 '0
420 4509 549 4571 Θεὸς
598 4508 723 4563 οὔτε
758 4511 873 4579 φῶς
910 4515 1077 4579 ἐστιν,
1124 4514 1245 4569 οὔτε
1288 4517 1499 4582 σκότος,
1531 4518 1653 4573 οὔτε
1687 4523 1825 4590 γνῶ»

2005 4522 2147 4575 Deus
2175 4535 2351 4589 neque
2384 4520 2471 4574 lux
2501 4529 2604 4583 est,
2639 4533 2815 4587 neque
2852 4519 3303 4588 tenebrae,neque
3327 4520 3519 4588 cogni-

274 4612 373 4665 σις,
396 4600 520 4654 οὔτε
564 4604 835 4670 ἀγνωσία,
873 4603 995 4657 οὔτε
1028 4606 1277 4677 ἀλήθεια,
1328 4607 1451 4662 οὕτε
1483 4610 1697 4679 ψεῦδος,
1740 4613 1833 4665 καὶ

274 4693 531 4761 συντόμως
566 4697 762 4758 εἰπεῖν,
791 4694 915 4748 οὔτε
953 4696 1100 4759 θέσις
1132 4698 1299 4752 αὑτοῦ
1331 4702 1499 4767 ἐστιν,
1520 4701 1641 4755 οὔτε
1671 4704 1836 4767 ἁφαιρ

272 4797 423 4850 ρεσις.
466 4787 639 4857 ’Υπὲρ
682 4789 864 4841 πάντα
892 4791 1000 4860 γάρ
1031 4792 1146 4843 ἐστι
1188 4791 1257 4844 τὰ
1294 4794 1424 4862 ἡμῖν
1482 4793 1513 4862 ἢ
1547 4797 1659 4857 τοῖς
1696 4796 1837 4865 ὑπὲρ

270 4875 399 4941 ἡμᾶς
446 4881 733 4950 νοούμενα.
804 4882 957 4935 Ἐπεὶ
1006 4888 1102 4936 καὶ
1160 4887 1348 4955 Πατὴρ
1409 4888 1504 4939 καὶ
1558 4887 1685 4949 Υἱὸς
1742 4890 1838 4941 καὶ

274 4967 480 5040 Πνεῦμά
522 4979 693 5039 ἐστιν,
748 4978 846 5047 οὐχ
899 4979 974 5040 ὡς
1023 4980 1182 5048 ἡμεῖς
1221 4981 1469 5048 νοοῦμεν,
1523 4982 1640 5053 ﬁo!
1697 4984 1837 5056 ὑπὲρ

275 5060 424 5129 ἠμᾶς,
457 5066 571 5119 ἀλλ’
607 5067 750 5136 ὑπὲρ
781 5070 956 5122 πάντα
996 5072 1092 5124 καὶ
1152 5072 1277 5125 νοῦν
1318 5075 1411 5127 καὶ
1437 5074 1614 5139 λόγον.
1642 5078 1705 5129 Αἱ
1730 5079 1839 5147 γὰρ

275 5150 455 5223 θέσεις,
487 5160 583 5213 καὶ
609 5161 955 5232 ἀφαιρέσεις,
983 5164 1078 5216 καὶ
1106 5163 1251 5229 ἕξεις
1290 5168 1383 5219 καὶ
1414 5168 1699 5236 στερήσεις
1728 5169 1840 5223 τῶν

278 5252 402 5313 μετὰ
434 5253 566 5306 Θεόν
602 5256 765 5308 εἰσιν.

871 5424 987 5487 Τοῦ
1022 5426 1231 5494 αὐτοῦ.

344 5514 402 5571 '0
432 5519 562 5584 Θεὸς
588 5523 747 5574 οὐσία
780 5524 899 5575 ἐστὶ
929 5523 1037 5577 τῶν
1069 5524 1258 5592 ὄντων,
1287 5525 1364 5587 ὠς
1391 5525 1533 5596 ἀρχὴ
1565 5527 1656 5577 καὶ
1684 5527 1832 5580 αἰτία

268 5609 483 5663 retium-
517 5616 651 5667 αἰὼν
679 5616 734 5668 δὲ
757 5618 866 5669 τῑλν
898 5617 1130 5679 αἰώνων,
1168 5618 1242 5681 ὡς
1273 5618 1359 5670 ἀεὶ
1390 5617 1466 5670 ὢν
1484 5618 1833 5686 κυριωτέρως

342 5772 358 5801 ¹
388 5770 528 5829 Psal.
569 5792 700 5838 xm.
741 5778 825 5832 l2.
900 5778 919 5807 ²
958 5776 978 5830 l
1021 5775 1162 5830 Tim.
1195 5790 1279 5842 γι,
1320 5775 1403 5829 ll}.

1932 4610 2029 4673 tio,
2066 4624 2243 4677 neque
2292 4610 2595 4679 ignoratio,
2636 4622 2816 4677 neque
2848 4610 3070 4672 veritas,
3135 4625 3313 4678 neque
3361 4628 3516 4665 men-

1933 4700 2150 4755 dacium
2180 4717 2193 4752 :
2226 4710 2281 4754 et
2334 4709 2391 4753 ut
2421 4700 2660 4753 breviter
2690 4700 2870 4754 omnia
2907 4704 3262 4770 complectar,
3290 4716 3391 4755 nec
3420 4717 3519 4769 pu-

1935 4792 2062 4845 sitio
2091 4801 2193 4856 est,
2225 4806 2327 4846 nec
2369 4792 2590 4846 ablatio.
2618 4790 2885 4846 Prmcellit
2912 4793 3057 4846 enim
3086 4793 3361 4852 omnibus,
3398 4809 3520 4861 quae

1937 4900 1965 4938 a
1998 4884 2153 4939 nobis
2199 4894 2255 4938 et
2284 4900 2449 4953 supra
2508 4899 2607 4937 nos
2636 4885 2965 4953 cogitantur.
2990 4884 3220 4949 Quando
3253 4893 3307 4937 et
3337 4884 3514 4945 Pater,

1937 4986 1991 5032 et
2019 4975 2207 5040 Filius,
2236 4985 2291 5031 et
2326 4977 2559 5046 Spiritus
2600 4992 2708 5030 non
2747 4986 2895 5036 sunt.
2924 4986 2983 5030 ut
3013 4992 3115 5030 nos
3145 4975 3513 5039 intelligimus.

1936 5076 2031 5123 aut
2070 5077 2130 5123 ut
2156 5070 2233 5122 illi
2269 5069 2599 5138 intelligunt,
2632 5069 2725 5138 qui
2772 5069 2930 5123 nobis
2953 5078 3083 5122 sunt
3110 5068 3512 5136 sapientiores;

1937 5160 2033 5213 sed
2067 5174 2290 5213 omnem
2347 5168 2403 5213 et
2458 5170 2721 5224 mentem,
2783 5170 2840 5215 et
2892 5161 3155 5212 rationem
3229 5166 3512 5226 superant.

1937 5252 2244 5306 Positiones
2275 5253 2418 5305 enim
2464 5260 2518 5306 et
2555 5253 2875 5315 ablationes,
2931 5261 2987 5305 et
3019 5252 3235 5304 habitus
3282 5260 3336 5304 et
3398 5251 3514 5319 pri-

1938 5343 2187 5397 vationes
2229 5354 2588 5399 numerantur
2620 5344 2671 5397 in
2707 5345 2772 5399 iis
2816 5358 2935 5412 qua:
2989 5350 3117 5397 sunt
3166 5351 3288 5412 post
3318 5341 3511 5397 Deum.

2586 5433 2857 5505 Ejusdem.

2011 5526 2156 5579 Deus
2186 5534 2467 5580 estrerum
2496 5528 2754 5589 essentia,
2776 5537 2833 5581 ut
2871 5540 3056 5580 earum
3090 5525 3414 5595 principium
3461 5532 3516 5581 et

1940 5632 2126 5674 causa.
2164 5617 2434 5673 Str-culum
2499 5620 2820 5675 saeculorum
2890 5627 2948 5672 ut
3003 5618 3109 5688 qui
3160 5632 3374 5689 semper
3433 5622 3543 5684 est?
