4026 6212
462 324 564 399 1'27

1687 321 2069 396 EUTHYMII
2108 322 2469 396 ZIGABENI

3612 326 3716 398 128

456 449 631 519 magis
663 448 902 519 proprie,
924 452 1087 518 quam
1121 446 1239 518 ipsa
1268 446 1485 503 Sticula.
1531 445 1794 517 Tempus,
1854 457 1913 500 ut
1942 461 2033 499 re-

2145 448 2252 501 τῶν
2282 446 2516 500 αίώνων.
2550 446 2757 518 Χρόνος
2795 446 2875 513 δὲ,
2918 448 2993 511 ὡς
3027 448 3223 519 μέτρον
3251 446 3359 503 τῶν
3391 448 3583 503 ὄντων’
3625 448 3723 506 καὶ

458 549 580 593 rum
613 553 890 604 mensura,
956 552 1062 607 qua
1087 537 1307 606 quidem
1362 534 1576 593 ratione
1624 546 1710 590 est
1734 535 1900 590 etiam
1926 543 2037 589 ter-

458 630 644 683 minus
674 645 879 692 rerum,
909 638 967 683 ut
998 628 1092 697 qui
1124 629 1271 697 ipsas
1326 628 1606 684 terminat.
1687 627 2039 697 Quandoqui-

454 721 582 775 dem
616 731 670 775 et
704 721 923 785 saacuia,
948 730 1002 773 et
1033 720 1244 774 inﬁnita
1276 720 1601 775 saeculorum
1658 721 1830 775 series
1860 718 2040 774 inlinis

455 820 565 865 tate
582 814 903 866 terminatur
930 811 1099 876 illius,
1127 811 1218 881 qui
1254 812 1500 867 inﬁnitus
1529 813 1799 867 inﬁnities
1826 812 2039 866 inﬁnite

458 902 577 969 ipsa
602 900 999 967 complectitur.
1037 899 1348 967 Generatio,
1386 911 1446 957 ut
1496 902 1588 972 qui
1629 903 1694 956 ad
1734 911 1912 956 ortum
1944 902 2039 955 de-

460 995 611 1048 ducit
636 1009 720 1056 ea,
757 1009 877 1063 qua:
945 997 1334 1065 quoquomodo
1396 997 1553 1051 ﬁunt.
1622 997 1820 1060 Locus,
1854 995 2037 1065 utqui

458 1086 640 1140 omnia
671 1086 936 1140 continet.
963 1087 1157 1142 Omnia
1212 1089 1449 1159 denique
1474 1090 1723 1160 superior
1758 1087 2035 1143 omnibus.

1115 1180 1385 1249 Ejusdem.

530 1271 673 1325 Deus
708 1280 765 1325 et
787 1272 1055 1327 terminus
1090 1280 1272 1327 rerum
1300 1274 1517 1335 dicitur,
1543 1282 1599 1327 et
1624 1273 1866 1327 inﬁnitas
1894 1287 1909 1324 :
1935 1279 2042 1324 ter-

457 1364 658 1427 minus,
690 1372 747 1416 ut
775 1364 919 1432 ipsas
950 1367 1248 1418 terminans
1282 1384 1298 1431 ;
1340 1366 1581 1419 inﬁnitas
1612 1374 1670 1419 ut
1692 1380 1857 1433 super
1892 1364 2040 1432 ipsas

460 1462 752 1507 extensus:
783 1469 907 1507 nam
949 1456 1069 1524 ejus
1097 1455 1335 1511 inﬁnitas
1391 1456 1573 1511 omnia
1614 1454 1925 1510 transiliens
1952 1455 2041 1509 in-

460 1544 611 1597 ﬁnite
633 1553 801 1613 patet.

1133 1721 1407 1789 Ejusdem.

2138 539 2247 607 γάρ
2281 537 2404 607 ὅρος
2455 537 2654 602 αὐτῶν,
2713 538 2788 601 ώς
2826 539 3080 607 περατῶν
3113 538 3288 593 αὐτά·
3347 540 3472 593 ἐπεὶ
3514 541 3614 595 καὶ
3654 546 3725 597 τὰ

2136 628 2352 693 αἰώνια,
2387 628 2483 680 καὶ
2507 626 2648 697 αὐτὴ
2674 628 2785 681 τῶν
2816 628 3029 681 αίώνων
3054 630 3087 698 ἡ
3119 629 3349 698 ἀπειρία
3383 631 3722 700 πεπεράτωο

2136 736 2226 771 ται
2250 721 2314 788 τῇ
2352 717 2582 788 ἀπειρίᾳ
2608 717 2704 771 τοῦ
2737 720 3036 790 ἀπειράκις
3078 719 3323 790 ἀπείρως
3376 712 3725 791 ὑπερηπλω-

2140 810 2301 879 μένου
2328 808 2527 862 αὐτῶν.
2561 808 2779 872 Γένεσις
2804 809 2882 873 δὲ,
2912 811 2989 873 ὡς
3011 811 3377 881 παραγωγεὺς
3406 814 3516 865 τῶν
3542 813 3731 866 ι’νιτωσὁ

2138 898 2233 951 οὖν
2267 899 2601 968 γινομένων·
2646 899 2810 960 τόπος
2871 899 2951 965 δὲ,
2982 900 3060 963 ὡς
3102 900 3449 971 περιεκτικός
3478 902 3726 957 πάντων.

2138 990 2327 1044 Πάντα
2357 989 2413 1041 δέ
2442 990 2592 1042 ἐστιν
2618 989 2760 1057 ὑπὲρ
2800 987 2999 1043 πάντα.

2765 1167 2876 1222 Τοῦ
2906 1169 3117 1236 αὐτοῦ,

2225 1259 2283 1313 Ὀ
2319 1258 2452 1320 Θεὸς
2500 1260 2596 1311 καὶ
2624 1260 2798 1328 πέρας
2833 1259 3053 1327 λέγεται
3081 1260 3191 1313 τῶν
3219 1262 3409 1326 ὅντων,
3442 1263 3536 1315 καὶ
3564 1263 3730 1316 dictis

2143 1350 2270 1420 ρία·
2311 1350 2490 1419 πέρας
2524 1348 2644 1417 μὲν,
2698 1349 2775 1412 ώς
2826 1352 3083 1418 περατών
3129 1352 3311 1404 αὑτέιο
3365 1353 3592 1423 ἀπειρία
3645 1354 3730 1419 δὲ,

2141 1443 2217 1505 ὡς
2247 1441 2757 1512 ὑπερεκτεταμένος
2807 1441 2989 1494 αὐτῶν
3018 1456 3031 1470 ⁸
3070 1443 3388 1513 περατοῦσα
3440 1447 3549 1514 γὰρ
3586 1445 3732 1498 πάνυ

2142 1552 2210 1587 τα
2269 1534 2302 1603 ἡ
2372 1533 2601 1602 ἀπειρία
2680 1531 2850 1585 αὐτοῦ
2918 1533 3310 1604 ὑπερήπλωται
3385 1536 3734 1607 ἀπειροπλα-

2144 1640 2295 1685 σιως.

2749 1736 2856 1791 Τοῦ
2907 1737 3116 1793 αὑτοῦ.

530 1816 634 1883 Qui
665 1816 830 1870 Deum
862 1815 1026 1869 modo
1056 1814 1228 1883 ipsam
1264 1812 1583 1876 essentiam,
1639 1811 1812 1881 ipsam
1848 1813 2035 1875 vitam,

2213 1829 2327 1884 οὐκ
2376 1829 2844 1899 ὲναντιο).ογοῦσιν
2900 1830 2950 1882 oi
3004 1831 3138 1882 ποτὲ
3189 1831 3294 1901 μὲν
3341 1824 3593 1901 λέγοντες
3631 1832 3731 1887 τὸν

462 1909 635 1976 ipsam
668 1909 989 1977 potentiam,
1043 1907 1211 1976 ipsam
1276 1919 1463 1975 pacem
1506 1912 1560 1957 et
1618 1903 1719 1956 alia
1771 1903 2037 1973 ejusmodi

459 2014 579 2053 esse
596 1988 802 2061 dicuni,
835 1998 995 2052 modo
1018 1997 1188 2066 ipsius
1216 1995 1489 2057 essentize,
1520 1994 1692 2063 ipsius
1709 1994 2039 2063 vitaa,ipsius

463 2090 752 2159 potentiae,
786 2088 957 2156 ipsius
982 2087 1169 2156 pacis,
1214 2087 1520 2140 etaliorum
1558 2086 1608 2140 id
1645 2100 1815 2158 genus
1852 2095 2040 2139 aucto-

461 2200 575 2236 tem
641 2182 1063 2249 elfectoremqne
1124 2180 1513 2242 constituunt,
1578 2194 1687 2232 non
1744 2179 2039 2248 loquuntur

461 2275 606 2328 inter
632 2290 689 2329 se
729 2274 1047 2344 pugnantia.
1083 2273 1212 2325 Nam
1269 2284 1383 2326 tum
1416 2272 1727 2325 nominatur
1755 2288 1819 2324 ex
1856 2271 2037 2335 rebus,

460 2375 515 2419 et
544 2365 774 2418 maxime
800 2381 861 2417 ex
898 2365 980 2425 iis,
1019 2379 1139 2433 qua:
1168 2364 1344 2434 primo
1377 2374 1523 2427 sunt,
1585 2375 1643 2417 ut
1689 2380 1878 2417 earum
1908 2378 2040 2417 cau-

462 2473 520 2509 sa
558 2477 569 2510 :
607 2466 716 2509 tum
742 2456 1117 2510 excellentiori
1143 2457 1373 2523 quadam
1429 2455 1656 2516 ratione,
1691 2465 1743 2508 nl
1777 2465 2041 2523 praestan-

467 2548 573 2601 tior
600 2550 855 2601 omnibus
884 2548 991 2600 illis
1014 2548 1203 2612 etiam,
1234 2563 1353 2613 qua:
1385 2550 1561 2615 primo
1616 2556 1762 2600 sunt.
1800 2546 2041 2599 Dicimus

462 2650 644 2692 autem
676 2641 844 2707 ipsam
877 2640 1195 2701 essentiam,
1255 2653 1350 2691 seu
1390 2640 1561 2704 ipsqu
1588 2652 1724 2700 esse,
1785 2646 1843 2690 ut
1870 2638 2038 2705 ipsam

464 2730 654 2791 \iLam,
679 2739 735 2783 et.
768 2732 935 2797 ipsam
981 2730 1297 2796 potentiam,
1331 2738 1385 2782 et
1411 2730 1579 2797 ipsam
1609 2744 1821 2796 pacem,
1852 2738 1906 2782 et
1936 2727 2039 2780 alia

463 2822 717 2890 ejusdem
752 2822 986 2889 generis,
1016 2835 1165 2873 nunc
1220 2821 1438 2888 quidem
1488 2835 1554 2874 eo
1582 2822 1766 2884 modo,
1801 2822 1893 2889 qui
1950 2821 2040 2875 di-

463 2929 603 2984 gnus
632 2923 713 2967 est
738 2914 868 2977 Duo,
902 2927 1099 2981 nempe
1134 2927 1299 2965 unum
1341 2928 1523 2966 rerum
1596 2914 1838 2966 omnium
1892 2914 2038 2967 omni

463 3004 735 3075 principio
815 3004 1172 3058 execuentius
1244 3004 1568 3072 principium
1644 3015 1699 3058 et
1767 3020 2037 3059 causam:

462 3114 611 3152 nunc
648 3105 707 3150 ut
760 3098 1075 3150 tribuuntur
1121 3105 1176 3149 et
1213 3097 1690 3150 communicantur
1728 3112 1757 3150 a
1808 3096 1937 3151 Deo.
1961 3097 2040 3152 Ac

466 3191 647 3255 primo
678 3188 895 3253 quidem
949 3186 1109 3239 modo
1141 3189 1220 3240 sic
1274 3201 1337 3239 ea
1392 3188 1751 3255 pronuntiant
1809 3187 2035 3241 Graeci:

461 3284 562 3352 τὴν
590 3280 930 3346 αὐτοουσίαν,
966 3282 1082 3351 ἤτοι
1131 3279 1431 3345 αὑτυεῖναι,
1458 3283 1558 3350 τὴν
1592 3281 1895 3350 αὐτοζωὴν,
1942 3281 2043 3351 τὴν

464 3376 832 3442 αὐτοδύναμιν
856 3414 869 3436 ,
900 3374 998 3443 τὴν
1062 3374 1445 3443 αὐτοειρὴνην,
1464 3375 1637 3427 altero
1679 3385 1860 3428 autem
1885 3374 2046 3427 modo

2142 1923 2278 1976 Θεὸν
2312 1922 2658 1985 αὒτοουσίαν,
2691 1924 2787 1975 καὶ
2838 1921 3137 1992 αὖτοζωὴν,
3195 1924 3288 1977 καὶ
3337 1925 3729 1998 αὑτοδύναμιν,

2143 2015 2237 2069 καὶ
2273 2015 2657 2084 αὑτοειρὴνην,
2698 2014 2790 2066 καὶ
2822 2013 2890 2066 τὰ
2935 2013 3194 2067 τοιαῦτα·
3233 2016 3364 2067 ποτὲ
3388 2016 3444 2068 δὲ
3470 2018 3729 2084 λέγοντες

2143 2105 2305 2160 αὐτὸν
2340 2105 2675 2173 ὑποστάτην.
2733 2104 2826 2157 καὶ
2879 2103 3214 2177 δημιουργὸν
3243 2106 3595 2172 αὑτοουσίας,
3629 2109 3730 2161 καὶ

2143 2195 2445 2263 αὑτοξωῆς,
2480 2196 2571 2247 καὶ
2608 2195 3045 2262 αὐτοῧυνάμεως,
3094 2196 3189 2247 καὶ
3220 2197 3596 2266 αὖτοειρήνης,
3630 2197 3731 2251 καὶ

2142 2291 2249 2342 τῶν
2306 2289 2586 2341 τοιούτων.
2649 2288 2728 2339 Τὰ
2771 2286 2870 2355 μὲν
2904 2290 3011 2357 γὰρ
3044 2287 3371 2356 ὀνομάζεται
3403 2293 3466 2342 ἐκ
3500 2293 3609 2341 τῶν
3638 2292 3727 2345 δν-

2140 2401 2271 2447 των,
2304 2383 2397 2435 καὶ
2433 2383 2667 2449 μάλιστα
2698 2382 2760 2432 ἐκ
2790 2380 2897 2431 τῶν
2948 2379 3177 2449 πρώτως
3222 2382 3412 2445 ιντων,
3448 2382 3523 2445 ώς
3550 2382 3729 2445 αἴτιος

2143 2475 2321 2525 αὐτῶν
2350 2490 2362 2504 ⁸
2398 2478 2466 2525 τὰ
2496 2471 2552 2524 δὲ
2597 2470 2962 2541 ὑπεροχικῶς,
2995 2472 3069 2532 di;
3118 2472 3259 2541 ὑπὲρ
3292 2473 3492 2536 πάντα,
3534 2475 3630 2527 καὶ
3658 2476 3730 2527 τὰ

2143 2565 2373 2635 πρώτως
2422 2565 2591 2617 ὅντα*
2650 2563 2975 2615 αὑτοουσίαν
3011 2562 3087 2625 δὲ,
3138 2562 3256 2632 ἦτοι
3287 2564 3583 2629 αὑτοεῖναι,
3630 2567 3732 2618 καὶ

2144 2656 2444 2723 αὐτοζωὴν,
2483 2654 2574 2708 καὶ
2617 2654 3003 2721 αὑτοδύναμιν,
3068 2655 3159 2706 καὶ
3212 2655 3592 2726 αὑτοειρήνην,
3630 2658 3731 2710 καὶ

2142 2748 2208 2799 τὰ
2234 2746 2455 2798 τοιαῦτα
2480 2746 2731 2814 λέγομεν,
2770 2745 2968 2808 θεῖκῶς
3012 2748 3108 2815 μὲν
3170 2747 3267 2799 καὶ
3307 2747 3723 2817 δημιουργικῶς

2142 2840 2240 2908 τὴν
2309 2840 2438 2908 μίαν
2477 2840 2696 2892 πάντων
2756 2839 3091 2907 ὗπεράρχιον
3146 2837 3321 2907 ἀρχὴν
3369 2840 3465 2890 καὶ
3506 2840 3726 2892 αἰτίανι

2149 2930 2428 3000 μεθεκτῶς
2456 2930 2512 2983 δὲ
2543 2931 2638 2991 τὰς
2682 2930 3028 2999 ἐκδιδομένας
3059 2933 3120 2982 ὲκ
3151 2932 3285 2984 Θςοῡ
3320 2933 3589 3001 μεθέξεις,
3625 2934 3731 3004 τὴν

2145 3022 2551 3090 αὑτοοιὶσίωσιν,
2587 3024 2684 3093 τὴν
2716 3022 3087 3091 αὐτοξώωσιν,
3119 3026 3215 3093 τὴν
3252 3027 3728 3097 αὑτοδυνάμωσιν,

2142 3118 2238 3183 τὴν
2270 3116 2736 3184 αὐτοειρήνευσιν,
2775 3114 2869 3167 καὶ
2898 3114 2963 3165 τὰ
3005 3114 3385 3183 παραπλήσια,
3412 3116 3556 3185 ἅπερ
3591 3118 3731 3169 ἀπο-

2144 3205 2341 3272 λύτως,
2398 3208 2494 3259 καὶ
2532 3206 2873 3276 ἀρχηγικῶς,
2917 3206 3007 3258 καὶ
3053 3207 3286 3277 πρώτως
3320 3209 3384 3260 ἐκ
3424 3208 3558 3261 Θεοῦ
3590 3209 3730 3262 ὑπο-

2145 3299 2335 3367 στῆναι
2360 3296 2593 3364 Λέγομεν
2626 3312 2639 3325 ·
2674 3296 2816 3348 τινὲς
2844 3295 2902 3348 ΰὲ
2953 3296 3059 3347 τῶν
3112 3297 3567 3366 ίεροδιδασκάλων
3629 3302 3727 3352 καὶ

2144 3392 2245 3460 τῆς
2278 3389 2774 3457 αὐτοαγαθότητος,
2819 3390 2913 3442 καὶ
2964 3389 3066 3459 τῆς
3117 3390 3370 3460 θεότητος
3415 3391 3732 3463 ὑποστάτην

463 3484 566 3530 ε·οι
615 3468 714 3535 τὴν
745 3466 1157 3527 αὖτοουσίωσινν
1194 3466 1293 3535 τὴν
1339 3464 1709 3528 αὑτοζώωπνο
1755 3467 1855 3536 τὴν
1887 3466 2047 3518 αὑτοδ
2146 3482 2281 3549 φασὶ
2333 3482 2424 3533 τὸν
2460 3479 2723 3548 ὑπέρθεον
2768 3479 2922 3545 Θεὸν,
2969 3478 3437 3550 αὐτοαγαθότητα,
3475 3484 3569 3534 καὶ
3609 3484 3734 3537 θεό-

464 3560 799 3627 δυνάμωειιν,
845 3559 945 3626 τὴν
1004 3558 1467 3629 αὑτοειρήνευσιν.
1531 3557 1595 3612 Ει
1663 3561 1777 3613 haec
1820 3560 2040 3629 quidem

463 3652 735 3716 absoluta,
769 3659 824 3704 et
844 3653 1138 3722 praecipua,
1174 3659 1229 3703 et
1270 3650 1443 3719 prima
1474 3650 1680 3705 ratione
1704 3666 1733 3705 a
1762 3650 1871 3707 Deo
1913 3655 2042 3709 suba-

2148 3587 2287 3638 τητα
2340 3570 2591 3638 λέγοντες
2638 3570 2736 3638 τὴν
2783 3574 2847 3623 ὲκ
2893 3569 3030 3623 Θεοῦ
3066 3573 3483 3643 προερχομένην
3520 3568 3734 3642 ἀγαθοδ

2153 3660 2303 3712 πο.ὸν
2336 3661 2429 3712 καὶ
2460 3661 2707 3712 θεοποιὸν
2749 3660 2968 3729 μέθεξιν
2999 3663 3094 3714 καὶ
3122 3663 3350 3732 δωρεάν.

464 3749 658 3803 sistere
689 3747 945 3802 dicimus.
994 3745 1224 3811 Quidam
1267 3760 1395 3799 vero
1443 3736 1742 3801 'sacrorum
1797 3748 2082 3805 doctorum
2126 3757 2287 3808 etiam
2320 3753 2494 3823 ipsius
2527 3753 2787 3809 bonitatis
2836 3768 2889 3810 et
2924 3755 3232 3811 divinitatis
3286 3768 3565 3813 auctorem
3638 3756 3726 3811 dl-

463 3853 595 3898 cunt
629 3842 914 3912 plusquam
946 3841 1194 3896 divinum
1259 3839 1449 3894 Deum.
1486 3841 1621 3894 Nam
1668 3842 1839 3912 ipsam
1897 3846 2193 3902 bonitatem
2258 3857 2317 3903 et
2381 3848 2720 3903 divinitatem
2771 3860 3025 3905 asserunt
3070 3868 3191 3907 esse
3223 3907 3232 3916 ,
3260 3853 3728 3919 communionem,

463 3946 518 3989 et
540 3936 766 4008 gratiam
804 3936 979 3990 bonos
1012 3934 1336 4002 divinosque
1371 3934 1682 3989 facientem.

1119 4027 1394 4094 Ejusdem.

537 4121 604 4173 Et
640 4134 892 4188 maguum
951 4129 1006 4171 et
1030 4133 1257 4186 parvum
1317 4119 1426 4173 Deo
1451 4118 1542 4187 qui
1591 4133 1778 4173 rerum
1802 4130 1882 4174 est
1922 4136 2041 4175 nm-

463 4210 816 4270 niumcausa,
853 4208 1169 4261 tribuuntur
1224 4210 1277 4262 in
1315 4210 1502 4263 multis
1565 4211 1855 4280 Scriptura:
1884 4213 2037 4269 locis.

464 4299 673 4353 Parvus
737 4297 1066 4362 ostenditur,
1095 4300 1351 4367 quoniam
1406 4300 1460 4352 in
1514 4315 1645 4354 aura
1703 4303 1871 4357 tenui.
1930 4304 2041 4357 Ma-

465 4405 606 4461 gnus
630 4389 838 4441 dicitur
878 4395 941 4440 ut
990 4389 1383 4459 magnitudinis
1433 4390 1708 4461 elargitor,
1763 4402 1818 4447 et
1841 4395 2048 4450 inﬁnita

2760 4032 2870 4085 Τοῦ
2906 4032 3115 4088 αὐτοῦ.

2222 4121 2330 4175 Καὶ
2362 4121 2423 4174 τὸ
2455 4122 2599 4192 μέγα
2645 4122 2741 4175 καὶ
2793 4123 2855 4175 τὸ
2908 4125 3105 4193 μικρὸν
3132 4124 3444 4178 ἀνατίθεται
3479 4126 3557 4196 τῷ
3591 4128 3733 4182 πάν-

2148 4230 2253 4267 των
2307 4215 2466 4284 αἰτίῳ
2510 4214 2629 4285 Θεῷ
2657 4230 2672 4245 ο
2720 4215 2782 4267 τὸ
2815 4216 2961 4284 μέγα
3013 4215 3113 4285 μὲν
3153 4216 3422 4287 πολλαχοῦ
3456 4218 3556 4288 τῆς
3587 4220 3736 4292 Γρα-

2149 4306 2279 4375 φῆς,
2311 4306 2372 4359 τδ
2438 4307 2636 4377 μικρὸν
2691 4307 2748 4360 δὲ
2780 4307 3034 4377 δηλοῦται
3068 4308 3156 4361 διὰ
3209 4308 3271 4363 τὸ
3328 4311 3386 4363 ἐν
3436 4310 3585 4382 αὖρα
3643 4314 3734 4365 λε-

2155 4403 2285 4470 πτῇ.
2347 4401 2536 4468 Μέγας
2576 4400 2676 4471 μὲν
2707 4396 2804 4453 οὖν
2865 4401 3105 4468 λέγεται,
3151 4400 3227 4463 ώς
3260 4403 3528 4471 μεγέθους
3562 4421 3735 4473 μετα-

466 4482 727 4553 pratditus
761 4481 1158 4551 magnitudine,
1213 4490 1271 4535 et
1331 4497 1549 4537 omnem
1612 4486 2040 4555 magnitudinem

2148 4492 2380 4556 δοττκὸς,
2435 4493 2528 4545 καὶ
2556 4491 2631 4555 ὼς
2660 4492 3126 4562 ἀπειρομεγέθης,
3162 4496 3257 4546 καὶ
3312 4495 3731 4566 ὑπερμεγέθης,

464 4589 734 4644 superans
772 4574 969 4643 :cujus
998 4573 1316 4643 magnitudo
1368 4576 1750 4644 quantitatem,
1808 4589 1863 4632 ct
1889 4596 2042 4633 tuen-

465 4682 674 4730 suram,
701 4676 754 4720 et
772 4667 1065 4720 terminum
1100 4682 1207 4719 non
1268 4666 1451 4721 habet.
1484 4666 1714 4722 Parvum
1756 4684 1852 4723 seu
1884 4681 2045 4726 tenue

469 4760 667 4813 dicitur
699 4761 751 4812 in
785 4758 913 4818 Deo,
940 4759 1084 4827 quod
1137 4759 1342 4812 nullam
1394 4760 1557 4815 habet
1585 4763 1808 4825 molem,
1835 4763 2041 4817 nullum

466 4854 705 4922 spatium
744 4859 1001 4919 occupat,
1062 4860 1120 4904 et
1164 4853 1284 4905 sine
1338 4851 1447 4905 ullo
1507 4854 1897 4921 impedimento
1950 4870 2045 4923 per

466 4945 649 4998 otnnia
688 4944 900 5001 transit.
967 4954 1310 5011 «penetrans
1378 4959 1546 5013 usque
1598 4944 1665 4997 ad
1725 4944 2045 4998 divisionem

468 5036 684 5097 animae,
717 5044 772 5088 et
804 5034 1049 5103 spiritus,
1075 5046 1129 5089 et
1172 5035 1552 5102 cogitationes,
1610 5038 2047 5105 intentionesque

469 5127 648 5180 cordis
678 5127 717 5179 ‘.
744 5146 759 5176 ι
800 5125 908 5180 Ιιιιο
943 5143 1069 5180 vero
1118 5126 1300 5180 omnia
1336 5126 1676 5189 discernens,
1710 5128 1856 5182 nulla
1896 5131 2042 5181 enim

470 5234 557 5271 res
588 5228 664 5272 cst
702 5228 1009 5286 procreata,
1052 5233 1173 5286 qua:
1220 5219 1469 5271 obtutum
1532 5219 1654 5287 ejus
1701 5221 1943 5291 cﬁ‘ugiat.
1978 5222 2044 5274 Et

475 5326 704 5370 parvum
736 5310 838 5364 hoc
870 5315 995 5364 item
1029 5310 1388 5377 quantitatem
1434 5325 1543 5363 non
1576 5311 1740 5365 habet
1770 5323 1822 5366 et
1857 5312 2039 5365 inﬁni-

469 5410 583 5453 tum
620 5414 721 5465 est,
752 5414 803 5454 et
830 5401 1123 5463 invisibile,
1156 5410 1213 5453 ct
1265 5414 1388 5453 eum
1418 5411 1652 5467 nequeat
1689 5418 1861 5469 lpSlllll
1893 5418 2040 5455 cont-

471 5493 758 5563 prehendi.
823 5495 1006 5548 munia
1058 5491 1496 5560 comprehcndit.
1557 5492 1702 5545 Idem
1757 5504 2037 5561 praeterea,

473 5584 821 5640 ctdivcrsum
851 5584 1062 5639 debeo
1107 5580 1326 5635 dicitur.
1389 5579 1525 5637 Illud
1579 5582 1798 5652 quidem
1863 5583 1916 5637 in
1974 5598 2041 5638 eo

542 5746 557 5774 ⁸
615 5726 778 5797 Hebr.
848 5760 919 5807 tv,
958 5745 1039 5795 l2.

2144 4580 2203 4637 οἶδ
2225 4582 2284 4635 τὸ
2318 4582 2549 4652 μέγεθος
2582 4582 2806 4646 ἀποσον,
2836 4586 2931 4636 καὶ
2980 4585 3289 4653 ἀμέτρητον
3320 4586 3415 4639 καὶ
3447 4588 3731 4657 ἀόριστον·

2148 4673 2344 4742 μικρὸν
2373 4672 2429 4724 δὲ
2465 4673 2586 4740 ἦτοι
2617 4672 2815 4725 λεπτὸν
2871 4675 2962 4727 επὶ
3021 4675 3159 4727 Θεοῦ
3219 4675 3279 4727 τὸ
3324 4677 3525 4740 παντὸς
3559 4678 3734 4747 ὄγκον

2147 4764 2242 4814 καὶ⁵
2297 4764 2667 4834 διαστήματος
2722 4764 3047 4835 έκϐεὸηκὸς,
3100 4768 3196 4822 καὶ
3240 4767 3299 4820 τὸ
3354 4769 3444 4820 διὰ
3506 4773 3735 4825 πάντων

2147 4853 2441 4916 ἀκωλύτως
2468 4856 2700 4925 χωροῦν,
2733 4859 2829 4910 καὶ
2879 4854 3254 4928 διικνούμενον
3288 4860 3417 4929 ἄχρι
3452 4863 3732 4931 μερισμοῦ

2146 4943 2324 5013 ψυχῆς
2380 4946 2472 4998 καὶ
2526 4944 2876 5014 πνεύματος,
2933 4951 3029 5000 καὶ⁵
3079 4950 3323 5017 κριτικὸν
3376 4949 3735 5019 ἐνθυμήσεων

2147 5037 2239 5087 καὶ
2276 5038 2491 5088 ἐννοιῶν
2540 5039 2787 5106 καρδίας,
2846 5040 3049 5107 μᾶλλον
3101 5040 3158 5092 δὲ
3197 5041 3307 5095 τῶν
3338 5040 3510 5094 ὄντων
3544 5044 3733 5095 ἀπάν-

2144 5144 2270 5179 των.
2320 5130 2395 5180 Οὺ
2430 5129 2537 5196 γάρ
2572 5130 2688 5181 ἐστι
2749 5130 2925 5192 κτίσις
2978 5131 3191 5201 ἀφανὴς
3240 5132 3469 5185 ἐνώπιον
3517 5134 3730 5185 αὐτοῦ’

2144 5221 2237 5271 καὶ
2267 5219 2426 5271 τοῦτο
2457 5219 2513 5271 δὲ
2556 5220 2617 5272 τὸ
2647 5224 2843 5291 μικρὸν
2873 5224 3138 5294 ἀπήλικόν
3168 5225 3305 5287 ἐστι,
3347 5225 3441 5276 καὶ
3469 5224 3732 5295 ἄπειρον,

2146 5312 2240 5363 καὶ
2289 5314 2552 5381 ἀόρατονο
2599 5315 2695 5366 καὶ
2734 5316 2867 5368 αὐτὸ
2903 5318 3000 5387 μὲν
3053 5318 3450 5387 ἀπερίληπτον,
3502 5321 3735 5371 πάντων

2146 5401 2201 5453 δὲ
2235 5405 2648 5473 περιληπτικόν.
2698 5406 2933 5473 Λέγεται
2963 5408 3020 5460 δὲ
3071 5409 3165 5461 ἐπὶ
3190 5408 3326 5461 Θεοῦ
3365 5409 3459 5460 καὶ
3488 5409 3550 5461 τὸ
3589 5425 3735 5461 ταυ-

2144 5493 2257 5557 τὸν,
2290 5494 2381 5545 κλὶ
2430 5494 2485 5545 τὸ
2512 5495 2701 5564 ἓτερον
2724 5512 2738 5526 ο
2797 5497 2857 5547 τὸ
2886 5497 2987 5565 μὲν
3022 5499 3080 5550 ὲν
3108 5497 3207 5565 τῷ,
3247 5514 3267 5548 σ
3303 5498 3373 5549 Σὺ
3402 5499 3458 5549 δὲ
3504 5497 3534 5547 ὁ
3562 5498 3735 5561 αὐτὸς

2143 5582 2195 5640 εἷ
2218 5601 2267 5638 ἰ
2304 5587 2363 5639 τὸ
2391 5587 2447 5640 δὲ
2470 5589 2526 5640 ὲν
2556 5588 2653 5659 τῷ,
2688 5608 2707 5641 ι
2740 5590 2935 5659 Κύριε,
2970 5590 3161 5662 Κύριε,
3204 5591 3287 5655 τίς
3327 5591 3508 5659 ὅμοιός
3544 5607 3625 5644 σοι
3654 5608 3670 5658 3
3698 5608 3726 5644 ι
