4026 6212
291 283 392 350 129

1232 281 1610 345 PANOPLIA
1650 283 2117 350 DOGMATICA.
2159 313 2224 326 -
2265 291 2419 354 TIT.
2459 293 2583 353 ΙΙΙ.

3443 301 3545 369 130

285 393 494 448 ταυτὸν
521 391 623 464 μὲν
650 390 746 447 οὖν
787 362 880 447 δια
928 389 994 446 τδ
1028 391 1324 463 ἄτρεπτον,
1355 394 1449 449 καὶ
1501 396 1589 450 ἀεὶ
1627 397 1768 451 κατὰ
1795 399 1843 452 τέ

1967 399 2086 455 loco
2121 417 2135 456 :
2185 421 2201 454 ι
2223 400 2302 456 Tu
2333 413 2514 459 autem
2567 403 2708 458 idem
2747 401 2864 474 ipse
2895 420 2954 460 es
2987 406 3026 461 ¹.
3048 424 3066 458 ι
3119 404 3231 463 lloe
3280 420 3460 466 autem
3486 415 3543 466 in

285 487 441 551 αὐτὰ,
491 488 584 540 καὶ
618 484 886 548 ὡσαύτως
933 485 1077 556 ἔχον,
1126 488 1220 540 καὶ
1258 490 1480 558 ἀμιγὲς,
1517 491 1610 543 καὶ
1643 492 1858 561 ἀπροσ-

288 580 418 643 δεὲς,
479 579 574 633 καὶ
608 578 861 643 ἁναυξὲς,
894 577 989 630 καὶ
1017 578 1314 647 ᾀμείωτον,
1350 584 1444 632 καὶ
1478 581 1565 634 διὰ
1607 581 1666 634 τὸ
1692 599 1861 652 μετα-

292 673 487 728 δοτικὸν
516 673 620 739 τῆς
652 671 988 741 ταυτότητος
1013 688 1030 704 ο
1083 672 1270 743 ἕτερον
1297 673 1376 732 δὲ.
1410 675 1486 736 ὡς
1520 677 1748 744 μηδενὸς
1775 678 1860 730 ὅν-

291 783 376 828 to;
410 761 528 817 κατ’
559 762 724 816 αὐτόν
746 778 758 791 ·
800 763 981 816 πάντα
1006 763 1114 834 γὰρ
1167 765 1235 817 τὰ
1285 764 1411 817 ὄντα
1455 765 1731 836 κτίσματα
1764 769 1857 821 τοῦ

283 858 440 918 ὅντως
479 854 656 919 ὄντος,
711 854 808 906 καὶ
866 854 1029 917 αὐτὸς
1086 855 1226 926 ὑπὲρ
1284 855 1520 922 ἅπαντα,
1574 860 1668 912 καὶ
1721 861 1858 930 πρὸς

285 950 450 1000 πάντα
506 946 695 1016 ἔτερος
727 947 822 999 καὶ
858 945 1216 1010 ἀσύντακτος.
1263 949 1384 1001 Ἔτι
1431 950 1487 1002 δὲ
1523 952 1617 1003 καὶ
1649 953 1726 1016 ὡς
1758 953 1856 1024 δη-

285 1038 539 1109 μιουργὸς
561 1038 670 1091 τῶν
699 1039 953 1109 έτεροῖων
973 1038 1066 1092 καὶ
1089 1037 1377 1110 διαφόρων.
1410 1042 1644 1109 Λέγεται
1670 1044 1725 1097 δὲ
1761 1046 1857 1100 καὶ

279 1133 482 1202 ὅμοιος.
539 1150 557 1181 ι
582 1129 724 1197 Ἐγὼ
777 1131 910 1199 γὰρ,
944 1148 967 1185 ι
1003 1131 1190 1200 φησὶν,
1255 1152 1271 1183 ι
1299 1132 1516 1204 ὁράσεις
1557 1136 1853 1205 ἐπλήθυνα,

277 1228 360 1278 καὶ
387 1224 448 1275 έν
483 1223 641 1296 χερσὶ
673 1223 970 1295 προφητῶν
1003 1223 1318 1294 ὼμοιὼϐην,
1352 1244 1370 1274 ι
1410 1225 1496 1278 διὰ
1526 1227 1586 1284 τὸ
1615 1228 1854 1298 ὀφθῆναι

276 1317 452 1380 αὐτοῖς
503 1318 564 1368 ὲν
600 1316 840 1389 σχήματι
878 1316 1065 1386 τοιῷδε
1120 1316 1153 1386 ἢ
1214 1318 1422 1388 τοιῷδε,
1456 1321 1549 1374 καὶ
1587 1335 1857 1394 παρεικα-

279 1407 468 1474 σθῆναι
501 1407 614 1468 τοῖς
639 1409 696 1458 ὲν
722 1405 874 1459 εἴδει.
911 1405 1034 1459 Ἔτι
1065 1406 1123 1469 δὲ
1159 1407 1252 1460 καὶ
1282 1408 1370 1473 διὰ
1401 1409 1463 1462 τὸ
1500 1411 1852 1481 μεταδοτικδν

274 1500 361 1566 τῆς
423 1497 765 1568 ὁμοιωτικῆς
841 1497 1164 1569 δυνάμεως·
1228 1500 1600 1571 «Ποιήσωμεν
1654 1504 1783 1574 γὰρ,
1826 1522 1846 1555 ι

277 1591 456 1660 φησιν,
495 1589 818 1661 «ἄνθρωπον
849 1590 970 1647 κατ’
1015 1591 1198 1649 ιῐκόνα
1232 1593 1528 1667 ἡμετέραν,
1580 1596 1675 1647 καὶ
1728 1593 1852 1648 καθ’

273 1685 548 1754 ὁμοὶωσιν.
595 1701 616 1736 ι
679 1682 876 1736 ’ἰστέον
900 1683 959 1736 δὲ
996 1685 1080 1738 ὃτι
1105 1686 1172 1739 τὰ
1218 1687 1358 1742 αὐτὰ
1390 1689 1482 1740 καὶ
1513 1688 1674 1758 ὃμοια
1706 1687 1847 1759 Θεῷ,

273 1775 355 1828 καὶ
395 1775 636 1842 ἀνόμοια
658 1789 672 1801 ’
725 1775 894 1845 ὃμοια
947 1776 1043 1846 μὲν
1074 1778 1215 1830 κατὰ
1242 1778 1340 1848 τὴν
1373 1778 1729 1849 ἐνδεχομένην
1760 1779 1852 1850 μί-

276 1883 433 1935 μησιν
483 1865 580 1918 τοῦ
635 1865 919 1938 ἀμιμήτου
947 1885 962 1898 ο
994 1868 1227 1938 ἀνόμοια
1265 1869 1320 1921 δὲ
1355 1869 1497 1922 κατὰ
1530 1871 1589 1922 τὸ
1620 1871 1850 1924 ἀποδέον

273 1957 372 2018 τῶν
411 1957 684 2014 uittatth
710 1957 803 2010 τοῦ
836 1959 1034 2022 αἰτίου,
1061 1959 1156 2014 καὶ
1192 1961 1413 2032 μέτροις
1439 1963 1687 2030 ἀπείροις
1712 1965 1848 2015 ἀπο-

272 2049 619 2119 λειπόμενον.
666 2050 790 2111 Ἔτι
841 2050 934 2102 ἐπὶ
967 2049 1101 2108 Θεοῦ
1132 2050 1348 2125 λέγεται
1382 2057 1474 2116 καὶ
1504 2053 1710 2121 στᾲσις,
1758 2053 1854 2107 καὶ⁵

274 2141 526 2211 κίνησις⁵
588 2139 780 2203 στάσις
841 2141 940 2210 μὲν
989 2141 1077 2204 διὰ
1115 2143 1175 2195 τὸ
1205 2145 1390 2209 μένειν
1439 2147 1495 2198 ὲν
1544 2145 1724 2216 ἑαυτῷ
1757 2146 1848 2197 τὸν

273 2233 420 2296 Θεὸν,
474 2232 576 2284 καὶ
611 2231 859 2305 μονίμως
911 2232 1182 2306 ἱδρῦσθαι,
1218 2234 1313 2300 καὶ
1342 2235 1426 2290 διὰ
1455 2236 1512 2289 τὸ
1548 2237 1606 2302 ἐξ
1642 2238 1848 2303 ,ἑαυτοῦ

277 2323 680 2390 ᾲμετάστατον,
718 2331 814 2375 καὶ
863 2325 952 2376 διὰ
999 2323 1061 2377 τὸ
1117 2325 1846 2397 ὑπερηπλῶσθαιπάντωνο

275 2415 485 2481 κῐνησις
541 2411 617 2476 δὲ,
653 2413 712 2471 οὐ
753 2415 894 2466 κατὰ
923 2414 1120 2485 νοητὴν
1152 2417 1387 2486 κίνησιν,
1420 2420 1451 2489 ἢ
1507 2419 1765 2492 ψυχικὴν,
1815 2421 1847 2490 ἢ

278 2503 535 2570 φυσικὴν,
571 2501 603 2571 ἢ
640 2502 892 2572 τοπικὴν,
938 2503 969 2572 ἦ
1019 2504 1158 2567 ὅλως
1208 2507 1330 2566 τινὰ
1378 2506 1486 2560 τῶν
1541 2509 1850 2578 λεγομένων

275 2596 564 2660 κινήσεων,
618 2592 751 2644 ἀλλὰ
807 2596 873 2663 τῇ
925 2595 1144 2648 πάντων
1198 2597 1410 2669 ἁσχέτῳ
1461 2605 1711 2672 περιοχῇ,
1753 2601 1846 2653 καὶ

273 2685 385 2744 ταῖς
439 2685 531 2736 ἐπὶ
585 2683 657 2737 τὰ
716 2683 845 2737 ὄντα
899 2691 1307 2757 προνοητικαῖς,
1363 2693 1454 2743 καὶ
1517 2694 1846 2770 ἁνεκφοιτή-

274 2789 380 2838 τοις
411 2775 684 2846 προόδοις,
724 2775 820 2829 καὶ
848 2779 964 2841 ταῖς
1003 2778 1140 2858 ὑπὲρ
1177 2785 1355 2846 πᾶσαν
1381 2784 1662 2856 ἐνέργ-ιαν
1695 2786 1848 2854 ἐνερν

274 2865 466 2932 γείιις.

1963 492 2097 547 illo:
2130 513 2149 546 ι
2173 493 2420 561 Domine,
2457 497 2706 562 Domine,
2757 497 2880 568 quis
2934 499 3130 555 similis
3163 501 3236 554 lui
3273 501 3357 554 ’⁸2)
3393 502 3538 558 Idem

1961 598 2092 654 ergo
2117 583 2336 651 dicitur,
2368 587 2626 655 quoniam
2674 587 3026 643 immutabilis
3053 602 3160 654 est,
3216 600 3272 645 et
3322 591 3374 646 in
3431 593 3541 649 cis-

1963 675 2108 739 dem,
2147 684 2310 744 atque
2341 676 2533 730 eodem
2567 679 2730 732 modo
2785 695 3005 750 semper
3055 681 3242 746 habet,
3302 691 3358 736 et
3412 686 3538 751 quia

1963 781 2072 819 non
2103 767 2512 829 cominiscetur,
2544 784 2650 822 non
2685 770 2912 840 indiget,
2969 788 3076 825 non
3112 782 3362 843 augetur,
3420 790 3535 828 non

1961 856 2323 920 imminuitur,
2357 867 2412 912 et
2443 859 2604 914 rebus
2665 861 2875 924 tribuit,
2912 873 2971 916 ut
3033 864 3222 916 eadem
3258 865 3534 930 dicantur,

1963 948 2223 1006 Diversus
2253 966 2380 1006 vero
2409 952 2630 1016 dicitur,
2675 955 2818 1022 quod
2858 955 3004 1008 nulla
3068 971 3153 1010 res
3204 956 3292 1019 sit,
3359 958 3536 1026 qualis

1959 1040 2076 1111 ipse
2105 1052 2209 1096 est.
2250 1041 2452 1096 Omnes
2479 1043 2622 1097 enim
2656 1033 2740 1098 res
2771 1045 2838 1099 ab
2868 1061 2951 1108 eo,
2976 1049 3066 1117 qui
3092 1063 3219 1102 vere
3250 1061 3353 1110 est,
3381 1066 3536 1104 crea-

1961 1137 2027 1184 ta.
2093 1139 2241 1193 sunt,
2278 1141 2333 1184 et
2387 1131 2503 1200 ipse
2552 1133 2778 1198 summis
2847 1137 3099 1190 omnibus
3157 1139 3403 1208 superior
3433 1151 3537 1207 est,

1956 1229 2014 1276 et
2052 1222 2122 1280 ab
2154 1222 2410 1277 omnibus
2445 1225 2515 1277 ita
2544 1224 2813 1288 diversus,
2848 1235 2908 1279 ut
2957 1227 3012 1280 in
3045 1227 3194 1281 nullo
3221 1244 3407 1282 earum
3441 1243 3535 1284 or-

1954 1310 2083 1366 dine
2116 1313 2290 1382 possit
2338 1314 2621 1380 constitui,
2675 1324 2728 1370 et
2758 1316 2884 1384 quia
2915 1317 3294 1372 diversitatem
3325 1329 3380 1372 et
3425 1320 3536 1373 dis-

1956 1403 2246 1458 criminum
2275 1413 2361 1458 est
2390 1404 2635 1460 effector.
2671 1407 2876 1460 Dicitur
2904 1408 3064 1461 etiam
3085 1410 3306 1463 similis:
3333 1411 3528 1478 «E30,:

1953 1490 2148 1562 inquit,
2168 1511 2186 1543 ι
2219 1493 2408 1548 oculos
2439 1494 2752 1563 implevi,et
2774 1497 2830 1549 in
2863 1499 3117 1562 manilius
3144 1501 3533 1570 prephetarum

1954 1571 2149 1639 similis
2196 1583 2293 1648 lui,
2327 1603 2344 1636 ι
2383 1589 2639 1654 quoniam
2670 1589 2770 1640 hac
2803 1597 2899 1650 aut
2963 1590 3050 1644 illa
3091 1590 3261 1645 forma
3306 1607 3364 1646 se
3429 1592 3536 1647 illis

1954 1676 2403 1745 conspiciendum
2461 1677 2754 1746 praebebat,
2813 1687 2869 1732 et
2926 1680 3006 1734 eis
3066 1694 3287 1750 aspectu
3345 1683 3536 1737 similis

1953 1767 2315 1833 elliciebatur,
2338 1768 2406 1822 ad
2437 1768 2555 1826 haec
2585 1770 2711 1838 quia
2743 1769 3122 1825 similitudinis
3149 1781 3234 1826 est
3290 1773 3532 1842 largitor.

1952 1862 2088 1918 Nam
2128 1877 2144 1916 :
2191 1879 2209 1912 ι
2243 1861 2552 1925 Faciamus,
2575 1878 2594 1912 ι
2640 1861 2835 1930 inquit,
2872 1862 3188 1920 «hominem
3220 1863 3288 1917 ad
3349 1865 3534 1932 imagi-

1952 1971 2084 2010 nem
2107 1964 2162 2010 et
2207 1953 2624 2008 similitudinem
2678 1963 2919 2009 nostram
2951 1955 2991 2007 '..
3047 1973 3065 2006 ι
3109 1953 3403 2009 Sciendum
3451 1963 3536 2009 est

1950 2057 2158 2111 autem,
2191 2046 2382 2104 eadem
2427 2059 2547 2100 esse
2579 2045 2688 2107 Deo
2739 2058 2794 2101 et
2840 2046 3035 2100 similia
3097 2056 3150 2100 et
3180 2046 3485 2109 .dssimilia
3517 2063 3531 2100 :

1955 2137 2151 2196 similia
2197 2139 2417 2209 quidem
2449 2147 2719 2207 quatenus
2752 2138 3027 2192 imitantur
3089 2153 3236 2198 eum,
3270 2140 3359 2208 qui
3388 2139 3536 2193 nulla

1956 2241 2133 2302 potest
2159 2230 2390 2301 exprimi
2423 2230 2764 2294 imitatione;
2803 2228 3094 2282 dissimilia
3133 2243 3284 2290 vero,
3341 2239 3536 2297 quate-

1942 2305 2057 2374 .nus
2084 2335 2169 2384 ea,
2195 2335 2314 2388 qua:
2347 2335 2376 2375 a
2408 2334 2572 2373 causa
2621 2319 3061 2389 proﬁciscuntur,
3088 2318 3288 2372 absunt
3326 2319 3395 2372 ab
3417 2319 3534 2387 ipsa

1955 2427 2140 2479 causa.
2174 2411 2360 2467 Status
2415 2412 2579 2466 etiam
2630 2420 2684 2465 et
2730 2420 2911 2466 motus
2969 2411 3229 2466 dicuntur
3251 2411 3318 2490 de
3380 2411 3531 2465 Deo:

1956 2510 2127 2557 status
2159 2504 2399 2572 quidem,
2437 2506 2560 2572 quia
2605 2503 2794 2556 ﬁrmus
2874 2509 2928 2556 et
2985 2501 3195 2555 stabilis
3227 2501 3280 2554 in
3335 2500 3532 2555 eodem

1955 2605 2166 2664 perstat
2220 2610 2282 2648 ac
2310 2604 2591 2663 permanet
2628 2633 2644 2661 ,
2693 2605 2746 2648 et
2794 2596 2975 2664 quiaa
3033 2599 3216 2664 se‘pso
3265 2593 3532 2648 dimoveri

1954 2704 2061 2742 non
2085 2694 2284 2758 potest,
2321 2697 2375 2740 et
2395 2689 2519 2757 quia
2554 2701 2715 2756 supra
2752 2689 2934 2740 omnia
2973 2695 3186 2751 exstat;
3219 2695 3399 2740 motus
3435 2699 3532 2736 au-

1954 2789 2089 2850 tem,
2128 2797 2234 2836 non
2276 2789 2495 2849 propter
2541 2779 2762 2844 mentis,
2803 2789 2896 2832 aut
2931 2777 3116 2840 animi,
3149 2787 3242 2830 aut
3299 2786 3528 2837 naturze,

1951 2885 2046 2930 aut
2077 2890 2195 2944 quae
2222 2890 2274 2927 ιιι
2311 2874 2428 2927 loco
2477 2872 2558 2938 ﬁt,
2603 2881 2697 2925 aut
2725 2871 2992 2940 ejusmodi
3017 2871 3175 2924 aliam
3210 2869 3527 2931 motionem,

275 2963 362 3016 sed
398 2972 621 3036 propter
654 2966 981 3024 immensum
1009 2985 1188 3026 rerum
1250 2972 1489 3029 omnium
1521 2971 1885 3040 complexum,
1928 2980 1982 3027 et
2011 2978 2230 3041 propter
2254 2968 2556 3024 immobiles
2595 2967 2946 3038 providentiae
3007 2965 3074 3020 ad
3101 2981 3190 3020 res
3221 2965 3368 3036 ipsas
3398 2977 3527 3033 pro-

273 3072 507 3124 gressus,
539 3067 592 3112 et
647 3060 894 3114 actiones
935 3062 1082 3115 omni
1142 3066 1360 3118 actione
1411 3066 1844 3134 pimstantiore»,
1933 3072 1939 3076 '
3223 3069 3230 3078 ’

879 3153 988 3207 Τοῦ
1028 3157 1238 3210 αὐτοῦ.

343 3247 744 3318 Παντοκράτωρ
804 3251 832 3303 6
866 3250 998 3314 Θεὸς
1035 3251 1256 3318 λέγεται
1303 3253 1364 3306 οὑ
1417 3270 1578 3324 μονον
1606 3253 1680 3318 ὡς
1712 3255 1842 3308 πάιν-

273 3357 373 3400 των
408 3339 647 3411 κριτῶν,
682 3341 775 3392 καὶ
827 3341 990 3394 πᾶσιν
1023 3342 1327 3400 ἐπιϐάλλων
1357 3346 1482 3410 τοὺς
1509 3345 1706 3414 ζυγοὺς
1742 3345 1840 3413 τῆς

278 3429 580 3494 δεσποτείας
621 3431 813 3495 αὑτοῦ,
845 3433 938 3486 καὶ
969 3435 1093 3497 τοὺς
1121 3435 1355 3505 δεσμοὺς
1384 3435 1478 3488 τοῦ
1509 3437 1712 3507 ἔρωτες
1742 3439 1840 3490 αὖ·

284 3521 384 3578 τοῦ,
413 3522 550 3576 ἀλλὰ
585 3525 678 3576 καὶ
705 3524 782 3587 ὡς
831 3528 1153 3595 παγκρατὴς
1184 3526 1315 3596 ξδρα
1365 3526 1620 3598 ἱδρύουσα
1660 3533 1838 3581 πάντα

285 3611 333 3668 ὲν
355 3614 531 3684 ἑαυτῇ,
565 3614 667 3675 ,καὶ
697 3613 1048 3685 θεμελιοῦσα,
1089 3616 1183 3676 ,καὶ
1212 3618 1512 3690 συνέχουσα
1534 3621 1674 3686 κατὰ
1707 3623 1837 3692 μζαν

289 3703 589 3772 ὑπτρούσιον
660 3707 938 3776 συνοχὴν,
1001 3707 1096 3774 καὶ
1165 3710 1265 3768 οὐκ
1326 3711 1468 3774 ἐῶσα
1525 3697 1836 3772 διεκπεσεῖν

287 3795 478 3867 ἑαυτῆς.

862 3891 968 3945 Τοῦ
1012 3893 1220 3947 αὐτοῦ.

344 3978 570 4048 Δύναμις
603 3981 633 4033 6
671 3981 801 4045 Θεός
828 3982 944 4046 ἔστι
994 4001 1052 4035 τε
1090 3985 1181 4044 καὶ
1226 3984 1466 4053 λέγεται,
1509 3987 1583 4051 ὠς
1614 3989 1835 4062 ἀπειρο-

289 4070 583 4142 ροδὺναμος,
631 4073 727 4128 καὶ
776 4075 1218 4146 πανταδύναμος,
1259 4082 1351 4138 καὶ
1396 4081 1575 4145 πάντα
1604 4082 1835 4154 δυνάμει

289 4166 546 4232 παράγων,
576 4166 674 4220 καὶ
703 4167 838 4220 πᾶσι
861 4166 1088 4238 δύναμιν
1115 4171 1496 4242 χαριζόμενος.
1521 4175 1689 4236 Οὐδὲν
1720 4180 1831 4248 γάρ

286 4255 384 4307 ἐστι
413 4257 517 4310 τῶν
549 4259 745 4322 ὀντων,
781 4257 811 4312 ὃ
843 4259 918 4330 μὴ
947 4261 1080 4331 παρ’
1107 4263 1272 4323 αὑτοῦ
1301 4265 1520 4336 μετέχει
1551 4267 1836 4337 δυνάμεως

285 4347 540 4421 ῆνοερᾶς,
570 4352 605 4423 ἢ
641 4352 890 4422 λογικῆς,
923 4353 955 4424 ἢ
991 4356 1246 4426 ζωτικῆς,
1296 4359 1328 4428 ἢ
1395 4359 1746 4432 αἰσθητικῆς,
1801 4361 1834 4432 ἢ

283 4440 584 4506 condition:
620 4445 718 4506 καὶ
747 4443 882 4504 αὐτὸ
908 4445 1039 4516 γὰρ,
1079 4447 1128 4498 εἰ
1165 4445 1322 4514 θέμις
1357 4449 1550 4516 εἰπεῖν,
1601 4451 1663 4505 τὸ
1689 4447 1830 4505 εἶναι

2617 3149 2888 3218 Ejusdem.

2013 3243 2326 3298 Dominator
2344 3244 2584 3296 omnium
2617 3243 2816 3296 dicitur
2835 3243 2997 3309 υυιιε,
3016 3258 3119 3308 non
3155 3244 3326 3298 solum
3353 3252 3412 3297 ut
3433 3244 3522 3313 qui

1940 3339 2193 3390 omnibus
2243 3335 2472 3405 imperat
2537 3346 2588 3389 et
2643 3336 2893 3396 omnibus
2942 3335 3068 3407 juga
3115 3352 3226 3390 suae
3275 3339 3524 3391 domina-

1943 3433 2108 3486 tionis
2136 3430 2388 3499 imponit,
2425 3441 2480 3482 et
2510 3429 2712 3481 amoris
2743 3432 2824 3482 sui
2861 3429 3090 3486 vinculis
3122 3431 3301 3483 omnia
3334 3432 3524 3485 devin-

1939 3524 2033 3587 cit;
2065 3535 2250 3574 verum
2297 3521 2456 3574 etiam
2511 3520 2656 3590 quia,
2701 3528 2759 3573 ut
2802 3521 2958 3574 sedes
3003 3522 3181 3573 onmia
3223 3521 3419 3586 firmat,
3467 3530 3524 3578 et

1938 3614 2146 3678 fundat,
2191 3623 2240 3667 et
2279 3615 2513 3667 essentia
2565 3613 2876 3682 superantis
2911 3613 3171 3667 essentia:
3218 3629 3328 3668 sua:
3373 3630 3521 3668 com.

1937 3708 2093 3775 plexu
2121 3707 2198 3760 sic
2227 3707 2410 3767 omnia
2441 3707 2700 3776 continet,
2739 3713 2797 3767 ut
2827 3720 2887 3759 ea
2922 3720 2954 3758 a
2982 3721 3039 3758 se
3067 3721 3175 3758 non
3208 3705 3352 3760 sinat
3379 3705 3522 3762 acci-

1937 3799 2084 3852 dere.

2605 3889 2876 3966 Ejusdem.

2009 3977 2255 4033 Potentia
2283 3977 2425 4033 Deus
2448 3988 2501 4033 et
2545 3992 2628 4042 est
2655 3991 2708 4035 et
2737 3981 2952 4038 dicitur.
2982 3985 3299 4042 Utiniinitte
3328 3996 3522 4058 poten-

1939 4072 2046 4136 tiae,
2083 4082 2139 4126 ut
2166 4072 2533 4141 omnipotens,
2559 4082 2617 4130 ut
2649 4075 2740 4144 qui
2773 4076 3010 4143 potentia
3037 4077 3105 4132 ad
3136 4089 3315 4133 ortum
3346 4080 3518 4134 dedu-

1937 4167 2012 4220 cit
2033 4167 2238 4232 omnia,
2263 4174 2318 4218 et
2338 4165 2632 4234 potentiam
2660 4167 2910 4222 omnibus
2935 4167 3177 4240 largitur.
3201 4171 3341 4225 Nihil
3365 4172 3513 4226 enim

1937 4267 2018 4313 est
2048 4272 2257 4323 eorum,
2307 4273 2428 4328 quae
2466 4266 2613 4322 sunt,
2665 4259 2753 4314 cui
2789 4275 2896 4314 non
2927 4263 2995 4318 ab
3025 4277 3092 4317 eo
3117 4263 3185 4318 sit
3215 4267 3520 4320 communi-

1937 4357 2056 4405 cata
2086 4349 2326 4422 potentia
2374 4349 2456 4402 Vel
2494 4350 2694 4404 mentis
2728 4350 2810 4406 vel
2845 4351 3091 4418 rationis,
3129 4353 3211 4408 vel
3242 4354 3382 4418 vita,
3433 4355 3517 4412 vel

1939 4454 2148 4500 sensus,
2198 4438 2279 4492 vel
2312 4441 2587 4494 essentiaa.
2607 4439 2745 4505 Ouin
2776 4441 2940 4496 etiam
2971 4443 3147 4512 ipsum
3178 4459 3319 4509 esse,
3354 4446 3399 4500 si
3433 4448 3516 4502 l'as

281 4531 486 4604 δύναμιν
510 4503 591 4597 εἰς
613 4503 675 4587 τδ
707 4529 848 4588 εἶναι
878 4503 1160 4606 tinam
1189 4503 1832 4612 rijcvunspooc'xloo

1948 4541 2020 4586 est
2059 4532 2131 4589 ita
2162 4531 2329 4609 loqui.
2379 4531 2447 4585 ab
2482 4531 2596 4601 ipsa
2639 4535 2877 4602 potentia
2920 4535 3214 4589 essentiam
3265 4539 3508 4592 essentia

277 4642 429 4696 μεως,
458 4629 553 4680 καὶ
583 4628 765 4688 πάντα
801 4627 1054 4698 δυναμῶν
1101 4632 1180 4694 sl;
1208 4633 1304 4694 τὰς
1343 4634 1549 4695 οἰκείας
1575 4635 1712 4704 αὐτῇ
1747 4653 1834 4688 κι-

278 4719 466 4789 νήσεις,
494 4721 586 4774 καὶ
617 4719 900 4790 δυνάμεις,
930 4721 1023 4781 καὶ
1053 4723 1358 4794 ἐνεργείας.
1385 4723 1581 4795 Τὸγὰρ
1603 4727 1834 4779 καθόλου

277 4813 534 4882 μηδεμίαν
563 4814 796 4883 δύναμιν
819 4812 940 4887 ἔχον
970 4814 1093 4868 οὔτε
1123 4816 1289 4882 ἔστιν,
1318 4815 1440 4870 οὕτε
1477 4817 1531 4870 τι
1561 4820 1725 4873 ἐστιν.
1771 4819 1833 4872 'll

277 4902 372 4972 γὰρ
404 4905 877 4976 παντοκρατορικὴ
905 4904 1133 4974 δύναμις
1158 4906 1252 4958 καὶ
1275 4907 1440 4977 μέχρι
1458 4908 1564 4960 τῶν
1593 4911 1833 4978 ἐσχάτων

277 4996 637 5066 ἁπηχημάτων
658 4996 831 5065 αὐτῆς
857 4997 1056 5067 διήκει.
1093 4997 1280 5060 Ταῦτα
1313 4999 1369 5051 δὲ
1428 5002 1536 5056 εἰσι
1587 5002 1656 5054 τὰ
1689 5019 1831 5056 ,παν-

277 5085 426 5148 πλῶς
455 5087 638 5158 ἄψυχα
673 5093 770 5139 καὶ
788 5088 1110 5157 ἀναίσθητα,
1149 5089 1185 5151 ἃ
1242 5091 1337 5142 καὶ
1377 5091 1515 5144 αὐτὰ
1547 5092 1830 5162 δυνάμεως

278 5178 477 5248 μετέχει
502 5181 596 5247 τῆς
622 5180 700 5238 εἰς
734 5179 794 5231 τὸ
824 5176 984 5233 εἶναι.
1019 5180 1168 5252 Αὕτη
1201 5183 1383 5236 τοίνυν
1431 5186 1461 5254 ἡ
1526 5185 1830 5256 δυναμοδύ-

276 5284 446 5338 νσμις,
489 5270 580 5324 καὶ
615 5270 989 5340 δυναμοδότις,
1024 5275 1116 5325 καὶ
1176 5274 1550 5346 ὑπερδύναμος
1599 5279 1828 5346 δύναμις

275 5358 486 5430 δυναμοι
513 5365 606 5414 καὶ
639 5361 708 5414 τὰ
741 5361 964 5431 ἀσθενῆ.
1009 5365 1115 5416 Καὶ
1141 5367 1246 5437 γὰρ
1283 5369 1378 5418 καὶ
1433 5367 1688 5438 ἐμπίδας,
1740 5371 1834 5424 καὶ

276 5457 548 5524 κώνωπας,
576 5462 672 5514 καὶ
705 5461 1002 5530 μυίας,καὶ
1028 5462 1096 5514 τὰ
1120 5461 1198 5514 ἔτι
1225 5463 1831 5534 τούτωνὰσῦενέστερα.

273 5545 462 5618 Εἰρηκε
501 5553 606 5621 γὰρ
652 5551 781 5622 7:sz
815 5553 911 5620 τῆς
960 5552 1190 5622 κάμπης
1245 5555 1338 5606 καὶ
1381 5554 1477 5621 τῆς
1536 5555 1758 5622 ἀκρίδος
1807 5560 1835 5608 6

276 5638 515 5702 Θεὸς,ὃτι
553 5662 570 5695 ι
599 5643 840 5712 Δύναμίς
871 5662 968 5713 μου
1007 5647 1038 5715 ἡ
1073 5645 1336 5714 μεγάληπ

369 5822 386 5852 ⁸
414 5820 555 5879 Psal.
615 5839 690 5883 ει.
721 5826 808 5880 ἳ8.

887 5827 906 5856 ²
973 5824 1008 5879 Ρ
1043 5825 1110 5878 al.
1148 5841 1307 5878 vxxw
1365 5826 1443 5878 l0.
1522 5827 1542 5858 ³
1585 5827 1724 5888 Gen.
1762 5844 1798 5897 t,
1834 5829 1922 5885 26.

1935 4623 2365 4694 pmstantiorcm
2399 4625 2682 4680 obtinente
2712 4627 2899 4690 habet,
2929 4636 2986 4680 ut
3018 4627 3110 4692 sit,
3138 4636 3193 4682 et
3217 4629 3320 4696 qui
3379 4643 3517 4683 cun-

1935 4730 2020 4768 eta
2054 4715 2462 4773 corroborabut
2493 4717 2699 4785 possint
2731 4732 2857 4770 suas
2882 4733 3107 4787 quzeque
3137 4721 3424 4781 mot‘oues,
3461 4727 3515 4772 et

1932 4809 2096 4870 vires,
2124 4815 2180 4861 et
2201 4809 2444 4863 actiones
2473 4823 2748 4867 exercere.
2772 4808 2926 4873 Quod
2953 4810 3098 4864 enim
3130 4809 3327 4863 nullam
3356 4811 3514 4879 plane

1933 4899 2233 4966 potentiam
2270 4897 2454 4959 habet,
2489 4914 2597 4954 non
2631 4908 2736 4954 est.
2801 4900 2892 4954 llla
2923 4902 3066 4955 enim
3101 4902 3338 4969 potentia
3396 4917 3514 4954 om-

1938 4987 2088 5040 nium
2130 4987 2350 5047 domina
2399 4988 2465 5048 ad
2517 4999 2788 5046 extremos
2841 5005 3012 5058 usque
3045 5006 3222 5044 reruni
3254 4991 3514 5046 terminos

1937 5087 2202 5146 permeat.
2259 5077 2351 5140 lite
2381 5088 2508 5142 sunt
2539 5094 2657 5148 qua:
2686 5096 2808 5134 eum
2842 5082 2948 5133 vita
3006 5091 3059 5134 et
3097 5095 3257 5134 se-nsu
3297 5081 3512 5149 penitus

1937 5177 2179 5231 careant,
2205 5171 2500 5238 potentiam
2546 5180 2724 5226 tamen
2764 5173 2984 5236 habent,
3019 5183 3076 5227 ut
3109 5174 3234 5228 sint.
3269 5173 3392 5228 Haec
3418 5175 3514 5246 igi-

1939 5273 2028 5317 tur
2070 5262 2326 5328 potentim
2371 5264 2631 5330 potentia,
2684 5265 2938 5332 potentia:
2989 5265 3253 5334 largitrix,
3311 5277 3365 5319 et
3395 5267 3511 5335 ipsa

1940 5353 2180 5422 potentia
2214 5353 2506 5420 potentior,
2560 5354 2846 5408 conﬁrmat
2900 5359 3060 5409 etiam
3111 5365 3162 5409 et
3196 5359 3512 5412 corroborat

1941 5457 2060 5509 qua:
2107 5451 2233 5494 sunt
2271 5441 2538 5496 imbecilla
2581 5455 2635 5497 et
2693 5443 3008 5512 impotentia
3041 5456 3202 5515 atque
3246 5446 3509 5511 invalida,

1941 5531 2244 5599 cuiusmodi
2278 5541 2403 5585 sunt
2431 5533 2629 5587 culices
2656 5543 2711 5586 et
2748 5547 3004 5600 cenopes,
3035 5543 3089 5588 et
3120 5551 3337 5597 tnusczc,
3365 5547 3420 5592 et
3465 5527 3512 5591 si

1942 5641 2044 5692 qua
2075 5634 2202 5678 sunt
2231 5624 2312 5677 his
2342 5633 2501 5677 etiam
2538 5623 2910 5679 imbecilliora.
2940 5625 3078 5680 Dixit
3108 5629 3251 5681 enim
3280 5627 3420 5683 Deus
3446 5629 3514 5683 de

1942 5720 2149 5773 trocho
2175 5728 2229 5772 et
2251 5719 2475 5782 locusta,
2508 5719 2762 5792 quoniam
2804 5737 2820 5770 ι
2843 5719 3089 5775 Potentia
3121 5736 3240 5777 mea
3262 5737 3472 5794 magna.
3490 5739 3508 5772 ι
