4026 6212
431 330 532 401 131

1053 444 1328 514 Ejusdem.

480 545 893 602 Cummunicare
917 560 975 601 se
1000 542 1201 599 dicitur
1220 542 1381 600 Dens,
1401 543 1621 607 propter
1643 546 1866 587 munera
1890 542 2009 591 sua,

1668 320 2044 386 EUTIIYMU
2088 319 2449 383 ZIGABENI

2041 442 2081 491 Δ

3597 314 3705 382 122⁷

2728 426 2834 482 Τοῦ
2877 426 3085 482 αὐτοῦ.

2186 524 2463 585 Μεθεκτος
2495 523 2594 590 μὲν
2618 525 2643 576 ὁ
2673 521 2806 582 Θεὸς
2834 521 2976 574 κατά
3001 523 3099 585 τὰς
3132 521 3451 590 μεταδόσεις
3504 525 3692 590 αύοῦ,

430 657 550 712 quae
586 642 751 697 rebus
777 641 1044 696 universis
1090 636 1368 692 distribuit
1404 648 1555 686 :non
1607 626 2013 686 c0mmunicare

2129 616 2417 683 ὶμέθεκτος
2442 614 2496 666 δὲ
2530 613 2671 667 κατὰ
2701 612 2762 664 τὸ
2797 611 2965 679 μηδὲν
3019 612 3247 683 μετέχον
3278 614 3449 685 αὐτῆς
3479 615 3579 685 τῆς
3605 617 3701 667 ούο

431 744 636 799 autcm,
670 736 794 802 quia
841 734 988 787 nulla
1042 746 1129 785 res
1177 738 1257 782 est
1284 728 1554 798 particeps
1602 721 1876 783 assentire,
1921 728 2016 771 aut

430 826 573 890 vitm,
608 837 701 881 aut
747 823 1050 895 sapientiae,
1103 830 1196 876 aut
1227 820 1386 875 ullius
1434 830 1648 878 eorum,
1684 828 1802 883 ane
1852 810 2017 865 habet

434 914 552 985 ipse
602 917 808 970 ratione
858 914 1087 984 quadam
1130 909 1575 983 przestantissima
1613 915 1668 960 et
1731 898 2012 973 singulari.

1075 1023 1349 1092 Ejusdem.

504 1125 582 1178 Ex
611 1137 718 1193 quo
750 1119 828 1185 ﬁt,
862 1129 923 1173 ut
951 1133 981 1171 a
1018 1114 1245 1185 singulis
1278 1112 1440 1166 rebus
1473 1118 1616 1163 totus
1650 1105 1935 1165 habeatur,
1963 1108 2019 1155 et

434 1216 581 1272 nulla
614 1231 699 1270 res
735 1214 899 1267 ullam
928 1211 1045 1281 ejus
1089 1216 1296 1278 partem
1340 1203 1556 1261 habeat,
1586 1208 1642 1252 ut
1674 1206 1919 1252 centrum
1951 1193 2007 1245 in

435 1311 615 1366 medio
637 1307 840 1364 circulo
860 1321 890 1359 a
927 1303 1091 1358 rectis
1116 1298 1365 1354 omnibus
1391 1294 1547 1348 lineis
1577 1300 1771 1352 totum,
1792 1295 1847 1341 et
1870 1284 2017 1338 nulla

432 1403 552 1470 ejus
581 1414 706 1468 pars
737 1398 804 1451 ab
833 1395 937 1449 ulla
968 1392 1215 1446 habetur.
1250 1387 1409 1442 Velut
1441 1382 1696 1452 sigillum,
1729 1376 1873 1448 quod
1895 1390 2015 1429 om-

435 1494 592 1546 nibus
638 1506 703 1544 ex
754 1504 813 1542 se
853 1484 1082 1554 sumptis
1144 1478 1406 1549 exemplis
1438 1477 1509 1531 ita
1542 1490 1600 1530 se
1646 1481 1817 1529 totum
1853 1478 2018 1538 atque

434 1586 579 1639 idem
635 1579 1020 1639 communicat.
1076 1583 1136 1628 ut
1187 1589 1216 1626 a
1266 1572 1415 1625 nullo
1452 1578 1629 1622 tamen
1667 1579 1860 1619 eorum
1911 1561 2017 1615 ulla

438 1679 612 1746 ipsius
644 1674 903 1727 habeatur
940 1683 1089 1738 pars.
1125 1665 1240 1719 Hoc
1277 1671 1457 1716 tamen
1492 1666 1713 1730 praestat
1745 1656 1830 1709 illa
1869 1654 2017 1709 Divi-

2117 709 2234 767 σίας
2259 705 2447 767 αὐτοῦ,
2474 706 2505 776 ἢ
2540 705 2639 773 τῆς
2669 704 2816 771 ζωῆς
2847 702 3033 768 αὑτοῦ,
3084 704 3114 773 ἢ
3152 705 3253 774 τῆς
3280 706 3474 773 σοφίας
3502 706 3698 768 αὑτοῦ,

2113 800 2147 867 ἦ
2174 816 2317 860 τινος
2354 798 2463 850 τῶν
2497 798 2777 861 τοιούτων,
2814 792 2958 865 ἅπερ
2993 794 3106 866 ἔχει
3144 797 3320 850 πάντα
3357 797 3482 851 καθ’
3519 798 3698 871 ὕστερα

2116 892 2246 962 οχὴν
2275 890 2371 944 καὶ
2402 890 2721 961 ἐξαιρέτως.

2735 1003 2851 1058 Τοῦ
2878 1003 3088 1059 αὐτοῦ.

2188 1097 2312 1148 "Ott
2343 1098 2369 1148 ὁ
2399 1095 2530 1157 Θεὸς
2563 1097 2656 1148 καὶ
2683 1096 2771 1165 ὑφ’
2803 1097 3041 1150 ἑκάστου
3067 1095 3177 1151 τῶν
3210 1098 3552 1168 μετεχόντων
3576 1101 3705 1166 ὅλος

2121 1188 2425 1257 μετέχεται,
2470 1186 2562 1239 καὶ
2601 1185 2937 1249 ύπ⁹ούδενὸς
2974 1188 3151 1241 οὐδενὶ
3206 1189 3387 1259 μέρει,
3444 1189 3704 1260 καθάπερ

2121 1280 2345 1348 κέντρον
2382 1281 2441 1331 ἐν
2474 1279 2624 1349 μέσῳ
2662 1280 2863 1333 κύκλου
2899 1282 3005 1352 πρὸ
3035 1281 3223 1336 πασῶν
3251 1282 3360 1335 τῶν
3393 1285 3451 1335 ἐν
3480 1284 3558 1351 τῷ
3605 1283 3707 1337 κύ-

2121 1371 2232 1442 κλῳ
2259 1376 2662 1443 περικειμένων
2692 1373 2936 1428 εὐθειῶν.
2993 1372 3100 1429 Καὶ
3154 1373 3342 1446 ὥσπερ
3403 1378 3706 1446 σφραγῖδος

2119 1463 2503 1533 ἐκτυπώματα
2535 1464 2707 1518 πολλὰ
2748 1464 2963 1535 μετέχει
2992 1465 3090 1531 τῆς
3120 1466 3430 1536 ἀρχετύπου
3464 1468 3707 1538 σφραγῖ-

2117 1556 2225 1621 δος,
2258 1559 2352 1610 καὶ
2382 1559 2441 1610 ἑν
2489 1557 2707 1628 ἑκάστῳ
2772 1558 2883 1611 τῶν
2937 1558 3352 1629 ἑκτυτιωμάτων
3404 1561 3531 1631 ὃλης
3606 1563 3707 1614 καὶ

2119 1648 2323 1718 ταύτης
2345 1647 2532 1718 οὔσης,
2560 1649 2656 1702 καὶ
2685 1651 2740 1702 ἐν
2763 1649 2935 1704 οὐδενὶ
2966 1649 3086 1707 κατ’
3106 1651 3257 1704 οὐδὲν
3285 1655 3471 1723 μέρος,
3492 1651 3706 1724 Ὑπέρ-

437 1768 646 1829 uitatis,
681 1778 802 1833 qua:
827 1768 913 1815 est
951 1772 1132 1813 rerum
1164 1756 1405 1810 omnium
1439 1767 1625 1815 causa,
1675 1762 1782 1803 non
1818 1747 2019 1816 impar-

2133 1755 2313 1793 κειται
2370 1740 2427 1797 δέ
2489 1742 2582 1797 καὶ
2620 1740 2829 1796 τούτων
2884 1742 3056 1811 ἡτῆς
3112 1742 3399 1796 παναιτίου
3442 1743 3707 1813 Θεότητος

440 1857 610 1912 tiendi
639 1826 712 1909 se'
724 1854 877 1916 ratio,
896 1850 1043 1921 quod
1068 1847 1214 1901 nulla
1237 1853 1469 1899 altactus
1493 1840 1829 1896 mistionisre
1849 1837 2023 1892 socie-

2129 1831 2412 1901 ἀμεθεξία,
2444 1832 2521 1901 τῷ
2552 1833 2691 1903 μήτε
2711 1832 2926 1902 ἐπαφὴν
2964 1834 3132 1902 αὐτῆς
3160 1826 3322 1895 εἶναι,
3360 1834 3495 1904 μήτε
3531 1835 3709 1903 ἀλλην

442 1960 549 2005 tate
580 1963 701 2003 cum
768 1945 877 2000 illis
908 1940 1272 2013 conjungitnr,
1315 1936 1513 2006 quibus
1568 1930 2019 1987 communicatur.

2123 1923 2247 1976 τινὰ
2275 1922 2411 1993 πρὸς
2436 1924 2503 1976 τὰ
2530 1925 2828 1994 μετέχοντα
2862 1925 3117 1993 συμμιγῆ
3155 1925 3461 1988 κοινωνίαν,
3520 1926 3708 1980 καίτοι

382 2034 385 2035 ⁷
439 2043 593 2108 Quod
611 2041 653 2096 si
676 2040 799 2109 quis
812 2037 1050 2107 olijiciat,
1070 2049 1176 2087 non
1208 2031 1263 2085 in
1284 2030 1538 2085 omnibus
1557 2024 1818 2094 exemplis
1844 2031 2021 2077 totum

2129 2016 2258 2086 φαίη
2290 2033 2397 2080 τις,
2427 2015 2540 2068 Οὐκ
2572 2016 2723 2067 ἔστιν
2759 2013 3059 2091 ήσφραγὶς
3084 2016 3142 2067 ἐν
3176 2014 3316 2077 ὅλοις
3367 2017 3477 2078 τοῖς
3524 2016 3709 2084 ἐκμα-

439 2142 604 2199 atque
652 2129 790 2182 idem
827 2126 1040 2195 signum
1074 2122 1278 2190 etlingi,
1331 2117 1692 2187 respondebo,
1738 2128 1846 2167 non
1879 2109 2024 2166 illius

455 2223 636 2292 culpa,
668 2219 808 2289 quod
850 2234 909 2271 se
943 2225 1112 2270 totum
1157 2224 1317 2281 atque
1349 2212 1492 2264 idem
1537 2207 1761 2278 singulis
1804 2218 2021 2260 accom-

452 2314 660 2378 modat,
696 2310 791 2365 sed
821 2306 1207 2378 excipientium
1240 2303 1553 2358 diversitate
1598 2298 1933 2368 contingere,
1964 2298 2033 2373 ut,

448 2406 633 2469 unius,
678 2412 734 2457 et
775 2401 958 2463 totius,
985 2406 1039 2452 et
1089 2395 1329 2467 ejusdem
1377 2390 1705 2461 exemplaris
1755 2386 2022 2456 imagines

448 2496 746 2553 dissimiles
778 2493 903 2547 sint.
941 2488 1181 2557 Exempli
1209 2486 1400 2557 gratia,
1424 2484 1469 2539 si
1501 2481 1785 2553 simplicia,
1811 2479 2019 2540 facilia,

448 2589 588 2643 levia
633 2596 690 2641 et
725 2581 1052 2644 tractabilia,
1096 2593 1209 2633 non
1268 2575 1603 2638 resistentia,
1647 2588 1757 2627 non
1805 2585 2019 2640 aSpera,

448 2700 559 2740 non
590 2680 822 2751 fragilia,
865 2691 974 2731 non
1004 2671 1275 2728 instabilia
1311 2669 1440 2732 sint.
1473 2681 1685 2738 puram,
1716 2675 1772 2720 et
1802 2678 2025 2734 expres-

447 2792 586 2839 sam,
611 2782 667 2828 et
698 2772 905 2826 ﬁrmam
940 2766 1170 2838 eﬂigiem
1208 2761 1535 2841 percipient.
1573 2756 1668 2827 Sin
1699 2756 1901 2827 aliquid
1932 2768 2026 2810 eo.-

447 2880 569 2931 rntn
619 2860 903 2929 defecerit,
948 2874 1069 2929 qua:
1107 2856 1252 2921 dicta
1286 2864 1432 2924 sunt,
1485 2852 1716 2918 ideoque
1748 2848 1929 2915 minus
1956 2843 2024 2899 ad

449 2957 682 3027 {prmum
736 2950 1135 3023 suscipiendam
1194 2955 1317 3022 apta
1358 2954 1521 3014 atque
1570 2942 1764 2996 idonea
1797 2937 2021 3005 fuerint,

452 3049 507 3119 id
550 3047 658 3111 erit
706 3060 867 3113 causa
915 3039 1394 3104 dissimilitudinis,
1447 3043 1505 3099 et
1542 3028 1923 3091 deformitatis,
1969 3036 2025 3081 et

2123 2108 2291 2176 γείοις
2327 2107 2423 2175 ὅλη
2464 2107 2623 2177 καὶὴ
2667 2107 2827 2177 αὐτή.
2870 2105 3076 2159 Τούτου
3140 2105 3197 2158 δὲ
3226 2105 3328 2176 οὐχ
3379 2107 3411 2177 ή
3465 2110 3710 2178 σφραγὶς·

2124 2199 2274 2253 αἰτία
2300 2213 2313 2228 ⁸
2348 2200 2530 2252 πᾶσαν
2561 2198 2669 2267 γὰρ
2700 2196 2900 2267 ἑαυτὴν
2929 2197 3135 2267 ἐκείνη,
3158 2197 3251 2250 xui.
3281 2198 3488 2269 ταύτην
3524 2200 3711 2252 ἐπιδίο

2122 2290 2287 2345 δωσιν
2312 2292 2561 2360 ἑκάστῳ”
2591 2288 2706 2342 ἀλλ’
2739 2289 2772 2360 ἡ
2811 2288 2920 2341 τῶν
2977 2290 3317 2359 μετεχόντων
3370 2290 3708 2362 διαφορότης

2123 2383 2352 2450 ἀνόμοια
2376 2383 2521 2434 ποιεῖ
2543 2381 2611 2434 τὰ
2636 2380 3041 2452 ἀπομόργματα
3066 2385 3163 2452 τῆς
3184 2384 3313 2451 μιᾶς
3331 2384 3424 2435 καὶ
3448 2382 3576 2453 ὅλης
3607 2385 3708 2437 καὶ

2122 2475 2324 2545 ταυτῆς
2361 2472 2723 2544 ἀρχετύπίας.
2759 2467 2884 2527 Οἷον
2910 2476 2957 2527 εί
3008 2475 3110 2543 μὲν
3162 2475 3365 2541 ἁπαλὰ,
3426 2477 3522 2530 καὶ
3570 2481 3709 2531 ἀτύ-

2124 2584 2279 2621 πωτα
2318 2561 2374 2640 ᾖ,
2407 2570 2500 2619 καὶ
2530 2565 2673 2632 λεῖα,
2716 2566 2812 2620 καὶ⁸
2839 2567 3176 2637 εύχάρακτα,
3240 2570 3337 2622 καὶ
3367 2571 3501 2639 μήτε
3551 2570 3711 2624 ἀντί-

2122 2678 2291 2727 τυπα,
2328 2659 2424 2712 καὶ
2474 2657 2706 2729 σκληρὰ,
2736 2660 2873 2728 μήτε
2902 2659 3216 2728 εὐδιάχυτα,
3271 2662 3369 2713 καὶ
3399 2661 3711 2730 ἀσύστατα,

2124 2750 2365 2819 καθαρὸν
2399 2749 2530 2816 ἕξει,
2567 2751 2661 2803 καὶ
2683 2750 2832 2820 σαφῆ
2852 2754 2945 2804 καὶ
2968 2752 3374 2822 ἑναπομένοντα
3388 2754 3478 2807 τὸν
3507 2755 3708 2809 τύπονο

2125 2840 2254 2893 είδέ
2305 2856 2357 2893 τι
2414 2843 2514 2908 τῆς
2566 2840 2869 2911 εἰρημένης
2924 2841 3363 2912 ἐπιτηδειότητος
3413 2843 3654 2896 ἐλλείποι
3690 2886 3708 2915 ,

2126 2934 2286 2999 τοῦτο
2322 2935 2493 2987 αἴτιον
2528 2933 2681 2997 ἔσται
2714 2933 2808 2987 τοῦ
2836 2932 3146 2999 άτυπώτου,
3176 2935 3272 2986 καὶ
3299 2934 3391 2987 τοῦ
3432 2934 3710 3003 ἀσαφοῦς,

2130 3028 2224 3082 καὶ
2252 3026 2362 3079 τῶν
2394 3026 2570 3081 ἄλλων
2600 3025 2699 3089 ὅσα
2735 3025 2979 3096 μετοχῆς
3038 3025 3510 3097 άνεπιτηδειότητι
3558 3029 3713 3097 γίνε-

448 3141 677 3210 aliorum
716 3134 1207 3199 incommodorum,
1243 3145 1363 3199 qua:
1399 3126 1639 3180 materia“:
1689 3123 1754 3176 ad
1798 3121 2025 3176 formam
2052 3115 2095 3175 C
2128 3137 2242 3176 ται.

452 3231 830 3303 excipiendam
864 3228 1044 3282 minus
1078 3220 1501 3278 accommodata:
1529 3216 1872 3286 contingunt.

1112 3337 1386 3406 Ejusdem.

523 3436 674 3491 Unus
694 3446 777 3489 est
799 3448 981 3488 rerum
1009 3432 1251 3487 omnium
1275 3425 1531 3490 essentia,
1564 3433 1619 3479 et
1656 3421 2025 3494 pulchritudo,

451 3540 508 3591 et
531 3530 763 3592 bonitas,
789 3534 844 3580 et
862 3522 1124 3595 sapientia
1149 3522 1313 3585 Deus,
1338 3535 1499 3589 quem
1528 3525 1791 3584 expetunt
1813 3529 2026 3582 omnes,

453 3621 547 3690 qui
581 3619 741 3671 unius
766 3623 897 3671 sunt
927 3614 1149 3680 formae;
1178 3610 1470 3681 participes
1493 3616 1675 3662 autem
1707 3606 1851 3671 illius
1871 3603 2026 3671 ﬁunt,

454 3727 563 3776 non
597 3725 705 3764 uno
732 3722 921 3763 omnes
955 3705 1136 3771 modo,
1165 3703 1411 3773 quamvis
1443 3700 1558 3769 ipse
1618 3712 1759 3755 unus
1800 3706 1854 3752 et
1888 3697 2028 3752 idem

454 3801 701 3867 exsistat,
732 3799 826 3854 sed
857 3797 995 3851 alius
1023 3796 1128 3849 alia
1165 3803 1325 3863 atque
1357 3790 1458 3845 alia
1490 3790 1719 3853 ratione,
1750 3798 1808 3841 ut
1836 3790 2029 3858 cuique

456 3891 637 3947 divina
666 3889 801 3943 libra
832 3886 1108 3946 distribuit
1130 3899 1226 3954 pro
1260 3882 1527 3951 cujusque
1555 3879 1856 3934 babilitate.

1118 3998 1393 4068 Ejusdem.

539 4097 805 4163 Quoniam
841 4094 982 4147 Deus
1013 4099 1069 4145 et
1096 4102 1197 4154 est,
1237 4098 1295 4143 et
1350 4087 1511 4141 rebus
1541 4084 1777 4153 largiens
1809 4091 1867 4137 ut
1901 4081 2030 4148 siut,

459 4190 656 4245 multas
702 4195 857 4256 parat
898 4184 1183 4246 essentias,
1224 4178 1585 4247 multiplicare
1625 4176 1825 4230 dicitur
1861 4190 2028 4229 unum

457 4282 590 4347 illud
622 4280 766 4349 quod
799 4286 902 4343 est,
941 4291 1007 4330 ex
1039 4275 1158 4344 ipso
1191 4273 1481 4326 multarum
1513 4282 1692 4322 rerum
1728 4277 1906 4321 ortum
1938 4267 2032 4321 de.

455 4377 681 4441 ducens.
730 4369 904 4423 Manet
955 4376 1137 4421 autem
1184 4372 1238 4417 et
1272 4364 1350 4417 sic
1396 4376 1563 4415 unum
1618 4362 1673 4414 in
1711 4359 2032 4429 multiplica.

2741 3298 2853 3354 Τοῦ
2902 3298 3110 3353 αὑτοῦ.

2210 3398 2307 3450 Ἕν
2346 3393 2447 3464 μέν
2483 3394 2599 3446 ἐστι
2625 3391 2686 3446 τδ
2708 3392 2876 3456 ὅντως
2900 3392 2980 3458 ὃν,
3014 3393 3107 3445 καὶ
3134 3392 3321 3457 καλὸν,
3348 3391 3444 3446 καὶ
3475 3390 3709 3461 ἀγαθὸν,

2128 3490 2223 3551 καὶ
2285 3488 2472 3558 σοφὸν,
2513 3484 2574 3539 οὗ
2612 3486 2812 3549 πάντες
2863 3486 2913 3538 oi
2957 3485 3207 3549 ἑνοειδεῖς
3254 3484 3534 3556 ἐφίενται·
3579 3504 3717 3556 μετ-

2130 3582 2312 3654 έχουσι
2333 3582 2389 3635 δὲ
2415 3577 2581 3633 αύτοῦ
2612 3580 2713 3650 οὐχ
2750 3579 2988 3642 ἐνιαίως,
3029 3578 3207 3632 καίτοι
3236 3579 3353 3642 ἑνὸς
3380 3580 3475 3633 καὶ
3504 3579 3708 3638 ταυτοῢ

2129 3673 2304 3738 ὄντος,
2336 3670 2454 3726 ἀλλ’
2488 3672 2562 3735 ὡς
2584 3670 2799 3740 ἑκάστῳ
2827 3670 2893 3724 τὰ
2928 3668 3049 3723 θεῖα
3078 3668 3324 3738 διανέμει
3383 3667 3522 3737 ζυγὰ
3552 3673 3702 3729 κατὰ

2130 3765 2228 3833 τὴν
2258 3765 2492 3820 ἑκάστου
2524 3763 2964 3835 ἐπιτηδειότητα.

2738 4012 2850 4068 Τοῦ
2881 4014 3091 4069 αὐτοῦ.

2215 4105 2434 4177 Ἐπειδὴ
2467 4106 2495 4159 ὁ
2524 4105 2659 4169 Θεὸς
2681 4104 2757 4160 ὢν
2779 4108 2915 4168 ἐστι,
2962 4107 3059 4160 καὶ
3089 4104 3429 4178 δωρούμενος
3456 4106 3518 4159 τὸ
3563 4102 3711 4162 εἶναι

2132 4197 2249 4251 οὖσι
2279 4198 2515 4269 παράγει
2537 4198 2636 4260 τὰς
2669 4198 2870 4261 πολλὰς
2888 4197 3099 4262 οὐσίας,
3132 4197 3713 4263 πολλαπλασιάζεσθαι

2130 4289 2347 4356 λέγεται
2380 4292 2440 4342 τὸ
2466 4289 2524 4342 ἓν
2570 4288 2630 4344 ὃν
2660 4292 2838 4343 ἐκεῖνο
2870 4293 2934 4360 τῇ
2963 4289 3022 4354 ἐξ
3064 4289 3229 4343 αὑτοῦ
3266 4292 3571 4360 παραγωγῇ
3600 4290 3715 4346 τῶν

2133 4381 2345 4434 πολλῶν
2370 4383 2560 4436 ὄντων.
2593 4382 2759 4435 Μένει
2785 4382 2841 4434 δὲ
2864 4384 2959 4437 καὶ
2979 4380 3151 4444 οὕτως
3175 4382 3235 4433 ἓν
3264 4381 3341 4446 τῷ
3375 4382 3715 4454 πληθυσμῷ,

459 4468 631 4529 tione,
666 4473 721 4519 ct
759 4463 981 4532 plenum
1016 4458 1070 4512 in
1109 4455 1399 4520 divisione,
1433 4453 1557 4522 quia
1588 4462 1810 4522 propter
1842 4467 2023 4506 essene

2135 4476 2226 4527 xui.
2261 4474 2469 4544 πλῆρες
2493 4476 2549 4526 ἐν
2580 4478 2643 4545 τῇ
2668 4475 2957 4545 διακρίσει,
2992 4474 3071 4546 τῷ
3115 4475 3335 4527 πάντων
3391 4471 3531 4530 εἶναι
3594 4453 3715 4531 τῶν

457 4562 584 4614 tiam
643 4554 790 4609 omni
851 4550 1091 4606 essentia
1142 4544 1393 4617 superior
1441 4553 1555 4608 est,
1588 4542 1786 4596 eximio
1828 4551 1882 4595 et
1943 4541 2029 4606 iis,

456 4660 575 4716 quae
619 4649 769 4706 sunt,
795 4636 1138 4693 antecellenti
1183 4633 1415 4703 quodam
1465 4632 1641 4686 modo.
1691 4631 1834 4695 Quin
1869 4629 2030 4684 etiam

456 4753 580 4797 cum
610 4748 777 4789 unum
809 4732 898 4799 sit,
926 4739 979 4784 et
1007 4729 1120 4793 uni,
1146 4737 1200 4781 et
1224 4723 1579 4786 multitudini,
1602 4733 1656 4777 et
1683 4724 1802 4787 toti,
1822 4722 2031 4792 etparti

457 4844 625 4889 unum
657 4825 1085 4883 communicatis.
1129 4834 1296 4874 unum
1328 4834 1515 4873 rursus
1540 4817 1774 4882 essentia
1812 4815 2034 4885 praeel-

456 4923 584 4983 lenti
611 4930 693 4975 est
720 4916 1087 4989 singulariter,
1113 4912 1164 4968 id
1190 4920 1292 4977 est,
1318 4912 1557 4982 proprie,
1585 4919 1639 4965 et
1663 4910 1880 4973 eximie,
1906 4922 2031 4964 cum

458 5031 558 5069 nec
594 5028 761 5067 unum
809 5011 879 5065 sit
908 5026 972 5065 ex
1008 5010 1074 5064 iis
1107 5022 1227 5077 quae
1272 5018 1418 5072 sunt,
1455 5020 1557 5059 nec
1584 5004 1896 5064 multitudo,
1928 5016 2030 5056 nec

463 5117 637 5164 t0tum
703 5120 768 5159 ex
811 5103 1078 5173 partibus,
1121 5117 1225 5155 nec
1275 5114 1399 5168 pars
1455 5114 1519 5152 ex
1572 5105 1703 5151 toto.
1742 5098 1917 5166 Atque
1959 5097 2029 5151 ita

465 5213 641 5267 neque
674 5212 840 5251 unum
872 5204 974 5260 cst,
1006 5208 1182 5263 neque
1213 5197 1373 5245 unius
1399 5191 1688 5260 particeps,
1719 5190 1812 5243 sed
1844 5187 2031 5257 procul

463 5292 530 5345 ab
578 5291 665 5345 his
720 5303 886 5342 unum
931 5296 1050 5349 est,
1098 5294 1285 5354 utpote
1334 5298 1523 5345 unum,
1572 5296 1637 5335 co
1679 5281 1819 5350 quod
1856 5293 1938 5335 cst
1972 5279 2029 5333 in

464 5384 627 5437 rebus
698 5395 807 5435 uno
859 5380 1015 5449 longe
1066 5375 1430 5448 praestantius.
1493 5374 1758 5429 Praeterea
1808 5383 2030 5444 propter

463 5472 757 5527 multorum
807 5472 1033 5525 deorum
1061 5468 1129 5523 ab
1160 5467 1277 5538 ipso
1312 5465 1747 5536 proficiscentem
1777 5464 2022 5519 effectio-

460 5580 586 5619 nem
617 5580 683 5619 ex
711 5564 891 5619 divina
918 5563 1180 5635 cujusque
1213 5576 1311 5632 pro
1336 5559 1540 5615 viribus
1570 5561 1770 5630 specie,
1796 5572 1851 5613 et
1881 5556 2028 5613 vide-

462 5666 552 5712 tur
577 5666 771 5711 etesse
798 5656 999 5710 dicitur
1026 5655 1188 5711 unius
1229 5654 1321 5710 Dei
1352 5669 1696 5727 progressus,
1726 5664 1779 5708 et
1809 5653 2025 5714 divisio.

458 5763 515 5813 et
542 5749 945 5819 multiplicatio;
973 5757 1211 5808 attamen
1235 5764 1378 5807 unus
1408 5759 1493 5807 est
1520 5738 1742 5809 deorum
1777 5756 2029 5827 princeps

2136 4567 2305 4620 ὄντων
2368 4567 2709 4637 ύπερουσίως
2772 4568 3133 4638 ἐξῃρημένον.
3175 4568 3336 4620 Ἀλλὰ
3382 4572 3479 4622 καὶ
3525 4570 3583 4623 ἓν
3613 4572 3717 4639 ὣν,

2140 4659 2235 4719 καὶ
2264 4662 2446 4723 παντὶ,
2477 4660 2570 4711 καὶ
2600 4660 2700 4724 ἑνὶ,
2734 4663 2829 4712 καὶ⁸
2858 4660 3078 4731 πλήθει,
3112 4663 3204 4715 καὶ
3255 4663 3381 4732 ὅλῳ,
3424 4663 3518 4719 καὶ
3553 4665 3721 4733 μέρει

2137 4751 2230 4804 τοῦ
2256 4752 2371 4815 ἐνὸς
2402 4752 2741 4822 μεταδιδοὺς,
2795 4752 2853 4817 ἓν
2906 4754 3173 4819 ὡσαύτως
3209 4753 3547 4825 ὑπερουσίως
3573 4759 3719 4823 ἐστὶ,

2137 4844 2229 4896 καὶ
2261 4843 2319 4905 ἓν
2350 4844 2565 4909 ἑνικῶς,
2600 4845 2769 4915 ἦγουν
2797 4846 3000 4912 ἰδικῶς,
3027 4846 3343 4918 ἐξαιρέτως,
3372 4848 3497 4900 οὔτε
3547 4849 3607 4901 ἓν
3640 4848 3721 4903 ὢν

2134 4935 2244 4993 τῶν
2272 4934 2464 5003 ὄντων,
2496 4936 2621 4990 οὔτε
2648 4937 2872 5019 πλῆθος,
2919 4938 3044 4991 οὔτε
3093 4940 3213 4992 ὃλον
3243 4941 3307 4993 ἐκ
3339 4941 3544 5009 μερῶν,
3586 4940 3717 5008 οὔτε

2138 5023 2302 5092 μέρος
2330 5023 2477 5089 ὅλου,
2508 5025 2602 5076 καὶ
2631 5024 2805 5089 οὕτως
2864 5024 2990 5089 οὗτε
3045 5027 3216 5092 ἐστὶν,
3270 5027 3393 5081 οὔτε
3444 5029 3540 5080 τοῦ
3595 5030 3722 5091 ἑνὸς

2140 5117 2383 5186 μετέχει,
2418 5116 2606 5187 πόρρω
2635 5118 2691 5171 δὲ
2732 5119 2938 5171 τούτων
2967 5119 3025 5171 ’ἐν
3073 5120 3242 5183 ἐστιν,
3269 5121 3343 5184 ὠς
3397 5120 3538 5190 ὑπὲρ
3560 5121 3622 5173 τὸ
3662 5122 3722 5172 ἑν

2136 5208 2246 5267 τοῖς
2279 5205 2433 5263 οὖσιν
2463 5208 2544 5263 ἐν.
2577 5207 2747 5262 Πάλιν
2778 5212 2842 5279 τῇ
2881 5209 2939 5275 ἐξ
2965 5209 3132 5263 αὑτοῦ
3168 5210 3360 5264 θεώσει
3408 5211 3543 5263 Θεῶν
3584 5212 3721 5265 πολφ

2135 5298 2243 5350 λῶν
2272 5298 2575 5370 γινομένων
2610 5301 2688 5371 τῷ
2723 5304 2869 5355 κατὰ
2923 5301 3156 5371 δύναμιν
3208 5302 3439 5355 ἑκάστου
3486 5304 3721 5359 Οεοειεεῖ

2134 5388 2283 5449 δοκεί
2320 5393 2419 5461 μὲν
2444 5389 2608 5459 εἶναι,
2646 5394 2741 5453 καὶ
2770 5394 2989 5462 λέγεται
3022 5394 3116 5448 τοῦ
3141 5394 3256 5459 ἑνὸς
3295 5396 3430 5449 Θεοῦ
3462 5398 3718 5467 πρόοδος,

2139 5483 2232 5535 καὶ
2257 5483 2534 5554 διάκρισις
2571 5486 2664 5539 καὶ
2703 5486 3227 5558 πολλαπλασιασμδς
3257 5527 3273 5550 ,
3325 5489 3439 5541 ἑστι
3464 5490 3521 5542 δὲ
3561 5491 3718 5543 οὐδὲν

2131 5570 2293 5647 ἦττον
2326 5576 2354 5627 ὁ
2379 5576 2629 5647 ἀρχίθεος
2658 5581 2751 5634 καὶ
2786 5580 3052 5645 θεοποιδς,
3083 5576 3165 5642 εἷς
3209 5580 3365 5644 Θεὸς,
3415 5581 3714 5652 ἀμέριστος

2135 5668 2191 5718 ἐν
2229 5668 2339 5728 τοῖς
2381 5672 2681 5736 μεριστοίς,
2719 5671 2777 5725 ἓν
2807 5674 2865 5725 ἐν
2893 5675 3005 5735 τοῖς
3051 5672 3267 5734 πολλοῖς
3328 5673 3559 5740 ἀμιγὴς,
3616 5672 3711 5724 καὶ

2135 5758 2494 5830 ἀπλήθυντος,
2533 5761 2606 5828 ὡς
2641 5765 2984 5837 ὑπερουσίως
3035 5766 3379 5837 ύπερούσιος,
3413 5766 3507 5819 καὶ
3534 5764 3708 5843 ύπερη
