3992 6210
267 236 371 303 13⁵1

1250 235 1627 308 PANOPLIA
1666 234 2125 299 DOGMATICA.
2169 261 2238 273 -
2276 237 2428 299 ΤΙΤ.
2475 238 2593 299 Ill.

3454 246 3559 309 138

266 350 367 417 τὴς
395 346 557 418 ὗπὶρ
582 348 772 400 πᾶσαν
802 344 1013 410 στάσιν,
1072 345 1164 398 καὶ
1213 362 1446 418 κινησιν,
1517 344 1697 415 ίδρύον
1745 345 1861 400 ἔκα-

1978 353 2090 405 tum
2122 346 2550 418 unumquodque
2576 348 2631 402 in
2663 349 2872 406 ratione
2903 352 3123 423 propria
3159 352 3465 423 confirmat,
3494 367 3553 411 et

269 454 401 492 στον
433 438 502 491 ἐν
525 434 613 507 τῷ
640 436 755 505 ίδίῳ
785 432 948 505 λόγῳ,
979 433 1071 489 καὶ
1098 433 1277 490 κινοῦν
1298 436 1389 490 ἐπὶ
1410 436 1511 507 τὴν
1541 436 1680 491 ίδίαν
1710 434 1866 506 κίνη-

267 549 294 583 ο
301 548 379 585 ιν.

902 617 1015 673 Τοῦ
1051 618 1260 674 αὐτοῦ.
1866 688 1871 693 ε

346 713 456 767 Ἐκ
478 710 656 775 Θεοῦ,
682 711 779 765 καὶ
814 713 871 767 ὲν
912 696 1035 780 Θεῷ⁴
1071 712 1164 765 καὶ
1194 710 1323 765 αὐτὸ
1346 712 1407 765 τὸ
1460 708 1623 777 εἶναι,
1655 713 1751 768 καὶ
1807 716 1866 770 αι

268 805 382 859 τῶν
407 804 595 858 ὄντων
624 805 848 857 πάντων
884 804 1075 875 ἁρχαὶ,
1130 804 1226 858 καὶ
1252 803 1320 858 τὰ
1353 803 1483 858 ὄντα
1528 806 1729 869 πάντα,
1770 806 1867 861 καὶ

268 900 339 953 τὰ
361 896 636 967 ἀλλήλοις
661 895 902 950 ἐναντία.
940 896 1047 949 Καὶ
1071 895 1228 949 τοῦτο
1292 896 1560 967 ἀσχέτως,
1593 899 1690 953 καὶ
1714 899 1864 962 ἐξαι-

269 991 475 1061 ρέτως,
510 990 614 1044 καὶ
651 989 1121 1059 συνειλημμένως,
1165 990 1260 1043 καὶ
1288 989 1524 1052 ἑνιαίως.
1583 991 1693 1043 Καὶ
1756 990 1867 1063 γὰρ

267 1083 366 1136 καὶ
395 1083 462 1135 ὲν
496 1082 701 1152 μονάδι
727 1081 837 1143 πᾶς
867 1079 1101 1150 ἀριθμὸς
1157 1079 1401 1145 ὲνοειδῶς
1454 1082 1866 1153 προῡςέστηκε,

272 1175 368 1227 καὶ
393 1173 519 1242 ἔχει
550 1173 739 1228 πάντα
764 1171 1003 1242 ἀριθμὸν
1036 1172 1071 1243 ή
1106 1172 1271 1241 μονὰς
1297 1174 1354 1226 ὲν
1387 1174 1553 1243 ἑαυτῇ
1589 1174 1865 1243 μοναχῶς,

270 1266 348 1328 ὡς
378 1266 540 1319 αἰτία
578 1264 789 1328 παντὸς
811 1263 1070 1337 ἀριθμοῦ.
1125 1263 1232 1318 Καὶ
1262 1265 1370 1329 πᾶς
1401 1265 1634 1336 ἀριθμὸς
1658 1265 1865 1337 ἥνωται

273 1359 377 1428 μὲν
400 1360 462 1409 ἐν
490 1359 563 1428 τῇ
595 1356 825 1426 μονάδι·
859 1356 982 1409 καθ’
1007 1358 1127 1411 ὅσον
1152 1355 1207 1409 δὲ
1234 1357 1333 1426 τῆς
1368 1358 1594 1427 μονάδος
1625 1359 1863 1429 πρόεισι,

279 1452 428 1504 κατὰ
451 1449 720 1503 τοσοῦτον
746 1449 1109 1520 διακρίνεται,
1161 1449 1253 1504 καὶ
1283 1438 1638 1520 πληθύνεται.
1671 1451 1782 1505 Καὶ
1809 1452 1867 1504 ἐν

274 1543 495 1612 κέντρῳ
517 1541 581 1593 δὲ
611 1541 789 1593 πᾶσαι
823 1540 881 1592 αί
907 1538 1001 1593 τοῦ
1042 1539 1241 1594 κύκλου
1273 1543 1533 1612 γραμμαὶ
1566 1542 1705 1596 κατὰ
1734 1542 1866 1612 μίαν

275 1637 475 1688 ἕνωσιν
500 1622 982 1703 συνυςρεστήκαοι;
1006 1633 1098 1684 καὶ⁸
1120 1631 1293 1695 πάσας
1323 1632 1435 1703 ἔχει
1460 1634 1523 1687 τὸ
1551 1633 1779 1706 κέντρον
1804 1638 1864 1691 ὲν

1971 442 2038 495 ad
2074 442 2352 511 proprium
2385 442 2590 498 excitat
2618 452 2849 502 motum.

2665 626 2942 693 Ejusdem.

2027 710 2107 767 Ex
2143 711 2271 779 Deo,
2298 722 2353 768 et
2377 714 2431 770 in
2456 715 2590 783 Deo,
2617 727 2700 773 est
2726 720 2892 774 etiam
2919 722 3098 792 ipsum
3124 738 3268 792 esse,
3293 735 3347 782 et
3368 743 3550 783 rerum

1970 800 2213 854 omnium
2260 803 2556 875 principia.
2590 815 2644 862 et
2667 823 2789 875 qua:
2816 821 2966 876 sunt,
3002 813 3208 875 omnia,
3239 815 3403 871 etiam
3430 833 3552 887 qua:

1969 891 2114 945 inter
2154 905 2214 946 se
2264 903 2396 948 sunt
2446 898 2743 951 contraria.
2798 897 2939 955 Sunt
2972 912 3153 957 autem
3199 906 3257 960 in
3298 907 3407 963 Deo
3451 911 3555 964 im-

1969 997 2184 1049 mense,
2215 991 2273 1038 et
2305 985 2527 1050 eximie,
2558 997 2613 1041 et
2650 990 3009 1060 coniunctim,
3039 1004 3093 1049 et
3124 998 3305 1053 unice.
3335 997 3470 1054 Nam
3499 1013 3554 1055 et

1970 1072 2026 1126 in
2053 1073 2262 1128 unitate
2292 1076 2473 1129 omnis
2498 1092 2759 1134 numerus
2787 1092 2916 1136 ante
2948 1084 3294 1154 singulariter
3320 1091 3548 1145 exstitit.

1967 1165 2036 1221 Et
2074 1167 2274 1232 unitas,
2308 1176 2367 1221 ut
2396 1170 2574 1225 omnis
2605 1174 2817 1228 numeri
2864 1190 3053 1240 causa,
3090 1181 3247 1236 unice
3272 1182 3323 1233 in
3359 1199 3417 1237 se
3452 1199 3552 1238 nu-

1968 1272 2177 1312 merum
2214 1272 2433 1313 onmem
2482 1260 2665 1317 habet.
2716 1264 2782 1318 Et
2816 1270 2996 1324 omnis
3035 1285 3301 1327 numerus
3346 1276 3553 1329 unitate

1969 1342 2111 1421 unus
2141 1346 2388 1404 eﬂicitur.
2422 1349 2696 1416 Quantum
2730 1368 2911 1413 autem
2937 1363 3285 1432 progreditur
3313 1366 3381 1419 ab
3426 1368 3549 1419 uni-

1970 1450 2101 1512 tate,
2130 1441 2390 1497 dividitur
2419 1452 2474 1497 et
2505 1448 2919 1518 multiplicatur.
2956 1453 3015 1505 lu
3045 1462 3236 1509 centro
3271 1457 3398 1510 item
3435 1473 3554 1511 om-

1971 1547 2072 1588 nes
2105 1531 2293 1587 cirenli
2332 1530 2491 1587 lineae
2526 1551 2633 1590 una
2673 1540 3018 1607 copulatione
3062 1544 3369 1612 conjuncta:
3399 1555 3550 1599 sunt.

1968 1625 2036 1680 Et
2062 1634 2312 1683 centrum
2342 1626 2397 1680 in
2429 1628 2613 1696 seipso
2639 1619 2815 1684 rectas
2848 1646 3041 1687 omnes
3069 1634 3241 1689 lineas
3269 1644 3379 1690 tum
3406 1637 3552 1707 ipsas

275 1723 455 1793 ἑαυτῷ
492 1723 601 1786 τὰς
633 1701 858 1790 εὐθείας
894 1720 1141 1785 ἐνοειδῶς
1183 1701 1470 1793 ἡνωμένας
1500 1727 1636 1795 πρός
1666 1701 1725 1781 τε
1776 1728 1861 1781 ἁλ-

1975 1724 2118 1779 inter
2153 1736 2232 1785 se,
2274 1730 2389 1776 tum
2425 1719 2590 1776 etiam
2620 1735 2743 1774 cum
2777 1736 2883 1776 uno
2927 1722 3020 1777 illo
3064 1725 3356 1799 principio,
3389 1701 3557 1796 a-qttu

273 1816 466 1885 λήλας,
499 1816 605 1867 καὶ
671 1815 809 1884 πρὸς
852 1814 955 1884 τὴν
1012 1814 1139 1885 μίαν
1196 1815 1390 1887 ἀρχὴν,
1424 1813 1608 1892 ἀφ’ἦς
1663 1820 1868 1891 προῆλ.

273 1908 383 1962 θον.
417 1906 540 1960 Καὶ
576 1906 637 1959 ὲν
662 1904 812 1974 αὺτῷ
874 1905 974 1974 μὲν
1017 1905 1093 1976 τῷ
1128 1907 1337 1979 κέντρῳ
1377 1910 1657 1973 παντελῶς
1698 1910 1870 1980 ἧνων-

269 2018 382 2065 ται,
422 1998 611 2071 βραχὺ
663 1997 723 2050 δὲ
765 1998 1074 2063 διαστᾶσαι,
1100 1997 1271 2070 βραχὺ
1308 1999 1401 2055 καὶ
1466 1999 1708 2073 ἀλλήλων
1755 2002 1869 2057 δια-

268 2093 589 2162 κρίνονται.
614 2090 835 2145 Μᾶλλον
871 2090 927 2143 δὲ
972 2090 1135 2145 αὑτοῦ
1167 2094 1491 2162 ἀποστᾶσαι,
1536 2094 1735 2164 μᾶλλον
1774 2098 1869 2149 καὶ

270 2183 536 2252 ἀλλήλων
571 2180 926 2249 ἀφίστανται.
946 2179 1107 2233 ’Δλλὶι
1148 2181 1246 2235 καὶ
1276 2184 1335 2235 ὲν
1364 2185 1429 2254 τῇ
1467 2183 1563 2255 ὅλῃ
1589 2183 1698 2239 τῶν
1727 2185 1866 2240 ὅλων

265 2274 434 2344 φύσει
502 2272 715 2333 πάντες
757 2272 807 2323 oi
849 2270 999 2339 λόγοι
1055 2271 1155 2341 τῆς
1208 2272 1330 2327 καθ’
1376 2273 1607 2328 ἕκαστον
1651 2276 1868 2345 φύσεως

268 2365 718 2435 συνειλημμένοι
743 2363 852 2416 είσὶ
879 2364 1023 2419 κατὰ
1049 2364 1150 2436 τὴν
1180 2366 1486 2437 ἀσύγχυτον
1514 2366 1728 2422 ἕνωσιν.
1755 2370 1867 2423 Καὶ

263 2460 324 2510 ἐν
365 2459 436 2526 τῇ
461 2454 620 2525 ψυχῇ
655 2452 711 2509 δὲ
738 2454 1025 2524 μονοειδῶς
1052 2454 1107 2507 αί
1131 2455 1238 2509 τῶν
1270 2457 1409 2511 κατὰ
1454 2459 1619 2530 μέρος
1646 2459 1866 2515 πάντων

264 2548 647 2618 προνοητικαὶ
668 2544 762 2598 τοῦ
790 2546 916 2598 ὅλου
948 2545 1197 2617 σώματος
1251 2548 1531 2620 δυνάμεις.
1566 2551 1737 2605 Οὐδὲν
1767 2548 1862 2607 οὖν

262 2639 482 2691 ἄτοπον
515 2635 579 2700 ἐξ
604 2635 862 2705 ἀμυδρῶν
896 2638 1123 2690 εἰκόνων
1165 2639 1259 2692 ἐπὶ
1317 2639 1376 2693 τὸ
1413 2641 1633 2697 πάντων
1690 2643 1864 2698 αἴτιον

261 2728 586 2791 ἁναϐᾀντες
621 2728 1017 2799 ὑπερκοσμίοις
1037 2728 1335 2801 ὀφθαλμοῖς
1360 2732 1636 2803 θεωρῆσαι
1677 2736 1862 2791 πάντα

263 2823 326 2873 εν
344 2822 426 2891 τῷ
459 2820 690 2876 πάντων
714 2821 876 2891 αἰτίῳ
906 2820 1192 2891 μονοειδῶς
1231 2824 1326 2877 καὶ
1358 2824 1679 2897 ἡνωμένως.

897 3003 1007 3057 Τοῦ
1043 3001 1250 3058 αὐτοῦ.
1376 3056 1377 3059 η

347 3096 527 3166 Εἴπερ
581 3094 613 3145 ὁ
670 3091 793 3145 καθ’
846 3094 995 3163 ἡμᾶς
1036 3093 1188 3164 ἥλιος
1248 3092 1348 3157 τὰς
1405 3094 1517 3149 τῶν
1572 3096 1848 3170 αἰσθητῶν

266 3191 474 3252 οὐσίας
526 3187 628 3240 καλ⁵
675 3188 992 3256 ποιότητας,
1027 3186 1210 3239 καίτοι
1271 3186 1471 3250 πολλὰς
1518 3189 1613 3240 καὶ
1668 3187 1858 3259 διαφό-

271 3300 405 3354 ρους
432 3279 629 3345 οὔσας,
665 3273 746 3343 εἷς
769 3278 933 3343 αὐτὸς
964 3276 1062 3345 ὢν,
1091 3279 1186 3334 καὶ
1223 3279 1498 3349 μονοειδὲς
1528 3279 1859 3351 ἑπιλάμπων

271 3374 393 3442 φῶς
426 3373 585 3437 (unt,
620 3372 716 3425 καὶ
761 3370 975 3441 τρέφει,
1009 3369 1104 3422 καὶ⁹
1146 3369 1322 3436 αὔξει,
1368 3374 1463 3426 καὶ
1504 3372 1724 3443 τελειοῖ,
1757 3377 1856 3431 καὶ

274 3467 538 3537 φρουρεῖ,
565 3466 662 3517 καὶ
690 3465 978 3534 διακρίνει,
999 3462 1095 3516 καὶ
1122 3461 1255 3529 ἑνοῖ,
1281 3463 1377 3516 καὶ
1412 3463 1738 3532 ἁναΟάλπει,
1762 3444 1856 3527 καί

270 3558 480 3627 γάμμα
507 3551 651 3609 εἶναι
681 3556 963 3630 manant
990 3551 1328 3620 ἐξαλλάττει,
1353 3554 1446 3609 καὶ
1469 3556 1726 3627 ὲνιδρύει,
1762 3560 1856 3614 καὶ

273 3649 494 3720 ἐκφύει,
528 3648 627 3702 καὶ
661 3648 929 3716 ἀνακινεῖ,
958 3650 1051 3703 καὶ
1080 3648 1309 3703 ἕκαστον
1336 3648 1444 3702 τῶν
1470 3649 1609 3703 ὅλων
1638 3652 1855 3716 οἰκείως

277 3740 459 3811 ἑαυτῷ
492 3738 592 3794 τοῦ
626 3740 748 3803 ἑνὸς
777 3739 874 3793 καὶ
900 3738 1100 3793 ταυτοῦ
1138 3738 1292 3811 ἡλίου
1334 3740 1581 3810 μετέχει,
1620 3743 1719 3795 καὶ
1755 3742 1855 3806 τὰς

277 3834 387 3888 τῶν
415 3832 635 3886 πολλῶν
691 3830 935 3902 μετοχῶν
980 3832 1161 3894 αἰτίας
1198 3833 1225 3885 ὁ
1255 3825 1335 3898 εἷς
1382 3833 1535 3903 ἥλιος
1570 3835 1627 3887 ὲν
1675 3826 1854 3905 ἐαυτῷ

284 3925 577 3997 μονοειδῶς
610 3925 856 3994 προέχει,
888 3923 983 3977 καὶ
1022 3923 1307 3995 περιέχει·
1338 3925 1519 3997 πολλῷ
1558 3924 1772 3995 μᾶλλον⁸
1798 3926 1855 3982 ὲν

281 4019 344 4087 τῇ
365 4016 460 4070 καὶ
491 4015 665 4068 αὑτοῦ
696 4013 790 4067 τοῦ
821 4013 970 4086 ἡλίου
999 4015 1090 4068 καὶ
1124 4015 1338 4069 πάντων
1372 4015 1481 4070 τῶν
1506 4017 1676 4071 ὄντων
1703 4018 1855 4090 αἰτίᾳ

1976 1826 2281 1888 progressae
2324 1819 2473 1877 sunt,
2517 1826 2625 1866 una
2654 1812 2869 1867 ratione
2898 1814 3217 1884 conjunctas
3253 1814 3439 1869 habet.
3481 1817 3556 1871 Ac

1977 1909 2037 1964 in
2115 1906 2237 1976 ipso
2308 1902 2530 1970 quidem
2592 1914 2783 1959 centro
2843 1905 3063 1975 penitus
3121 1907 3551 1977 conjunguntur.

1973 1999 2171 2055 Parum
2208 2006 2392 2054 autem
2439 1995 2509 2050 ab
2551 2012 2616 2051 eo
2655 1997 2947 2064 distantes,
2991 2013 3183 2068 parum
3230 2006 3285 2055 et
3312 2000 3456 2054 inter
3497 2014 3557 2055 se

1971 2093 2194 2152 distant.
2224 2094 2393 2167 Magis
2428 2110 2557 2150 vero
2589 2093 2658 2148 ab
2690 2093 2781 2148 illo
2812 2090 3153 2155 recedentes,
3187 2090 3360 2163 magis
3389 2090 3552 2145 etiam

1970 2206 2000 2245 a
2030 2206 2091 2247 se
2112 2192 2351 2249 vicissim
2379 2188 2667 2247 recedunt.
2692 2184 2964 2239 Praeterea
2998 2182 3052 2237 in
3080 2190 3191 2236 tota
3217 2197 3400 2236 rerum
3428 2183 3553 2237 uni-

1969 2285 2242 2340 versitatis
2275 2297 2471 2340 natura
2510 2295 2702 2338 omnes
2733 2274 3023 2348 singularis
3073 2282 3280 2328 natura;
3312 2272 3554 2330 rationes

1968 2376 2129 2431 simul
2161 2376 2428 2433 devinctae.
2456 2390 2606 2434 sunt.
2637 2374 2720 2430 Ad
2746 2374 2861 2429 haec
2891 2367 3282 2425 moderatrices
3311 2366 3555 2438 singulo-

1968 2483 2085 2524 rum
2108 2470 2274 2525 totius
2296 2472 2545 2541 corporis
2568 2468 2714 2524 vires
2737 2467 2793 2520 in
2813 2462 2997 2520 animo
3021 2461 3183 2519 unice
3203 2461 3552 2532 copulantur.

1966 2562 2330 2630 Quamobrem
2371 2562 2672 2618 absurdum
2704 2573 2817 2614 non
2849 2565 2956 2623 est,
2988 2562 3046 2611 ut
3072 2569 3173 2625 per
3202 2552 3463 2609 obscuras
3491 2565 3557 2621 ac

1969 2665 2159 2712 tenues
2196 2656 2464 2727 imagines
2496 2656 2562 2711 ad
2595 2654 2768 2729 ipsam
2804 2663 2988 2705 rerum
3042 2645 3287 2702 omnium
3332 2657 3552 2698 causam

1965 2748 2347 2819 ascendentes,
2379 2747 2555 2803 oculis
2585 2742 2793 2801 mundo
2822 2738 3240 2798 sublimioribus
3270 2735 3453 2792 omnia
3486 2734 3542 2788 in

1964 2842 2082 2910 ipsa
2134 2855 2318 2896 rerum
2368 2853 2532 2895 causa
2576 2834 2841 2908 singulari
2885 2832 3105 2889 vinculo
3151 2829 3444 2901 conjuncta
3492 2840 3552 2885 et

1970 2931 2219 3004 capulata
2250 2930 2710 3002 contemplemur.

2594 3020 2872 3090 Ejusdem.

2050 3118 2108 3173 δι
2144 3126 2328 3172 noster
2366 3116 2458 3170 hic
2489 3115 2592 3181 sol,
2622 3114 2873 3184 quamvis
2912 3128 3057 3168 unus
3100 3114 3198 3179 sit,
3232 3124 3290 3169 et
3326 3112 3544 3168 unicam

1963 3209 2141 3264 lucem
2175 3209 2408 3272 emittat,
2447 3217 2555 3261 tam
2600 3206 2799 3273 multas
2831 3214 3035 3271 tamen,
3058 3221 3122 3260 ac
3144 3204 3324 3261 varias
3365 3218 3549 3259 rerum

1965 3299 2252 3364 cssentias,
2307 3309 2362 3354 et
2408 3298 2699 3368 qualitates
2748 3298 2855 3353 vita
2898 3296 3088 3360 donat,
3140 3306 3197 3352 et
3242 3296 3438 3361 nutrit,
3492 3305 3549 3349 et

1964 3400 2149 3461 auget,
2176 3402 2233 3446 et
2258 3389 2473 3460 perlicit
2493 3398 2550 3444 et
2580 3395 2786 3455 tuetur,
2815 3396 2872 3443 et
2901 3386 3118 3451 dividit,
3139 3396 3195 3442 et
3221 3386 3460 3461 capulat,
3492 3398 3548 3442 et

1964 3482 2135 3549 fovet,
2181 3490 2237 3538 ct
2285 3482 2567 3546 fecundat,
2618 3490 2674 3537 et
2720 3479 2996 3545 immutat,
3032 3488 3087 3537 et
3116 3478 3453 3544 corroborat,
3494 3489 3550 3534 et

1964 3574 2157 3646 gignit,
2204 3584 2261 3629 et
2311 3579 2497 3647 agitat,
2553 3582 2609 3628 et
2655 3586 2744 3628 res
2792 3585 2985 3627 omnes
3027 3585 3129 3642 pro
3178 3585 3280 3627 suo
3321 3583 3549 3640 qumque

1963 3668 2128 3724 modo
2178 3667 2339 3725 unius
2376 3676 2431 3723 et
2478 3663 2728 3738 ejusdem
2771 3663 2907 3720 solis
2945 3662 3243 3734 participes
3284 3671 3448 3724 sunt;
3493 3668 3550 3717 (ι

1964 3760 2167 3815 multas
2201 3757 2769 3817 communicationum
2803 3769 3001 3810 causas
3038 3768 3179 3809 unus
3216 3752 3330 3821 ipse
3364 3750 3444 3804 sol
3489 3750 3546 3804 in

1963 3850 2143 3919 seipso
2199 3849 2554 3917 singulariter
2600 3856 2730 3901 ante
2784 3845 3045 3913 possidet,
3093 3852 3260 3912 atque
3305 3841 3545 3913 comple-

1965 3942 2133 3996 ctitur
2164 3959 2181 3996 ;
2214 3939 2389 3994 multo
2432 3937 2608 4008 magis
2634 3938 2691 3991 in
2717 3936 2833 4006 ipsa
2863 3945 2982 3991 tum
3014 3933 3166 3999 solis,
3206 3940 3321 3987 tum
3358 3948 3543 3987 rerum

1964 4033 2211 4089 omnium
2242 4046 2407 4087 causa
2438 4044 2535 4101 per
2565 4043 2729 4083 unam
2765 4027 3063 4083 essentiam
3099 4026 3540 4097 praestantiorem

284 4108 697 4179 προῦςεστάναι
737 4106 804 4161 τὰ
834 4106 1054 4160 πάντων
1082 4106 1192 4161 τῶν
1225 4108 1396 4163 ὅντων
1427 4108 1855 4185 παραδείγματα

1968 4123 2410 4195 coniunctionem
2476 4121 2631 4190 prius
2677 4120 2877 4177 inessex
2915 4132 3101 4175 rerum
3155 4117 3539 4175 universarum

283 4202 417 4254 κατὰ
438 4200 571 4271 μίαν
601 4197 932 4268 ὑπερούσιον
961 4198 1156 4251 ἕνωσιν
1198 4200 1605 4271 συγχωρητέον.
1660 4201 1851 4272 Παρα-

1968 4217 2290 4289 exemplaria
2350 4214 2762 4272 concedendum
2817 4219 2924 4268 est.
2983 4210 3329 4281 Exemplaria
3390 4224 3542 4265 nunc

280 4292 551 4363 δείγματα
577 4291 637 4345 δὲ
668 4289 763 4344 νῦν
792 4289 1027 4358 λέγομεν
1058 4289 1183 4354 τοὺς
1210 4291 1268 4343 ὲν
1291 4288 1409 4361 Θεῷ
1439 4290 1654 4355 ἑνιαίως
1688 4296 1857 4362 προῦ-

1968 4288 2301 4381 appellamus
2342 4309 2587 4365 rationes
2634 4305 2754 4361 illas
2799 4312 2927 4360 ante
2956 4304 3012 4358 in
3050 4302 3164 4358 Deo
3195 4301 3541 4374 singulariter

276 4384 582 4452 φεστῶτας,
618 4382 716 4435 καὶ
738 4380 1076 4444 οὖσιοποιοὺς
1101 4380 1208 4434 τῶν
1249 4380 1418 4436 ὄντων
1444 4382 1660 4452 λόγους,
1699 4382 1793 4448 οὓς
1825 4384 1854 4438 ὁ

1968 4380 2312 4460 easistentes,
2334 4408 2382 4453 et
2419 4412 2604 4454 rerum
2640 4394 2945 4452 eﬂectrices
2973 4392 3356 4450 essentiarum.
3391 4392 3541 4460 Quas

274 4474 573 4536 ἀπόστολος
634 4471 848 4535 Παῦλος
909 4473 1282 4542 προορισμοὺς
1332 4472 1510 4540 καλεῖ,
1572 4472 1670 4529 καὶ
1729 4474 1851 4529 Θεία

1968 4494 2180 4564 quidem
2242 4492 2486 4547 rationes
2534 4489 2734 4545 Paulus
2785 4496 2945 4544 vocat
2997 4486 3535 4557 prmdestinatioacs.

272 4567 558 4639 θελήματα
581 4564 692 4619 τῶν
716 4565 888 4618 ὄντων
915 4564 1264 4637 ἁφοριστικὰ,
1291 4566 1386 4620 καὶ
1412 4567 1694 4637 ποιητικὰ,
1724 4567 1850 4621 καθ’

1968 4586 2282 4655 divinaeque
2333 4583 2663 4647 voluntates,
2717 4581 2920 4651 quibus
2963 4594 3057 4636 res
3100 4578 3455 4643 deﬁniuntur.
3483 4588 3538 4637 et

269 4660 361 4721 οὓς
400 4660 430 4711 ὁ
477 4655 811 4726 ὑπερούσιος
858 4654 927 4707 τὰ
983 4654 1111 4708 ὄντα
1158 4654 1336 4710 πάντα
1387 4656 1691 4728 προώρισε,
1754 4659 1851 4713 καὶ

1968 4673 2116 4728 llunt.
2154 4654 2257 4729 Per
2302 4675 2402 4730 has
2445 4672 2648 4737 omnia,
2691 4687 2814 4743 quas
2844 4680 2998 4739 sunt,
3049 4670 3121 4739 is,
3158 4669 3251 4741 qui
3294 4671 3531 4725 essentia

270 4749 589 4821 παρήγαγε.
623 4747 813 4801 Πάντα
855 4743 951 4799 οὖν
984 4746 1202 4811 ἐνιαίως
1238 4748 1487 4820 προέχει,
1517 4750 1614 4801 καὶ
1668 4743 1848 4805 πάντα

1968 4765 2305 4834 praestantior
2345 4775 2451 4831 est,
2487 4764 2797 4834 praeﬁnivit,
2828 4764 2895 4820 ad
2930 4771 3220 4832 ortumque
3253 4760 3529 4831 produxit.

266 4841 517 4913 περιέχει
548 4840 691 4893 κατὰ
718 4838 819 4910 τὴν
849 4839 1329 4911 ὐπερηπλωμένην
1357 4840 1618 4912 ἀπειρίαν
1650 4839 1845 4910 αὐτοῦ,

1968 4856 2301 4926 Quapropter
2328 4857 2599 4912 infinitate
2628 4868 2725 4910 sua
2755 4863 3145 4926 superextensa
3166 4856 3348 4907 omnia
3379 4851 3530 4921 prius

266 4936 367 4987 καὶ
404 4935 545 5004 πρὸς
572 4929 795 4983 πάντων
835 4929 1032 4992 ἑνικῶς
1084 4932 1394 5002 μετέχεται,
1447 4930 1701 5005 καθάπερ
1755 4937 1849 4988 καὶ

1968 4949 2299 5017 singulariter
2333 4951 2514 5013 habet,
2537 4957 2591 5004 et
2630 4946 3061 5018 comprehendit,
3100 4953 3155 5000 et
3182 4943 3530 5014 singulariter

266 5024 420 5097 φωνὴ
464 5025 568 5098 μία
600 5025 696 5077 καὶ
734 5024 768 5094 ἡ
816 5022 955 5094 αὐτὴ
995 5023 1129 5092 πρδς
1179 5022 1392 5076 πολλῶν
1432 5025 1614 5078 ἀκοῶν
1640 5025 1715 5089 ὠς
1750 5026 1851 5096 μία

1968 5040 2210 5093 mnibus
2246 5039 2702 5101 communicatur,
2730 5034 3185 5107 quemadmodum
3212 5047 3320 5087 una
3360 5046 3464 5086 vox
3497 5047 3528 5086 a
3562 5044 3567 5097 _'

267 5122 586 5192 μετέχεται.

1968 5131 2139 5185 multis
2167 5131 2388 5186 auribus
2429 5144 2486 5191 ut
2516 5145 2621 5185 una
2649 5128 2968 5199 percipitur.

880 5209 993 5263 Τοῦ
1030 5207 1238 5265 αὑτοῦ.

339 5305 559 5375 Ὠσπερ
620 5302 672 5355 οἱ
729 5302 879 5371 ἅγιοι
926 5301 1205 5372 ἄνθρωποι
1249 5298 1396 5366 οἶκος
1435 5302 1687 5372 λέγονται
1748 5304 1845 5359 τοῦ

264 5396 436 5450 Θεοῦ*
499 5414 520 5449 ι
560 5395 792 5465 Οίκήσω
819 5394 954 5463 γὰρ,
1013 5412 1032 5444 ι
1092 5396 1278 5465 φησιν,
1311 5413 1331 5447 ι
1367 5397 1425 5448 ἐν
1473 5397 1683 5462 αὐτοῖς,
1750 5398 1845 5451 καὶ

261 5489 742 5561 ἱμπεριπατήσω·
775 5503 796 5538 ι
828 5484 973 5538 οὕτω
1020 5485 1114 5538 καὶ
1164 5487 1192 5539 ὁ
1228 5485 1359 5549 Θεὸς
1387 5482 1537 5552 οἶκός
1587 5488 1704 5544 ἔστι
1732 5490 1844 5545 τῶν

336 5654 355 5687 ⁸
388 5653 432 5709 ιι
459 5654 585 5709 Cor.
613 5668 691 5713 vr,
726 5649 815 5704 l7.

588 5749 860 5811 ΡΑτιιοι..
904 5742 1019 5804 Gn.
1048 5739 1275 5805 CXXX.

2859 5234 2896 5272 ι.

2061 5308 2134 5367 Ut
2181 5309 2283 5364 viri
2339 5308 2469 5365 boni
2520 5218 2821 5364 dicitis-16
2825 5236 3021 5365 gamus
3058 5306 3156 5362 Dei
3185 5325 3231 5363 ι(
3258 5282 3528 5361 llabitabo

1954 5403 2124 5468 enim,
2151 5420 2169 5452 ι
2206 5402 2402 5471 inquit,
2443 5419 2462 5452 ι
2506 5400 2562 5454 in
2608 5400 2764 5471 ipsis,
2793 5406 2849 5455 et
2890 5398 3241 5454 inambulabo
3269 5390 3351 5451 “z
3386 5415 3405 5449 ι
3444 5396 3520 5451 ita

1952 5494 2222 5553 bonorum
2259 5496 2493 5552 virorum
2533 5492 2726 5550 domus
2769 5502 2852 5550 est
2900 5491 3066 5549 Deus.
3100 5508 3120 5544 ι
3157 5489 3287 5549 Esto
3315 5488 3471 5558 mihi,
3498 5509 3519 5545 ι

3166 5728 3214 5799 5
