4026 6212
447 253 550 318 139

1695 248 2077 310 EUTHYMII
2118 248 2479 311 ZIGABEN'I

3623 256 3729 322 MO

441 366 621 436 inquit
659 364 861 426 David,
886 381 905 416 ι
956 364 1007 418 1η
1054 364 1225 419 Deum
1258 374 1619 436 protectorem
1651 378 1855 425 meum,
1888 371 1943 417 et
1974 363 2029 417 in

2145 364 2305 431 ὶγίων
2364 365 2689 438 ἀνθρώπων.
2754 386 2773 420 ι
2812 367 2977 423 Γενοῦ
3038 384 3132 440 μοι
3216 369 3344 440 γὰρ,
3400 389 3417 423 ι
3474 375 3646 442 φησιν
3698 380 3733 433 ό

406 494 409 497 -
439 460 663 517 domum
694 455 885 526 reiugii
923 458 1126 519 mei,ut
1146 456 1354 512 salvum
1384 470 1470 510 me
1499 454 1668 509 facias
1692 455 1737 509 ‘.
1780 472 1800 506 ο
1832 453 1896 509 ει
1919 454 2035 525 ipse

436 548 819 608 Dominusait:
852 550 1005 606 «Vos
1060 550 1113 603 in
1165 561 1275 613 me,
1322 556 1375 600 et
1405 560 1505 615 ego
1547 546 1603 599 in
1652 546 1872 601 vobis‘.
1919 564 1938 598 ι
1970 545 2034 601 Et

438 646 887 717 quemadmodum
926 644 1070 698 Deus
1106 641 1184 695 sic
1230 647 1315 693 est
1356 638 1411 692 in
1439 637 1592 707 ipsis,
1610 647 1670 693 ut
1702 653 1810 694 non
1862 638 2036 693 inclu-

435 742 597 795 datur
646 754 747 793 nec
782 734 1293 799 circumscribatur,
1333 732 1412 788 sic
1460 742 1516 789 et
1549 733 1651 805 ipsi
1689 731 1743 787 in
1791 748 1858 789 eo
1905 739 2035 786 sunt

436 833 556 886 sine
596 831 703 884 ulla
752 843 877 882 cum
909 827 1027 896 ipso
1061 824 1319 883 mistione
1352 841 1450 898 per
1478 824 1795 892 essentiam,
1831 832 1887 881 et
1914 822 2034 881 sine

435 923 567 978 conf
569 924 777 975 usionc.

1080 1006 1369 1080 Ejusdem.

482 1138 489 1151 ι
514 1104 701 1159 Divina
722 1103 814 1158 Dei
836 1104 1147 1174 qualitatem
1166 1106 1637 1178 quant’itatemque
1654 1119 1765 1159 non
1784 1099 2035 1157 habentis

435 1198 665 1253 latitulo
695 1201 935 1269 putanda
966 1209 1047 1254 est
1069 1201 1245 1270 ampla
1272 1208 1328 1255 et
1354 1199 1575 1270 provida
1596 1198 1737 1252 illius
1767 1197 1833 1252 ad
1853 1194 2036 1251 omnia

433 1292 765 1361 progressio.
812 1289 1331 1359 Longitudoautetn
1373 1291 1493 1360 ejus
1520 1289 1923 1360 potentia,qua:
1946 1302 2039 1343 su.

436 1398 536 1450 pra
558 1382 887 1436 ostenditur.
909 1382 1253 1437 Profunditas
1274 1398 1403 1436 vero
1425 1396 1621 1435 arcana
1636 1380 1781 1435 illius
1801 1379 2042 1435 occulta-

436 1474 512 1528 tio
530 1484 750 1544 propter
786 1486 951 1543 quam
994 1474 1219 1543 percipi,
1264 1474 1626 1545 cognoscique
1658 1488 1766 1528 non
1804 1478 2005 1544 potest.

1098 1563 1373 1634 Ejusdem.

513 1658 652 1711 Deus
686 1656 738 1710 in
773 1656 942 1711 sacris
974 1672 1300 1713 arcanorum
1337 1656 1609 1711 visionum
1653 1657 1888 1712 oraculis
1914 1666 2027 1711 tum

439 1765 637 1813 canus,
665 1752 793 1817 {tum
824 1752 1043 1820 juvenis
1080 1750 1316 1821 ﬁngitur.
1348 1747 1574 1815 Canus,‘
1604 1758 1811 1805 utesse
1848 1763 2031 1803 rerum

424 1842 765 1911 principium
796 1842 1128 1915 intelligatur
1156 1860 1170 1896 :
1194 1842 1411 1911 juvenis
1432 1851 1636 1907 autem,
1666 1853 1725 1895 ut
1756 1858 2033 1912 nunquam

440 1946 749 1996 senescere,
781 1943 835 1987 et
878 1933 1039 1987 linem
1074 1932 1275 1986 habere
1304 1930 1658 2002 signiﬁcetur.
1687 1931 1780 1987 Vel
1818 1932 2034 2001 juvenis

428 2021 605 2075 etiam
637 2024 706 2078 ob
742 2023 1013 2079 rationem
1038 2023 1460 2089 arithmeticam,
1483 2031 1539 2077 ut
1569 2024 1813 2077 divinum
1843 2040 2026 2079 rerum

440 2108 658 2168 initium
694 2116 1033 2171 ostendatur.
1064 2115 1258 2171 Unitas
1299 2115 1466 2178 enim,
1517 2122 1571 2172 et
1613 2115 1703 2185 qui
1737 2126 1865 2171 sunt
1906 2117 2032 2171 unl-

424 2204 539 2257 luti
571 2207 799 2274 proximi
834 2207 1049 2261 numeri
1081 2206 1289 2276 priores
1319 2215 1447 2261 sunt
1486 2206 1610 2271 illis,
1655 2206 1746 2276 qui
1797 2208 1864 2262 ab
1909 2207 2030 2261 unio

445 2303 499 2349 ta
514 2306 567 2350 te
616 2296 754 2365 longi
767 2313 827 2352 us
878 2305 1245 2352 receSScrunt.

1089 2382 1368 2455 Ejusdem.

529 2478 720 2546 Neque
780 2486 871 2533 res
939 2485 1277 2546 cognoscunt
1340 2475 1535 2541 Deum,
1586 2484 1647 2531 ut
1699 2476 1841 2531 Deus
1903 2486 2033 2533 est:

421 2584 545 2625 inec
613 2569 755 2625 Deus
788 2570 1071 2639 cognoscit
1102 2582 1210 2635 res,
1248 2577 1308 2623 ut
1352 2569 1481 2639 ipsa:
1513 2577 1665 2627 sunt.
1716 2570 1823 2624 Res
1849 2578 2033 2625 autem

422 2677 552 2716 non
612 2671 948 2731 cognoscunt
1000 2661 1188 2725 Deum,
1251 2670 1310 2716 ut
1360 2662 1503 2716 Dens
1544 2673 1648 2726 est,
1690 2661 1817 2731 quia
1845 2662 2023 2727 null-.2

452 2768 540 2807 res
568 2754 621 2808 id
649 2756 862 2823 assequi
916 2764 1167 2823 possunt,
1202 2762 1262 2808 ut
1291 2752 1457 2808 Deum
1502 2763 1853 2824 cognoscant,
1877 2762 2035 2809 utest

444 2844 610 2909 Deus,
636 2846 739 2898 hoc
761 2853 862 2908 est,
882 2845 1154 2914 quomodo
1170 2854 1365 2899 natura
1388 2859 1507 2899 sese
1534 2844 1869 2901 habeatJloc
1884 2846 2032 2901 enim

446 2939 612 2990 modo
643 2937 790 2991 solus
834 2937 948 3006 ipse
989 2952 1048 2991 se
1094 2938 1264 2991 novit.
1292 2936 1433 2991 Deus
1459 2951 1588 2990 vero
1616 2951 1726 2990 non
1753 2939 2031 3008 cognoscit

2135 457 2322 523 Δαδὶδ,
2368 475 2389 507 ι
2427 459 2508 523 είς
2556 459 2690 514 Θεὸν
2722 459 3161 532 ὐπερασπιστὴν,
3200 464 3297 517 καὶ
3328 464 3411 528 εἰς
3438 462 3593 520 οἷκον
3626 485 3730 521 κα·-

2133 548 2384 617 ταφυγῆς
2428 550 2520 602 τοῦ
2554 550 2728 603 σῶσαί
2779 568 2869 619 με.
2912 570 2931 604 ι
2988 553 3097 605 Καὶ
3123 553 3285 619 αὐτὸς
3329 554 3410 607 δὲ·
3438 556 3467 608 ό
3518 556 3731 626 Κύριος

2135 639 2358 709 είρηκεν
2400 657 2414 673 ο
2453 658 2472 692 ι
2524 640 2717 711 Ὑμεῖς
2740 645 2801 697 ὲν
2848 643 2995 714 ἐμοὶ,
3025 645 3180 712 κάγὼ
3224 646 3284 697 ὲν
3344 646 3493 716 ὑμῖν.
3536 664 3556 699 ι
3614 648 3732 701 Καὶ

2136 731 2389 805 καθάπερ
2420 734 2448 787 ό
2473 733 2605 798 Θεὸς
2629 735 2877 806 ἀσχέτως
2905 736 3056 791 ἐστὶν
3081 738 3139 789 ὲν
3168 739 3379 804 αὐτοῖς,
3403 742 3499 792 καὶ
3524 741 3633 793 ἀπε
3644 759 3733 809 ρι-

2135 824 2418 893 γράπτως,
2454 825 2599 879 οὕτω
2649 829 2746 882 καὶ
2792 829 2953 882 αὐτοὶ·
2998 830 3058 883 ιν
3095 829 3247 901 αὐτῷ
3285 832 3506 903 ἀμιγῶς
3549 832 3728 887 αὐτοῦ

2138 916 2259 970 κατ’
2288 915 2499 986 οὐσίαν,
2532 918 2625 974 καὶ
2659 920 3003 991 ἀσυγχύτως.

2748 1012 2861 1067 τοῦ
2898 1014 3106 1069 αὑτοῦ.

2141 1110 2163 1158 ἓ
2210 1104 2319 1159 Τοῦ
2358 1105 2553 1160 ἀποίου
2588 1106 2683 1160 καὶ
2728 1107 2939 1161 ἀπόσου
2989 1106 3124 1162 Θεοῦ
3173 1108 3379 1172 πλάτος
3434 1109 3535 1181 μὲν
3577 1110 3733 1164 θετον

2139 1199 2361 1270 νοητέον
2401 1200 2502 1271 τὴν
2530 1199 2749 1272 εὐρεῖαν
2788 1201 2883 1254 ἐπὶ
2918 1202 3098 1256 πάντα
3145 1203 3517 1274 προνοητικὴν
3557 1206 3735 1274 πρόο-

2139 1290 2230 1344 δον
2254 1331 2270 1355 ,
2310 1290 2488 1360 μῆκος
2512 1290 2567 1344 δὲ
2607 1292 2707 1363 τὴν
2749 1292 3283 1366 ὐπερεκτεινομένην
3314 1295 3457 1366 ὑπὲρ
3504 1296 3732 1350 ἅπαντα

2139 1382 2375 1455 δύναμιν
2399 1424 2414 1449 ,
2465 1383 2630 1453 βάθος
2665 1385 2724 1439 δὲ
2774 1386 2875 1455 τὴν
2909 1388 3044 1441 πᾶσι
3077 1389 3192 1452 τοῖς
3220 1383 3375 1441 οῦσιν
3406 1387 3734 1460 ἀθεώρητον

2142 1477 2485 1547 κρυφιότητα
2516 1477 2611 1531 καὶ
2642 1478 2944 1547 ἀγνωσίαν.

2748 1570 2859 1625 Τοῦ
2890 1572 3100 1627 αὐτοῦ.

2228 1657 2288 1715 ⁸0
2325 1656 2457 1724 Θεὸς
2503 1660 2561 1715 ἔν
2610 1665 2734 1726 ταῖς
2782 1663 2954 1735 ἱεραῖς
2986 1664 3099 1717 τῶν
3146 1662 3429 1734 μυστικῶν
3474 1647 3732 1735 όράσεων

2142 1751 2490 1822 θεοφανείαις
2543 1753 2837 1808 πλάττεται
2885 1754 2981 1808 καί⁸
3028 1755 3235 1821 πολιὸς,
3287 1756 3385 1810 καὶ
3439 1756 3583 1822 νέος,
3632 1755 3732 1808 τοῦ

2136 1843 2327 1896 πολιοῦ
2363 1844 2462 1914 μὲν
2502 1844 2592 1896 τὸν
2622 1846 2874 1917 ἀρχαῖον,
2903 1842 2998 1898 τοῦ
3034 1844 3156 1899 νέου
3192 1845 3249 1897 δὲ
3275 1845 3367 1897 τὸν
3391 1846 3592 1914 ἀγήρω
3629 1859 3731 1911 ση-

2143 1933 2454 2005 μαίνοντος,
2492 1934 2526 2006 ἢ
2564 1937 2659 1989 καὶ
2689 1936 2782 1989 τοῦ
2814 1936 2937 1989 νέου
2973 1942 3117 1990 κατά
3145 1935 3305 2003 λόγον
3345 1934 3733 2005 ἀριθμητικὸν

2136 2025 2235 2096 τὴν
2281 2026 2624 2097 ἀρχαιότητα
2674 2030 2776 2097 τὴν
2824 2028 2977 2081 θείαν
3035 2026 3450 2098 ὑποδηλοῦντος.
3492 2027 3558 2079 Ἦ
3616 2027 3733 2094 γὰρ

2140 2117 2307 2185 μονὰς
2340 2117 2435 2169 καὶ
2479 2119 2547 2170 τὰ
2597 2118 2727 2186 περὶ
2769 2117 2973 2187 μονάδα
3008 2114 3441 2187 ἀρχηγικώτερά
3471 2115 3583 2166 είσι
3612 2112 3734 2165 τῶν

2137 2206 2232 2261 ἐπὶ
2263 2206 2396 2262 πολὺ
2428 2208 2874 2279 προεληλυθότων
2906 2207 3183 2279 ἀριθμῶν.

2744 2389 2855 2443 τοῦ
2888 2387 3097 2442 αὑτοῦ.

2209 2479 2336 2533 ὀτι
2366 2477 2491 2532 οὔτε
2528 2478 2597 2532 τὰ
2640 2477 2772 2534 ὄντα
2816 2478 3150 2549 γινώσκουσι
3181 2478 3274 2532 τὸν
3317 2478 3455 2531 Θεὸν
3585 2476 3732 2540 Θεός

2138 2570 2305 2635 ἐστιν,
2334 2568 2459 2623 οὒτε
2487 2570 2515 2621 ό
2540 2568 2674 2632 Θεὸς
2705 2571 2965 2638 γινώσκει
2989 2568 3059 2623 τά
3090 2569 3218 2622 ὄντα
3303 2568 3434 2622 ὅντα
3471 2569 3603 2622 εἰσί.
3636 2567 3729 2620 Τὰ

2138 2658 2239 2726 μὲν
2283 2654 2377 2711 οὖν
2416 2656 2545 2710 ὄντα
2587 2659 2646 2710 οὐ
2681 2658 2947 2726 γινώσκει
2996 2657 3088 2711 τὸν
3127 2659 3260 2711 Θεὸν
3396 2658 3529 2720 Θεός
3583 2659 3729 2719 ἐστι,

2135 2747 2223 2803 διὰ
2247 2749 2309 2803 τὸ
2340 2745 2483 2805 εἶναι
2516 2752 2632 2813 τοῖς
2659 2745 2785 2803 οὖσι
2811 2752 2977 2804 πᾶσιν
3005 2750 3396 2821 ἀκατάληπτον
3423 2749 3485 2801 τὸ
3519 2750 3728 2802 είδέναι

2135 2841 2229 2896 τὸν
2284 2842 2418 2896 Θεὸν
2474 2841 2611 2896 καθὸ
2657 2841 2790 2906 Θεός
2841 2844 2979 2908 ἐστι,
3038 2842 3289 2895 τουτέστι
3347 2840 3536 2904 καθὼς
3595 2841 3718 2910 ἔχει

2138 2934 2355 3003 φύσεως
2377 2951 2392 2965 ·
2425 2936 2587 3004 μόνος
2626 2936 2735 3007 γὰρ
2765 2935 2930 2998 αὐτὸς
2960 2930 3100 2988 οἶδεν
3126 2934 3302 2996 οὕτως
3341 2935 3537 2989 ἑαυτόν
3561 2950 3575 2964 ’
3598 2936 3628 2987 ό
3668 2934 3727 2987 δὲ

456 3043 568 3091 res,
621 3039 679 3081 ut
708 3028 837 3097 ipsa:
866 3038 1013 3094 sunt,
1052 3027 1307 3099 quoniam
1354 3041 1448 3084 eas
1482 3027 1693 3083 ratione
1732 3031 2025 3085 essentiam

2145 3027 2267 3090 Θεὸς
2297 3027 2359 3080 οὐ
2389 3025 2652 3095 γινώσκει
2686 3025 2754 3080 τά
2775 3024 2905 3081 ὄντα
2935 3020 3121 3101 ᾖδντα
3151 3024 3281 3091 εἰσὶ,
3309 3023 3397 3076 διὰ.
3443 3023 3507 3077 τὸ
3552 3024 3728 3093 ὑπερ-

456 3129 754 3188 superante
784 3119 1027 3190 cognitas
1078 3118 1261 3174 liabet.

1097 3212 1366 3277 Eiusdem.

524 3302 667 3356 Deus
697 3302 921 3372 quidem
944 3304 1106 3359 rebus
1128 3307 1382 3362 omnibus
1408 3307 1561 3364 adest
1583 3328 1595 3365 :
1618 3322 1793 3379 neque
1813 3307 1959 3363 enim
1980 3307 2037 3362 in

440 3396 579 3451 loco
605 3406 712 3460 est,
748 3406 805 3451 ut
847 3397 1026 3466 aliqua
1051 3397 1192 3453 absit
1222 3438 1237 3464 ,
1274 3400 1368 3455 sed
1406 3402 1587 3456 omnia
1630 3402 2033 3472 complectitur.

448 3488 587 3557 lpsw
606 3497 787 3544 autem
814 3505 901 3544 res
925 3503 1037 3543 non
1059 3505 1249 3546 omnes
1273 3493 1473 3547 adsunt
1499 3494 1628 3560 Deo,
1654 3495 1746 3549 sed
1764 3494 1874 3549 illse
1894 3495 2034 3547 dum

451 3590 617 3644 taxat,
641 3598 760 3652 qua:
789 3583 971 3638 divina
1000 3595 1127 3640 sunt
1150 3583 1558 3656 propinquitate
1577 3586 1773 3659 dignae.
1806 3585 1915 3641 Nos
1940 3600 2040 3639 au-

438 3680 561 3725 tem
593 3682 722 3728 tunc
752 3674 817 3728 ad
845 3673 992 3728 illum
1026 3674 1547 3745 appmpinquamus,
1576 3692 1701 3732 cum
1724 3676 2040 3732 invocamus

435 3781 571 3819 (cum
606 3767 748 3819 votis
789 3766 1157 3836 precibusque
1182 3767 1564 3835 sanctissimis,
1598 3778 1653 3823 et
1673 3768 1869 3823 animis
1891 3769 2041 3837 puris

447 3872 513 3911 ac
542 3857 764 3912 minimc
792 3860 1185 3929 coinquinatis,
1211 3860 1628 3930 praebemusuue
1653 3875 1756 3915 nos
1784 3868 1959 3930 aptos,
1987 3866 2044 3915 et

440 3950 693 4013 idoneos,
724 3951 813 4019 qui
859 3950 925 4005 ad
971 3951 1151 4021 ipsum
1194 3953 1538 4007 accedamus.
1573 3952 1649 4007 Ac
1678 3952 2045 4022 quemadmo-

442 4042 598 4106 dum,
633 4044 676 4097 si
699 4052 892 4097 catena
916 4045 1104 4098 multis
1128 4053 1377 4098 contexta
1401 4043 1721 4107 luminibus,
1746 4052 1801 4096 et
1832 4055 1863 4095 e
1891 4056 2045 4095 sum-

446 4149 543 4187 mo
589 4148 852 4199 suspensa
880 4134 1019 4188 celo
1052 4135 1161 4188 huc
1206 4150 1381 4201 usque
1405 4134 1707 4203 perveniat,
1737 4146 1837 4186 nos
1864 4140 2045 4185 autem

453 4224 679 4276 alternis
707 4238 827 4276 eam
858 4222 1112 4277 manibus
1137 4223 1613 4292 apprehendentes
1638 4222 1866 4275 ulterius
1892 4235 2041 4275 scm-

455 4314 555 4382 per
585 4312 892 4377 tendamus,
915 4312 1087 4381 ipsam
1118 4312 1335 4383 quidem
1360 4310 1649 4366 detrahere
1671 4309 1827 4365 nobis
1858 4310 2044 4367 videa-

454 4418 601 4470 mur,
648 4420 839 4459 revera
882 4414 1065 4460 autem
1094 4419 1205 4459 non
1252 4419 1374 4458 eam
1420 4418 1585 4473 supra
1616 4402 1865 4473 infraque
1905 4417 2045 4473 prat-

459 4507 670 4552 sentem
704 4495 1060 4563 deducmus,
1110 4495 1206 4551 sed
1249 4510 1347 4551 nos
1387 4495 1570 4565 potius
1586 4495 1658 4550 ad
1700 4496 2044 4552 sublimiores

456 4590 633 4660 ipsius
676 4590 997 4660 splendores
1024 4589 1319 4655 tollentur;
1352 4597 1446 4642 aut
1482 4588 1528 4642 si
1561 4602 1858 4643 conscensa
1895 4588 2043 4654 navi,

457 4681 619 4738 funes
653 4696 716 4736 ex
759 4681 942 4751 aliqu
966 4694 1096 4734 sam
1125 4680 1191 4735 ad
1218 4694 1321 4734 nos
1351 4687 1654 4749 protensos,
1680 4686 1735 4731 et
1765 4676 1919 4747 quasi
1949 4678 2044 4733 de-

460 4774 571 4829 dita
598 4786 763 4842 opera
794 4774 872 4827 sic
896 4771 1055 4827 nobis
1081 4770 1353 4825 cxhibitos
1377 4777 1437 4824 ut
1468 4784 1562 4824 eos
1595 4781 1659 4823 ex
1690 4768 1858 4822 altera
1891 4778 2045 4838 parte

457 4866 951 4938 prelienderemus,
991 4865 1354 4933 corripientes
1402 4870 1588 4917 contra
1627 4863 1888 4926 nitamur,
1932 4876 2045 4915 non

462 4973 654 5014 saxum
689 4958 755 5012 ad
784 4973 904 5023 nos,
949 4957 1044 5012 sed
1086 4970 1186 5011 nos
1207 4954 1388 5020 simul,
1434 4955 1687 5009 etnavim
1727 4954 1795 5008 ad
1838 4968 2028 5007 saxum

460 5064 879 5119 promeremus:
904 5049 983 5103 sic
1001 5048 1161 5103 etiam
1180 5055 1466 5117 precantes
1483 5054 1537 5101 et
1553 5045 1921 5108 obsecrantes,
1936 5060 2045 5098 non

393 5138 399 5170 ξ
466 5139 634 5194 Deum
661 5143 727 5196 ad
758 5156 880 5209 nos,
910 5143 1004 5212 qui
1040 5139 1242 5210 ubique
1275 5147 1471 5209 praesto
1497 5147 1601 5201 est,
1634 5137 1919 5201 trahimus,
1952 5136 2047 5191 sed

465 5247 566 5286 nos
594 5234 662 5288 ad
706 5236 883 5304 ipsum
928 5233 1110 5288 divina
1150 5231 1671 5287 commemoratione
1710 5229 2046 5285 obsecratio-

466 5337 647 5395 neque
678 5337 1088 5395 promovemus,
1116 5321 1279 5391 eique
1318 5334 1419 5375 nos
1447 5320 1923 5375 commendamus.

1121 5412 1399 5479 Ejusdem.

538 5510 694 5580 Apud
721 5526 820 5566 nos
850 5510 1069 5581 quidem
1098 5509 1337 5565 ebrietas
1368 5506 1542 5562 tendit
1567 5506 1634 5561 ad
1671 5506 1966 5571 deteriora,
1990 5516 2047 5560 et

468 5609 552 5658 est
570 5603 857 5657 immodica
882 5603 993 5658 vini
1015 5601 1261 5673 repletio,
1285 5616 1389 5670 qua
1414 5614 1567 5656 mens
1585 5599 1703 5655 loco
1719 5600 2041 5655 dimovetur.

542 5719 559 5749 ι
596 5716 740 5775 Psal.
771 5729 897 5783 xxx,
932 5718 987 5771 5.
1067 5720 1086 5748 ³
1117 5716 1277 5773 Joan.
1308 5730 1398 5782 xv,
1429 5716 1481 5769 4.

2137 3121 2335 3184 ουσίως
2371 3119 2511 3173 αὐτά
2545 3135 2857 3188 γινώσκειν.

2759 3214 2872 3269 Τοῦ
2904 3211 3115 3268 αὐτοῦ.

2217 3308 2279 3362 Ὅ
2323 3307 2421 3377 μὲν
2470 3306 2603 3369 Θεὸς
2659 3307 2793 3360 πᾶσι
2834 3306 3129 3376 πάρεστινυ
3185 3304 3246 3359 οὐ
3297 3304 3412 3375 γὰρ
3465 3304 3526 3358 ἐν
3573 3304 3729 3375 τόπῳ

2144 3402 2319 3464 ἐστὶν,
2346 3400 2433 3453 ἴνα
2464 3399 2559 3454 καὶ
2590 3400 2704 3470 ἀπῇ
2739 3415 2903 3464 τινος,
2940 3396 3075 3451 ἀλλά
3098 3396 3319 3451 πάντων
3361 3396 3485 3449 ἐστὶ
3532 3413 3726 3467 περιεο

2140 3493 2325 3555 κτικός
2352 3506 2367 3522 ⁸
2396 3492 2455 3545 οὐ
2506 3490 2681 3543 πάντα
2735 3488 2791 3542 δὲ
2844 3489 2993 3556 αὐτῷ
3023 3488 3312 3559 πάρεστιν,
3341 3476 3457 3541 ἀλλ’
3486 3491 3590 3542 ὅσα
3623 3491 3726 3559 τῆς

2147 3584 2301 3648 θείας
2350 3582 2648 3653 ὲγγύτητός
2699 3583 2837 3634 είσιν
2880 3580 3026 3646 ἀξια.
3081 3578 3278 3650 Ἦμετς
3311 3581 3368 3634 δὲ
3420 3584 3539 3635 τότε
3570 3582 3727 3653 αὐτῷ

2143 3677 2451 3750 πάρεσμεν,
2485 3676 2573 3729 ὅτε
2604 3674 2790 3729 τοῦτον
2830 3672 3245 3743 ὲπικαλούμεθα
3280 3674 3581 3743 πανάγνοις
3623 3678 3729 3745 μὲν

2144 3770 2355 3841 εὐχαῖς,
2390 3766 2773 3838 ἀνεπιθολώτῳ
2802 3767 2859 3820 δὲ
2891 3766 2989 3838 νῷ,
3024 3766 3121 3819 καὶ
3157 3769 3225 3838 τῇ
3247 3769 3346 3836 τῆς
3385 3767 3523 3837 πρὸς
3555 3768 3731 3822 αὐτὸν

2145 3864 2450 3935 ὲγγῦτητος
2496 3860 2924 3932 ἐπιτηδειότητι.
2953 3859 3169 3929 ’Ὥσπερ
3197 3857 3254 3911 δὲ
3307 3858 3354 3911 εί
3392 3857 3731 3927 πολυφὼτου

2152 3958 2341 4025 σειρᾶς
2370 3955 2434 4007 ὲκ
2467 3952 2569 4022 τῆς
2618 3950 2871 4022 οὐρανίου
2905 3950 3205 4021 ἀκρότητος
3246 3949 3595 4019 ἡρτημὲνης,
3636 3953 3733 4005 καὶ

2147 4047 2225 4109 είς
2258 4045 2417 4116 δεῦρο
2457 4042 2831 4112 καθηκούσης,
2862 4041 3023 4112 ἡμεῖς
3060 4041 3148 4094 ἀεὶ
3173 4040 3345 4108 αὐτῆς
3376 4040 3470 4093 ἐπὶ
3498 4040 3562 4092 τὸ
3612 4041 3731 4094 ἀνω

2147 4139 2334 4212 χερσὶν
2363 4136 2680 4205 ἀμοιϐαίαις
2702 4135 3060 4205 δραττόμενοι
3094 4133 3385 4186 καθέλκειν
3415 4133 3518 4201 μὲν
3549 4134 3726 4204 αὐτὴν

2149 4232 2465 4303 ἐδοκοῦμεν,
2500 4230 2692 4302 τῳόντι
2728 4228 2783 4282 δὲ
2821 4229 2881 4281 οὐ
2916 4230 3230 4298 κατήγομεν
3268 4227 3488 4298 ἐκείνην
3526 4228 3640 4280 ἀνω
3670 4243 3734 4279 τε

2150 4327 2243 4380 καὶ
2272 4326 2426 4377 κάτω
2466 4320 2772 4392 παροῦσαν,
2826 4318 2940 4377 ἀλλ’
2962 4320 3116 4372 αὐτοὶ
3166 4319 3370 4388 μᾶλλον
3408 4319 3736 4389 ἀνηγόμεθα

2148 4416 2286 4487 πρὸς
2321 4414 2420 4478 τάς
2458 4410 2796 4483 ὑψηλοτέρας
2826 4410 3197 4481 μαρμαρυγὰς
3222 4410 3433 4481 αὐτῆςο
3470 4410 3502 4481 ἢ
3540 4410 3736 4481 ὥσπερ

2148 4510 2228 4572 είς
2257 4506 2391 4561 ναῦν
2415 4505 2814 4578 ὶμόεόηκότες,
2838 4507 2933 4557 καὶ
2964 4503 3320 4573 ἀντεχόμενοι
3348 4504 3461 4557 τῶν
3490 4505 3553 4556 ἐκ
3584 4521 3737 4575 τινος

2149 4601 2358 4671 πέτρας
2399 4600 2478 4663 είς
2509 4598 2657 4668 ἡμᾶς
2684 4595 3080 4666 ἐκτεινομένων
3113 4593 3463 4663 πεισμάτων,
3494 4596 3590 4648 καὶ
3618 4588 3737 4648 οἷον

2148 4691 2280 4762 ἡμῖν
2316 4692 2393 4751 είς
2424 4688 2710 4760 ἀντίληψιν
2754 4686 3138 4755 ὲκδιδομένων,
3175 4684 3277 4739 οὐκ
3313 4684 3403 4754 ἐφ’
3439 4686 3593 4755 ἡμᾶς
3627 4685 3731 4756 τὴν

2148 4783 2381 4851 πέτραν,
2421 4779 2539 4833 ἀλλ’
2586 4780 2739 4850 ἡμᾶς
2793 4778 2991 4842 αὐτοὺς
3032 4779 3126 4831 καλ⁵
3160 4776 3257 4847 τὴν
3296 4776 3430 4831 ναῦν
3476 4777 3571 4829 ἐπὶ
3630 4778 3733 4847 τὴν

2149 4873 2359 4942 πέτραν
2399 4872 2785 4942 προσήγομεν⁶
2837 4868 3012 4935 οὕτως
3052 4869 3164 4939 ἀρα
3209 4870 3301 4921 καὶ
3335 4869 3627 4939 εὐχόμενοι
3669 4868 3731 4922 οὐ

2147 4964 2240 5017 τὸν
2274 4964 2405 5017 Θεὸν
2430 4962 2515 5031 ἐφ’
2546 4964 2693 5032 ἡμᾶς
2731 4963 2982 5028 ἕλκομεν,
3008 4960 3100 5012 τὸν
3129 4959 3421 5029 ἀπανταχῆ
3458 4959 3729 5028 παρόντα,

2150 5056 2264 5110 ἀλλ’
2296 5056 2446 5125 ἡμᾶς
2469 5053 2667 5115 αὐτοὺς
2708 5052 2847 5124 πρὸς
2875 5050 3039 5105 αὐτὸν
3062 5050 3151 5104 διὰ
3174 5050 3275 5119 τῆς
3299 5050 3451 5111 θείας
3480 5050 3731 5119 μνήμης,

2150 5147 2244 5201 καὶ
2297 5144 2638 5215 ἐπικλήσεως
2670 5143 2945 5215 ἀνάγομεν
2976 5160 3035 5196 τε
3076 5141 3172 5197 καὶ
3210 5138 3619 5211 ἐγχειρίζομεν.

2746 5406 2863 5461 Τοῦ
2912 5408 3118 5463 αὐτοῦ.

2234 5498 2349 5566 Ἐφ’
2376 5498 2533 5568 ήμῶν
2575 5498 2673 5569 μὲν
2703 5500 2735 5568 ἡ
2770 5499 2912 5569 μέθη
2964 5502 3025 5554 τὸ
3079 5503 3261 5571 χεῖρον
3294 5499 3729 5571 ὑπερπλήρωσις

2149 5593 2295 5647 ἐστιν
2334 5590 2501 5659 οἴνου,
2540 5593 2635 5645 καὶ
2676 5591 2941 5663 ἀμετρία,
2993 5594 3087 5648 καὶ
3128 5592 3388 5659 ἔκστασις
3443 5594 3573 5649 νοῦ·
3631 5590 3728 5644 ἐπὶ
