4026 6212
399 292 517 357 M3

1638 306 2017 365 EUTHYMII
2058 307 2416 373 ZIGABENI

3559 313 3661 377 1-H

410 413 512 465 tias
582 416 876 470 essentiam
944 420 1359 484 constituentes,
1416 436 1485 472 ne
1539 420 1717 489 ipsum
1773 436 1836 474 ex
1900 423 1983 477 his

2092 429 2364 493 οὖσιώδεις
2392 430 2677 501 διαφορὰς,
2713 431 2797 484 ἵνα
2832 431 2907 502 μὴ
2956 428 3211 483 σύνθετον
3240 427 3406 481 αὑτὸν
3435 430 3501 482 ὲκ
3531 429 3663 482 τού-

406 508 771 576 compositum
799 524 1127 575 asseramus,
1158 513 1250 566 sed
1277 512 1670 580 appellationes
1695 514 1979 582 quasdam,

406 598 609 665 quibus
638 600 816 668 aliqua
846 617 1059 664 eorum,
1088 617 1206 669 quae
1237 603 1380 656 circa
1420 602 1595 669 ipsum
1643 613 1975 672 spectantur,

410 691 691 757 pateﬁunt,
725 708 845 747 cum
875 693 1023 746 nulla
1059 702 1236 746 tamen
1278 708 1346 747 ex
1397 695 1551 764 ipsis,
1598 711 1683 761 ea,
1734 711 1853 765 quae
1911 698 1977 751 ad

410 784 704 837 essentiam
762 794 817 838 et
888 792 1139 845 naturam
1189 786 1309 852 ejus
1361 785 1656 855 pertinent,
1710 788 1983 841 ostendat.

413 871 671 938 Quaedam
700 875 844 929 enim
895 874 1095 929 divinae
1126 884 1334 931 natura:
1364 878 1722 948 congruentia
1773 878 1981 950 signiﬁ-

416 978 569 1030 cant,
611 983 728 1020 non
758 976 960 1023 autem
1003 969 1244 1026 indicant
1294 972 1468 1041 ipsam
1513 981 1789 1035 naturam,
1836 973 1982 1042 quod

413 1057 635 1123 quidem
682 1059 1120 1117 diﬂ‘erentiarum
1160 1064 1467 1120 essentiam
1529 1064 1980 1121 camstituentium

412 1162 693 1217 proprium
727 1159 834 1206 est.

1077 1244 1348 1314 Ejusdem.

478 1329 535 1383 In
561 1342 743 1399 partes
778 1333 943 1389 dividi
969 1351 1078 1391 non
1104 1347 1281 1405 potest
1313 1339 1475 1405 Deus,
1506 1340 1631 1407 quia
1662 1353 1767 1393 non
1812 1338 1984 1393 habet

408 1420 792 1486 quantitatem.
818 1423 1064 1489 Quantus
1088 1442 1198 1479 non
1224 1435 1325 1492 est,
1349 1426 1605 1497 quoniam
1628 1436 1681 1482 et
1704 1425 1983 1497 qualitatis

408 1526 625 1580 expers.
661 1512 781 1567 Non
829 1522 915 1569 est
958 1517 1155 1584 qualis,
1182 1517 1305 1586 quia
1355 1528 1410 1571 ct
1455 1518 1700 1587 simplex.
1742 1518 1985 1588 Simplex

411 1616 517 1666 est,
552 1607 679 1673 quia
731 1615 788 1662 et
838 1608 1247 1663 interminatus.
1304 1609 1713 1675 Interminatus,
1766 1611 1891 1680 quia
1926 1623 1979 1666 et

414 1696 678 1750 infinitus.
713 1694 984 1763 Inﬁnitus,
1038 1701 1163 1769 quia
1199 1708 1256 1754 et
1297 1700 1614 1758 immobilis.
1649 1702 1980 1767 ,lmmobilis,

412 1789 537 1856 quia
582 1801 635 1843 et
670 1790 791 1844 sine
838 1791 1125 1860 principio.
1158 1792 1305 1846 Nihil
1357 1793 1501 1847 enim
1536 1794 1698 1849 habet
1726 1802 1853 1849 ante
1902 1810 1983 1858 se,

411 1890 463 1932 et
509 1882 703 1949 majus.
750 1880 889 1935 Nihil
921 1899 1127 1948 Secum,
1179 1894 1235 1938 et
1282 1887 1506 1955 aequale.
1548 1886 1693 1940 Nihil
1734 1896 1856 1956 post
1904 1903 1985 1943 se.

415 1971 580 2024 Vacat
609 1982 788 2027 autem
840 1974 1129 2043 principio,
1176 1976 1418 2043 iuoniam
1470 1980 1530 2030 σι’
1567 1976 1848 2047 ingenitus
1878 1985 1981 2031 est.

411 2064 689 2131 lngenitus
739 2080 923 2134 porro,
971 2066 1229 2135 quoniam
1288 2075 1371 2121 est
1420 2081 1586 2132 unus,
1642 2076 1698 2122 et
1748 2067 1985 2121 maxime

412 2155 724 2223 singularis.
752 2155 904 2211 Unus
948 2172 1074 2211 vero
1129 2156 1473 2224 maximeque
1517 2158 1832 2229 singularis,
1863 2173 1995 2229 quo-

411 2248 573 2302 niam-
594 2249 894 2303 immensus
930 2251 1176 2314 omnino,
1205 2251 1437 2322 ideoque
1465 2266 1565 2306 nec
1583 2252 1862 2320 explicari,
1890 2265 1993 2306 nec

411 2338 665 2409 cognosci
712 2350 913 2410 potest,
963 2352 1018 2395 et
1054 2342 1165 2396 sola
1219 2343 1332 2397 haec
1375 2357 1499 2396 vera
1540 2341 1685 2398 illius
1734 2341 1971 2398 habetur

411 2433 675 2502 cognitio,
706 2435 852 2503 quod
890 2435 1145 2504 cognosci
1178 2448 1285 2489 non
1329 2441 1528 2505 potest.

1136 2524 1413 2593 Ejusdem.

472 2616 741 2672 ’lniinitus
789 2628 873 2674 est
903 2618 1066 2681 Deus,
1109 2632 1222 2671 non
1254 2632 1315 2673 ea
1354 2633 1411 2675 re
1437 2617 1632 2682 solum,
1662 2621 1805 2690 quod
1841 2619 1991 2689 prin-

414 2710 561 2777 cipio
605 2721 763 2765 vacat
802 2720 861 2765 et
888 2710 1015 2776 nne,
1047 2710 1399 2765 verumetiam
1427 2720 1690 2781 quantum
1716 2712 1781 2766 ad
1806 2725 1995 2766 essen-

414 2803 658 2863 ιὸςιιη,ιοι
716 2801 1034 2870 potentiam,
1079 2801 1456 2872 actionemque
1501 2802 1759 2873 pertinet.
1804 2802 1991 2873 Neque

413 2892 560 2947 enim
574 2907 670 2962 per
695 2894 988 2949 essentiam
1017 2893 1246 2963 percipi,
1262 2908 1364 2950 nec
1381 2910 1478 2964 per
1496 2894 1991 2964 potentiam,actio-

413 2999 647 3052 itemque
668 2985 916 3053 cognosci
935 2994 1131 3055 potest.
1153 2984 1328 3054 Atque
1350 2994 1407 3040 ut
1443 2985 1625 3040 verius
1647 2986 1855 3055 loquar,
1877 2999 1993 3039 om-

2089 536 2197 571 των
2234 520 2677 589 δογματίσωμεν,
2737 518 2874 571 ἀλλά
2915 516 3291 588 προσηγορίας
3345 518 3510 567 τινῶν
3560 514 3667 583 μὲν

2086 610 2442 681 ὲκφαντικάς,
2475 610 2585 663 τῶν
2614 609 3010 678 θεωρουμένων
3040 608 3168 677 περὶ
3215 606 3403 670 αὐτὸν,
3450 603 3666 665 οὐδενὸς

2084 702 2141 754 δὲ
2167 700 2274 754 τῶν
2300 702 2443 753 κατὰ
2470 700 2569 767 τὴν
2594 702 2784 754 οὐσίαν
2814 697 2980 752 αὑτοῦ
3006 699 3101 752 καὶ
3131 697 3300 765 φύσιν
3329 695 3662 765 δηλωτικάς.

2087 793 2223 846 Τινά
2252 793 2353 863 μὲν
2380 792 2489 862 γὰρ
2518 791 2798 861 πρέποντα
2829 792 2896 860 τῇ
2928 789 3049 861 θείᾳ
3072 794 3234 857 φύσει
3267 786 3661 856 σημαίνουσιν,

2084 885 2186 938 οὐκ
2222 885 2391 955 αὐτὴν
2418 884 2476 937 δὲ
2505 883 2604 954 τὴν
2644 883 2806 952 φύσιν
2840 882 3164 953 μηνύουσιν,
3210 880 3349 950 ὅπερ
3378 879 3513 932 ἴδιον
3550 878 3664 929 τῶν

2084 976 2361 1033 οὒσιωδῶν
2398 979 2493 1031 καὶ
2527 976 2869 1030 συστατικῶν
2908 972 3201 1043 διαφορῶν.

2696 1252 2805 1305 Τοῦ
2849 1248 3055 1304 αὑτοῦ.

2168 1346 2398 1417 Ἀμερὲς
2460 1344 2559 1416 μὲν
2599 1343 2658 1396 τὸ
2706 1342 2881 1404 Θεῖον,
2924 1343 3005 1394 ὅτι
3052 1341 3144 1393 καὶ
3183 1337 3420 1391 ἄποσον·
3458 1336 3666 1390 ἀποσον

2084 1441 2162 1509 δὲ,
2203 1440 2285 1493 ὅτι
2348 1440 2443 1491 καὶ
2519 1437 2743 1490 ἄποιονο
2789 1432 2979 1486 ἄποιον
3026 1431 3103 1495 δὲ,
3154 1429 3238 1482 ὅτι
3284 1427 3379 1480 καὶ
3428 1423 3663 1484 ἁπλοῦν,

2087 1533 2290 1587 ἁπλοῦν
2339 1531 2417 1597 δὲ,
2459 1528 2541 1583 ὅτι
2572 1526 2667 1581 καὶ
2715 1525 3065 1589 ἀδιάστατον,
3112 1521 3438 1576 ἀδιάστατον
3469 1517 3548 1583 δὲ,
3581 1518 3668 1569 ὅτι

2085 1628 2180 1681 καὶ
2234 1626 2499 1695 ἀπειρονσ
2535 1621 2759 1690 ἄπειρον
2801 1618 2880 1683 δὲ,
2923 1619 3006 1670 ὃτι
3049 1613 3143 1669 καὶ
3198 1612 3489 1681 ἀκίνητον·
3539 1608 3670 1661 ἀκί-

2015 1749 2060 1807 B
2087 1737 2247 1791 νητον
2276 1718 2353 1782 δὲ,
2395 1717 2476 1769 ὅτι
2512 1713 2607 1767 καὶ
2650 1713 2906 1781 ἄναρχον.
2962 1707 3106 1807 Οὔτε
3150 1704 3259 1807 γὰρ
3302 1703 3416 1807 εχει
3448 1718 3501 1752 τι
3554 1698 3668 1807 πρδ

2091 1787 2277 1875 αότοῦ,
2316 1810 2405 1862 καὶ
2436 1807 2642 1876 μεῖζον,
2673 1803 2796 1857 οὔτε
2821 1818 2869 1853 τι
2906 1799 3003 1852 σὺν
3048 1795 3216 1863 αὐτῷ,
3247 1797 3339 1846 καὶ
3374 1791 3507 1855 ἴσον,
3536 1787 3667 1841 οὔτε

2089 1920 2144 1956 τι
2199 1902 2316 1972 μετ’
2370 1899 2523 1952 αὐτό.
2578 1896 2850 1965 Ἀναρχον
2901 1892 2979 1954 δὲ,
3037 1891 3119 1943 ὅτι
3171 1888 3265 1940 καὶ
3317 1884 3663 1952 ἀγέννητον,’

2090 1996 2382 2063 ἀγέννητον
2411 1991 2489 2056 δὲ,
2511 1990 2611 2043 ὅτι.
2641 1987 2734 2041 καὶ
2796 1984 2854 2037 ἓν
2905 1982 2999 2036 καὶ
3033 1978 3340 2051 μονώτατον
3360 1992 3374 2006 ⁸
3401 1974 3458 2026 ἓν
3483 1974 3538 2026 δὲ
3566 1972 3669 2025 καὶ

2094 2085 2424 2156 μονώτατον,
2452 2084 2534 2135 ὅτι
2560 2082 2653 2134 καὶ
2678 2075 2959 2138 παντελῶς
2991 2072 3241 2143 ἄσχετον,
3270 2067 3366 2122 καὶ
3391 2065 3479 2119 διά
3506 2063 3670 2118 τοῦτο

2095 2176 2272 2231 πάντα
2304 2174 2467 2227 πᾶσιν
2512 2168 2752 2241 stante;
2790 2183 2850 2219 τε
2894 2164 2987 2218 καὶ
3021 2163 3320 2230 ἄγνωστον,
3371 2158 3465 2211 καὶ
3496 2156 3670 2227 μόνην

2093 2266 2270 2338 ἀληθῆ
2316 2264 2517 2333 γνῶσιν
2547 2261 2668 2331 ἔχον
2697 2258 2757 2311 τδ
2813 2256 2889 2330 μὴ
2920 2250 3311 2325 γινώσκεσθαι.

2710 2504 2822 2560 Τοῦ
2845 2501 3055 2557 αὐτοῦ.

2172 2609 2434 2676 Ἀπειρον
2465 2601 2528 2655 τὸ
2556 2599 2698 2654 θεῖον
2723 2597 2786 2651 οὐ
2817 2596 2978 2667 μόνον
3016 2590 3171 2645 κατὰ
3218 2587 3277 2640 τὸ
3324 2585 3566 2676 ἄναρχον
3606 2599 3669 2635 τι

2097 2703 2193 2757 καὶ
2221 2674 2601 2764 ἀτελεύτητον,
2637 2689 2775 2744 ἀλλὰ
2826 2690 2923 2741 καὶ
2961 2683 3085 2738 κατ’
3130 2680 3346 2744 οὐσίαν,
3381 2681 3476 2731 καὶ
3508 2674 3675 2728 δύνα-

2100 2807 2214 2861 μιν,
2246 2786 2343 2842 καὶ
2365 2786 2671 2854 ἐνέργειαν.
2708 2778 3016 2850 ’Δχώρητον
3045 2773 3143 2845 μὲν
3170 2773 3278 2842 γὰρ
3300 2772 3423 2824 κατ’
3449 2769 3667 2833 οὐσίαν,

2094 2879 2453 2952 ἀπερινόητον
2487 2876 2544 2928 δὲ
2591 2873 2734 2927 κατὰ
2769 2871 3019 2939 δύναμιν,
3074 2866 3175 2920 καὶ
3212 2864 3518 2934 ἐνέργειαν.
3554 2862 3671 2914 Καὶ

2096 2973 2458 3044 ἀληθέστερον
2484 2968 2679 3029 εἰπεῖν,
2708 2964 2962 3033 ἀόριστον
2986 2960 3127 3013 κατά
3158 2957 3339 3011 πάντα
3358 2955 3455 3009 καὶ
3480 2953 3670 3020 λόγον,

411 3076 469 3129 ni
511 3048 719 3129 ratione
736 3048 792 3130 et
985 3085 1069 3130 est
1088 3048 1423 3129 indeiinitus.
1443 3074 1564 3129 llzec
1586 3048 1733 3129 enim
1755 3084 1840 3129 est
1862 3074 1986 3129 inﬁ-

2095 3069 2189 3123 καὶ
2227 3064 2456 3136 τρόπον’
2508 3059 2667 3112 τοῦτο
2698 3057 2807 3125 γὰρ
2841 3054 2901 3108 τὸ
2931 3051 3138 3124 κυρίως
3170 3051 3419 3119 ἄπειρον.
3453 3048 3675 3149 Ὠσπερ

414 3167 512 3221 niti
537 3165 835 3235 preprium.
856 3164 988 3220 Nam
1007 3166 1145 3222 sicut
1171 3167 1369 3230 unitas,
1397 3180 1575 3237 neque
1599 3180 1861 3220 numerus
1878 3176 1985 3230 est,

2093 3160 2201 3231 γὰρ
2232 3160 2265 3228 ἠ
2320 3155 2488 3227 μονὰς
2530 3150 2655 3205 οὔτε
2696 3149 2928 3219 ἀριθμός
2958 3148 3127 3209 ἐστιν,
3173 3142 3300 3196 οὔτε
3332 3138 3672 3210 ἀριθμητὸν,

412 3232 591 3328 neque
634 3232 1012 3320 numerabilis,
1032 3272 1209 3327 neque
1233 3232 1620 3326 totum,neque
1656 3268 1988 3325 pars,neque

2092 3253 2213 3308 οὔτε
2240 3251 2383 3312 ὅλον,
2416 3247 2541 3300 οὔτε
2592 3244 2782 3315 μέρος,
2815 3241 2939 3294 οὔτε
2979 3239 3184 3309 σχέσις,
3211 3236 3328 3290 ἀλλ’
3360 3234 3504 3305 ἀρχὴ
3542 3232 3669 3328 μεν,

415 3348 633 3406 habitus
672 3350 911 3414 numeri,
953 3349 1046 3404 sed
1100 3349 1278 3404 omnis
1322 3348 1534 3403 numeri
1577 3348 1904 3417 principium
1934 3354 1988 3403 et

2092 3347 2166 3409 ὡς
2199 3345 2346 3400 αίτία
2385 3340 2584 3402 παντὸς
2628 3334 2889 3408 ἀριθμοῦ,
2935 3333 3167 3401 ἄναρχος
3211 3329 3287 3392 δὲ,
3330 3328 3407 3390 ὡς
3457 3324 3674 3417 μηδένα

416 3437 737 3499 eausa,sine
785 3437 1055 3507 principio
1077 3446 1277 3497 autem,
1300 3437 1423 3507 quia
1457 3438 1661 3491 nullum
1702 3437 1863 3491 habet
1886 3452 1988 3490 nu-

2092 3436 2321 3508 ἁριθμὸν
2370 3432 2569 3502 ἔχουσα
2617 3425 2995 3497 πρεσϐύτερον
3030 3422 3125 3474 καὶ
3178 3420 3354 3473 αἴτιον
3387 3415 3483 3468 τοῦ
3523 3409 3671 3508 εἶναι

417 3540 623 3578 merum
647 3505 1031 3594 antiquiorem,
1055 3533 1107 3579 et
1130 3505 1370 3593 causam,
1394 3536 1450 3579 ut
1473 3525 1586 3595 ipsa
1609 3526 1709 3580 sit:
1737 3525 1813 3580 sic
1828 3524 1988 3579 etiam

2092 3505 2261 3600 αθτὴν
2314 3525 2559 3597 μονάδα·
2615 3520 2758 3573 οὕτω
2799 3517 2896 3571 καὶ
2954 3518 2983 3569 ό
3034 3513 3185 3577 Θεὸς,
3241 3510 3317 3573 ὡς
3382 3508 3439 3559 ὲν
3487 3505 3667 3600 εἰκόνι

420 3617 584 3678 Deus,
642 3623 703 3668 ut
738 3631 963 3686 parvum
1000 3616 1305 3687 exemplum
1345 3616 1622 3682 efferatur,
1671 3631 1887 3671 omnem
1935 3624 1988 3671 et

2095 3597 2269 3694 μικρᾷ
2300 3619 2489 3688 φάναι,
2519 3613 2660 3682 ὑπὲρ
2702 3612 2881 3664 πᾶσαν
2917 3605 3212 3675 ποσότητα,
3252 3602 3351 3694 καὶ
3377 3597 3669 3694 accidentia,

414 3707 793 3775 quantitatem,
822 3716 875 3764 et
892 3709 1231 3777 qualitatem,
1261 3720 1316 3764 et
1338 3709 1580 3763 habitum
1630 3723 1895 3779 superans
1936 3717 1992 3762 et

410 3782 775 3871 simplex‘est,
795 3809 853 3857 et
870 3802 991 3857 sine
1015 3800 1302 3871 principio,
1334 3808 1391 3856 et
1431 3815 1609 3856 rerum
1637 3800 1987 3871 principium.

1099 3893 1375 3965 Ejusdem.

485 3987 800 4056 Simpliccm
834 3987 999 4053 Deus,
1021 3983 1143 4041 eum
1174 3986 1402 4056 simplex
1435 3985 1525 4049 sit,
1552 4000 1735 4048 unam,
1770 3986 1990 4050 bonam,

419 4079 675 4133 omnibus
704 4078 883 4131 omnia
916 4080 1296 4131 conﬁcientem
1326 4076 1596 4130 actionem
1633 4075 1821 4139 habet,
1874 4077 1987 4131 ins-

420 4185 505 4225 tar
537 4168 667 4222 radii
728 4168 878 4233 solis,
928 4170 1020 4235 qui
1066 4168 1245 4220 omnia
1285 4167 1475 4220 fovens
1523 4166 1629 4234 agit
1666 4166 1719 4218 in
1765 4166 1993 4235 singulis

420 4278 523 4330 pro
585 4259 813 4313 naturali
860 4259 1145 4328 cujusque,
1198 4267 1251 4312 et
1300 4257 1366 4311 ad
1415 4255 1819 4324 suscipiendum
1870 4264 1993 4326 apta

418 4359 710 4422 potestate.

1058 4440 1327 4509 Ejusdem.

495 4533 662 4599 Dens,
696 4533 790 4602 qui
833 4542 919 4588 est
946 4534 1059 4602 ipsa
1096 4533 1356 4596 essentia,
1407 4542 1462 4588 et
1508 4534 1624 4604 ipsa
1676 4532 1913 4596 bonitas,
1941 4540 1999 4586 et

428 4629 543 4697 ipsa
570 4625 859 4696 sapientia,
911 4626 1024 4681 imo
1074 4641 1223 4691 vero,
1258 4625 1350 4695 qui
1386 4625 1473 4680 his
1521 4626 1774 4680 omnibus
1826 4625 1997 4679 subli-

428 4723 569 4775 mior
603 4730 709 4784 est,
768 4719 905 4774 nihil
962 4719 1126 4775 habet
1172 4718 1399 4774 omnino
1454 4718 1805 4773 contrarium.
1868 4718 1998 4783 Quae

422 4821 606 4868 autem
630 4819 827 4866 creatae
842 4818 973 4865 sunt
1000 4825 1105 4877 res,
1125 4812 1293 4882 gratia
1321 4820 1376 4866 et
1399 4824 1627 4865 munere
1650 4817 1781 4863 sunt
1801 4822 1997 4863 omnes

425 4905 680 4961 essentia:
715 4903 1027 4974 participes.
1058 4904 1265 4973 thnae
1310 4902 1521 4957 ratione
1550 4909 1839 4970 menteque
1867 4914 2000 4955 con-

414 5004 593 5056 stant,
663 5008 730 5049 ac
788 5004 1036 5047 naturam
1100 4994 1166 5047 ad
1220 4984 1513 5048 bonitatem
1571 4992 1998 5062 sapientiamque

424 5086 826 5155 suscipiendam
854 5087 1103 5140 idoneam
1132 5085 1402 5145 obtinent,
1429 5083 1763 5137 contrarium
1792 5081 1998 5136 habent

418 5180 676 5233 essentia:
706 5179 929 5249 quidem
968 5179 1143 5247 ipsum
1173 5192 1281 5231 non
1307 5190 1451 5242 esse,
1493 5185 1702 5230 naturae
1754 5188 1885 5227 vero
1929 5172 1997 5227 ad

424 5270 745 5335 bonitatem,
766 5280 825 5325 et
855 5268 1182 5340 sapientiam
1216 5267 1588 5335 accipiendam
1618 5265 1998 5322 accommoda-

426 5376 513 5427 ιω,
545 5366 805 5418 malitiam
836 5374 889 5418 et
927 5361 1309 5434 ignorantiam.
1334 5360 1508 5414 Porro
1535 5372 1751 5428 semper
1782 5366 1840 5412 ut
1867 5357 1997 5422 sint,

428 5466 521 5510 aut
548 5474 657 5509 non
696 5458 828 5522 sint,
860 5458 917 5511 in
965 5463 1234 5525 potestate
1268 5460 1351 5507 est
1385 5451 1681 5506 eﬂectoris.
1716 5451 1788 5506 Ut
1815 5458 1996 5503 autem

415 5545 691 5605 .bonitatit
706 5546 1067 5617 et'sapieotia:
1095 5545 1226 5599 (iant
1244 5543 1556 5614 participes,
1585 5552 1677 5596 aut
1708 5557 1819 5595 non
1847 5539 1996 5603 fiant,

424 5638 481 5689 in
518 5636 780 5700 ipsarum,
810 5651 931 5706 quae
979 5639 1189 5693 ratione
1245 5644 1375 5691 sunt
1418 5635 1678 5705 praedita,
1719 5633 1883 5686 situm
1914 5638 1997 5684 est

431 5728 731 5783 voluntate.

2094 3686 2416 3783 καὶ-σχέσιν,
2451 3706 2547 3760 καὶ
2578 3704 2806 3767 ἁπλοῦς,
2847 3701 2940 3753 καὶ
2963 3697 3217 3769 ἄναρχος,
3245 3692 3340 3746 καὶ
3370 3688 3513 3761 ἀρχὴ
3553 3686 3669 3738 τῶν

2092 3806 2283 3859 ὄντων.

2694 3885 2811 3942 Τοῦ
2836 3882 3043 3939 αὐτοῦ.

2185 3982 2418 4042 Ἀπλοῦν
2444 3982 2504 4035 ὃν
2537 3980 2599 4033 τὸ
2631 3978 2787 4031 Θεῖον
2821 3974 2999 4044 ἁπλῆν
3036 3971 3149 4042 ἔχει
3182 3970 3483 4041 ἐνέργειαν,
3512 3963 3669 4035 μίαν,

2098 4076 2331 4149 ἀγαθὴν,
2362 4074 2496 4128 πᾶσι
2531 4073 2707 4126 πάντα
2741 4066 3095 4139 ἐνεργοῦσαν,
3141 4063 3282 4117 κατά
3310 4060 3409 4131 τὴν
3434 4056 3672 4130 ⁴ἡλιακὴν
3744 4088 3749 4089 ν

2096 4175 2311 4235 ἀκτῖνα,
2345 4169 2467 4237 ἣτις
2510 4165 2690 4218 πάντα
2732 4160 3009 4216 θάλπουσα
3052 4160 3111 4209 ἐν
3142 4157 3358 4223 ἑκάστῳ
3388 4150 3534 4205 κατά
3568 4149 3673 4219 τὴν

2099 4262 2339 4334 φυσικὴν
2369 4256 2804 4328 ἐπιτηδειότητα,
2855 4251 2949 4304 καὶ
2977 4248 3234 4318 δεκτικὴν
3257 4246 3489 4313 δύναμιν
3520 4243 3675 4313 ἔνερ-

2098 4357 2204 4425 γεϊ.

2716 4438 2828 4495 Τοῦ
2860 4435 3066 4491 αὐτοῦ.

2183 4537 2243 4592 '0
2275 4536 2375 4607 μὲν
2422 4533 2577 4607 Θεὸς,
2604 4531 2679 4595 ὡς
2708 4526 3076 4597 αὐτοΰπαρξις
3119 4522 3217 4589 ὢν,
3257 4521 3355 4575 καὶ
3397 4520 3677 4583 αὐτοαγα-

2104 4632 2285 4700 θότης,
2319 4629 2415 4681 καὶ
2458 4622 2778 4692 αὐτοσοφία,
2832 4618 3034 4691 μᾶλλον
3067 4616 3127 4671 δι
3168 4616 3268 4669 καὶ
3296 4613 3438 4681 ὑπὲρ
3470 4611 3672 4676 ταῦτα,

2100 4721 2253 4775 οὐδδν
2282 4720 2396 4789 ἔχει
2426 4717 2491 4771 τδ
2520 4714 2743 4769 σύνολον
2773 4708 3017 4766 ἱναντίον
3038 4724 3051 4741 ·
3077 4707 3149 4761 τὰ
3173 4706 3233 4759 δὲ
3264 4704 3563 4773 κτίσματα,
3595 4702 3677 4764 ὡς

2106 4812 2284 4868 πάντα
2320 4811 2416 4883 μὲν
2444 4808 2684 4881 μεθέξει,
2721 4805 2817 4859 καὶ
2841 4803 3025 4874 χάριτι
3054 4799 3158 4870 τὴν
3189 4795 3427 4866 ὓπαρξιν
3456 4796 3677 4865 ἔχοντα,

2102 4907 2171 4960 τὰ
2206 4904 2264 4957 δὲ
2297 4902 2518 4971 λογικὰ,
2560 4898 2656 4954 καὶ
2684 4897 2869 4966 νοερὰ,
2916 4895 3013 4947 καὶ
3056 4895 3133 4955 ὡς
3172 4891 3271 4962 τὴν
3310 4888 3678 4958 ἀγαθότητος,

2102 5001 2194 5052 κα)⁵
2279 4994 2471 5063 σοφίας
2550 4990 2967 5061 ἐπιτηδειότητα
3044 4984 3380 5056 κεκτημένα,
3453 4982 3678 5051 ἔχουσιν

2103 5088 2368 5151 ἐναντίον,
2417 5087 2482 5156 τῇ
2538 5089 2636 5153 μὲν
2670 5080 2906 5150 ὑπάρξει
2958 5079 3019 5131 τὸ
3062 5078 3137 5149 μὴ
3179 5076 3467 5145 ὑπάρχειν,
3516 5075 3582 5143 τῇ
3618 5072 3678 5125 δὲ

2099 5182 2200 5254 τῆς
2239 5179 2582 5249 ἀγαθότητος
2638 5176 2733 5228 καὶ
2792 5173 2987 5241 σοφίας
3028 5170 3434 5241 ἐπιτηδειότητι
3473 5167 3680 5220 κακίαν

2103 5277 2197 5328 καὶ
2232 5272 2527 5343 ἀγνωσίαν.
2555 5271 2665 5324 Καὶ
2690 5268 2751 5321 τὸ
2777 5268 2876 5338 μὲν
2902 5266 3167 5335 ὑπάρχειν
3189 5264 3296 5327 ἀεὶ,
3331 5263 3364 5332 ἢ
3393 5261 3469 5331 μὴ
3504 5259 3684 5329 ὑπάρ-

2102 5385 2220 5439 χειν
2250 5367 2421 5420 ταῦτα
2468 5366 2525 5418 ἐν
2575 5366 2643 5435 τῇ
2692 5360 2913 5431 ἐξουσίᾳ
2940 5358 3033 5412 τοῦ
3079 5355 3405 5417 πεποικότος
3436 5353 3580 5419 ἐστὶ,
3616 5353 3681 5406 τὸ

2104 5465 2160 5517 δὲ
2195 5463 2443 5534 μετέχειν
2471 5462 2573 5530 τῆς
2621 5459 2958 5527 ἀγαθότητος
2991 5453 3158 5509 αὐτοῦ
3190 5454 3285 5507 καὶ⁵
3325 5455 3425 5521 τῆς
3462 5449 3678 5518 σοφίας,

2104 5553 2138 5623 ἦ
2176 5555 2250 5625 μὴ
2282 5552 2549 5624 μετέχειν,
2577 5550 2635 5603 ὲν
2661 5550 2726 5620 τῇ
2756 5547 3008 5618 βουλήσει
3055 5545 3164 5598 τῶν
3213 5544 3448 5611 λογικῶν
3501 5541 3682 5611 ὑπάρ-

2101 5660 2211 5715 χει.
