4026 6212
307 339 405 418 ut.

919 447 1030 500 Τοῦ
1061 447 1267 502 αὐτοῦ.

367 543 428 594 Ol.
465 540 562 611 μὲν
604 539 862 610 Ἕλληνες
896 539 954 606 ἐξ
987 541 1159 593 αἳδίου
1201 541 1457 610 λέγοντες
1505 542 1874 611 συνυπάρχειν

295 634 369 704 τῷ
405 633 526 702 θεῷ
578 632 678 704 τὴν
733 631 840 686 τῶν
895 633 1064 687 ὄντων
1104 632 1316 696 οὐσίαν,
1374 634 1475 696 τὰς
1525 636 1654 702 περὶ
1705 633 1876 704 αὐτὴν

303 727 598 795 ποιότητας
661 725 892 796 ὕστερον
948 723 1008 791 ἐξ
1063 722 1231 778 αὑτοῦ
1287 725 1585 792 λαϐοῦσαν,
1654 727 1721 794 τῇ
1783 728 1878 796 μὲν

301 820 458 887 οὐσίᾳ
489 819 645 871 οὐδὲν
682 819 932 885 λέγουσιν
969 818 1214 872 ἐναντίον
1258 812 1424 882 εἶναι,
1466 818 1525 870 ὲν
1574 819 1696 880 ταῖς
1723 819 1879 878 ποιότ

294 928 424 978 τησι
447 910 503 964 δὲ
534 911 724 978 μόναις
747 904 1008 982 εἶναιτὴν
1036 907 1352 964 ἐναντίωσιν
1371 923 1387 938 ⁸
1418 909 1580 979 ἡμεῖς
1626 908 1684 961 δὲ
1716 908 1879 978 μόνον

293 1004 391 1073 τὴν
419 1002 580 1056 Θείαν
614 1002 808 1056 οὐσίαν
840 1002 1008 1072 μηδὲν
1051 1001 1197 1071 ἔχειν
1228 1000 1476 1055 ἐναντίον
1513 999 1877 1071 δογματίζον-

289 1111 400 1160 τες,
442 1093 521 1156 ὡς
553 1092 725 1163 μόνην
761 1093 966 1164 κυρίως
1019 1093 1252 1162 ἄπειρον
1285 1094 1354 1163 τῇ
1381 1089 1490 1144 τῶν
1521 1091 1692 1146 ὄντων
1720 1092 1878 1163 οὐσίᾳ

291 1180 542 1234 ἐναντίον
576 1175 714 1233 εῖναι
742 1179 804 1233 τὸ
828 1178 906 1250 μὴ
928 1178 988 1234 ὃν
1015 1178 1274 1247 λέγομεν,
1308 1179 1432 1232 ἐπεὶ
1463 1179 1556 1233 καὶ
1579 1181 1642 1232 ὲκ
1675 1177 1768 1233 τοῦ
1803 1179 1878 1248 μὴ

286 1273 446 1336 δντος
478 1271 653 1342 αὐτὴν
689 1271 988 1342 ὑπέστησε.
1024 1271 1136 1324 Καὶ
1164 1270 1382 1325 κεῖσθαι
1415 1270 1517 1342 μὲν
1546 1273 1606 1324 ἐν
1634 1273 1699 1342 τῇ
1724 1271 1876 1338 ἐξουέ

288 1363 381 1433 σία
405 1362 507 1416 τοῦ
539 1363 830 1426 κτίσαντος
863 1361 924 1415 τὸ
963 1357 1183 1433 εῐναι,ἧ
1223 1363 1300 1432 μὴ
1332 1357 1476 1414 εἶναι
1507 1361 1699 1434 αὐτὴν,
1742 1361 1874 1432 βού-

287 1455 486 1509 λεσθαι
525 1455 584 1508 δὲ
619 1455 808 1520 αὐτὸν,
860 1455 935 1518 ὡς
981 1454 1208 1523 ἀγαθον,
1247 1449 1387 1508 εἶναι
1423 1451 1594 1524 αὐτὴν
1625 1454 1721 1506 καὶ
1758 1453 1877 1506 δια-

290 1549 479 1617 μένειν
500 1548 570 1619 τῇ
596 1548 1076 1618 παντοκρατορικῇ
1102 1546 1331 1616 δυνάμει
1363 1543 1532 1600 αὐτοῦ
1553 1545 1878 1616 διακρατου·

291 1639 467 1710 μένην

916 1727 1029 1784 Τοῦ
1058 1726 1266 1783 αὑτοῦ.

365 1824 529 1876 Πᾶσα
574 1821 732 1876 οὐσία
773 1823 863 1875 τὸν
903 1822 1033 1876 ῐδιον
1072 1822 1194 1892 ὅρον
1241 1821 1407 1893 ἑαυτῇ
1459 1820 1876 1890 συνεισάγουσα,

291 1915 574 1968 τουτέστιν
614 1912 927 1983 ὁριζομένη,
983 1912 1124 1983 ἀρχὴ
1155 1911 1400 1979 πέφυκεν
1446 1906 1588 1963 εἶναι
1622 1909 1722 1980 τῆς
1763 1911 1882 1964 ὲπι-

293 2005 682 2077 Θεωρουμένης
723 2003 860 2075 αὐτῇ
887 2002 1031 2057 κατὰ
1075 2002 1301 2072 δύναμιν
1331 2001 1612 2072 κινήσεως.
1644 2002 1800 2057 ῐιᾶσα
1826 2001 1882 2055 δὲ

290 2096 558 2166 οὐσιῶδης
608 2095 744 2166 πρὸς
798 2097 1077 2166 ἐνέργειαν
1110 2093 1324 2165 κίνησις
1372 2094 1605 2166 μεσότης
1637 2093 1755 2148 ἐστὶ
1786 2110 1884 2164 με·

293 2189 687 2258 τεπινοουμένη
739 2187 839 2258 μὲν
883 2187 983 2257 τῆς
1029 2186 1254 2251 οὐσίας,
1313 2187 1775 2258 προεπινοουμένη
1825 2185 1883 2240 δὲ

293 2283 393 2352 τῆς
438 2279 743 2352 ἐνεργείας.
796 2279 906 2332 Καὶ
929 2280 1078 2331 πᾶσα
1128 2278 1376 2351 ἐνέργεια
1420 2277 1498 2350 τῷ
1541 2278 1663 2332 κατ’
1713 2277 1882 2356 αὐτὴν

293 2374 435 2444 λόγῳ
463 2371 707 2443 φυσικῶς
733 2372 1181 2444 περιγραφομένη
1206 2373 1353 2435 τέλος
1378 2373 1494 2425 ἐστὶ
1520 2372 1618 2443 τῆς
1643 2373 1749 2445 πρὸ
1776 2371 1877 2426 αὑ-

295 2468 394 2537 τῆς
422 2467 550 2520 κατ’
583 2465 830 2519 ἐπίνοιαν
858 2465 1235 2538 θεωρουμένης
1267 2464 1557 2531 οὐσιώδους
1591 2467 1881 2537 κινήσεως.

308 2560 366 2611 'O
400 2558 456 2610 δὲ
484 2558 616 2620 Geo;
641 2556 764 2610 οὔτε
801 2557 942 2628 ἀρχή
990 2557 1160 2625 ἐστιν,
1187 2557 1310 2612 οὔτε
1356 2559 1610 2630 μεσότης,
1641 2557 1768 2612 οὔτε
1795 2557 1879 2610 τέ-

294 2650 404 2712 ).ος.
459 2648 648 2701 Ταῦτα
678 2649 786 2718 γὰρ
825 2647 936 2700 τῶν
981 2648 1158 2718 χρόνῳ
1207 2648 1490 2719 διαιρετῶν
1533 2648 1638 2701 είσι
1683 2648 1882 2720 γνωρίο

301 2758 500 2811 σματα,
527 2740 671 2792 εἴποι
709 2739 753 2792 δ’
802 2740 867 2794 ἄν
897 2756 981 2803 τις
1011 2741 1094 2793 ὅτι
1125 2742 1218 2793 καὶ
1243 2741 1352 2796 τῶν
1381 2741 1536 2794 αἰῶνι
1569 2739 1879 2810 συνορωμέ-

299 2851 420 2887 νων.
456 2831 519 2885 'O
541 2832 649 2903 γὰρ
681 2832 890 2902 χρὸνος,
931 2831 1302 2903 μετρουμένην
1344 2831 1483 2902 ιχων
1521 2830 1616 2901 τὴν
1644 2831 1879 2901 κίνησιν,

301 2924 520 2996 ἀριθμῷ
555 2925 980 2994 περιγράφεται.
1022 2923 1082 2976 'O
1118 2921 1164 2976 δ’
1197 2921 1351 2984 αίὼν,
1395 2921 1882 2993 συνεπινοουμινην

302 3015 432 3082 ἒχων
477 3017 544 3084 τῇ
578 3013 810 3083 ὑπάρξει
853 3015 954 3084 τὴν
993 3014 1122 3066 πότε
1157 3015 1512 3086 κατηγορίαν,
1543 3015 1740 3086 πάσχει
1766 3015 1882 3070 διά-

1257 333 1632 396 PANOPLIA
1675 319 2138 397 DOG'MATICA.
2186 337 2443 398 --»T.1T.
2489 337 2607 399 ιιι.

1918 452 1965 508 Δ

3461 340 3579 404 “6'

2663 452 2935 521 Ejusdem.

2055 540 2247 608 Graeci,
2281 543 2370 614 qui
2433 543 2621 598 dicunt
2660 559 2840 600 rerum
2906 545 3210 600 essentiam
3272 544 3338 598 ab
3420 548 3568 600 omni

1982 632 2284 688 teternitate
2315 633 2476 687 simul
2509 633 2674 690 fuisse
2704 650 2825 689 cum
2874 635 3002 699 Deo,
3041 635 3329 704 qualitates
3388 646 3567 691 autem

1982 726 2049 780 ab
2080 741 2146 781 eo
2180 737 2303 797 post
2353 729 2647 798 accepisse,
2691 729 2944 785 essentia!
3000 732 3139 785 nihil
3199 747 3324 785 esse
3349 742 3569 786 contra-

1983 819 2122 871 rium
2159 829 2430 885 asserunt,
2489 821 2582 874 sed
2615 821 2668 874 in
2719 822 3070 890 qualitatibus
3117 821 3251 877 solis
3297 825 3566 876 contraria

1985 909 2241 980 reperiri.
2271 910 2379 966 Nos
2411 923 2614 978 autem,
2647 915 2737 982 qui
2771 915 2940 969 solam
2978 915 3216 969 divinam
3268 916 3565 970 essentiam

1981 999 2107 1068 quia
2136 1000 2247 1054 sola
2280 1001 2499 1070 proprie
2530 1001 2600 1057 sit
2632 1002 2864 1068 inﬁnita,
2897 1003 3035 1057 nihil
3100 1003 3300 1058 habere
3348 1015 3567 1058 contra-

1980 1088 2119 1143 rium
2169 1091 2454 1158 tradimus,
2509 1108 2692 1150 rerum
2751 1093 3000 1149 essentiae
3049 1094 3388 1148 contrarium
3443 1111 3568 1148 esse

1981 1180 2156 1252 ipsum
2182 1197 2290 1238 non
2319 1199 2438 1240 esse
2467 1185 2718 1241 dicimus.
2749 1185 2961 1256 Quippe
2989 1200 3110 1256 qua:
3137 1203 3200 1241 ex
3226 1185 3395 1240 nihilo
3430 1187 3573 1240 facta

1980 1280 2083 1327 est.
2107 1270 2166 1326 in
2196 1272 2316 1343 ejus
2343 1282 2550 1341 autem,
2572 1275 2666 1346 qui
2697 1275 2844 1330 illam
2874 1275 3099 1338 creavit.
3126 1290 3247 1330 esse
3273 1285 3566 1345 potestate,

1980 1373 2041 1418 ut
2071 1363 2187 1434 ipsa
2208 1379 2289 1420 vet
2312 1365 2383 1420 sit
2409 1367 2495 1421 vel
2527 1381 2632 1422 non
2664 1367 2754 1422 sit.
2783 1365 2984 1422 Verum
3015 1381 3146 1436 tpSt,
3175 1381 3370 1435 nempe
3399 1366 3565 1430 bono,

1979 1452 2215 1523 placere,
2253 1463 2313 1509 ut
2351 1456 2445 1520 sit,
2479 1465 2804 1528 maneatque
2835 1456 3200 1528 omnipotenti
3234 1456 3405 1527 ipsius
3458 1457 3566 1512 vir-

1980 1553 2096 1600 tute
2125 1557 2468 1602 conservata.

2649 1752 2930 1823 Ejusdem.

2061 1838 2254 1898 Omnis
2301 1841 2538 1900 essentia
2585 1844 2807 1916 preprio
2860 1844 3093 1901 termino
3135 1845 3565 1916 circumscripta,

1990 1943 2045 1988 et
2066 1933 2308 2000 deﬁnita,
2342 1935 2670 2006 principium
2699 1944 2783 1992 est
2808 1936 2926 2006 ejus
2966 1946 3170 2003 motus,
3203 1938 3293 2007 qui
3327 1938 3566 2008 potentia

1988 2024 2049 2080 in
2083 2025 2198 2095 ipsa
2229 2025 2625 2082 consnderatur.
2656 2024 2848 2083 Omnis
2879 2037 3068 2084 autem
3105 2030 3358 2086 essentia:
3391 2039 3570 2083 motus

1989 2117 2228 2173 medium
2263 2117 2519 2188 quiddam
2546 2129 2649 2175 est.
2679 2117 2814 2174 Nam
2863 2129 2918 2174 et
2961 2121 3256 2176 essentiam
3299 2121 3565 2192 sequitur.

1987 2215 2046 2268 et
2065 2206 2336 2262 actionem
2363 2209 2655 2264 antecedit.
2682 2208 2748 2263 Et
2776 2210 2956 2265 omnis
2973 2211 3118 2267 actio
3147 2211 3364 2282 prepria
3395 2211 3570 2280 ipsius

1988 2298 2201 2354 ratione
2253 2300 2574 2354 naturaliter
2627 2300 3044 2372 circumscripta
3107 2303 3232 2358 ﬁnis
3275 2313 3358 2358 est
3425 2304 3570 2358 illius

1989 2399 2191 2456 motus,
2223 2392 2315 2461 qui
2345 2392 2415 2446 ab
2457 2391 2693 2446 essentia
2734 2392 3118 2462 proﬁciscitur.
3173 2393 3368 2450 Verum
3421 2394 3566 2449 Deus

1987 2495 2091 2536 nec
2115 2480 2463 2552 principium.
2489 2497 2592 2537 nec
2624 2481 2883 2546 medium,
2909 2497 3009 2538 nec
3029 2482 3154 2538 ﬁnis
3183 2493 3288 2540 est.
3324 2484 3387 2538 lli
3410 2501 3564 2539 nam-

1987 2587 2094 2642 que
2125 2581 2254 2628 sunt
2282 2588 2470 2629 earum
2497 2589 2679 2630 rerum
2719 2575 2965 2642 termini,
2991 2591 3110 2647 qua:
3144 2585 3400 2648 tempore
3423 2579 3564 2633 divi-

1989 2662 2212 2729 duntur,
2245 2672 2299 2718 et
2321 2679 2441 2733 qua:
2474 2663 2635 2718 simul
2669 2679 2791 2720 cum
2819 2665 3037 2732 saeculo,
3073 2677 3130 2721 ut
3163 2667 3359 2737 aliquis
3395 2668 3566 2733 dicat,

1988 2765 2314 2812 cernuntur.
2360 2755 2601 2822 Tempus
2643 2756 2811 2822 enim,
2865 2773 2988 2813 cum
3024 2759 3144 2829 ejus
3189 2777 3442 2815 mensura
3495 2763 3569 2818 sit

1988 2855 2190 2914 motus,
2236 2861 2468 2901 numero
2509 2846 2998 2904 circumscribitur.
3044 2847 3312 2904 Sreculum
3365 2861 3566 2918 autem,

1988 2939 2246 3009 quoniam
2294 2953 2418 2994 cum
2472 2939 2592 3008 ejus
2638 2939 2899 3004 essentia,
2946 2940 3270 3012 categorica,
3311 2942 3425 2996 sive
3485 2945 3569 3009 (ut

1991 3030 2115 3085 trita
2147 3039 2201 3085 et
2246 3030 2468 3101 vulgata
2509 3030 2619 3101 jam
2670 3025 2804 3086 voce
2856 3031 3000 3102 utar)
3052 3033 3566 3102 praedicamcntum,

308 3124 516 3172 στασιν,
561 3107 640 3169 ὡς
692 3105 867 3178 ἀρχὴν
917 3105 1010 3159 τοῦ
1055 3103 1195 3159 εἶναι
1238 3107 1440 3161 λαϐὼν.
1491 3108 1552 3162 Ei
1599 3106 1657 3160 δὲ
1694 3107 1880 3178 χρόνος

1987 3121 2208 3192 quando
2255 3122 2417 3176 simul
2443 3121 2759 3192 intelligitur
2787 3122 2932 3178 subit
2967 3124 3308 3191 divisionem,
3335 3136 3392 3180 et
3420 3128 3568 3182 exsi-

303 3199 391 3251 καὶ
419 3198 556 3252 αἰὼν
609 3199 709 3252 οὐκ
757 3201 990 3269 ἄναρχα,
1033 3197 1212 3268 πολλῷ
1255 3199 1452 3267 μᾶλλον
1487 3200 1556 3254 τὰ
1588 3201 1648 3252 ὲν
1675 3200 1880 3264 τούτοις

1987 3211 2166 3268 stendi
2201 3213 2532 3284 princrpium
2563 3214 2748 3268 sumit.
2776 3212 2929 3280 Quod
2967 3215 3013 3271 si
3047 3225 3281 3288 tempus,
3313 3231 3369 3274 et
3398 3234 3568 3274 saecu-

305 3292 685 3363 περιεχόμενα.
739 3290 796 3345 'O
820 3291 950 3354 Θεὸς
978 3291 1155 3346 τοίνυν
1204 3289 1327 3345 οὔτε
1369 3291 1526 3347 οὐσία
1555 3291 1650 3359 ὢν,
1688 3293 1775 3346 ῑνα
1806 3293 1881 3363 μὴ

302 3385 441 3455 ἁρχὴ
465 3383 772 3455 νομισθείη,
801 3382 922 3436 οὔτε
948 3383 1198 3454 δύναμις,
1232 3384 1320 3436 ἴνα
1367 3381 1442 3455 μὴ
1471 3384 1724 3454 μεσότης,
1757 3383 1882 3437 οὔτε

305 3478 572 3548 ἐνέργεια,
600 3477 688 3530 ἶνα
716 3477 790 3548 μὴ
815 3477 986 3543 τέλος,
1009 3477 1154 3531 ἐστιν
1185 3477 1507 3544 οὑσιοποιδς,
1535 3477 1630 3531 καὶ
1651 3478 1882 3548 ὑπερού-

309 3585 413 3631 σιος
457 3571 705 3644 ρντότης,
758 3573 854 3624 καὶ
919 3569 1276 3639 δυναμοποιδς
1301 3611 1315 3633 ,
1363 3571 1458 3624 καὶ
1507 3569 1882 3642 ὑπερδύναμος

310 3660 647 3726 πινσθένεια,
696 3660 793 3714 καὶ
851 3661 1030 3732 πάσης
1109 3662 1734 3732 ὶνεργείαγδραστικὴ,
1784 3663 1880 3716 καὶ

310 3752 657 3822 ἀτελεύτητος
702 3752 838 3818 ἕξις.
886 3753 995 3807 Καὶ
1041 3755 1318 3824 συντόμως
1351 3754 1528 3807 εἰπεῖν
1576 3754 1756 3824 πάσης
1793 3754 1881 3806 οὐκ

316 3845 448 3908 σίας,
479 3844 576 3900 καὶ
616 3845 920 3913 δυνάμεως,
967 3846 1059 3898 καὶ
1087 3845 1384 3913 ἐνεργείας,
1433 3845 1609 3915 ἀρχῆς
1649 3859 1732 3907 τε,
1783 3843 1880 3897 καὶ

318 3936 622 4006 μεσότητος,
657 3935 752 3988 καὶ
775 3933 958 3999 τέλους
979 3936 1256 4005 ποιητική.

929 4133 1038 4188 Τοῦ
1071 4133 1279 4188 αὐτοῦ.

388 4225 550 4295 Ἀρχὴ
592 4225 765 4288 πᾶσα,
791 4224 882 4278 καὶ
909 4227 1164 4296 μεσότης,
1199 4225 1293 4280 καὶ
1311 4225 1461 4289 τέλος
1492 4226 1590 4296 τὴν
1623 4225 1877 4298 σχετικὴν

307 4319 367 4370 δι’
401 4321 524 4373 ὅλου
558 4317 897 4389 κατηγορίαν
941 4319 1041 4372 οὐκ
1081 4319 1333 4388 ἠρνηται.
1367 4315 1426 4372 '0
1466 4317 1523 4372 δὲ
1556 4317 1687 4382 Θεὸς
1718 4319 1878 4372 καθό-

306 4410 390 4462 λου
441 4410 628 4480 πάσης
675 4410 915 4479 σχέσεως
973 4410 1233 4480 ὑπάρχων
1291 4409 1585 4480 ἀπειράκις
1633 4411 1876 4481 ἀπείρως

302 4503 589 4574 ἀνώτερος,
624 4499 751 4554 οὗτε
793 4502 937 4572 ἀρχή
973 4503 1142 4566 ἐστιν,
1175 4501 1300 4558 οὔτε
1331 4501 1588 4571 μεσότης,
1623 4502 1744 4558 οὔτε
1790 4503 1876 4557 τί-
1907 4489 1950 4545 Ῑ)

301 4594 402 4658 10;,
439 4595 563 4647 οὐδὲ
590 4611 646 4646 τι
667 4592 856 4663 ἕτερον
884 4594 993 4648 τῶν
1025 4595 1082 4647 ὲν
1124 4590 1204 4668 οἷς
1245 4593 1570 4665 Θεωρεῖσθαι
1606 4595 1746 4649 κατὰ
1781 4598 1878 4666 τὴν

302 4691 484 4758 σχέσιν
509 4689 543 4757 ἡ
570 4685 661 4740 τοῦ
691 4686 826 4756 πρὸς
845 4705 905 4748 ,τι
926 4687 1149 4742 δύναται
1179 4686 1504 4758 κατηγορία.

931 4780 1040 4836 Τοῦ
1072 4779 1285 4834 αὐτοῦ.

375 4871 548 4943 Ἀρχὴ
572 4873 683 4926 τῶν
716 4873 907 4934 ὄντων,
935 4872 1030 4926 καὶ
1058 4871 1312 4941 μεσότης,
1356 4873 1450 4924 καὶ
1482 4871 1635 4935 τέλος
1661 4871 1878 4941 λέγεται

295 4965 323 5016 ὁ
346 4964 498 5029 Θεὸς,
531 4962 651 5017 ἀλλ’
678 4964 754 5028 ὡς
779 4965 1036 5035 ἐνεργῶν,
1061 4965 1157 5033 οὐχ
1186 4963 1534 5034 ὡςπάσχων,
1561 4962 1751 5030 ὥσπερ
1784 4964 1879 5018 καὶ

296 5057 428 5111 ἄλλα
452 5056 659 5122 πάντα,
687 5050 766 5120 οἷς
798 5057 929 5127 παρ’
961 5056 1119 5127 ἡμῶν
1160 5055 1511 5125 ὀνομάζεται.
1560 5052 1729 5126 Ἀρχὴ
1779 5054 1878 5124 μὲν

296 5150 403 5217 γὰρ
435 5150 607 5213 ἔστιν,
663 5148 742 5212 ὡς
791 5147 1156 5217 δημιουργὸς,
1206 5148 1441 5218 μεσότης
1483 5145 1564 5212 δὲ,
1605 5144 1682 5215 όις
1738 5162 1876 5217 προ-

297 5241 532 5311 νῡητῂς,
588 5239 744 5304 τέλος
799 5240 894 5307 δὲ,
957 5240 1034 5304 ὠς
1090 5239 1426 5310 περιγραφή.
1467 5255 1511 5289 .t
1561 5234 1653 5302 Ἐξ
1708 5235 1874 5292 αὑτοῦ

297 5334 422 5402 γὰρ,
456 5353 478 5386 ι
528 5332 692 5404 φησὶ,
746 5351 766 5386 ι
801 5335 892 5388 κα)⁸
947 5331 1017 5386 δι’
1059 5330 1249 5399 αὐτοῦ,
1306 5331 1401 5386 καὶ
1452 5331 1533 5394 είς
1583 5329 1749 5384 αὑτὸν
1803 5329 1876 5384 τὰ

299 5426 490 5482 πάντα.
522 5444 544 5478 ι

904 5517 1021 5573 Τοῦ
1051 5517 1262 5573 αὑτοῦ.

365 5615 531 5668 οὐδὲν
573 5612 682 5667 τῶν
700 5612 872 5670 ὄντων
914 5610 1344 5680 αὑτενέργητονο
1385 5607 1447 5662 τὸ
1473 5608 1532 5662 δὲ
1583 5610 1658 5680 μὴ
1685 5607 1875 5661 αὑτεν-

297 5705 533 5778 ἑργητον
587 5704 703 5760 οὐδ’
735 5703 996 5758 ἀναίτιον.
1026 5703 1100 5756 Τὸ
1141 5703 1198 5756 δε
1228 5701 1306 5772 μὴ
1335 5701 1578 5756 ἀναίτιον
1608 5700 1718 5754 οὐδ’
1750 5701 1872 5753 άκί-

301 5814 494 5867 νητονο
537 5799 598 5852 τὺ
629 5797 688 5852 δὲ
735 5797 810 5869 μὴ
844 5797 1099 5867 ἀκίνητον
1130 5795 1196 5852 δι’
1239 5795 1422 5852 αἰτίαν
1468 5796 1698 5849 κινεῖται
1739 5793 1873 5846 πάν-

1987 3304 2098 3359 lum
2130 3320 2237 3359 non
2289 3314 2478 3360 carent
2525 3306 2815 3376 principio,
2858 3307 3030 3362 multo
3081 3308 3261 3364 minus
3310 3325 3393 3376 ea,
3446 3326 3568 3381 qua:

1987 3403 2234 3464 tempore
2271 3403 2326 3450 et
2354 3396 2554 3450 saeculo
2589 3397 2968 3452 continentur.
3014 3401 3164 3454 Deus
3194 3399 3358 3471 igitur
3388 3415 3568 3470 neque

1984 3485 2354 3550 essentiaest,
2386 3502 2457 3541 ne
2482 3487 2810 3558 principium
2851 3489 3112 3558 dicatur;
3148 3507 3251 3548 nec
3297 3493 3564 3562 potentia,

1983 3593 2055 3634 ne
2085 3578 2328 3633 medium
2356 3587 2601 3646 vocetur;
2635 3595 2739 3636 nec
2770 3581 2934 3648 actio,
2963 3598 3033 3638 ne
3057 3581 3183 3638 ﬁnis
3224 3585 3562 3642 nominetur.

1985 3668 2093 3725 Sed
2128 3670 2352 3726 eﬁ'ector
2383 3674 2658 3738 essentiac,
2695 3675 3045 3745 essentiaque
3096 3680 3480 3746 praestantior;
3508 3691 3564 3735 et

1981 3761 2205 3816 etlector
2235 3765 2509 3832 patentiae,
2550 3767 2903 3836 potentiaque
2947 3767 3334 3834 valentior;ct
3385 3773 3566 3826 omnis

1981 3853 2214 3909 actionis
2241 3855 2457 3923 habitus
2487 3869 2772 3928 nunquam
2803 3860 3085 3914 desinens.
3117 3861 3316 3930 Atque,
3350 3873 3412 3918 ut
3441 3865 3564 3919 bre-

1981 3946 2123 4002 viter
2155 3947 2350 4013 dicam,
2385 3950 2564 4005 omnis
2593 3951 2866 4017 essentia,
2901 3960 2958 4006 et
2983 3954 3269 4022 potentiae,
3304 3964 3358 4009 et
3386 3955 3562 4011 actio-

1980 4042 2090 4108 nis,
2121 4051 2177 4098 et
2205 4043 2480 4114 principii,
2510 4053 2566 4100 et
2590 4045 2776 4107 medii.
2802 4055 2856 4100 et
2883 4045 3010 4102 ﬁnis
3043 4056 3257 4103 auctor.

2653 4139 2930 4209 Ejusdem.

2049 4231 2222 4288 Omne
2248 4231 2577 4303 principium
2635 4243 2692 4288 et
2749 4231 3014 4296 medium,
3056 4241 3112 4287 et
3166 4231 3288 4287 ﬁnis
3346 4233 3563 4289 habitus

1978 4329 2204 4384 omnino
2249 4327 2577 4398 categoriam
2637 4342 2750 4381 non
2807 4325 3099 4396 emtgiunt.
3181 4324 3324 4382 Deus
3369 4337 3552 4382 autem

1977 4422 2127 4476 omni
2161 4421 2322 4490 plane
2351 4422 2538 4476 habitu
2569 4436 2693 4477 cum
2721 4421 2792 4475 sit
2807 4421 3080 4490 superior,
3100 4434 3204 4475 nec
3227 4420 3552 4490 principium

1978 4522 2084 4579 est,
2137 4527 2242 4568 nec
2285 4512 2550 4574 medium.
2604 4527 2711 4567 nec
2759 4512 2907 4576 ﬁnis,
2959 4527 3063 4568 nec
3085 4512 3232 4567 aliud
3255 4511 3553 4582 quidquam

1980 4616 2199 4668 eorum,
2227 4603 2283 4659 in
2310 4603 2530 4659 habitus
2548 4602 2825 4675 categoria
2852 4603 3296 4667 considerantur,
3322 4605 3405 4660 vel
3431 4619 3556 4658 cum

1980 4697 2166 4770 aliquo
2197 4697 2578 4754 conferuntur.

2608 4784 2884 4854 Ejusdem.

2050 4877 2256 4933 Rerum
2304 4875 2634 4947 principium
2665 4885 2722 4931 et
2751 4875 2876 4932 ﬁnis
2896 4876 3096 4932 dicitur
3126 4876 3293 4940 Deus,
3323 4873 3417 4930 sed
3447 4889 3555 4928 non

1979 4980 2042 5026 ut
2061 4985 2250 5042 agens,
2277 4977 2373 5025 aut
2392 4968 2632 5038 patiens,
2661 4967 2739 5034 id,
2763 4967 2911 5036 quod
2949 4967 3359 5038 intelligendum
3392 4976 3476 5021 est
3501 4964 3555 5020 in

1977 5062 2232 5118 omnibus
2253 5061 2588 5126 nominibus,
2616 5075 2738 5129 quae
2771 5061 2870 5131 ipsi
2903 5061 3250 5126 tribuuntur;
3275 5058 3370 5113 sed
3403 5058 3552 5126 prin-

1977 5153 2198 5223 cipium.
2239 5161 2324 5208 est
2379 5160 2440 5207 ut
2490 5150 2715 5207 eﬁ‘ector
2761 5187 2780 5215 ν
2821 5152 3058 5208 medium
3115 5159 3176 5206 ut
3225 5149 3553 5210 moderator.

1979 5247 2104 5304 ﬁnis
2133 5255 2192 5300 ut
2215 5245 2646 5317 circumscriptio
2672 5261 2774 5303 :ex
2799 5247 2922 5318 ipso
2949 5246 3120 5312 enim,
3147 5255 3200 5302 et
3233 5262 3326 5315 per
3354 5246 3554 5315 ipsum,

1976 5348 2032 5395 et
2063 5338 2116 5394 in
2151 5337 2330 5409 ipsum
2365 5339 2574 5397 omnia.

2633 5515 2907 5584 Ejusdem.

2048 5605 2195 5661 Nihil
2238 5620 2450 5674 eorum,
2484 5622 2604 5678 quze
2645 5617 2794 5672 sunt,
2825 5607 3062 5677 seipsunt
3094 5606 3240 5663 facit.
3274 5606 3427 5670 Quod
3457 5623 3553 5661 au-

1978 5709 2084 5754 tem
2115 5715 2144 5754 a
2173 5715 2230 5756 se
2251 5716 2361 5755 non
2378 5697 2704 5764 estfactum,
2723 5715 2885 5755 causa
2911 5715 3019 5754 non
3047 5711 3216 5755 caret.
3245 5699 3394 5766 Quod
3419 5715 3550 5754 can-

1977 5809 2035 5850 sa
2062 5809 2170 5849 non
2199 5802 2369 5862 caret,
2403 5808 2510 5856 non
2541 5802 2622 5850 est
2645 5793 2940 5851 immobile.
2962 5792 3116 5863 Quod
3137 5794 3411 5851 immobile
3442 5806 3558 5845 non
