3994 6204
426 376 527 443 H7

1637 366 2025 435 EUTHYM‘II
2075 368 2461 435 ZIGABENI.

3579 314 3739 433 us...

415 505 520 558 ω,
552 502 770 562 promer
801 506 1021 549 causam
1042 498 1304 547 movetur
1324 490 1565 545 omnino.
1595 488 1799 545 Moveri
1833 487 1988 560 igitur

2099 504 2206 551 τως
2258 486 2653 557 ἐνεργούμενον
2706 483 2765 536 τὸ
2829 481 3094 535 κινεῖσθαι
3144 477 3391 549 φυσικῶς
3433 477 3539 532 ὕπὸ
3582 481 3683 549 τῆς

414 587 736 643 naturaliter
780 585 981 656 pendet
1027 600 1057 638 a
1103 598 1286 648 causa,
1335 596 1436 652 per
1479 594 1642 652 quam
1691 581 1771 647 ﬁt,
1828 589 1883 635 et
1931 579 1998 634 ad

412 694 574 747 quam
623 676 879 746 dirigitur
910 676 1026 744 ipse
1055 678 1249 726 motus.
1284 670 1435 725 Nihil
1464 671 1610 724 enim
1637 684 1850 733 eorum,
1878 682 1998 739 quae

352 830 353 833 η
412 778 723 831 moventur,
752 769 871 823 sine
906 779 1065 822 causa
1102 765 1301 821 moveri
1330 773 1525 819 natura
1566 764 1793 834 patitur.
1829 762 1996 817 Prin-

410 862 610 932 cipium
634 869 812 914 autem
839 857 1017 911 omnis
1041 866 1219 911 motus
1251 856 1538 921 naturalis,
1569 864 1621 910 et
1654 870 1844 911 eorum
1879 867 2000 924 quas

344 948 351 1017 ἲ
411 960 716 1015 moventur,
748 949 1050 1019 generatio.
1087 948 1423 1020 Principium
1454 958 1586 1004 vero
1627 948 1847 1003 illorum
1875 964 1996 1019 qua:

346 1026 347 1029 η
412 1053 663 1111 generata
696 1050 843 1106 sunt,
873 1040 1263 1112 generationis,
1291 1050 1374 1096 est
1402 1038 1566 1104 Deus,
1602 1049 1660 1094 ut
1689 1047 1881 1095 auctor
1910 1054 2002 1111 ge-

412 1135 733 1190 nerationis.
768 1137 836 1189 At
863 1135 983 1189 ﬁnis
1014 1142 1194 1191 motus
1228 1132 1494 1188 naturalis
1523 1142 1608 1187 est
1654 1146 1843 1187 eorum
1881 1140 2001 1200 qua:

408 1236 665 1297 generata
701 1235 849 1294 sunt,
881 1234 1079 1291 status,
1122 1239 1284 1294 quem
1311 1234 1435 1295 post
1468 1223 1753 1279 transitum
1784 1236 1999 1279 eorum:

411 1336 533 1387 qua:
582 1318 942 1381 transierunt,
993 1318 1154 1373 eilicit
1199 1316 1441 1371 inﬁnitas
1489 1315 1577 1369 illa
1611 1314 1665 1368 in
1703 1329 1833 1383 qua,
1865 1324 2000 1384 quo.

412 1410 559 1465 niam
585 1412 795 1465 nullum
829 1417 911 1464 est
934 1410 1191 1479 spatium,
1220 1417 1401 1465 cessat
1438 1415 1621 1463 motus
1647 1421 1856 1473 rerum,
1879 1421 1999 1476 qum

416 1514 707 1557 moventur
746 1501 1089 1557 naturaliter.
1122 1500 1311 1557 Omnis
1339 1515 1470 1572 ergo
1500 1497 1887 1570 generatiOnis,
1939 1504 1996 1553 et

416 1600 621 1653 motus,
650 1600 705 1648 et
733 1599 912 1646 status
942 1606 1123 1646 rerum
1173 1589 1525 1660 principium,
1557 1598 1613 1644 et
1650 1588 1912 1654 medium,
1944 1599 2000 1643 et

411 1682 536 1737 ﬁnis
562 1691 647 1737 est
678 1682 841 1737 Deus.
875 1681 1144 1748 Quoniam
1187 1690 1244 1736 et
1285 1694 1353 1735 ex
1388 1681 1506 1749 ipso
1536 1679 1733 1751 genitae
1758 1691 1910 1746 sunt,
1945 1689 2001 1735 et

411 1789 509 1841 per
551 1774 727 1844 ipsum
774 1782 1084 1839 moventur,
1130 1781 1187 1828 et
1233 1772 1291 1827 in
1328 1772 1504 1842 ipsum
1546 1781 1676 1827 sunt
1720 1772 1996 1839 desiturae,

2100 578 2301 643 αίτίας,
2351 579 2417 631 δι’
2450 578 2541 650 ἦν,
2591 576 2684 631 καὶ
2734 575 2871 648 πρὸς
2910 575 2977 646 ἢν
3018 572 3252 627 ποιεῖται
3307 570 3406 641 τὴν
3442 570 3683 640 κίνησιν.

2101 673 2266 726 Οὐδὲν
2293 674 2402 741 γὰρ
2422 672 2532 727 τῶν
2558 669 2900 741 κινουμένων
2929 666 3199 721 κινεῖσθαι
3234 665 3479 735 πέφυκεν
3524 664 3682 717 ἀναιο

2100 764 2247 827 τίως.
2295 764 2464 835 Ἀρχὴ
2498 764 2557 816 δὲ
2590 762 2774 833 πάσης
2819 761 3088 829 κινήσεως
3120 755 3363 826 φυσικῆς
3393 758 3426 828 ἡ
3458 755 3565 809 τῶν
3597 774 3685 808 κιο

2099 857 2374 926 νουμένων
2422 857 2653 924 γ’ἐνεσις.
2706 852 2873 927 Ἀρχὴ
2921 852 2975 906 δξ
3013 851 3111 923 τῆς
3145 850 3256 904 τῶν
3298 850 3688 921 γεγενημένων

2099 949 2366 1018 γενέσεως
2394 951 2421 1003 6
2469 948 2623 1014 Θεὸς,
2652 949 2730 1013 ὡς
2770 934 3150 1016 γενεσιουργός
3176 960 3192 977 ·
3224 942 3327 1013 τῆς
3361 941 3418 993 δὶ
3451 940 3558 995 τῶν
3584 958 3651 1008 γε
3671 970 3689 980 -

2100 1038 2419 1110 γενημένων
2463 1039 2699 1109 φυσικῆς
2751 1038 3017 1108 κινήσεως
3068 1033 3222 1096 τέλος
3250 1034 3285 1105 η
3310 1033 3504 1095 στάσις
3530 1032 3688 1085 ἔστὶν

2100 1133 2168 1204 ἢν
2216 1128 2364 1186 ποιεῖ
2406 1132 2543 1203 μετὰ
2594 1130 2693 1203 τὴν
2727 1129 2981 1183 ’διάϐασιν
3014 1126 3135 1180 τῶν
3179 1124 3621 1194 πεπερασμένων
3650 1123 3688 1192 ἡ

2096 1224 2353 1295 ἀπειρία,
2382 1225 2442 1277 ὲν
2481 1218 2535 1296 ᾖ,
2559 1222 2647 1276 διὰ
2669 1224 2729 1275 τὸ
2764 1221 2839 1291 μὴ
2863 1216 3321 1289 εἶναιδιὰστημα,
3361 1217 3511 1271 πᾶσα
3543 1216 3692 1268 παύ-

2099 1332 2219 1370 εται
2266 1316 2483 1386 κίνησις
2526 1315 2633 1368 τῶν
2699 1313 2947 1381 φυσικῶς
2986 1312 3345 1379 κινουμένων.
3375 1308 3560 1379 Πάσης
3591 1306 3690 1360 οὖν

2101 1407 2372 1478 γενέσεώς
2402 1424 2461 1461 τε
2503 1406 2596 1461 καὶ
2628 1407 2918 1477 κινήσεως,
2952 1407 3046 1458 καὶ
3081 1403 3321 1466 στάσεως
3353 1403 3462 1455 τῶν
3491 1400 3685 1460 ὄντων.

2100 1501 2265 1574 ἁρχὴ,
2304 1500 2397 1553 καὶ
2446 1500 2703 1572 μεσότης,
2739 1499 2832 1552 καὶ
2876 1497 3031 1561 τέλος
3059 1494 3087 1550 6
3132 1497 3284 1562 Θεὸς,
3322 1496 3397 1558 ὡς
3430 1494 3486 1560 ἐξ
3515 1492 3690 1548 αὑτοῦ

2102 1593 2511 1662 γεγενημένων,
2564 1591 2658 1645 καὶ
2713 1588 2783 1644 δι’
2832 1589 3000 1644 αὐτοῦ
3064 1587 3422 1657 κινουμένων,
3466 1586 3557 1639 καὶ
3603 1585 3691 1649 είς

2101 1685 2266 1738 αὐτὸν
2314 1687 2414 1757 τὴν
2465 1684 2655 1739 στάσιν
2707 1680 3101 1752 ποιησομένων
3150 1681 3241 1733 τὸν
3296 1678 3543 1749 ὁρίζοντα
3593 1676 3691 1730 καὶ

2103 1776 2273 1849 αὐτὴν
2303 1778 2402 1846 τὴν
2433 1777 2613 1847 πάσης
2643 1775 2913 1845 κινήσεως
2936 1772 3216 1845 ὀριστικὴν
3246 1769 3523 1841 ἀπειρίαν.

410 1868 505 1938 qui
531 1869 701 1939 ipsam
723 1882 941 1939 quoque
977 1874 1160 1924 motus
1188 1882 1381 1925 omnes
1402 1865 1752 1927 deﬁnientem
1788 1883 1851 1924 ac
1880 1869 2266 1928 terminantem
2292 1872 2674 1944 complectitur
2695 1869 3042 1927 inﬁnitatem.

1062 1961 1340 2032 Ejusdem.

483 2055 707 2118 Eorum,
731 2068 853 2125 qum
876 2054 1034 2121 ﬁunt,
1066 2070 1296 2125 quasque
1318 2065 1624 2122 moventur,
1656 2055 1992 2112 motionis'e't

412 2146 764 2216 principium,
796 2155 848 2200 et
890 2144 1010 2201 ﬁnis
1038 2158 1123 2201 est
1157 2142 1321 2210 Deus,
1349 2155 1405 2201 et
1446 2161 1635 2202 eorum
1666 2163 1787 2216 quae
1827 2148 1883 2203 in
1907 2147 1991 2219 ip-

414 2254 533 2292 sum
565 2239 815 2292 feruntur
842 2238 1055 2303 stabile,
1077 2248 1241 2308 atque
1264 2240 1543 2296 immobile
1568 2242 1987 2295 ﬁrmamentum.

413 2329 481 2383 Et
508 2328 751 2384 omnium
786 2329 1023 2400 denique
1062 2344 1246 2386 rerum
1292 2333 1559 2391 terminus
1583 2334 1989 2401 interminatus,

411 2430 468 2478 et
494 2421 744 2478 inﬁnitus
776 2421 924 2476 ﬁnis.

1064 2537 1338 2608 Ejusdem.

480 2627 747 2684 Homines
776 2640 927 2687 certo
951 2633 1190 2703 quodam
1221 2633 1482 2701 termino,
1511 2633 1661 2698 boni,
1694 2636 1986 2704 sapientes.

409 2730 460 2773 et
476 2718 609 2790 justi
639 2732 902 2777 vocantur
929 2739 943 2777 :
970 2723 1116 2780 Deus
1147 2734 1330 2780 autem
1370 2725 1618 2781 absolute
1651 2726 1849 2783 dicitur
1893 2728 1989 2783 bo-

410 2827 535 2876 nus,
581 2822 636 2866 et
664 2814 908 2884 sapiens,
936 2828 994 2871 et
1024 2817 1225 2888 justus,
1251 2827 1305 2874 et
1337 2817 1573 2883 bonitas,
1614 2830 1668 2873 ct
1699 2820 1984 2889 sapientia,

408 2912 464 2955 et
488 2903 719 2973 justitia,
765 2905 968 2977 quippe
1009 2910 1101 2978 qui
1151 2921 1236 2965 est
1267 2910 1446 2965 omnis
1478 2910 1693 2965 virtutis
1726 2904 1985 2969 chentia.

409 2997 773 3059 Quamobrem
822 2999 915 3069 qui
954 2999 1178 3056 virtutis
1221 3009 1305 3057 est
1341 3004 1636 3073 particeps,
1685 3003 1783 3059 Dei
1815 3003 1985 3072 parti-

408 3102 533 3155 ceps
558 3097 661 3152 est,
692 3089 785 3160 qui
825 3090 1066 3158 virtutis,
1097 3101 1157 3147 ut
1188 3093 1451 3162 diximus,
1482 3095 1721 3150 essentia
1767 3103 1823 3150 et
1854 3094 1977 3150 fons

409 3186 490 3231 est
500 3216 516 3230 .

1054 3299 1333 3370 Ejusdem.

478 3388 645 3455 Deus,
672 3389 765 3460 qui
795 3388 1035 3461 cognitio
1064 3408 1164 3463 per
1192 3392 1487 3449 essentiam
1521 3403 1626 3460 est,
1659 3393 1828 3449 solam
1856 3394 1985 3450 boni

406 3483 775 3552 cognitionem
824 3481 1010 3549 habet,
1046 3491 1107 3539 ut
1150 3484 1243 3555 qui
1274 3483 1445 3540 solius
1468 3485 1600 3540 boni
1646 3494 1841 3541 natura
1878 3500 1985 3542 est.

405 3570 596 3624 01111118
625 3580 805 3627 autem
835 3574 1137 3630 secundum
1171 3573 1339 3631 Deum
1368 3583 1575 3631 natura
1607 3577 1817 3632 ratione
1852 3593 1990 3647 prae—

404 3662 519 3717 dita
552 3662 785 3731 simplici
814 3664 1016 3720 mentis
1051 3672 1204 3721 motu
1237 3682 1349 3721 non
1394 3675 1574 3737 potest
1612 3668 1813 3725 eodem
1848 3678 1989 3725 tem-

405 3768 538 3824 pore
566 3753 695 3809 boni
724 3763 781 3810 et
806 3755 935 3811 mali
969 3757 1219 3813 notitiam
1254 3760 1480 3826 habere,
1510 3771 1637 3815 cum
1666 3760 1830 3815 unius
1860 3773 1990 3815 con-

405 3847 553 3902 trarii
599 3848 860 3919 cogritio.
893 3848 1116 3905 alterius
1150 3851 1414 3906 contrarii
1444 3850 1774 3906 naturaliter
1820 3852 1988 3923 igno-

407 3939 635 3995 rantiam
665 3940 877 3996 afferat.
906 3940 996 3998 Sic
1023 3943 1190 3998 etiam
1224 3942 1365 3998 oculi
1396 3958 1503 3998 non
1534 3952 1768 4012 possunt
1788 3943 1982 3999 eodem

403 4043 652 4102 tempore
680 4047 901 4089 sursum
922 4034 1313 4104 deorsumque,
1340 4044 1435 4090 aut
1458 4035 1805 4091 dextrorsum
1826 4035 1987 4091 simul

405 4140 470 4180 ac
500 4124 881 4181 sinistrorsum
906 4126 1177 4182 contueri.

1065 4238 1345 4309 Ejusdem.

476 4329 544 4384 Et
566 4344 624 4385 se
655 4330 830 4401 ipsum
878 4332 1041 4399 Deus,
1073 4341 1262 4402 etquae
1285 4343 1412 4387 sunt
1441 4330 1584 4388 infra
1608 4348 1669 4389 se
1686 4334 1981 4404 cognoscit.

403 4423 607 4477 Natura
635 4423 766 4478 item
794 4423 1006 4480 ratione
1038 4432 1333 4494 menteque
1363 4424 1587 4496 praedita
1624 4435 1681 4482 et
1704 4426 1898 4489 Deum,
1926 4436 1985 4483 et

403 4530 527 4583 quae
560 4514 699 4570 infra
745 4515 917 4569 Deum
970 4524 1120 4583 sunt,
1162 4516 1466 4589 cognoscit;
1497 4518 1595 4575 sed
1634 4534 1746 4574 non
1789 4519 1983 4575 eodem

404 4608 588 4671 modo,
628 4621 739 4678 quo
762 4604 940 4662 Deus.
972 4607 1074 4663 llic
1106 4607 1253 4663 enim
1280 4624 1348 4664 ex
1378 4609 1635 4664 essentia
1678 4625 1792 4665 sum
1844 4625 1983 4666 con-

410 4700 765 4768 templatione
796 4699 1037 4770 seipsum
1084 4714 1184 4769 per
1213 4700 1571 4771 semetipsum
1606 4699 1879 4771 intelligit.
1916 4701 1983 4755 Et

402 4806 525 4860 qua:
559 4790 660 4845 sub
688 4790 806 4861 ipso
845 4799 993 4855 sunt,
1020 4805 1088 4846 ex
1117 4790 1385 4861 sapientia
1428 4790 1708 4861 cognoscit
1736 4805 1853 4857 sua,
1885 4805 1984 4861 per

402 4898 589 4953 quam,
618 4892 673 4937 et
693 4884 748 4936 in
798 4896 904 4952 qua
934 4882 1185 4937 condidit
1219 4883 1423 4937 omnia.
1455 4880 1547 4936 Illa
1579 4889 1786 4938 veroet
1810 4880 1982 4937 Deum

401 4977 702 5047 cognoscit,
733 4976 864 5030 dum
893 4975 1057 5042 illius,
1104 4976 1197 5045 qui
1230 4974 1435 5029 nullius
1477 4973 1554 5028 rei
1580 4974 1851 5044 particeps
1872 4983 1981 5041 est,

400 5073 669 5139 part’ceps
700 5069 779 5135 ﬁt,
803 5078 916 5123 tum
941 5086 1005 5124 ex
1041 5083 1129 5135 eo,
1152 5069 1299 5138 quod
1338 5078 1458 5135 est;
1480 5076 1611 5132 ,tum
1632 5082 1701 5123 ex
1724 5082 1812 5130 eo.
1837 5066 1985 5137 quod

400 5163 665 5230 bene,per
692 5163 920 5233 gratiam
936 5171 1042 5217 est.
1065 5161 1199 5226 Quae
1220 5170 1401 5216 autem
1432 5161 1534 5216 sub
1558 5161 1667 5216 Deo
1682 5170 1834 5224 sunt,
1852 5175 1986 5232 pero

400 5254 552 5322 cipit.
584 5258 714 5310 dum
751 5256 1099 5310 artiﬁciosam
1148 5254 1202 5308 in
1256 5254 1367 5309 illis
1410 5256 1729 5325 sapientiam
1758 5256 1897 5324 ejus,
1923 5262 1978 5307 et

400 5346 679 5401 naturales
728 5346 973 5415 ipsorum
1033 5346 1274 5400 rationes
1320 5343 1977 5415 comprehcndit.Angeli

400 5447 602 5503 tamen,
635 5447 697 5492 ut
722 5439 810 5508 qui
837 5448 1049 5495 mentes
1075 5448 1202 5493 sunt
1230 5454 1398 5509 purae,
1443 5440 1732 5494 sublimius
1762 5438 1978 5493 intellio-

399 5542 552 5599 guilt,
575 5531 869 5589 demissius
905 5533 1173 5601 homines,
1194 5542 1253 5589 ut
1291 5534 1383 5603 qui
1434 5535 1677 5605 corporis
1733 5532 1974 5604 pondere

403 5623 808 5692 deprimuntur.
1776 5644 1779 5645 ν

2028 1967 2077 2028 Β

2715 1968 2825 2024 Τοῦ
2871 1964 3060 2020 αὑτοῦ

2175 2060 2362 2113 Ἔστιν
2391 2060 2418 2113 6
2442 2058 2573 2125 Θεὸς
2613 2058 2756 2132 ἁρχὴ
2787 2060 2887 2128 τῆς
2915 2057 3023 2111 τῶν
3056 2056 3357 2126 γινομένων
3390 2053 3687 2123 γενέσεως,

2101 2150 2194 2205 καὶ
2247 2148 2400 2212 τέλος
2428 2148 2529 2218 τῆς
2567 2150 2676 2203 τῶν
2730 2146 3068 2215 κινουμένων
3098 2145 3387 2214 κινήσεως,
3423 2141 3516 2195 καὶ
3568 2140 3685 2192 τῶν

2101 2244 2179 2306 εἰς
2226 2242 2388 2307 αὐτὸν
2453 2240 2772 2313 φερομένων
2826 2238 3016 2301 στάσις
3086 2237 3339 2307 βάσιμος,
3406 2232 3503 2287 καὶ
3562 2231 3691 2284 ἀκί-

2100 2345 2278 2405 νητος,
2323 2328 2419 2387 καὶ
2463 2330 2664 2397 παντὸς
2707 2334 2836 2404 ὅρου
2877 2332 3002 2403 ὄρος
3045 2329 3320 2400 ἀόριστος,
3372 2328 3464 2381 καὶ
3509 2327 3690 2397 πέρας

2098 2423 2327 2495 ἄπειρον
3374 2426 3377 2427 ⁷

2716 2535 2826 2591 Τοῦ
2864 2533 3071 2589 αὑτοῦ.

2170 2632 2232 2685 Oi
2271 2630 2369 2700 μὲν
2390 2628 2673 2701 ἄνθρωποι
2701 2625 3217 2698 προσδιωρισμὲνως
3244 2622 3441 2692 ἀγαθοὶ
3466 2621 3688 2694 ἄνθρω-

2098 2739 2189 2775 ποι
2227 2719 2499 2788 λέγονται,
2545 2720 2639 2772 καὶ
2690 2718 2850 2787 σοφοὶ
2897 2715 3197 2786 ἄνθρωποι,
3223 2700 3318 2769 καὶ
3350 2715 3551 2770 δίκαιοι
3584 2715 3688 2768 ἄν·

2097 2814 2343 2884 θρωποι·
2395 2815 2425 2866 6
2474 2812 2530 2866 δὲ
2576 2812 2711 2875 Θεὸς
2754 2810 3040 2873 ἀπολύτως
3083 2810 3279 2873 ταῦτα,
3314 2807 3540 2875 ἀγαθὸς,
3588 2807 3689 2860 καὶ

2098 2907 2283 2974 σοφὸς,
2321 2905 2415 2959 καὶ
2454 2905 2684 2969 δίκαιος,
2727 2902 2824 2957 καὶ
2865 2902 3164 2973 ἀγαθότης,
3214 2902 3310 2955 καὶ
3350 2900 3534 2970 σοφία,
3582 2903 3687 2955 καὶ

2094 2997 2432 3069 δικαιοσύνη,
2466 2998 2543 3062 ὡς
2597 2996 2756 3050 οὐσία
2786 2996 2966 3066 πάσης
3006 2996 3227 3065 ἀρετῆς.
3268 2995 3325 3050 '0
3344 2995 3521 3049 τοίνυν
3550 2995 3685 3065 ἀρε-

2092 3092 2192 3161 τῆς
2224 3092 2468 3161 μετέχων
2522 3089 2740 3160 μετέχει
2785 3087 2922 3142 Θεοῦ
2954 3086 3055 3157 τῆς
3089 3088 3302 3155 οὐσίας,
3333 3086 3410 3152 ὡς
3440 3088 3681 3158 εἴρηται,

2093 3180 2187 3233 καὶ
2210 3179 2393 3249 πηγῆς
2428 3177 2525 3247 τῆς
2556 3177 2785 3249 ἀρετῆς.

2697 3292 2811 3346 Τοῦ
2842 3292 3053 3348 αὑτοῦ.

2174 3389 2235 3441 Ὀ
2265 3386 2398 3449 Θεὸς
2440 3385 2643 3454 γνῶσις
2685 3384 2761 3437 ὣν
2802 3386 2925 3439 κατ’
2969 3385 3159 3440 οὐσίαν
3205 3386 3305 3456 τὴν
3334 3385 3537 3454 γνῶσιν
3582 3388 3683 3442 τοῦ

2090 3479 2258 3534 καλοῦ
2296 3479 2464 3549 μόνην
2513 3479 2645 3548 ἔχει,
2678 3478 2772 3532 ἆτε
2818 3479 2985 3547 μόνου
3020 3479 3117 3533 τοῦ
3152 3478 3320 3533 καλοῦ
3371 3479 3531 3550 φύσις
3576 3480 3681 3537 ὢν.

2091 3574 2252 3628 Πᾶσα
2296 3572 2352 3624 δὲ
2404 3570 2603 3641 λογικὴ
2661 3572 2802 3642 μετὰ
2849 3571 2983 3626 Θεὸν
3017 3572 3180 3641 φύσις
3226 3571 3372 3642 ἔχειν
3416 3572 3550 3643 ὁμοῦ
3586 3572 3687 3626 καὶ

2090 3666 2238 3718 κατὰ
2273 3663 2472 3718 ταυτὸν
2527 3664 2588 3717 ὲν
2640 3663 2718 3731 τῷ
2774 3664 2876 3733 τῆς
2932 3663 3171 3727 διανοίας
3213 3663 3365 3733 ἁπλῷ
3413 3664 3682 3731 κινήματι

2090 3755 2259 3811 καλοῦ
2292 3756 2387 3808 καὶ
2412 3753 2582 3808 κακοῦ
2610 3753 2811 3821 γνῶσιν
2856 3755 2916 3808 οὐ
2948 3754 3192 3810 δύναται.
3238 3755 3381 3807 Διότι
3429 3754 3681 3820 πέφυκεν

2088 3851 2125 3919 ὴ
2154 3850 2390 3913 θατέρου
2427 3848 2536 3903 τῶν
2574 3848 2971 3918 ἀντικειμένων
2995 3847 3245 3919 ἀλλήλοις
3269 3845 3465 3914 γνῶσις
3496 3847 3680 3899 ποιεῖν

2090 3942 2189 4011 τῆς
2240 3941 2334 3995 τοῦ
2380 3941 2569 4012 ἐτέρου
2639 3940 2895 4005 γνώσεως
2950 3940 3193 4009 ἄγνοιαν.
3238 3940 3350 3993 Καὶ
3406 3940 3517 4007 γὰρ
3563 3937 3681 3990 οὐδ’

2090 4031 2367 4103 ὀφθαλμὸς
2406 4033 2517 4086 ἄνω
2549 4033 2643 4085 καὶ
2670 4030 2818 4087 κάτω
2832 4032 3054 4087 δύναται
3085 4034 3225 4086 κατὰ
3253 4030 3447 4086 ταυτὸν
3480 4031 3680 4103 ίδεῖν,ἢ

2090 4124 2241 4188 δεξιὰ
2268 4124 2300 4193 ἢ
2334 4124 2623 4193 ἀριστερά.

2714 4244 2827 4299 Τοῦ
2861 4243 3070 4299 αὐτοῦ.

2161 4335 2427 4391 Γινώσκει
2456 4336 2556 4406 μὲν
2603 4337 2633 4389 ὁ
2674 4335 2811 4400 Θεὸς
2848 4335 3068 4401 ἑαυτὸν,
3097 4334 3360 4405 γινώσκει
3384 4336 3447 4390 δὲ
3492 4336 3585 4390 καὶ
3610 4336 3686 4389 τὰ

2090 4430 2185 4483 ὑπ’
2222 4429 2393 4483 αὐτοῦ
2432 4428 2718 4497 γεγονότα.
2750 4429 2862 4482 Καὶ
2890 4431 2923 4499 ἡ
2948 4429 3143 4500 λογικὴ
3195 4428 3293 4483 sedi.
3326 4430 3488 4499 νοερὰ
3516 4429 3687 4497 φύσις

2090 4519 2354 4588 γινώσκει
2389 4521 2491 4590 μὲν
2517 4521 2610 4574 τὸν
2646 4520 2803 4587 Θεὸν,
2838 4521 3099 4589 γινώσκει
3127 4521 3185 4575 δὲ
3216 4522 3311 4575 καὶ
3340 4528 3410 4577 τὰ
3447 4523 3540 4577 ὑπ’
3580 4526 3686 4579 αὑ-

2083 4613 2183 4668 τοῦ
2231 4613 2530 4681 γεγονότα*
2560 4612 2677 4667 ἀλλ’
2721 4613 2823 4683 οὐχ
2856 4612 2931 4676 ὡς
2970 4613 3002 4666 6
3048 4611 3185 4676 Θεὸς
3221 4612 3504 4679 γινώσκει,
3531 4614 3685 4670 οὕτω

2092 4704 2189 4759 καὶ
2215 4704 2380 4775 αὕτη.
2425 4706 2481 4758 ’0
2516 4705 2615 4774 μὲν
2661 4704 2775 4773 γὰρ
2803 4703 3284 4772 γινώσκειιίαυτδν
3321 4708 3384 4757 ὲκ
3426 4706 3527 4775 τῆς
3569 4723 3685 4776 μα-

2089 4797 2286 4868 καρίας
2303 4797 2493 4860 οὐσίας
2526 4797 2691 4851 αὐτοῦ
2718 4798 2792 4850 δι’
2826 4796 3022 4851 ἑαυτοῦ
3051 4797 3244 4850 ἑαυτὸν
3273 4795 3568 4867 θεώμενος·
3603 4798 3683 4852 τὰ

2081 4890 2149 4942 ﬂ
2177 4890 2268 4942 ὑπ’
2298 4890 2466 4944 αὑτοῦ
2506 4887 2768 4957 γεγονότα
2800 4889 2867 4942 ἐκ
2892 4889 2993 4959 τῆς
3030 4889 3221 4958 σοφίας
3262 4889 3453 4954 αὑτοῦ,
3485 4889 3554 4944 δι’
3605 4886 3682 4963 ἧς

2088 4980 2187 5035 καὶ
2240 4982 2301 5035 ιν
2344 4977 2380 5052 ᾖ
2425 4980 2495 5035 τὰ
2548 4980 2733 5033 πάντα
2756 4980 3038 5049 ἐποίησεν.
3088 4979 3154 5033 Ἥ
3198 4981 3257 5034 δὲ
3299 4980 3555 5048 γινώσκει
3580 4982 3679 5035 τὸν

2080 5072 2226 5127 Θεὸν
2266 5072 2366 5144 μὲν
2405 5071 2610 5143 μετοχὴ
2646 5071 2791 5142 ὑπὲρ
2823 5071 3058 5142 μετοχὴν
3099 5072 3252 5125 ὅντα.
3294 5070 3527 5140 Μετιχει
3561 5071 3676 5142 γὰρ

2088 5163 2254 5219 αὐτοῦ
2307 5161 2460 5235 αὐτῷ
2496 5181 2557 5217 τε
2596 5162 2688 5234 τῷ
2736 5160 2902 5229 εἶναι,
2928 5163 3024 5217 καὶ
3067 5165 3134 5234 τῇ
3166 5162 3303 5232 πρὸς
3349 5162 3409 5215 τὸ
3441 5157 3505 5215 εὖ
3528 5158 3676 5215 εἶναι

2084 5255 2516 5327 ἐπιτηδειότητι,
2543 5256 2637 5310 καὶ
2680 5259 2749 5328 τῇ
2784 5255 2927 5326 πρὸς
2956 5255 3018 5309 τὸ
3049 5255 3137 5309 ἀεὶ
3178 5249 3318 5309 εἷναι
3346 5254 3558 5323 χάριτι.
3588 5254 3682 5309 Τὰ

2082 5348 2141 5403 δὲ
2165 5348 2447 5403 ὑπἀὐτοῦ
2479 5348 2741 5417 γεγονότα
2764 5347 3031 5415 γινώσκει
3074 5347 3341 5416 ἀναλήψει
3363 5346 3460 5415 τῆς
3476 5347 3546 5397 *ὲν
3570 5347 3682 5399 αὑ-

2086 5442 2201 5502 τοῖς
2228 5440 2613 5514 Θεωρουμὲνης
2655 5442 2913 5511 τεχνικῆς
2963 5437 3177 5508 σοφίας,
3210 5439 3305 5491 καὶ
3335 5438 3536 5506 γνώσει
3562 5437 3678 5489 τῶν

2086 5534 2144 5585 ὲν
2177 5531 2389 5595 τούτοις
2419 5531 2667 5601 φυσικῶν
2712 5529 2909 5599 λόγων.
2945 5528 3093 5599 Πλὴν
3120 5531 3168 5581 οἱ
3198 5528 3421 5597 ἄγγελοι
3451 5530 3554 5597 μὲν
3585 5524 3679 5582 οἷα

2080 5623 2200 5686 νόες
2237 5622 2399 5691 μόνον
2459 5622 2819 5692 γινώσκουσιν
2857 5622 3211 5693 ὑψηλότερον,
3247 5623 3297 5675 oi
3322 5621 3369 5674 δ’
3395 5620 3682 5689 ἄνθρωποι

2080 5715 2175 5784 οὐχ
2240 5715 2430 5781 οὕτως,
2465 5716 2585 5771 ἀλλ’
2631 5716 2955 5787 ὑφειμένον,
3009 5714 3098 5771 διὰ
3148 5714 3210 5768 τὸ
3247 5712 3685 5784 συνεζευγμένον

2083 5808 2250 5876 πάχος
2279 5808 2371 5862 τοῦ
2405 5809 2672 5881 σώματος..
