3994 6204
501 384 601 456 151

1734 380 2119 443 EUTHYMII
2160 382 2513 444 ZIGABENI

3663 379 3759 445 15$

502 497 640 555 Item
698 496 1045 552 communiter
1090 497 1154 552 de
1208 496 1335 562 Deo,
1389 495 1613 551 Joannis
1666 495 1977 551 Damasceni
2023 512 2066 549 ea

2193 497 2319 550 Ἔτι
2366 498 2498 566 περὶ
2545 497 2695 552 Θεοῦ
2741 495 2957 560 κοινῶς
2994 495 3103 548 τοῦ
3133 496 3536 566 Δαμασκηνοῦ
3573 498 3758 565 negti»

1154 582 1326 648 capt'te
1358 580 1447 635 Η.

568 722 835 789 Quoniam
899 730 1080 775 autem
1124 718 1357 787 plurima
1397 719 1465 775 de
1528 718 1661 787 Deo,
1736 720 2066 791 corporibus

500 815 644 865 allini
680 809 915 879 quadam
969 805 1180 858 ratione
1209 805 1263 858 in
1295 803 1475 859 sacris
1507 800 1734 861 Litteris
1766 807 2067 877 symbolice

445 926 459 969 ρ
503 920 565 953 nc.
600 917 692 969 per
738 900 963 966 ﬁguram
1013 896 1159 949 dicta
1212 895 1551 965 reperimus;
1594 894 1728 949 illud
1775 912 2067 953 noscamus

449 988 457 1063 Ξ
503 1000 739 1062 oportet,
782 990 895 1043 lieri
940 1003 1049 1051 non
1094 1003 1277 1055 posse,
1315 996 1374 1041 ttt
1413 1003 1516 1042 nos
1560 988 1652 1058 qui
1695 989 1947 1043 homines
1975 1005 2067 1043 su-

505 1100 645 1144 mus,
679 1096 980 1149 crassaque
1030 1094 1198 1134 carne
1243 1080 1594 1142 involvimur,
1658 1080 1871 1135 divinas
1922 1080 2063 1139 illas.

498 1186 550 1225 ιιι
592 1172 873 1236 excelsas;
927 1168 1425 1237 immaterialesque
1474 1168 1789 1223 Divinitatis
1823 1170 2067 1223 actiones

499 1264 873 1331 intelligamus
909 1275 971 1313 ac
1003 1274 1258 1313 sermone
1292 1258 1745 1328 complectamur,
1790 1260 1896 1314 nisi
1935 1260 2066 1327 ligu-

500 1354 574 1405 ris
619 1359 672 1404 et
727 1348 1081 1417 imaginibus,
1129 1347 1415 1417 signisque
1458 1353 1671 1401 naturae
1702 1358 1903 1402 nostra:
1932 1364 2063 1403 con-

496 1442 774 1495 sentaneis
805 1448 1048 1493 utamur.
1168 1439 1443 1505 Quocirca
1477 1455 1539 1494 ea
1577 1440 1760 1493 omnia
1790 1456 1910 1511 qua:
1949 1456 2067 1496 cor-

499 1548 661 1601 porea
718 1532 803 1584 vel
856 1529 1135 1600 paululum
1196 1530 1415 1584 ratione
1475 1531 1543 1584 de
1608 1532 1714 1585 Deo
1775 1532 2063 1586 enuntiata

497 1632 646 1689 sunt,
682 1624 910 1693 figurate
940 1622 1084 1676 dicta
1121 1634 1272 1685 sunt,
1321 1621 1684 1692 altioremque
1714 1638 1937 1677 sensum
1980 1625 2065 1677 in-

495 1716 764 1767 eludunt:
824 1713 1027 1782 quippe
1078 1728 1201 1766 cum
1273 1712 1415 1767 Deus
1475 1713 1711 1783 simplex
1774 1714 2064 1783 omnisque

497 1810 685 1874 ﬁgurae
723 1819 921 1872 expers
951 1804 1209 1858 exsistat.
1264 1801 1436 1873 Igitur
1489 1819 1585 1873 per
1614 1804 1825 1869 oculos,
1870 1814 1923 1859 et
1952 1807 2065 1874 pal-

2835 587 3015 637 λαιον
3049 582 3144 638 ια’.

2258 721 2414 777 Ἐπεὶ
2444 721 2499 774 δὲ
2528 720 2756 772 πλεῖστα
2774 734 2840 769 πε
2851 717 2905 788 pl.
2933 716 3070 771 Θεοῦ
3105 718 3577 790 σωματικὼτερον
3599 718 3657 771 ἐν
3678 720 3751 789 τῇ

2187 803 2306 876 θείᾳ
2335 804 2525 876 Γραφῇ
2558 806 2904 875 συμϐολικῶς
2936 807 3203 877 εἰρημένα
3240 807 3590 877 εὑρίσκομεν,
3616 809 3760 860 εἰδέ-

2185 909 2273 947 ναι
2302 894 2430 965 χρὴ,
2483 892 2557 958 ὡς
2590 893 2911 966 ἀνθρώπους
2957 896 3116 959 ὄντας
3159 897 3329 967 ἡμᾶς,
3371 898 3465 950 καὶ
3511 898 3574 950 τὸ
3605 898 3757 969 παχὺ

2187 983 2341 1037 τοῦτο
2370 985 2589 1055 σαρκίον
2618 986 3056 1057 περικειμένους,
3086 986 3182 1049 τὰς
3210 986 3379 1050 θείας,
3405 989 3497 1041 καὶ
3522 987 3759 1058 ὑψηλὰς,

2186 1077 2282 1128 καὶ
2319 1076 2517 1141 ἀΰλους
2559 1077 2659 1147 τῆς
2690 1078 2955 1150 Θεότητος
3002 1077 3286 1150 ἐνεργείας
3337 1082 3478 1132 νοεῖν
3510 1078 3542 1149 ἥ
3578 1079 3763 1147 λέγειν

2185 1167 2464 1234 ἀδύνατον,
2496 1169 2545 1221 εἰ
2568 1170 2641 1240 μὴ
2674 1170 2843 1223 εἰκόσι
2872 1171 2967 1224 καὶ
2995 1169 3187 1233 τύποις
3212 1170 3306 1224 καὶ
3335 1170 3621 1241 συμϐόλοις
3644 1175 3764 1234 τοῖς

2187 1258 2309 1311 καθ’
2329 1261 2475 1330 ἡμᾶς
2506 1260 2849 1331 χρησαίμεθα
2874 1269 2921 1315 ³.
2954 1262 3095 1314 Ὀσα
3113 1261 3294 1315 τοίνυν
3338 1262 3468 1332 περὶ
3492 1262 3625 1314 Θεοῦ
3652 1281 3765 1314 σω·-

2188 1349 2557 1422 ματικώτερον
2596 1352 2832 1425 είρηται,
2880 1352 3226 1422 συμϐολικῶς
3271 1354 3387 1405 ἐστι
3417 1353 3719 1422 λελεγμένα
3744 1372 3759 1385 ’

2187 1439 2297 1510 ἔχει
2342 1441 2395 1494 δὲ
2438 1442 2775 1514 ὑψηλοτέραν
2815 1443 3085 1497 διάνοιαν·
3123 1443 3325 1498 ἁπλοῦν
3362 1443 3470 1514 γὰρ
3503 1444 3564 1497 τὸ
3603 1445 3763 1497 Θεῖον

2187 1533 2279 1583 καὶ
2320 1533 2744 1603 ἀσχημάτιστον.
2788 1533 3129 1604 Ὀφθαλμοὺς
3171 1533 3269 1603 μέν
3300 1530 3394 1588 οὖν
3432 1533 3566 1587 Θεοῦ
3590 1573 3605 1599 ,
3660 1536 3763 1587 καὶ

2189 1622 2448 1692 βλέφαρα,
2506 1624 2600 1676 καὶ
2632 1624 2843 1694 ὅρασιν,
2894 1626 2989 1677 καὶ
3018 1624 3116 1693 τὴν
3156 1624 3409 1679 ἁπάντων
3454 1624 3763 1695 ἐποπτικὴν

2186 1712 2349 1765 αὑτοῦ
2381 1711 2628 1783 δύναμιν,
2657 1714 2750 1766 καὶ
2780 1714 2839 1767 τὸ
2872 1714 3140 1785 ἀλάθητον
3166 1716 3263 1786 τῆς
3307 1715 3473 1768 αὐτοῦ
3501 1716 3759 1783 γνώσεως

2188 1804 2546 1874 ἐννοήσωμεν,
2573 1804 2680 1857 ἀπὸ
2707 1805 2799 1858 τοῦ
2830 1806 2959 1877 παρ’
2991 1808 3123 1877 ἡμῖν
3165 1806 3253 1859 διά
3297 1805 3502 1874 ταύτης
3543 1809 3640 1876 τῆς
3668 1807 3763 1857 ai-

496 1899 717 1967 pebras,
749 1899 1039 1966 visumque
1073 1895 1189 1959 Dei,
1230 1891 1561 1965 vim’ipsius
1599 1912 1780 1951 rerum
1816 1897 2060 1949 omnium

2190 1893 2431 1965 σθήσεως
2484 1894 2869 1966 ἐντελεστέραν
2919 1895 3121 1965 γνῶσίν
3152 1912 3211 1948 τε
3242 1896 3335 1947 καὶ
3376 1894 3753 1964 πληροφορίαν

495 1987 906 2055 inspectricem,
939 1992 1105 2055 atque
1132 1983 1404 2054 ejusmodi
1449 1986 1817 2055 cognitionem
1860 1986 2064 2040 intelli-

495 2093 708 2146 gamus,
740 2091 901 2146 quam
935 2092 1022 2131 res
1056 2077 1203 2129 nulla
1240 2074 1410 2147 fugiat
1444 2095 1456 2131 :
1489 2083 1546 2131 ut
1573 2078 1829 2131 nimirum
1863 2093 2061 2132 sensus

494 2170 806 2224 ministerio
836 2168 1130 2237 perfectior
1170 2169 1330 2223 nobis
1371 2178 1532 2238 atque
1582 2168 1789 2223 certior
1819 2170 2061 2239 cognitio

497 2259 739 2315 accedat.
768 2259 871 2313 Per
902 2274 1065 2313 aures
1095 2266 1149 2312 et
1170 2258 1415 2312 auditum
1474 2260 1647 2329 ipsius
1682 2258 1746 2312 ad
1779 2260 2063 2329 ignoscen-

496 2354 626 2406 dum
679 2351 1103 2421 propensionem
1267 2356 1431 2418 atque
1545 2349 1602 2403 in
1723 2350 2063 2420 excipiendis

495 2442 755 2511 precibus
804 2441 1011 2495 nostris
1048 2440 1465 2511 benignitatem.
1507 2439 1759 2495 Solemus
1800 2442 1943 2495 enim
1968 2456 2064 2511 per

497 2534 643 2588 hunc
671 2548 898 2587 sensum
937 2532 1006 2587 iis
1050 2533 1144 2601 qui
1196 2532 1357 2587 nobis
1394 2532 1671 2601 supplices
1721 2541 1872 2595 sunt,
1906 2532 2062 2586 mites

496 2643 598 2681 nos
629 2626 929 2695 facilesque
980 2625 1266 2694 prmbere;
1324 2622 1619 2692 benignius
1669 2622 1921 2678 videlicet
1967 2636 2064 2675 au-

496 2732 609 2769 rem
641 2716 774 2783 ipsis
819 2717 1194 2768 admoventes.
1236 2711 1338 2767 Per
1364 2728 1426 2768 os
1465 2727 1528 2766 ac
1573 2713 1923 2776 locutionem,
1962 2727 2061 2765 vo-

498 2807 726 2859 luntatis
778 2806 953 2873 ipsius
1006 2806 1433 2859 declarationem
1484 2805 1810 2873 accipimus.
1849 2804 2062 2874 Quippe

498 2912 600 2950 nos
627 2900 845 2965 quoilue
877 2895 1065 2949 abdita
1106 2895 1293 2948 cordis
1339 2908 1503 2948 sensa
1540 2910 1635 2963 per
1665 2910 1727 2949 os
1756 2902 1809 2949 et
1848 2908 2059 2949 sermo-

499 3002 620 3039 nem
652 2988 979 3055 promimus.
1014 2984 1121 3040 Per
1155 2985 1341 3039 cibum
1388 2994 1443 3037 et
1491 2992 1699 3053 potum,
1748 2992 2060 3054 promptum

498 3084 750 3131 nostrum
800 3076 868 3131 ad
926 3076 1269 3131 voluntatem
1331 3087 1643 3129 accessum.
1693 3073 1908 3128 Etenim
1961 3087 2062 3129 nos

2188 1986 2517 2055 ἐγγίνεσθαι.
2550 1982 2687 2040 Ὦτα
2725 1987 2780 2041 δὲ
2820 1988 2913 2041 καὶ
2954 1987 3145 2058 ἀκοὴν,
3188 1986 3251 2039 τὸ
3285 1986 3625 2052 ἐξιλεωτικδν
3657 1987 3764 2038 αὐ-

2186 2077 2302 2140 τοῦ,
2333 2078 2427 2131 καὶ
2475 2077 2572 2146 τῆς
2602 2078 2875 2149 ἡμετέρας
2916 2078 3162 2133 δεκτικὸν
3190 2078 3446 2149 δεήσεως.
3488 2079 3594 2131 Καὶ
3643 2079 3763 2148 γὰρ

2189 2171 2348 2240 ἡμεῖς
2375 2171 2488 2233 τοῖς
2515 2169 2613 2234 τὰς
2635 2170 2843 2235 ἱκεσίας
2884 2170 3246 2241 ποιουμένοις,
3283 2170 3370 2224 διά
3401 2170 3599 2240 ταύτης
3654 2171 3763 2240 τῆς

2191 2263 2493 2331 αἰσθήσεως
2542 2262 2790 2332 εὐμενεῖς
2837 2263 3121 2333 γινόμεθα,
3163 2261 3527 2333 γνησιώτερον
3568 2263 3762 2325 αὐτοῖς

2190 2354 2249 2406 τὸ
2276 2350 2367 2416 οὖς
2400 2352 2787 2415 ἐπικλίνοντες.
2821 2352 3004 2423 Στόμα
3032 2353 3088 2407 δέ
3135 2353 3228 2405 καὶ
3259 2352 3465 2415 λαλιὰν,
3499 2352 3560 2404 τὸ
3588 2351 3763 2405 ἐνδει-

2191 2440 2379 2493 κτικὸν
2408 2439 2507 2510 τῆς
2538 2439 2846 2509 βουλήσεως
2879 2439 3067 2503 αὑτοῦ,
3100 2440 3164 2491 ἐκ
3201 2440 3296 2492 τοῦ
3336 2441 3466 2510 παρ’
3492 2442 3622 2510 ἡμῖν
3664 2440 3765 2493 διὰ

2194 2533 2458 2600 στόματος
2487 2532 2581 2585 καὶ
2608 2530 2795 2594 λαλιᾶς
2827 2530 3186 2604 σημαίνεσθαι
3218 2532 3287 2585 τά
3334 2532 3596 2602 ἐγκάρδια
3627 2532 3765 2602 νοή-

2196 2637 2360 2691 ματα.
2418 2622 2627 2691 Βρῶσιν
2657 2622 2713 2675 δέ
2754 2624 2847 2675 καὶ
2881 2622 3059 2687 πόσιν,
3095 2623 3196 2695 τὴν
3227 2622 3504 2692 ἡμετέραν
3534 2621 3669 2691 πρὸς
3699 2623 3766 2675 τὸ

2194 2711 2356 2766 αὑτοῦ
2391 2712 2603 2784 θέλημα
2661 2715 2984 2785 συνδρομήν.
3020 2713 3133 2769 Καὶ
3182 2714 3291 2785 γὰρ
3343 2713 3631 2783 ἡμεῖς,διά
3658 2714 3767 2783 τῆς

2194 2805 2489 2875 γευστικῆς
2518 2804 2940 2877 αἰσθήσεως,τὴν
2964 2806 3066 2875 τῆς
3096 2806 3308 2875 φύσεως
3335 2803 3766 2875 ἀναπληροῦμεν

2195 2895 2497 2963 ἀναγκαίαν
2523 2894 2719 2967 ὄρεξιν.
2755 2896 3060 2966 Ὄσφρησιν
3079 2896 3155 2962 δὲ,
3182 2895 3243 2948 τὸ
3266 2896 3639 2949 amomum
3658 2896 3767 2964 τῆς

2199 2988 2333 3058 πρὸς
2362 2987 2523 3041 αὑτὸν
2577 2986 2784 3048 ἐννοίας
2801 3002 2861 3039 τε
2873 2985 3212 3049 καὶεύνοίας,
3259 2986 3323 3038 ἐκ
3351 2984 3445 3037 τοῦ
3478 2984 3605 3053 παρ’
3626 2986 3767 3053 ἡμῖν

2197 3077 2282 3131 διὰ
2309 3075 2511 3145 ταύτης
2536 3077 2634 3146 τῆς
2663 3073 3090 3145 αἰσθήσεως,τὴν
3119 3074 3217 3143 τῆς
3240 3072 3468 3132 εὐωδίας
3490 3070 3764 3141 ἀποδοχὴν

499 3181 720 3236 quoque
763 3168 1140 3222 necessarium
1184 3177 1394 3220 natura:
1451 3166 1747 3234 appetitum
1779 3164 2061 3234 explemus

2200 3167 2529 3236 ἐγγίνεσθαι.
2552 3166 2844 3237 Πρόσωπον
2871 3164 2949 3229 δὲ,
2980 3166 3079 3230 τὴν
3098 3163 3163 3215 δι’
3194 3163 3370 3234 ἔργων
3391 3162 3556 3214 αὐτοῦ
3593 3161 3767 3213 ἐνδει-

500 3273 599 3325 per
646 3267 839 3327 gustus
883 3274 1129 3314 sensum.
1165 3255 1269 3311 Per
1299 3257 1583 3320 olfactum,
1638 3256 1743 3310 vim
1779 3270 1919 3322 eam,
1953 3270 2060 3325 qua

2202 3258 2282 3324 ξίν
2314 3273 2374 3312 τε
2403 3257 2496 3311 καὶ⁸
2549 3256 2943 3325 ἐμφάνειαν,ἐκ
2990 3253 3085 3306 τοῦ
3139 3254 3237 3322 τὴν
3267 3252 3545 3323 ἡμετέραν
3581 3251 3768 3321 ἐμφά-

499 3347 885 3416 cogitationem
964 3363 1030 3403 ac
1096 3348 1534 3404 benevolentiam
1606 3354 1819 3418 gratam
1902 3359 2065 3400 acce-

2201 3367 2349 3403 νειαν
2370 3349 2458 3402 διὰ
2490 3346 2781 3420 προσώπου
2813 3346 3293 3415 γίνεσθαι.Χεῖρας
3325 3344 3405 3408 δὲ,
3452 3344 3513 3396 τὸ
3546 3346 3771 3398 ἀνυστι-

502 3444 757 3501 ptamque
790 3429 973 3482 habet.
1028 3429 1309 3495 btqutoem
1335 3433 1388 3480 et
1421 3441 1519 3480 nos
1554 3431 1785 3479 odorum
1820 3426 2066 3495 fragran-

2190 3428 2273 3482 ιιὺν
2298 3427 2400 3498 τῆς
2420 3428 2700 3497 ἐνεργείας
2729 3428 2918 3484 αὑτοῦ.
2937 3430 3047 3482 Καὶ
3076 3432 3185 3500 γὰρ
3215 3430 3378 3499 ἡμεῖς
3408 3428 3474 3481 τὰ
3502 3429 3771 3500 χρειώδηο

497 3524 628 3575 tiam
688 3536 785 3591 per
839 3520 985 3573 hunc
1035 3534 1259 3574 sensum
1322 3519 1652 3589 excipimus.
1699 3519 1803 3575 Per
1848 3520 2066 3585 faciem,

2190 3521 2275 3573 καὶ
2307 3519 2540 3589 μάλιστα
2572 3520 2875 3593 τιμιώτερα
2902 3520 2990 3575 διὰ
3039 3521 3149 3574 τῶν
3182 3520 3405 3574 οἰκείων
3467 3522 3776 3593 κατορθοῦ-

500 3613 674 3683 ipsius
705 3627 801 3682 per
830 3626 996 3681 opera
1021 3611 1545 3667 demonstrationem
1578 3626 1641 3665 ac
1670 3611 2066 3667 ostensionem.

2190 3629 2282 3682 μεν
2308 3611 2527 3681 χειρῶν.
2572 3613 2764 3680 Δεξιάν
2817 3614 2896 3678 δὲ,
2947 3613 3046 3685 τὴν
3072 3614 3166 3667 ἐπὶ
3199 3617 3310 3677 τοῖς
3356 3614 3555 3679 αἰσίοις
3590 3617 3772 3672 αὐτοῦ

498 3707 729 3774 Quando
773 3706 992 3777 quidem
1059 3720 1160 3759 nos
1209 3720 1429 3775 quoque
1458 3720 1524 3759 ex
1555 3705 1710 3758 vultu
1737 3720 1945 3774 orcque
1976 3719 2066 3775 pa-

2190 3703 2455 3775 βοήθειαν,
2478 3705 2542 3758 ἐκ
2568 3703 2663 3758 τοῦ
2692 3706 2787 3758 καὶ
2812 3694 2963 3776 ἡμᾶς
2996 3706 3197 3776 μᾶλλον
3221 3707 3309 3759 ἐπὶ
3331 3706 3437 3759 τῶν
3480 3707 3775 3777 εὐσχημοο

498 3803 604 3853 lam
662 3797 1060 3869 dignoscimur.
1124 3796 1228 3852 Per
1283 3811 1502 3862 manus,
1570 3795 1843 3850 actionem
1902 3796 2066 3862 illam,

2190 3798 2373 3867 ιέρων,
2406 3799 2501 3851 καὶ
2530 3784 2898 3869 τιμιωτέρων,
2942 3800 3039 3852 καὶ
3062 3800 3315 3869 πλείστης
3352 3796 3534 3868 ἰσχύος
3562 3799 3772 3869 δεομέ-

498 3909 605 3964 qua
634 3908 799 3962 opera
833 3906 931 3948 sua
954 3889 1216 3946 absolvit.
1257 3890 1395 3943 Nam
1430 3904 1533 3943 nos
1573 3888 1740 3943 etiam
1774 3887 2066 3943 utilissima

2190 3902 2286 3939 νων
2315 3888 2382 3957 τῇ
2412 3886 2565 3958 δεξιᾷ
2592 3887 2919 3958 κεχρῆσθαι.
2952 3888 3282 3958 Ψηλάφησιν
3305 3887 3382 3951 δὲ,
3411 3888 3513 3959 τὴν
3535 3888 3774 3960 ἀκριϐεο

498 4002 730 4056 quamne
760 3993 813 4039 et
850 3982 1307 4053 prmstantissima
1362 3995 1529 4051 opera
1568 3979 1779 4035 nostris
1814 3977 2066 4033 manibus

2190 3977 2381 4047 στέραν
2412 3978 2601 4043 αὑτοῦ,
2631 3981 2725 4033 καὶ
2756 3980 2853 4052 τὴν
2883 3980 3003 4034 λίαν
3032 3982 3247 4035 λεπτῶν
3271 3998 3351 4045 τε,
3382 3983 3479 4035 καὶ
3505 3983 3771 4053 κρυπτῶν

497 4079 784 4133 efﬁcimus.
812 4075 916 4131 Per
943 4076 1245 4139 dexteram,
1282 4074 1460 4144 ipsius
1497 4075 1553 4128 in
1605 4074 1771 4129 rebus
1814 4071 2066 4130 secundis

2190 4068 2470 4137 Βιάγνωσίν
2496 4088 2575 4136 τε,
2615 4072 2712 4125 καὶ
2755 4073 3062 4144 εἴσπραξιν,
3094 4076 3160 4127 ἐκ
3198 4074 3291 4127 τοῦ
3337 4068 3466 4146 παρ’
3500 4077 3633 4144 ἡμῖν
3690 4074 3773 4147 μὴ

498 4186 659 4240 opem
698 4177 755 4223 et
786 4168 1093 4230 auxilium;
1135 4182 1201 4221 ex
1230 4181 1296 4222 eo
1332 4181 1527 4237 nempe
1559 4164 1708 4235 quod
1743 4180 1845 4222 nos
1892 4166 1948 4219 in
1984 4181 2066 4219 re-

2190 4160 2441 4214 Βύνασθαι
2458 4163 2585 4225 τοὺς
2612 4162 3053 4234 ψηλαφωμένους
3078 4166 3135 4217 ἐν
3161 4165 3377 4228 ἑαυτοῖς
3401 4184 3455 4218 τι
3478 4165 3773 4237 κρύπτειν.

502 4262 604 4317 bus
672 4258 1099 4330 insignioribus,
1153 4257 1388 4328 quaeque
1476 4257 1783 4324 plurimum
1856 4256 2066 4310 robori:

2190 4251 2433 4314 Πέδαςδὲ
2462 4254 2556 4307 καὶ
2590 4254 2821 4323 βάδισιν,
2854 4257 2954 4327 τὴν
2975 4257 3112 4327 πρδς
3149 4258 3474 4329 ἐπικουρίαν
3510 4257 3618 4311 τῶν
3648 4258 3777 4313 δεο-

502 4350 811 4420 requirunt,
852 4348 1045 4403 dextra
1113 4348 1297 4419 potius
1350 4346 1565 4401 utimur
1616 4360 1805 4400 manu.
1862 4344 1966 4400 Per
1997 4354 2066 4399 ta-

2190 4343 2383 4412 μένων,
2435 4344 2469 4415 ἦ
2522 4346 2733 4415 ἐχθρῶν
2776 4349 3008 4418 ἄμυναν,
3067 4349 3308 4420 ἢάλλην
3346 4349 3472 4403 τινὰ
3536 4348 3767 4421 πρᾶξιν,

501 4454 674 4507 ctum,
707 4442 1077 4498 certissimam
1128 4440 1305 4510 ipsius
1348 4438 1851 4494 minutissimarum
1887 4451 1953 4490 ac
1985 4450 2066 4491 oc.

2190 4435 2392 4489 ἕλευσίν
2422 4455 2504 4504 τε,
2538 4440 2632 4492 καὶ
2665 4440 2989 4512 παρουσίαν,
3014 4439 3079 4494 ἐκ
3117 4440 3213 4495 τοῦ
3247 4444 3378 4512 παρ’
3401 4443 3538 4513 ἡμῖν
3555 4443 3644 4495 διά
3670 4444 3779 4513 τῆς

500 4535 935 4592 cultissimarum
998 4546 1181 4589 rerum
1234 4531 1677 4600 explorationem
1717 4537 1772 4585 et
1827 4530 2066 4585 exactio-

2190 4529 2289 4583 τῶν
2317 4530 2491 4583 ποδῶν
2512 4533 2762 4602 χρήσεως
2783 4532 3169 4588 ἀποτελεῖσθαι
3198 4534 3296 4603 τὴν
3324 4535 3529 4603 ἄφιξιν.
3558 4535 3779 4605 Ὅρκον

501 4641 673 4679 nem:
734 4621 807 4678 ob
870 4622 923 4676 id
973 4623 1207 4689 scilicet,
1289 4620 1435 4691 quod
1496 4621 1573 4674 illi
1635 4634 1879 4690 quoque,
1938 4635 2066 4690 quos

2190 4621 2258 4684 δὲ,
2293 4620 2352 4674 τὸ
2391 4622 2728 4692 ἀμετάθετον
2774 4624 2877 4695 τῆς
2932 4624 3128 4695 βουλῆς
3159 4625 3346 4686 αὐτοῦ,
3401 4628 3465 4679 ἐκ
3504 4627 3600 4680 τοῦ
3634 4630 3779 4697 παρ’

501 4724 934 4779 contrectamus,
991 4714 1129 4769 nihil
1174 4714 1231 4771 in
1262 4730 1322 4770 se
1373 4715 1657 4770 occultare
1708 4723 1939 4784 queant.
1973 4715 2066 4770 Pet

2190 4714 2313 4781 ἡμῖν
2350 4714 2418 4767 δι’
2462 4714 2628 4785 ὅρκου
2657 4715 2755 4780 τάς
2792 4716 2931 4787 πρὸς
2962 4718 3226 4789 ἀλλήλους
3252 4717 3606 4786 βεῦαιοῦσθαι
3636 4735 3779 4772 συν-

501 4807 669 4879 pedes
701 4816 755 4861 et
785 4805 1179 4871 incessionem,
1214 4805 1517 4861 adventum
1547 4805 1724 4874 ipsius
1754 4813 1809 4861 et
1839 4820 2066 4875 praesen-

2190 4806 2374 4875 θήκας.
2447 4808 2647 4879 Ὀργὴν
2683 4809 2740 4861 δέ
2771 4811 2867 4863 καὶ
2910 4809 3106 4881 θυμὸν,
3142 4810 3240 4880 τὴν
3281 4809 3419 4879 πρὸς
3443 4811 3545 4881 τὴν
3570 4811 3781 4864 κακίαν

500 4903 657 4964 tiam,
714 4900 798 4954 vel
845 4898 913 4953 ad
965 4912 1125 4968 opem
1175 4898 1465 4969 egentibus
1518 4896 1823 4964 ferendam,
1879 4899 1965 4954 vel
2012 4898 2066 4953 ac;

2190 4896 2483 4967 ἀπέχθειάν
2534 4916 2595 4952 τε
2648 4899 2742 4953 καὶ
2770 4901 3149 4971 ἀποστροφήν.
3197 4900 3306 4953 Καὶ
3335 4899 3448 4971 γὰρ
3504 4902 3671 4972 ἡμεῖς
3705 4902 3784 4956 τὰ

502 4996 693 5051 hostes
729 4992 1099 5053 ulciscendos,
1130 4993 1215 5048 vel
1270 4993 1338 5048 ad
1372 5007 1486 5049 rem
1534 4992 1700 5047 aliam
1735 4991 2032 5063 gerendam

2190 4990 2402 5044 ἐναντία
2438 4992 2538 5059 τῆς
2582 4990 2810 5061 γνώμης
2856 4992 3143 5062 μισοῦντες
3174 4990 3530 5063 ὀργιζόμεθα.
3585 4992 3784 5061 Λήθην

502 5088 648 5157 quod
701 5086 963 5141 nimirum
998 5085 1158 5140 nobis
1192 5100 1414 5155 quoque
1446 5085 1550 5139 hoc
1587 5084 1757 5156 pedes
1799 5092 2061 5156 praestent

2190 5080 2261 5144 δέ,
2292 5081 2386 5135 καὶ
2447 5081 2639 5145 ὕπνον,
2677 5083 2771 5135 καὶ
2819 5083 3153 5154 νυσταγμδν,
3203 5083 3301 5153 τὴν
3348 5083 3648 5154 ὑπέρθεσιν
3675 5085 3788 5154 τῆς

504 5187 563 5229 ιιι
593 5176 661 5231 ad
697 5178 877 5231 locum
910 5175 1151 5244 aliquem
1198 5174 1611 5242 perveniamus.
1664 5173 1770 5229 Per
1798 5175 2066 5245 jusjuran'

2190 5174 2293 5229 τῶν
2326 5175 2538 5245 ἐχθρῶν
2589 5174 2829 5245 ἀμύνης,
2865 5175 2961 5227 καὶ
3006 5174 3109 5245 τὴν
3166 5174 3267 5244 τῆς
3319 5174 3584 5243 συνήθους
3638 5174 3791 5245 πρὸς

505 5272 656 5331 dum,
710 5269 933 5324 consilii
983 5267 1105 5337 ejus
1152 5266 1711 5322 immutabilitatem:
1762 5267 1909 5337 quod
1941 5282 2066 5338 aput

2190 5268 2313 5331 τοὺς
2346 5268 2580 5329 οἰκείους
2622 5266 2873 5339 βοηθείας
2927 5267 3201 5338 ἀναϐολήν
3221 5284 3235 5298 ⁸
3268 5267 3364 5320 καὶ
3387 5266 3573 5329 ἁπλῶς
3600 5268 3792 5320 εἰπεῖν

507 5380 607 5418 nos
662 5360 1387 5433 interpositojurejurando
1427 5370 1615 5413 mutua
1663 5371 1821 5429 pacta
1868 5360 2061 5414 ﬁrmen

2190 5360 2371 5413 πάντα
2402 5360 2471 5414 τὰ
2506 5360 2835 5430 σωματικῶς
2861 5360 3129 5432 εἰρημένα
3155 5360 3246 5412 ἐπὶ
3271 5358 3427 5424 Θεοῦ,
3459 5358 3793 5428 κεκρυμμέ-

2188 5469 2287 5522 νην
2318 5451 2430 5521 ἐχει
2466 5451 2589 5504 τινὰ
2636 5451 2869 5518 ἔννοιαν,
2910 5453 2975 5505 ἐκ
3005 5452 3112 5505 τῶν
3175 5450 3296 5505 καθ’
3326 5452 3475 5521 ἡμᾶς
3518 5450 3587 5503 τά
3636 5451 3793 5522 ὑπὲρ

2188 5545 2336 5613 ἡμᾶς
2388 5544 2831 5611 ἐκδιδάσκουσαν,
2884 5545 2933 5597 εί
2968 5545 3043 5615 μὴ
3082 5562 3135 5597 τι
3164 5543 3414 5614 περὶτῆς
3458 5543 3795 5613 σωματικῆς

2195 5634 2286 5688 τοῦ
2321 5636 2457 5689 Θεοῦ
2492 5636 2666 5704 Λόγου
2693 5636 2989 5707 ἐπιδημίας
3020 5636 3255 5708 εἴρηται.
3276 5635 3447 5699 Αὐτὸς
3471 5634 3577 5705 γὰρ
3602 5634 3796 5689 πάντα

2195 5729 2287 5783 τὸν
2317 5728 2605 5795 ἄνθρωπον
2634 5733 2677 5765 ⁸⁸
2711 5729 2808 5783 διὰ.
2834 5731 2934 5797 τὴν
2968 5729 3247 5797 ἡμετέραν
3288 5728 3565 5793 σωτηρίαν
3597 5727 3797 5781 ἀνεδέ-

506 5465 615 5508 tur.
662 5455 765 5510 Per
826 5457 965 5510 iram
1020 5461 1073 5510 et
1124 5454 1387 5517 furorem,
1449 5451 1719 5506 infensam
1780 5452 1900 5522 ejus
1958 5467 2087 5522 erga

506 5544 775 5597 malitiam
818 5546 1165 5600 voluntatem
1216 5557 1280 5597 ac
1338 5540 1551 5607 odium,
1603 5539 1739 5594 Nam
1789 5552 1971 5595 etnos
2023 5556 2086 5595 ea

507 5648 627 5700 qua:
662 5647 787 5685 cum
839 5633 1124 5687 voluntate
1168 5638 1223 5687 et
1263 5631 1533 5687 sententia
1593 5638 1781 5683 nostra
1836 5635 2086 5696 pugnant

506 5726 633 5782 odio
657 5724 942 5792 habentes,
974 5725 1028 5780 in
1065 5725 1203 5782 iram
1239 5722 1683 5797 prorumpimus.
1803 5720 1906 5777 Per
1944 5719 2087 5776 obli-
