  <div class='ocr_page' id='page_1' title='image "/cluster/home/n/w/nwhite01/storage/ocr_20150623/130/hvd.32044073502387/082.png"; bbox 0 0 3994 6204; ppageno 0'>
   <div class='ocr_carea' id='block_1_1' title="bbox 377 331 1951 424">
    <p class='ocr_par' dir='ltr' id='par_1_1' title="bbox 377 331 1951 401">
     <span class='ocr_line' id='line_1_1' title="bbox 377 331 1951 401; baseline -0.004 -2"><span class='ocrx_word' id='word_1_1' title='bbox 377 331 488 401; x_wconf 66' lang='grc'><strong>153</strong></span> <span class='ocrx_word' id='word_1_2' title='bbox 1345 332 1725 394; x_wconf 75' lang='lat' dir='ltr'><strong>PANOPLIA</strong></span> <span class='ocrx_word' id='word_1_3' title='bbox 1764 332 1951 394; x_wconf 61' lang='lat' dir='ltr'><strong>DOGIV</strong></span> 
     </span>
    </p>
   </div>
   <div class='ocr_carea' id='block_1_2' title="bbox 2054 331 3642 424">
    <p class='ocr_par' dir='ltr' id='par_1_2' title="bbox 2054 335 3642 424">
     <span class='ocr_line' id='line_1_2' title="bbox 2054 335 3642 424; baseline 0.011 -30"><span class='ocrx_word' id='word_1_4' title='bbox 2054 335 2226 396; x_wconf 81' lang='lat' dir='ltr'><strong>l‘ICA.</strong></span> <span class='ocrx_word' id='word_1_5' title='bbox 2269 360 2338 371; x_wconf 91' lang='lat'><strong><em>—</em></strong></span> <span class='ocrx_word' id='word_1_6' title='bbox 2376 336 2524 398; x_wconf 89' lang='lat' dir='ltr'><strong>TIT.</strong></span> <span class='ocrx_word' id='word_1_7' title='bbox 2569 338 2686 424; x_wconf 82' lang='lat' dir='ltr'><strong>Ili.</strong></span> <span class='ocrx_word' id='word_1_8' title='bbox 3539 346 3642 412; x_wconf 67' lang='lat'><strong>154</strong></span> 
     </span>
    </p>
   </div>
   <div class='ocr_carea' id='block_1_3' title="bbox 372 447 1951 523">
    <p class='ocr_par' dir='ltr' id='par_1_3' title="bbox 372 447 1951 521">
     <span class='ocr_line' id='line_1_3' title="bbox 372 447 1951 521; baseline -0.002 -18"><span class='ocrx_word' id='word_1_9' title='bbox 372 454 527 517; x_wconf 73' lang='grc' dir='ltr'>ξατο,</span> <span class='ocrx_word' id='word_1_10' title='bbox 578 449 758 521; x_wconf 75' lang='grc' dir='ltr'><strong>ψυχὴν</strong></span> <span class='ocrx_word' id='word_1_11' title='bbox 796 448 1014 519; x_wconf 86' lang='grc' dir='ltr'><strong>νοερὰν,</strong></span> <span class='ocrx_word' id='word_1_12' title='bbox 1048 447 1143 502; x_wconf 70' lang='grc' dir='ltr'><strong>καὶ</strong></span> <span class='ocrx_word' id='word_1_13' title='bbox 1177 449 1359 520; x_wconf 88' lang='grc' dir='ltr'>σῶμα,</span> <span class='ocrx_word' id='word_1_14' title='bbox 1391 450 1482 503; x_wconf 72' lang='grc' dir='ltr'><strong>καὶ</strong></span> <span class='ocrx_word' id='word_1_15' title='bbox 1523 466 1592 503; x_wconf 78' lang='grc' dir='ltr'><strong>τα</strong></span> <span class='ocrx_word' id='word_1_16' title='bbox 1623 453 1721 520; x_wconf 81' lang='grc' dir='ltr'>τῆς</span> <span class='ocrx_word' id='word_1_17' title='bbox 1755 450 1951 520; x_wconf 80' lang='grc' dir='ltr'>ἀνορω-</span> 
     </span>
    </p>
   </div>
   <div class='ocr_carea' id='block_1_4' title="bbox 2054 447 3640 523">
    <p class='ocr_par' dir='ltr' id='par_1_4' title="bbox 2066 455 3640 523">
     <span class='ocr_line' id='line_1_4' title="bbox 2066 455 3640 523; baseline 0.009 -19"><span class='ocrx_word' id='word_1_18' title='bbox 2066 455 2304 520; x_wconf 78' lang='lat' dir='ltr'><strong>vionem,</strong></span> <span class='ocrx_word' id='word_1_19' title='bbox 2360 471 2613 510; x_wconf 86' lang='lat' dir='ltr'><strong>somnum</strong></span> <span class='ocrx_word' id='word_1_20' title='bbox 2663 467 2715 512; x_wconf 91' lang='lat' dir='ltr'><strong>et</strong></span> <span class='ocrx_word' id='word_1_21' title='bbox 2767 459 3238 523; x_wconf 84' lang='lat' dir='ltr'><strong>dormitationem,</strong></span> <span class='ocrx_word' id='word_1_22' title='bbox 3295 464 3640 518; x_wconf 78' lang='lat' dir='ltr'><strong>animadver-</strong></span> 
     </span>
    </p>
   </div>
   <div class='ocr_carea' id='block_1_5' title="bbox 369 541 1951 622">
    <p class='ocr_par' dir='ltr' id='par_1_5' title="bbox 369 541 1951 613">
     <span class='ocr_line' id='line_1_5' title="bbox 369 541 1951 613; baseline -0.001 -18"><span class='ocrx_word' id='word_1_23' title='bbox 369 547 540 606; x_wconf 76' lang='grc' dir='ltr'>πίνης</span> <span class='ocrx_word' id='word_1_24' title='bbox 573 542 792 612; x_wconf 69' lang='grc' dir='ltr'>φύσεως</span> <span class='ocrx_word' id='word_1_25' title='bbox 823 541 1116 613; x_wconf 74' lang='grc' dir='ltr'>ἰδιώματα,</span> <span class='ocrx_word' id='word_1_26' title='bbox 1147 541 1216 596; x_wconf 84' lang='grc' dir='ltr'><strong>τά</strong></span> <span class='ocrx_word' id='word_1_27' title='bbox 1234 559 1292 595; x_wconf 88' lang='grc' dir='ltr'><strong>τε</strong></span> <span class='ocrx_word' id='word_1_28' title='bbox 1318 543 1524 612; x_wconf 82' lang='grc' dir='ltr'>φυσικά</span> <span class='ocrx_word' id='word_1_29' title='bbox 1555 544 1651 596; x_wconf 70' lang='grc' dir='ltr'>καὶ</span> <span class='ocrx_word' id='word_1_30' title='bbox 1699 541 1951 613; x_wconf 78' lang='grc' dir='ltr'>ἀδιάϐλη-</span> 
     </span>
    </p>
   </div>
   <div class='ocr_carea' id='block_1_6' title="bbox 2054 541 3634 622">
    <p class='ocr_par' dir='ltr' id='par_1_6' title="bbox 2067 545 3634 622">
     <span class='ocr_line' id='line_1_6' title="bbox 2067 545 3634 622; baseline 0.006 -22"><span class='ocrx_word' id='word_1_31' title='bbox 2067 545 2240 600; x_wconf 89' lang='lat' dir='ltr'><strong>sionis</strong></span> <span class='ocrx_word' id='word_1_32' title='bbox 2268 546 2321 600; x_wconf 91' lang='lat' dir='ltr'><strong>in</strong></span> <span class='ocrx_word' id='word_1_33' title='bbox 2361 547 2546 603; x_wconf 79' lang='lat' dir='ltr'><strong>hostes</strong></span> <span class='ocrx_word' id='word_1_34' title='bbox 2577 549 2917 616; x_wconf 76' lang='lat' dir='ltr'><strong>dilationem,</strong></span> <span class='ocrx_word' id='word_1_35' title='bbox 2959 555 3334 622; x_wconf 78' lang='lat' dir='ltr'><strong>temporisque</strong></span> <span class='ocrx_word' id='word_1_36' title='bbox 3364 571 3544 609; x_wconf 86' lang='lat' dir='ltr'><strong>moras</strong></span> <span class='ocrx_word' id='word_1_37' title='bbox 3580 559 3634 609; x_wconf 91' lang='lat' dir='ltr'><strong>in</strong></span> 
     </span>
    </p>
   </div>
   <div class='ocr_carea' id='block_1_7' title="bbox 369 633 3638 712">
    <p class='ocr_par' dir='ltr' id='par_1_7' title="bbox 369 633 3638 712">
     <span class='ocr_line' id='line_1_7' title="bbox 369 633 3638 712; baseline 0.004 -26"><span class='ocrx_word' id='word_1_38' title='bbox 369 653 441 687; x_wconf 87' lang='grc' dir='ltr'><strong>τα</strong></span> <span class='ocrx_word' id='word_1_39' title='bbox 471 633 650 703; x_wconf 76' lang='grc' dir='ltr'>πάθη.</span> <span class='ocrx_word' id='word_1_40' title='bbox 2064 635 2267 692; x_wconf 78' lang='lat' dir='ltr'><strong>auxilio</strong></span> <span class='ocrx_word' id='word_1_41' title='bbox 2304 649 2567 693; x_wconf 88' lang='lat' dir='ltr'><strong>consueto</strong></span> <span class='ocrx_word' id='word_1_42' title='bbox 2607 639 2839 696; x_wconf 80' lang='lat' dir='ltr'><strong>ferendo</strong></span> <span class='ocrx_word' id='word_1_43' title='bbox 2907 643 2975 697; x_wconf 91' lang='lat' dir='ltr'><strong>iis</strong></span> <span class='ocrx_word' id='word_1_44' title='bbox 3015 659 3156 712; x_wconf 90' lang='lat' dir='ltr'><strong>quos</strong></span> <span class='ocrx_word' id='word_1_45' title='bbox 3190 646 3386 699; x_wconf 90' lang='lat' dir='ltr'><strong>charos</strong></span> <span class='ocrx_word' id='word_1_46' title='bbox 3431 661 3496 700; x_wconf 90' lang='lat' dir='ltr'><strong>ac</strong></span> <span class='ocrx_word' id='word_1_47' title='bbox 3536 661 3638 701; x_wconf 86' lang='lat' dir='ltr'><strong>nc-</strong></span> 
     </span>
    </p>
   </div>
   <div class='ocr_carea' id='block_1_8' title="bbox 376 726 3631 806">
    <p class='ocr_par' dir='ltr' id='par_1_8' title="bbox 376 726 3631 806">
     <span class='ocr_line' id='line_1_8' title="bbox 376 726 3631 806; baseline 0.003 -22"><span class='ocrx_word' id='word_1_48' title='bbox 376 730 654 784; x_wconf 82' lang='lat' dir='ltr'><strong>eessarios</strong></span> <span class='ocrx_word' id='word_1_49' title='bbox 695 726 880 784; x_wconf 85' lang='lat' dir='ltr'><strong>habet.</strong></span> <span class='ocrx_word' id='word_1_50' title='bbox 935 726 1205 798; x_wconf 85' lang='lat' dir='ltr'><strong>Denique,</strong></span> <span class='ocrx_word' id='word_1_51' title='bbox 1235 736 1295 782; x_wconf 92' lang='lat' dir='ltr'><strong>ut</strong></span> <span class='ocrx_word' id='word_1_52' title='bbox 1327 743 1438 784; x_wconf 91' lang='lat' dir='ltr'><strong>uno</strong></span> <span class='ocrx_word' id='word_1_53' title='bbox 1466 728 1634 785; x_wconf 86' lang='lat' dir='ltr'><strong>verbo</strong></span> <span class='ocrx_word' id='word_1_54' title='bbox 1674 727 1876 789; x_wconf 79' lang='lat' dir='ltr'><strong>dicam,</strong></span> <span class='ocrx_word' id='word_1_55' title='bbox 1909 727 1961 783; x_wconf 93' lang='lat' dir='ltr'><strong>in</strong></span> <span class='ocrx_word' id='word_1_56' title='bbox 1997 729 2062 784; x_wconf 88' lang='lat' dir='ltr'><strong>iis</strong></span> <span class='ocrx_word' id='word_1_57' title='bbox 2086 729 2342 785; x_wconf 91' lang='lat' dir='ltr'><strong>omnibus</strong></span> <span class='ocrx_word' id='word_1_58' title='bbox 2373 747 2493 800; x_wconf 82' lang='lat' dir='ltr'><strong>quae</strong></span> <span class='ocrx_word' id='word_1_59' title='bbox 2525 734 2594 788; x_wconf 90' lang='lat' dir='ltr'><strong>de</strong></span> <span class='ocrx_word' id='word_1_60' title='bbox 2626 735 2736 789; x_wconf 87' lang='lat' dir='ltr'><strong>Deo</strong></span> <span class='ocrx_word' id='word_1_61' title='bbox 2759 751 3024 806; x_wconf 90' lang='lat' dir='ltr'><strong>corporeo</strong></span> <span class='ocrx_word' id='word_1_62' title='bbox 3056 739 3220 793; x_wconf 91' lang='lat' dir='ltr'><strong>modo</strong></span> <span class='ocrx_word' id='word_1_63' title='bbox 3253 740 3631 804; x_wconf 89' lang='lat' dir='ltr'><strong>enuntiantur,</strong></span> 
     </span>
    </p>
   </div>
   <div class='ocr_carea' id='block_1_9' title="bbox 349 821 3623 916">
    <p class='ocr_par' dir='ltr' id='par_1_9' title="bbox 349 821 3623 916">
     <span class='ocr_line' id='line_1_9' title="bbox 349 821 3623 916; baseline 0.005 -42"><span class='ocrx_word' id='word_1_64' title='bbox 349 822 664 916; x_wconf 61' lang='lat' dir='ltr'><strong>zabstrusus</strong></span> <span class='ocrx_word' id='word_1_65' title='bbox 698 821 918 890; x_wconf 89' lang='lat' dir='ltr'><strong>quidam</strong></span> <span class='ocrx_word' id='word_1_66' title='bbox 951 835 1149 876; x_wconf 79' lang='lat' dir='ltr'><strong>sensus</strong></span> <span class='ocrx_word' id='word_1_67' title='bbox 1184 821 1361 886; x_wconf 88' lang='lat' dir='ltr'><strong>inest,</strong></span> <span class='ocrx_word' id='word_1_68' title='bbox 1401 836 1511 892; x_wconf 91' lang='lat' dir='ltr'><strong>quo</strong></span> <span class='ocrx_word' id='word_1_69' title='bbox 1540 837 1637 891; x_wconf 89' lang='lat' dir='ltr'><strong>per</strong></span> <span class='ocrx_word' id='word_1_70' title='bbox 1673 821 1763 875; x_wconf 91' lang='lat' dir='ltr'><strong>illa</strong></span> <span class='ocrx_word' id='word_1_71' title='bbox 1794 837 1913 891; x_wconf 77' lang='lat' dir='ltr'><strong>qua:</strong></span> <span class='ocrx_word' id='word_1_72' title='bbox 1941 822 2100 878; x_wconf 89' lang='lat' dir='ltr'><strong>nobis</strong></span> <span class='ocrx_word' id='word_1_73' title='bbox 2135 834 2482 894; x_wconf 88' lang='lat' dir='ltr'><strong>congruunt,</strong></span> <span class='ocrx_word' id='word_1_74' title='bbox 2516 841 2579 881; x_wconf 90' lang='lat' dir='ltr'><strong>ea</strong></span> <span class='ocrx_word' id='word_1_75' title='bbox 2613 843 2734 897; x_wconf 68' lang='lat' dir='ltr'><strong>quae</strong></span> <span class='ocrx_word' id='word_1_76' title='bbox 2767 844 2932 899; x_wconf 82' lang='lat' dir='ltr'><strong>supra</strong></span> <span class='ocrx_word' id='word_1_77' title='bbox 2966 847 3070 886; x_wconf 92' lang='lat' dir='ltr'><strong>nos</strong></span> <span class='ocrx_word' id='word_1_78' title='bbox 3111 843 3242 887; x_wconf 87' lang='lat' dir='ltr'><strong>sunt</strong></span> <span class='ocrx_word' id='word_1_79' title='bbox 3280 836 3574 890; x_wconf 90' lang='lat' dir='ltr'><strong>edocemur</strong></span> <span class='ocrx_word' id='word_1_80' title='bbox 3608 856 3623 892; x_wconf 82' lang='grc' dir='ltr'>ι</span> 
     </span>
    </p>
   </div>
   <div class='ocr_carea' id='block_1_10' title="bbox 372 912 3631 985">
    <p class='ocr_par' dir='ltr' id='par_1_10' title="bbox 372 912 3631 985">
     <span class='ocr_line' id='line_1_10' title="bbox 372 912 3631 985; baseline 0.005 -20"><span class='ocrx_word' id='word_1_81' title='bbox 372 912 478 966; x_wconf 88' lang='lat' dir='ltr'><strong>nisi</strong></span> <span class='ocrx_word' id='word_1_82' title='bbox 511 914 657 968; x_wconf 77' lang='lat' dir='ltr'><strong>forte</strong></span> <span class='ocrx_word' id='word_1_83' title='bbox 692 913 975 982; x_wconf 87' lang='lat' dir='ltr'><strong>quidpiam</strong></span> <span class='ocrx_word' id='word_1_84' title='bbox 1011 913 1081 969; x_wconf 91' lang='lat' dir='ltr'><strong>de</strong></span> <span class='ocrx_word' id='word_1_85' title='bbox 1108 928 1376 983; x_wconf 90' lang='lat' dir='ltr'><strong>corporeo</strong></span> <span class='ocrx_word' id='word_1_86' title='bbox 1404 913 1498 969; x_wconf 89' lang='lat' dir='ltr'><strong>Dei</strong></span> <span class='ocrx_word' id='word_1_87' title='bbox 1525 915 1762 969; x_wconf 81' lang='lat' dir='ltr'><strong>adventu</strong></span> <span class='ocrx_word' id='word_1_88' title='bbox 1791 914 2000 969; x_wconf 90' lang='lat' dir='ltr'><strong>dictum</strong></span> <span class='ocrx_word' id='word_1_89' title='bbox 2031 923 2140 970; x_wconf 92' lang='lat' dir='ltr'><strong>est.</strong></span> <span class='ocrx_word' id='word_1_90' title='bbox 2165 915 2302 970; x_wconf 81' lang='lat' dir='ltr'><strong>Nam</strong></span> <span class='ocrx_word' id='word_1_91' title='bbox 2343 916 2462 985; x_wconf 88' lang='lat' dir='ltr'><strong>ipse</strong></span> <span class='ocrx_word' id='word_1_92' title='bbox 2493 927 2666 972; x_wconf 89' lang='lat' dir='ltr'><strong>totum</strong></span> <span class='ocrx_word' id='word_1_93' title='bbox 2700 919 2979 976; x_wconf 85' lang='lat' dir='ltr'><strong>hominem</strong></span> <span class='ocrx_word' id='word_1_94' title='bbox 3008 924 3201 979; x_wconf 89' lang='lat' dir='ltr'><strong>salutis</strong></span> <span class='ocrx_word' id='word_1_95' title='bbox 3233 935 3434 980; x_wconf 75' lang='lat' dir='ltr'><strong>nostra:</strong></span> <span class='ocrx_word' id='word_1_96' title='bbox 3463 943 3631 982; x_wconf 90' lang='lat' dir='ltr'><strong>causa</strong></span> 
     </span>
    </p>
   </div>
   <div class='ocr_carea' id='block_1_11' title="bbox 369 1006 3634 1086">
    <p class='ocr_par' dir='ltr' id='par_1_11' title="bbox 369 1006 3634 1086">
     <span class='ocr_line' id='line_1_11' title="bbox 369 1006 3634 1086; baseline 0.005 -26"><span class='ocrx_word' id='word_1_97' title='bbox 369 1006 621 1075; x_wconf 85' lang='lat' dir='ltr'><strong>suscepit</strong></span> <span class='ocrx_word' id='word_1_98' title='bbox 649 1023 664 1071; x_wconf 88' lang='lat'><strong>;</strong></span> <span class='ocrx_word' id='word_1_99' title='bbox 706 1006 811 1059; x_wconf 90' lang='lat' dir='ltr'><strong>hoc</strong></span> <span class='ocrx_word' id='word_1_100' title='bbox 839 1015 927 1060; x_wconf 87' lang='lat' dir='ltr'><strong>est</strong></span> <span class='ocrx_word' id='word_1_101' title='bbox 969 1006 1207 1060; x_wconf 88' lang='lat' dir='ltr'><strong>animam</strong></span> <span class='ocrx_word' id='word_1_102' title='bbox 1244 1006 1636 1077; x_wconf 88' lang='lat' dir='ltr'><strong>intelligentem</strong></span> <span class='ocrx_word' id='word_1_103' title='bbox 1661 1046 1676 1072; x_wconf 94' lang='lat'><strong>,</strong></span> <span class='ocrx_word' id='word_1_104' title='bbox 1724 1017 1778 1062; x_wconf 86' lang='lat' dir='ltr'><strong>et</strong></span> <span class='ocrx_word' id='word_1_105' title='bbox 1813 1023 2034 1077; x_wconf 87' lang='lat' dir='ltr'><strong>corpus,</strong></span> <span class='ocrx_word' id='word_1_106' title='bbox 2068 1017 2232 1078; x_wconf 90' lang='lat' dir='ltr'><strong>atque</strong></span> <span class='ocrx_word' id='word_1_107' title='bbox 2272 1009 2521 1064; x_wconf 72' lang='lat' dir='ltr'><strong>humanae</strong></span> <span class='ocrx_word' id='word_1_108' title='bbox 2553 1020 2760 1068; x_wconf 64' lang='lat' dir='ltr'><strong>natura:</strong></span> <span class='ocrx_word' id='word_1_109' title='bbox 2792 1014 3191 1086; x_wconf 83' lang='lat' dir='ltr'><strong>proprietates,</strong></span> <span class='ocrx_word' id='word_1_110' title='bbox 3226 1032 3438 1074; x_wconf 89' lang='lat' dir='ltr'><strong>necnon</strong></span> <span class='ocrx_word' id='word_1_111' title='bbox 3472 1031 3634 1075; x_wconf 91' lang='lat' dir='ltr'><strong>natu-</strong></span> 
     </span>
    </p>
   </div>
   <div class='ocr_carea' id='block_1_12' title="bbox 371 1098 1909 1170">
    <p class='ocr_par' dir='ltr' id='par_1_12' title="bbox 371 1098 1909 1170">
     <span class='ocr_line' id='line_1_12' title="bbox 371 1098 1909 1170; baseline 0.002 -19"><span class='ocrx_word' id='word_1_112' title='bbox 371 1099 543 1161; x_wconf 80' lang='lat' dir='ltr'><strong>rales.</strong></span> <span class='ocrx_word' id='word_1_113' title='bbox 577 1098 826 1168; x_wconf 87' lang='lat' dir='ltr'><strong>nulliqne</strong></span> <span class='ocrx_word' id='word_1_114' title='bbox 854 1098 1271 1168; x_wconf 84' lang='lat' dir='ltr'><strong>reprehensioni</strong></span> <span class='ocrx_word' id='word_1_115' title='bbox 1306 1098 1574 1154; x_wconf 76' lang='lat' dir='ltr'><strong>obnoxias</strong></span> <span class='ocrx_word' id='word_1_116' title='bbox 1605 1098 1909 1170; x_wconf 86' lang='lat' dir='ltr'><strong>passiones.</strong></span> 
     </span>
    </p>
   </div>
   <div class='ocr_carea' id='block_1_13' title="bbox 522 1191 1951 1271">
    <p class='ocr_par' dir='ltr' id='par_1_13' title="bbox 522 1191 1794 1261">
     <span class='ocr_line' id='line_1_13' title="bbox 522 1191 1794 1261; baseline -0.002 -14"><span class='ocrx_word' id='word_1_117' title='bbox 522 1193 640 1247; x_wconf 84' lang='grc' dir='ltr'><strong>Τοῦ</strong></span> <span class='ocrx_word' id='word_1_118' title='bbox 681 1191 868 1246; x_wconf 83' lang='grc' dir='ltr'><strong>αὑτοῦ</strong></span> <span class='ocrx_word' id='word_1_119' title='bbox 905 1191 1041 1259; x_wconf 76' lang='grc' dir='ltr'><strong>περὶ</strong></span> <span class='ocrx_word' id='word_1_120' title='bbox 1087 1191 1298 1247; x_wconf 79' lang='grc' dir='ltr'>τόπου.</span> <span class='ocrx_word' id='word_1_121' title='bbox 1334 1191 1674 1260; x_wconf 72' lang='grc' dir='ltr'><strong>Κεφάλαιον</strong></span> <span class='ocrx_word' id='word_1_122' title='bbox 1725 1197 1794 1261; x_wconf 77' lang='grc' dir='ltr'><strong>ιγ’</strong></span> 
     </span>
    </p>
   </div>
   <div class='ocr_carea' id='block_1_14' title="bbox 2054 1191 3266 1271">
    <p class='ocr_par' dir='ltr' id='par_1_14' title="bbox 2405 1193 3266 1271">
     <span class='ocr_line' id='line_1_14' title="bbox 2405 1193 3266 1271; baseline 0.01 -23"><span class='ocrx_word' id='word_1_123' title='bbox 2405 1193 2655 1265; x_wconf 78' lang='lat' dir='ltr'><strong>Ejusdem</strong></span> <span class='ocrx_word' id='word_1_124' title='bbox 2699 1198 2762 1252; x_wconf 85' lang='lat' dir='ltr'><strong>de</strong></span> <span class='ocrx_word' id='word_1_125' title='bbox 2801 1199 2932 1263; x_wconf 87' lang='lat' dir='ltr'><strong>loco,</strong></span> <span class='ocrx_word' id='word_1_126' title='bbox 2959 1216 3023 1255; x_wconf 82' lang='lat' dir='ltr'><strong>ea:</strong></span> <span class='ocrx_word' id='word_1_127' title='bbox 3053 1203 3266 1271; x_wconf 76' lang='lat' dir='ltr'><strong>cap.l&#39;5.</strong></span> 
     </span>
    </p>
   </div>
   <div class='ocr_carea' id='block_1_15' title="bbox 450 1281 1951 1370">
    <p class='ocr_par' dir='ltr' id='par_1_15' title="bbox 450 1281 1951 1354">
     <span class='ocr_line' id='line_1_15' title="bbox 450 1281 1951 1354; baseline -0.003 -15"><span class='ocrx_word' id='word_1_128' title='bbox 450 1287 636 1348; x_wconf 78' lang='grc' dir='ltr'>Τόπος</span> <span class='ocrx_word' id='word_1_129' title='bbox 679 1285 801 1337; x_wconf 81' lang='grc' dir='ltr'>ἐστὶ</span> <span class='ocrx_word' id='word_1_130' title='bbox 860 1282 1174 1353; x_wconf 83' lang='grc' dir='ltr'>σωματικὸς</span> <span class='ocrx_word' id='word_1_131' title='bbox 1221 1285 1396 1354; x_wconf 73' lang='grc' dir='ltr'>πέρας</span> <span class='ocrx_word' id='word_1_132' title='bbox 1445 1281 1542 1336; x_wconf 87' lang='grc' dir='ltr'>τοῦ</span> <span class='ocrx_word' id='word_1_133' title='bbox 1589 1283 1951 1353; x_wconf 78' lang='grc' dir='ltr'>περιέχοντος,</span> 
     </span>
    </p>
   </div>
   <div class='ocr_carea' id='block_1_16' title="bbox 2054 1281 3635 1370">
    <p class='ocr_par' dir='ltr' id='par_1_16' title="bbox 2125 1287 3635 1370">
     <span class='ocr_line' id='line_1_16' title="bbox 2125 1287 3635 1370; baseline 0.009 -29"><span class='ocrx_word' id='word_1_134' title='bbox 2125 1287 2305 1343; x_wconf 89' lang='lat' dir='ltr'><strong>Locus</strong></span> <span class='ocrx_word' id='word_1_135' title='bbox 2343 1301 2639 1357; x_wconf 87' lang='lat' dir='ltr'><strong>corporeus</strong></span> <span class='ocrx_word' id='word_1_136' title='bbox 2664 1298 2746 1345; x_wconf 90' lang='lat' dir='ltr'><strong>est</strong></span> <span class='ocrx_word' id='word_1_137' title='bbox 2783 1292 3046 1348; x_wconf 86' lang='lat' dir='ltr'><strong>terminus</strong></span> <span class='ocrx_word' id='word_1_138' title='bbox 3099 1296 3457 1362; x_wconf 90' lang='lat' dir='ltr'><strong>continentis,</strong></span> <span class='ocrx_word' id='word_1_139' title='bbox 3498 1316 3635 1370; x_wconf 87' lang='lat' dir='ltr'><strong>qua-</strong></span> 
     </span>
    </p>
   </div>
   <div class='ocr_carea' id='block_1_17' title="bbox 370 1371 1951 1460">
    <p class='ocr_par' dir='ltr' id='par_1_17' title="bbox 370 1371 1951 1447">
     <span class='ocr_line' id='line_1_17' title="bbox 370 1371 1951 1447; baseline -0.001 -18"><span class='ocrx_word' id='word_1_140' title='bbox 370 1377 494 1430; x_wconf 80' lang='grc' dir='ltr'>καθ’</span> <span class='ocrx_word' id='word_1_141' title='bbox 519 1378 549 1430; x_wconf 84' lang='grc' dir='ltr'><strong>ὅ</strong></span> <span class='ocrx_word' id='word_1_142' title='bbox 598 1376 918 1447; x_wconf 78' lang='grc' dir='ltr'><strong>περιέχεται</strong></span> <span class='ocrx_word' id='word_1_143' title='bbox 953 1375 1016 1428; x_wconf 82' lang='grc' dir='ltr'><strong>τὸ</strong></span> <span class='ocrx_word' id='word_1_144' title='bbox 1052 1376 1464 1445; x_wconf 80' lang='grc' dir='ltr'>περιεχόμενον.</span> <span class='ocrx_word' id='word_1_145' title='bbox 1499 1371 1624 1428; x_wconf 74' lang='grc' dir='ltr'><strong>Οἷον</strong></span> <span class='ocrx_word' id='word_1_146' title='bbox 1651 1377 1679 1428; x_wconf 90' lang='grc' dir='ltr'><strong>ό</strong></span> <span class='ocrx_word' id='word_1_147' title='bbox 1712 1375 1820 1445; x_wconf 84' lang='grc' dir='ltr'>ἀὴρ</span> <span class='ocrx_word' id='word_1_148' title='bbox 1857 1393 1951 1428; x_wconf 87' lang='grc' dir='ltr'>πε-</span> 
     </span>
    </p>
   </div>
   <div class='ocr_carea' id='block_1_18' title="bbox 2054 1371 3633 1460">
    <p class='ocr_par' dir='ltr' id='par_1_18' title="bbox 2056 1379 3633 1460">
     <span class='ocr_line' id='line_1_18' title="bbox 2056 1379 3633 1460; baseline 0.008 -30"><span class='ocrx_word' id='word_1_149' title='bbox 2056 1383 2212 1432; x_wconf 87' lang='lat' dir='ltr'><strong>tenus</strong></span> <span class='ocrx_word' id='word_1_150' title='bbox 2240 1379 2483 1433; x_wconf 87' lang='lat' dir='ltr'><strong>continet</strong></span> <span class='ocrx_word' id='word_1_151' title='bbox 2507 1380 2581 1441; x_wconf 91' lang='lat' dir='ltr'><strong>id,</strong></span> <span class='ocrx_word' id='word_1_152' title='bbox 2613 1381 2758 1449; x_wconf 89' lang='lat' dir='ltr'><strong>qttod</strong></span> <span class='ocrx_word' id='word_1_153' title='bbox 2793 1382 3128 1438; x_wconf 88' lang='lat' dir='ltr'><strong>continetur.</strong></span> <span class='ocrx_word' id='word_1_154' title='bbox 3172 1386 3412 1458; x_wconf 77' lang='lat' dir='ltr'><strong>Exempli</strong></span> <span class='ocrx_word' id='word_1_155' title='bbox 3437 1391 3633 1460; x_wconf 75' lang='lat' dir='ltr'><strong>gratia,</strong></span> 
     </span>
    </p>
   </div>
   <div class='ocr_carea' id='block_1_19' title="bbox 371 1464 1951 1550">
    <p class='ocr_par' dir='ltr' id='par_1_19' title="bbox 371 1464 1951 1539">
     <span class='ocr_line' id='line_1_19' title="bbox 371 1464 1951 1539; baseline -0.002 -18"><span class='ocrx_word' id='word_1_156' title='bbox 371 1471 576 1539; x_wconf 80' lang='grc' dir='ltr'>ριὲχει,</span> <span class='ocrx_word' id='word_1_157' title='bbox 606 1468 669 1521; x_wconf 78' lang='grc' dir='ltr'><strong>τὸ</strong></span> <span class='ocrx_word' id='word_1_158' title='bbox 700 1469 756 1521; x_wconf 85' lang='grc' dir='ltr'>δὲ</span> <span class='ocrx_word' id='word_1_159' title='bbox 787 1467 949 1536; x_wconf 87' lang='grc' dir='ltr'>σῶμα</span> <span class='ocrx_word' id='word_1_160' title='bbox 979 1466 1312 1537; x_wconf 75' lang='grc' dir='ltr'>περιέχεται.</span> <span class='ocrx_word' id='word_1_161' title='bbox 1341 1465 1454 1536; x_wconf 79' lang='grc' dir='ltr'><strong>Οὐχ</strong></span> <span class='ocrx_word' id='word_1_162' title='bbox 1479 1464 1600 1529; x_wconf 89' lang='grc' dir='ltr'>ὅλος</span> <span class='ocrx_word' id='word_1_163' title='bbox 1649 1465 1707 1518; x_wconf 79' lang='grc' dir='ltr'>δὲ</span> <span class='ocrx_word' id='word_1_164' title='bbox 1744 1466 1771 1517; x_wconf 87' lang='grc' dir='ltr'><strong>ό</strong></span> <span class='ocrx_word' id='word_1_165' title='bbox 1804 1483 1951 1535; x_wconf 87' lang='grc' dir='ltr'>περι-</span> 
     </span>
    </p>
   </div>
   <div class='ocr_carea' id='block_1_20' title="bbox 2054 1464 3632 1550">
    <p class='ocr_par' dir='ltr' id='par_1_20' title="bbox 2054 1468 3632 1550">
     <span class='ocr_line' id='line_1_20' title="bbox 2054 1468 3632 1550; baseline 0.008 -28"><span class='ocrx_word' id='word_1_166' title='bbox 2054 1483 2146 1522; x_wconf 89' lang='lat' dir='ltr'><strong>acr</strong></span> <span class='ocrx_word' id='word_1_167' title='bbox 2174 1468 2417 1523; x_wconf 86' lang='lat' dir='ltr'><strong>continet</strong></span> <span class='ocrx_word' id='word_1_168' title='bbox 2445 1469 2612 1525; x_wconf 91' lang='lat' dir='ltr'><strong>hocce</strong></span> <span class='ocrx_word' id='word_1_169' title='bbox 2653 1479 2884 1542; x_wconf 78' lang='lat' dir='ltr'><strong>&#39;corpus.</strong></span> <span class='ocrx_word' id='word_1_170' title='bbox 2930 1473 3130 1530; x_wconf 84' lang='lat' dir='ltr'><strong>Verum</strong></span> <span class='ocrx_word' id='word_1_171' title='bbox 3175 1493 3282 1532; x_wconf 92' lang='lat' dir='ltr'><strong>non</strong></span> <span class='ocrx_word' id='word_1_172' title='bbox 3331 1489 3496 1547; x_wconf 82' lang='lat' dir='ltr'><strong>totus,</strong></span> <span class='ocrx_word' id='word_1_173' title='bbox 3543 1485 3632 1550; x_wconf 89' lang='lat' dir='ltr'><strong>qui</strong></span> 
     </span>
    </p>
   </div>
   <div class='ocr_carea' id='block_1_21' title="bbox 369 1555 1951 1639">
    <p class='ocr_par' dir='ltr' id='par_1_21' title="bbox 369 1555 1951 1629">
     <span class='ocr_line' id='line_1_21' title="bbox 369 1555 1951 1629; baseline -0.002 -16"><span class='ocrx_word' id='word_1_174' title='bbox 369 1562 517 1628; x_wconf 82' lang='grc' dir='ltr'>έχων</span> <span class='ocrx_word' id='word_1_175' title='bbox 540 1560 651 1629; x_wconf 77' lang='grc' dir='ltr'>ἀὴρ</span> <span class='ocrx_word' id='word_1_176' title='bbox 669 1558 832 1620; x_wconf 83' lang='grc' dir='ltr'><strong>τόπος</strong></span> <span class='ocrx_word' id='word_1_177' title='bbox 861 1559 979 1611; x_wconf 75' lang='grc' dir='ltr'>ἐστὶ</span> <span class='ocrx_word' id='word_1_178' title='bbox 1001 1556 1094 1610; x_wconf 89' lang='grc' dir='ltr'>τοῦ</span> <span class='ocrx_word' id='word_1_179' title='bbox 1118 1559 1502 1627; x_wconf 76' lang='grc' dir='ltr'><strong>περιεχομένου</strong></span> <span class='ocrx_word' id='word_1_180' title='bbox 1525 1555 1796 1626; x_wconf 84' lang='grc' dir='ltr'>σώματος,</span> <span class='ocrx_word' id='word_1_181' title='bbox 1821 1556 1951 1610; x_wconf 81' lang='grc' dir='ltr'>ἀλλὰ</span> 
     </span>
    </p>
   </div>
   <div class='ocr_carea' id='block_1_22' title="bbox 2054 1555 3632 1639">
    <p class='ocr_par' dir='ltr' id='par_1_22' title="bbox 2054 1561 3632 1639">
     <span class='ocr_line' id='line_1_22' title="bbox 2054 1561 3632 1639; baseline 0.008 -24"><span class='ocrx_word' id='word_1_182' title='bbox 2054 1561 2463 1628; x_wconf 83' lang='lat' dir='ltr'><strong>comprehendit</strong></span> <span class='ocrx_word' id='word_1_183' title='bbox 2491 1579 2606 1629; x_wconf 90' lang='lat' dir='ltr'><strong>aer,</strong></span> <span class='ocrx_word' id='word_1_184' title='bbox 2638 1567 3018 1633; x_wconf 82' lang='lat' dir='ltr'><strong>comprehensi</strong></span> <span class='ocrx_word' id='word_1_185' title='bbox 3069 1569 3312 1636; x_wconf 90' lang='lat' dir='ltr'><strong>corporis</strong></span> <span class='ocrx_word' id='word_1_186' title='bbox 3346 1571 3498 1626; x_wconf 89' lang='lat' dir='ltr'><strong>locus</strong></span> <span class='ocrx_word' id='word_1_187' title='bbox 3525 1584 3632 1639; x_wconf 86' lang='lat' dir='ltr'><strong>est,</strong></span> 
     </span>
    </p>
   </div>
   <div class='ocr_carea' id='block_1_23' title="bbox 368 1648 1951 1728">
    <p class='ocr_par' dir='ltr' id='par_1_23' title="bbox 368 1648 1951 1722">
     <span class='ocr_line' id='line_1_23' title="bbox 368 1648 1951 1722; baseline -0.003 -16"><span class='ocrx_word' id='word_1_188' title='bbox 368 1655 430 1706; x_wconf 77' lang='grc' dir='ltr'><strong>τὸ</strong></span> <span class='ocrx_word' id='word_1_189' title='bbox 460 1654 622 1715; x_wconf 76' lang='grc' dir='ltr'>τέλος</span> <span class='ocrx_word' id='word_1_190' title='bbox 650 1653 746 1705; x_wconf 89' lang='grc' dir='ltr'>τοῦ</span> <span class='ocrx_word' id='word_1_191' title='bbox 787 1653 1132 1722; x_wconf 83' lang='grc' dir='ltr'><strong>περιέχοντος</strong></span> <span class='ocrx_word' id='word_1_192' title='bbox 1166 1651 1326 1720; x_wconf 84' lang='grc' dir='ltr'>ἀέρος</span> <span class='ocrx_word' id='word_1_193' title='bbox 1349 1651 1411 1703; x_wconf 84' lang='grc' dir='ltr'>τὺ</span> <span class='ocrx_word' id='word_1_194' title='bbox 1440 1650 1814 1720; x_wconf 70' lang='grc' dir='ltr'>ἐφαπτόμενον</span> <span class='ocrx_word' id='word_1_195' title='bbox 1859 1648 1951 1702; x_wconf 88' lang='grc' dir='ltr'>τοῦ</span> 
     </span>
    </p>
   </div>
   <div class='ocr_carea' id='block_1_24' title="bbox 2054 1648 3630 1728">
    <p class='ocr_par' dir='ltr' id='par_1_24' title="bbox 2054 1653 3630 1728">
     <span class='ocr_line' id='line_1_24' title="bbox 2054 1653 3630 1728; baseline 0.005 -22"><span class='ocrx_word' id='word_1_196' title='bbox 2054 1653 2148 1706; x_wconf 86' lang='lat' dir='ltr'><strong>sed</strong></span> <span class='ocrx_word' id='word_1_197' title='bbox 2181 1653 2324 1706; x_wconf 86' lang='lat' dir='ltr'><strong>aeris</strong></span> <span class='ocrx_word' id='word_1_198' title='bbox 2377 1653 2668 1706; x_wconf 88' lang='lat' dir='ltr'><strong>ambientis</strong></span> <span class='ocrx_word' id='word_1_199' title='bbox 2713 1655 3050 1720; x_wconf 80' lang='lat' dir='ltr'><strong>extremitas,</strong></span> <span class='ocrx_word' id='word_1_200' title='bbox 3097 1671 3216 1725; x_wconf 67' lang='lat' dir='ltr'><strong>quae</strong></span> <span class='ocrx_word' id='word_1_201' title='bbox 3249 1674 3446 1728; x_wconf 83' lang='lat' dir='ltr'><strong>corpus</strong></span> <span class='ocrx_word' id='word_1_202' title='bbox 3479 1675 3630 1714; x_wconf 92' lang='lat' dir='ltr'><strong>com-</strong></span> 
     </span>
    </p>
   </div>
   <div class='ocr_carea' id='block_1_25' title="bbox 369 1741 1951 1816">
    <p class='ocr_par' dir='ltr' id='par_1_25' title="bbox 369 1741 1951 1816">
     <span class='ocr_line' id='line_1_25' title="bbox 369 1741 1951 1816; baseline -0.003 -18"><span class='ocrx_word' id='word_1_203' title='bbox 369 1745 777 1816; x_wconf 81' lang='grc' dir='ltr'><strong>περιεχομένου</strong></span> <span class='ocrx_word' id='word_1_204' title='bbox 807 1744 1080 1813; x_wconf 81' lang='grc' dir='ltr'>σὼματος.</span> <span class='ocrx_word' id='word_1_205' title='bbox 1123 1743 1272 1795; x_wconf 70' lang='grc' dir='ltr'>Ἐστι</span> <span class='ocrx_word' id='word_1_206' title='bbox 1305 1742 1361 1795; x_wconf 88' lang='grc' dir='ltr'><strong>δέ</strong></span> <span class='ocrx_word' id='word_1_207' title='bbox 1391 1744 1484 1796; x_wconf 78' lang='grc' dir='ltr'>καὶ</span> <span class='ocrx_word' id='word_1_208' title='bbox 1537 1742 1725 1812; x_wconf 82' lang='grc' dir='ltr'><strong>νοητὸς</strong></span> <span class='ocrx_word' id='word_1_209' title='bbox 1763 1741 1951 1806; x_wconf 85' lang='grc' dir='ltr'>τόπος,</span> 
     </span>
    </p>
   </div>
   <div class='ocr_carea' id='block_1_26' title="bbox 2054 1741 3636 1816">
    <p class='ocr_par' dir='ltr' id='par_1_26' title="bbox 2057 1744 3636 1816">
     <span class='ocr_line' id='line_1_26' title="bbox 2057 1744 3636 1816; baseline 0.005 -18"><span class='ocrx_word' id='word_1_210' title='bbox 2057 1744 2388 1814; x_wconf 84' lang='lat' dir='ltr'><strong>prehensum</strong></span> <span class='ocrx_word' id='word_1_211' title='bbox 2423 1747 2655 1816; x_wconf 88' lang='lat' dir='ltr'><strong>attingit.</strong></span> <span class='ocrx_word' id='word_1_212' title='bbox 2689 1745 2841 1811; x_wconf 83' lang='lat' dir='ltr'><strong>Quod</strong></span> <span class='ocrx_word' id='word_1_213' title='bbox 2873 1756 3054 1801; x_wconf 85' lang='lat' dir='ltr'><strong>autem</strong></span> <span class='ocrx_word' id='word_1_214' title='bbox 3104 1749 3368 1813; x_wconf 89' lang='lat' dir='ltr'><strong>continet,</strong></span> <span class='ocrx_word' id='word_1_215' title='bbox 3410 1752 3636 1806; x_wconf 87' lang='lat' dir='ltr'><strong>omnino</strong></span> 
     </span>
    </p>
   </div>
   <div class='ocr_carea' id='block_1_27' title="bbox 370 1820 1951 1906">
    <p class='ocr_par' dir='ltr' id='par_1_27' title="bbox 370 1833 1951 1906">
     <span class='ocr_line' id='line_1_27' title="bbox 370 1833 1951 1906; baseline -0.004 -15"><span class='ocrx_word' id='word_1_216' title='bbox 370 1839 504 1891; x_wconf 71' lang='grc' dir='ltr'>ἔνθα</span> <span class='ocrx_word' id='word_1_217' title='bbox 559 1838 788 1901; x_wconf 51' lang='lat' dir='ltr'><strong>vah-at,</strong></span> <span class='ocrx_word' id='word_1_218' title='bbox 843 1836 940 1889; x_wconf 75' lang='grc' dir='ltr'><strong>καὶ</strong></span> <span class='ocrx_word' id='word_1_219' title='bbox 993 1835 1140 1888; x_wconf 79' lang='grc' dir='ltr'>ἐστιν</span> <span class='ocrx_word' id='word_1_220' title='bbox 1205 1837 1238 1905; x_wconf 86' lang='grc' dir='ltr'><strong>ή</strong></span> <span class='ocrx_word' id='word_1_221' title='bbox 1291 1835 1458 1906; x_wconf 77' lang='grc' dir='ltr'>νοητὴ</span> <span class='ocrx_word' id='word_1_222' title='bbox 1516 1835 1612 1888; x_wconf 81' lang='grc' dir='ltr'><strong>καὶ</strong></span> <span class='ocrx_word' id='word_1_223' title='bbox 1661 1833 1951 1903; x_wconf 83' lang='grc' dir='ltr'>ἀσώματος</span> 
     </span>
    </p>
   </div>
   <div class='ocr_carea' id='block_1_28' title="bbox 2054 1820 3631 1906">
    <p class='ocr_par' dir='ltr' id='par_1_28' title="bbox 2057 1833 3631 1902">
     <span class='ocr_line' id='line_1_28' title="bbox 2057 1833 3631 1902; baseline 0.003 -14"><span class='ocrx_word' id='word_1_224' title='bbox 2057 1833 2110 1888; x_wconf 89' lang='lat' dir='ltr'><strong>in</strong></span> <span class='ocrx_word' id='word_1_225' title='bbox 2147 1850 2212 1888; x_wconf 89' lang='lat' dir='ltr'><strong>eo</strong></span> <span class='ocrx_word' id='word_1_226' title='bbox 2245 1849 2352 1888; x_wconf 94' lang='lat' dir='ltr'><strong>non</strong></span> <span class='ocrx_word' id='word_1_227' title='bbox 2381 1843 2482 1899; x_wconf 91' lang='lat' dir='ltr'><strong>est,</strong></span> <span class='ocrx_word' id='word_1_228' title='bbox 2540 1835 2685 1902; x_wconf 83' lang='lat' dir='ltr'><strong>quod</strong></span> <span class='ocrx_word' id='word_1_229' title='bbox 2735 1838 3064 1890; x_wconf 87' lang='lat' dir='ltr'><strong>continetur.</strong></span> <span class='ocrx_word' id='word_1_230' title='bbox 3122 1837 3213 1891; x_wconf 87' lang='lat' dir='ltr'><strong>Est</strong></span> <span class='ocrx_word' id='word_1_231' title='bbox 3261 1839 3422 1893; x_wconf 89' lang='lat' dir='ltr'><strong>ctiam</strong></span> <span class='ocrx_word' id='word_1_232' title='bbox 3480 1840 3631 1893; x_wconf 90' lang='lat' dir='ltr'><strong>locus</strong></span> 
     </span>
    </p>
   </div>
   <div class='ocr_carea' id='block_1_29' title="bbox 371 1921 1954 2001">
    <p class='ocr_par' dir='ltr' id='par_1_29' title="bbox 371 1921 1954 2001">
     <span class='ocr_line' id='line_1_29' title="bbox 371 1921 1954 2001; baseline -0.005 -17"><span class='ocrx_word' id='word_1_233' title='bbox 371 1933 539 2001; x_wconf 77' lang='grc' dir='ltr'>φύσις</span> <span class='ocrx_word' id='word_1_234' title='bbox 557 1949 571 1962; x_wconf 89' lang='grc'><strong>·</strong></span> <span class='ocrx_word' id='word_1_235' title='bbox 606 1928 848 1999; x_wconf 76' lang='grc' dir='ltr'>ένθαπέρ</span> <span class='ocrx_word' id='word_1_236' title='bbox 879 1921 998 1980; x_wconf 89' lang='grc' dir='ltr'>ἐστι</span> <span class='ocrx_word' id='word_1_237' title='bbox 1027 1928 1122 1980; x_wconf 78' lang='grc' dir='ltr'><strong>καὶ</strong></span> <span class='ocrx_word' id='word_1_238' title='bbox 1151 1927 1383 1994; x_wconf 86' lang='grc' dir='ltr'><strong>ἐνεργεῖ,</strong></span> <span class='ocrx_word' id='word_1_239' title='bbox 1415 1923 1508 1977; x_wconf 80' lang='grc' dir='ltr'><strong>καὶ</strong></span> <span class='ocrx_word' id='word_1_240' title='bbox 1533 1925 1593 1977; x_wconf 83' lang='grc' dir='ltr'><strong>οὐ</strong></span> <span class='ocrx_word' id='word_1_241' title='bbox 1624 1923 1954 1994; x_wconf 85' lang='grc' dir='ltr'><strong>σωματικῶς</strong></span> 
     </span>
    </p>
   </div>
   <div class='ocr_carea' id='block_1_30' title="bbox 373 2015 1956 2094">
    <p class='ocr_par' dir='ltr' id='par_1_30' title="bbox 373 2015 1956 2094">
     <span class='ocr_line' id='line_1_30' title="bbox 373 2015 1956 2094; baseline -0.004 -20"><span class='ocrx_word' id='word_1_242' title='bbox 373 2023 726 2094; x_wconf 74' lang='grc' dir='ltr'><strong>περιέχεται,</strong></span> <span class='ocrx_word' id='word_1_243' title='bbox 767 2020 905 2072; x_wconf 89' lang='grc' dir='ltr'><strong>ἀλλά</strong></span> <span class='ocrx_word' id='word_1_244' title='bbox 948 2019 1175 2087; x_wconf 86' lang='grc' dir='ltr'>νοητῶς.</span> <span class='ocrx_word' id='word_1_245' title='bbox 1217 2019 1292 2070; x_wconf 81' lang='grc' dir='ltr'><strong>Οὐ</strong></span> <span class='ocrx_word' id='word_1_246' title='bbox 1332 2019 1440 2085; x_wconf 82' lang='grc' dir='ltr'><strong>γὰρ</strong></span> <span class='ocrx_word' id='word_1_247' title='bbox 1475 2017 1590 2086; x_wconf 76' lang='grc' dir='ltr'>ἔχει</span> <span class='ocrx_word' id='word_1_248' title='bbox 1622 2017 1833 2087; x_wconf 79' lang='grc' dir='ltr'>σχῆμα,</span> <span class='ocrx_word' id='word_1_249' title='bbox 1867 2015 1956 2068; x_wconf 82' lang='grc' dir='ltr'><strong>ἵνα</strong></span> 
     </span>
    </p>
   </div>
   <div class='ocr_carea' id='block_1_31' title="bbox 375 2106 1954 2186">
    <p class='ocr_par' dir='ltr' id='par_1_31' title="bbox 375 2106 1954 2186">
     <span class='ocr_line' id='line_1_31' title="bbox 375 2106 1954 2186; baseline -0.002 -20"><span class='ocrx_word' id='word_1_250' title='bbox 375 2115 718 2186; x_wconf 75' lang='grc' dir='ltr'>σωματικῶς</span> <span class='ocrx_word' id='word_1_251' title='bbox 748 2112 1068 2184; x_wconf 84' lang='grc' dir='ltr'>περισχεθῇ.</span> <span class='ocrx_word' id='word_1_252' title='bbox 1111 2111 1172 2164; x_wconf 81' lang='lat'><strong>&#39;0</strong></span> <span class='ocrx_word' id='word_1_253' title='bbox 1213 2110 1312 2180; x_wconf 77' lang='grc' dir='ltr'>μὲν</span> <span class='ocrx_word' id='word_1_254' title='bbox 1357 2106 1452 2163; x_wconf 77' lang='grc' dir='ltr'>οὖν</span> <span class='ocrx_word' id='word_1_255' title='bbox 1485 2109 1619 2174; x_wconf 84' lang='grc' dir='ltr'><strong>Θεὸς</strong></span> <span class='ocrx_word' id='word_1_256' title='bbox 1657 2111 1818 2173; x_wconf 82' lang='grc' dir='ltr'>ἄῦλος</span> <span class='ocrx_word' id='word_1_257' title='bbox 1857 2109 1954 2176; x_wconf 85' lang='grc' dir='ltr'><strong>ὢν,</strong></span> 
     </span>
    </p>
   </div>
   <div class='ocr_carea' id='block_1_32' title="bbox 376 2200 1957 2275">
    <p class='ocr_par' dir='ltr' id='par_1_32' title="bbox 376 2200 1957 2275">
     <span class='ocr_line' id='line_1_32' title="bbox 376 2200 1957 2275; baseline -0.005 -15"><span class='ocrx_word' id='word_1_258' title='bbox 376 2209 471 2260; x_wconf 67' lang='grc' dir='ltr'><strong>καὶ</strong></span> <span class='ocrx_word' id='word_1_259' title='bbox 505 2205 926 2275; x_wconf 79' lang='grc' dir='ltr'>ἀπερίγραπτος</span> <span class='ocrx_word' id='word_1_260' title='bbox 975 2205 1032 2256; x_wconf 93' lang='grc' dir='ltr'><strong>ἐν</strong></span> <span class='ocrx_word' id='word_1_261' title='bbox 1079 2202 1226 2271; x_wconf 87' lang='grc' dir='ltr'>τόπῳ</span> <span class='ocrx_word' id='word_1_262' title='bbox 1265 2202 1365 2254; x_wconf 83' lang='grc' dir='ltr'><strong>οὐκ</strong></span> <span class='ocrx_word' id='word_1_263' title='bbox 1404 2201 1575 2254; x_wconf 80' lang='grc' dir='ltr'>ἔστιν.</span> <span class='ocrx_word' id='word_1_264' title='bbox 1621 2200 1795 2263; x_wconf 72' lang='grc' dir='ltr'><strong>Αὐτὸς</strong></span> <span class='ocrx_word' id='word_1_265' title='bbox 1847 2201 1957 2271; x_wconf 78' lang='grc' dir='ltr'><strong>γὰρ</strong></span> 
     </span>
    </p>
   </div>
   <div class='ocr_carea' id='block_1_33' title="bbox 377 2291 1958 2363">
    <p class='ocr_par' dir='ltr' id='par_1_33' title="bbox 377 2291 1958 2363">
     <span class='ocr_line' id='line_1_33' title="bbox 377 2291 1958 2363; baseline -0.004 -13"><span class='ocrx_word' id='word_1_266' title='bbox 377 2297 579 2353; x_wconf 80' lang='grc' dir='ltr'>ἑαυτοῦ</span> <span class='ocrx_word' id='word_1_267' title='bbox 622 2298 783 2357; x_wconf 83' lang='grc' dir='ltr'>τόπος</span> <span class='ocrx_word' id='word_1_268' title='bbox 841 2295 990 2349; x_wconf 79' lang='grc' dir='ltr'>ἐστὶν</span> <span class='ocrx_word' id='word_1_269' title='bbox 1026 2295 1054 2346; x_wconf 83' lang='grc' dir='ltr'><strong>ό</strong></span> <span class='ocrx_word' id='word_1_270' title='bbox 1091 2294 1158 2348; x_wconf 77' lang='grc' dir='ltr'>τὰ</span> <span class='ocrx_word' id='word_1_271' title='bbox 1211 2292 1500 2362; x_wconf 70' lang='grc' dir='ltr'>σύμπαντα</span> <span class='ocrx_word' id='word_1_272' title='bbox 1565 2291 1810 2363; x_wconf 84' lang='grc' dir='ltr'><strong>πληρῶν,</strong></span> <span class='ocrx_word' id='word_1_273' title='bbox 1862 2294 1958 2345; x_wconf 73' lang='grc' dir='ltr'>καὶ</span> 
     </span>
    </p>
   </div>
   <div class='ocr_carea' id='block_1_34' title="bbox 377 2381 1954 2458">
    <p class='ocr_par' dir='ltr' id='par_1_34' title="bbox 377 2381 1954 2458">
     <span class='ocr_line' id='line_1_34' title="bbox 377 2381 1954 2458; baseline -0.004 -16"><span class='ocrx_word' id='word_1_274' title='bbox 377 2389 522 2458; x_wconf 77' lang='grc' dir='ltr'>ὑπὲρ</span> <span class='ocrx_word' id='word_1_275' title='bbox 547 2386 620 2440; x_wconf 83' lang='grc' dir='ltr'><strong>τὰ</strong></span> <span class='ocrx_word' id='word_1_276' title='bbox 653 2385 833 2442; x_wconf 81' lang='grc' dir='ltr'>πάντα</span> <span class='ocrx_word' id='word_1_277' title='bbox 857 2383 956 2446; x_wconf 85' lang='grc' dir='ltr'><strong>ὢν,</strong></span> <span class='ocrx_word' id='word_1_278' title='bbox 985 2384 1080 2436; x_wconf 81' lang='grc' dir='ltr'><strong>καὶ</strong></span> <span class='ocrx_word' id='word_1_279' title='bbox 1131 2382 1296 2446; x_wconf 79' lang='grc' dir='ltr'>αὐτὸς</span> <span class='ocrx_word' id='word_1_280' title='bbox 1348 2381 1586 2452; x_wconf 85' lang='grc' dir='ltr'>συνέχων</span> <span class='ocrx_word' id='word_1_281' title='bbox 1633 2382 1700 2435; x_wconf 74' lang='grc' dir='ltr'>τὰ</span> <span class='ocrx_word' id='word_1_282' title='bbox 1756 2383 1954 2436; x_wconf 75' lang='grc' dir='ltr'>πάντα.</span> 
     </span>
    </p>
   </div>
   <div class='ocr_carea' id='block_1_35' title="bbox 377 2463 1956 2545">
    <p class='ocr_par' dir='ltr' id='par_1_35' title="bbox 377 2463 1956 2545">
     <span class='ocr_line' id='line_1_35' title="bbox 377 2463 1956 2545; baseline -0.006 -14"><span class='ocrx_word' id='word_1_283' title='bbox 377 2478 620 2545; x_wconf 77' lang='grc' dir='ltr'><strong>Λέγεται</strong></span> <span class='ocrx_word' id='word_1_284' title='bbox 666 2475 725 2529; x_wconf 84' lang='grc' dir='ltr'>δὲ</span> <span class='ocrx_word' id='word_1_285' title='bbox 774 2474 868 2529; x_wconf 79' lang='grc' dir='ltr'>καὶ</span> <span class='ocrx_word' id='word_1_286' title='bbox 917 2475 978 2526; x_wconf 82' lang='grc' dir='ltr'><strong>ἐν</strong></span> <span class='ocrx_word' id='word_1_287' title='bbox 1013 2473 1163 2541; x_wconf 86' lang='grc' dir='ltr'>τόπῳ</span> <span class='ocrx_word' id='word_1_288' title='bbox 1197 2463 1357 2536; x_wconf 76' lang='grc' dir='ltr'>εἶναι,</span> <span class='ocrx_word' id='word_1_289' title='bbox 1393 2469 1488 2522; x_wconf 75' lang='grc' dir='ltr'>καὶ</span> <span class='ocrx_word' id='word_1_290' title='bbox 1535 2469 1754 2538; x_wconf 87' lang='grc' dir='ltr'>λέγεται</span> <span class='ocrx_word' id='word_1_291' title='bbox 1793 2468 1956 2532; x_wconf 80' lang='grc' dir='ltr'>τόπος</span> 
     </span>
    </p>
   </div>
   <div class='ocr_carea' id='block_1_36' title="bbox 267 2560 1957 2636">
    <p class='ocr_par' dir='ltr' id='par_1_36' title="bbox 267 2560 1957 2636">
     <span class='ocr_line' id='line_1_36' title="bbox 267 2560 1957 2636; baseline -0.008 -11"><span class='ocrx_word' id='word_1_292' title='bbox 267 2569 278 2578; x_wconf 85' lang='grc'><em>’</em></span> <span class='ocrx_word' id='word_1_293' title='bbox 375 2571 540 2635; x_wconf 86' lang='grc' dir='ltr'>Θεοῦ,</span> <span class='ocrx_word' id='word_1_294' title='bbox 575 2570 710 2622; x_wconf 71' lang='grc' dir='ltr'>ἔνθα</span> <span class='ocrx_word' id='word_1_295' title='bbox 735 2566 954 2636; x_wconf 80' lang='grc' dir='ltr'>ἔκδηλος</span> <span class='ocrx_word' id='word_1_296' title='bbox 982 2567 1014 2634; x_wconf 79' lang='grc' dir='ltr'><strong>ἠ</strong></span> <span class='ocrx_word' id='word_1_297' title='bbox 1039 2565 1291 2632; x_wconf 85' lang='grc' dir='ltr'><strong>ἐνέργεια</strong></span> <span class='ocrx_word' id='word_1_298' title='bbox 1321 2560 1486 2615; x_wconf 87' lang='grc' dir='ltr'>αὑτοῦ</span> <span class='ocrx_word' id='word_1_299' title='bbox 1527 2563 1757 2630; x_wconf 76' lang='grc' dir='ltr'><strong>γίνεται.</strong></span> <span class='ocrx_word' id='word_1_300' title='bbox 1789 2560 1957 2623; x_wconf 79' lang='grc' dir='ltr'>Αῦτὺς</span> 
     </span>
    </p>
   </div>
   <div class='ocr_carea' id='block_1_37' title="bbox 378 2651 1956 2732">
    <p class='ocr_par' dir='ltr' id='par_1_37' title="bbox 378 2651 1956 2732">
     <span class='ocr_line' id='line_1_37' title="bbox 378 2651 1956 2732; baseline -0.008 -16"><span class='ocrx_word' id='word_1_301' title='bbox 378 2665 491 2732; x_wconf 79' lang='grc' dir='ltr'><strong>γὰρ</strong></span> <span class='ocrx_word' id='word_1_302' title='bbox 519 2663 615 2714; x_wconf 80' lang='grc' dir='ltr'>διὰ</span> <span class='ocrx_word' id='word_1_303' title='bbox 649 2663 870 2714; x_wconf 81' lang='grc' dir='ltr'>πάντων</span> <span class='ocrx_word' id='word_1_304' title='bbox 897 2657 1113 2727; x_wconf 86' lang='grc' dir='ltr'>ἀμιγῶς</span> <span class='ocrx_word' id='word_1_305' title='bbox 1127 2656 1327 2723; x_wconf 88' lang='grc' dir='ltr'>διήκει,</span> <span class='ocrx_word' id='word_1_306' title='bbox 1351 2655 1445 2707; x_wconf 78' lang='grc' dir='ltr'><strong>καὶ</strong></span> <span class='ocrx_word' id='word_1_307' title='bbox 1462 2655 1596 2706; x_wconf 79' lang='grc' dir='ltr'>πᾶσι</span> <span class='ocrx_word' id='word_1_308' title='bbox 1627 2651 1956 2722; x_wconf 81' lang='grc' dir='ltr'>μεταδίδωσι</span> 
     </span>
    </p>
   </div>
   <div class='ocr_carea' id='block_1_38' title="bbox 379 2743 1958 2826">
    <p class='ocr_par' dir='ltr' id='par_1_38' title="bbox 379 2743 1958 2826">
     <span class='ocr_line' id='line_1_38' title="bbox 379 2743 1958 2826; baseline -0.009 -17"><span class='ocrx_word' id='word_1_309' title='bbox 379 2757 478 2826; x_wconf 80' lang='grc' dir='ltr'>τῆς</span> <span class='ocrx_word' id='word_1_310' title='bbox 528 2752 733 2806; x_wconf 74' lang='grc' dir='ltr'>ἑαυτοῦ</span> <span class='ocrx_word' id='word_1_311' title='bbox 766 2749 1049 2821; x_wconf 76' lang='grc' dir='ltr'><strong>ἐνεργείας</strong></span> <span class='ocrx_word' id='word_1_312' title='bbox 1079 2746 1347 2817; x_wconf 46' lang='grc' dir='ltr'>κατὰττὴν</span> <span class='ocrx_word' id='word_1_313' title='bbox 1376 2746 1610 2810; x_wconf 70' lang='grc' dir='ltr'><strong>ἑκάστου</strong></span> <span class='ocrx_word' id='word_1_314' title='bbox 1657 2743 1958 2812; x_wconf 87' lang='grc' dir='ltr'>ἐπιτηδειό-</span> 
     </span>
    </p>
   </div>
   <div class='ocr_carea' id='block_1_39' title="bbox 378 2835 1953 2916">
    <p class='ocr_par' dir='ltr' id='par_1_39' title="bbox 378 2835 1953 2916">
     <span class='ocr_line' id='line_1_39' title="bbox 378 2835 1953 2916; baseline -0.008 -16"><span class='ocrx_word' id='word_1_315' title='bbox 378 2864 523 2916; x_wconf 85' lang='grc' dir='ltr'>τητα</span> <span class='ocrx_word' id='word_1_316' title='bbox 553 2847 650 2898; x_wconf 80' lang='grc' dir='ltr'>καὶ</span> <span class='ocrx_word' id='word_1_317' title='bbox 674 2843 930 2911; x_wconf 80' lang='grc' dir='ltr'>δεκτικὴν</span> <span class='ocrx_word' id='word_1_318' title='bbox 958 2840 1210 2909; x_wconf 79' lang='grc' dir='ltr'>δύναμιν,</span> <span class='ocrx_word' id='word_1_319' title='bbox 1232 2840 1374 2910; x_wconf 72' lang='grc' dir='ltr'>φημὶ</span> <span class='ocrx_word' id='word_1_320' title='bbox 1405 2838 1468 2907; x_wconf 88' lang='grc' dir='ltr'>δὴ</span> <span class='ocrx_word' id='word_1_321' title='bbox 1503 2837 1604 2908; x_wconf 81' lang='grc' dir='ltr'><strong>τήν</strong></span> <span class='ocrx_word' id='word_1_322' title='bbox 1627 2853 1688 2889; x_wconf 87' lang='grc' dir='ltr'>τε</span> <span class='ocrx_word' id='word_1_323' title='bbox 1716 2835 1953 2906; x_wconf 79' lang='grc' dir='ltr'>φυσικὴν</span> 
     </span>
    </p>
   </div>
   <div class='ocr_carea' id='block_1_40' title="bbox 381 2926 1956 3006">
    <p class='ocr_par' dir='ltr' id='par_1_40' title="bbox 381 2926 1956 3006">
     <span class='ocr_line' id='line_1_40' title="bbox 381 2926 1956 3006; baseline -0.008 -17"><span class='ocrx_word' id='word_1_324' title='bbox 381 2939 480 2989; x_wconf 74' lang='grc' dir='ltr'>καὶ</span> <span class='ocrx_word' id='word_1_325' title='bbox 509 2934 909 3006; x_wconf 80' lang='grc' dir='ltr'>προαιρετικὴν</span> <span class='ocrx_word' id='word_1_326' title='bbox 944 2931 1312 3002; x_wconf 83' lang='grc' dir='ltr'>καθαρότητα.</span> <span class='ocrx_word' id='word_1_327' title='bbox 1369 2927 1744 2998; x_wconf 78' lang='grc' dir='ltr'>Καθαρὼτερα</span> <span class='ocrx_word' id='word_1_328' title='bbox 1783 2926 1840 2978; x_wconf 78' lang='grc' dir='ltr'>δὲ</span> <span class='ocrx_word' id='word_1_329' title='bbox 1887 2926 1956 2978; x_wconf 73' lang='grc' dir='ltr'>τὰ</span> 
     </span>
    </p>
   </div>
   <div class='ocr_carea' id='block_1_41' title="bbox 383 3020 1957 3093">
    <p class='ocr_par' dir='ltr' id='par_1_41' title="bbox 383 3020 1957 3093">
     <span class='ocr_line' id='line_1_41' title="bbox 383 3020 1957 3093; baseline -0.007 -11"><span class='ocrx_word' id='word_1_330' title='bbox 383 3030 525 3083; x_wconf 68' lang='lat' dir='ltr'><strong>ama</strong></span> <span class='ocrx_word' id='word_1_331' title='bbox 555 3028 668 3080; x_wconf 86' lang='grc' dir='ltr'><strong>τῶν</strong></span> <span class='ocrx_word' id='word_1_332' title='bbox 699 3025 923 3091; x_wconf 81' lang='grc' dir='ltr'>ὑλικῶν,</span> <span class='ocrx_word' id='word_1_333' title='bbox 954 3025 1048 3078; x_wconf 76' lang='grc' dir='ltr'>καὶ</span> <span class='ocrx_word' id='word_1_334' title='bbox 1095 3025 1165 3077; x_wconf 87' lang='grc' dir='ltr'><strong>τά</strong></span> <span class='ocrx_word' id='word_1_335' title='bbox 1205 3023 1436 3093; x_wconf 83' lang='grc' dir='ltr'><strong>ἐνάρετα</strong></span> <span class='ocrx_word' id='word_1_336' title='bbox 1463 3021 1573 3073; x_wconf 89' lang='grc' dir='ltr'>τῶν</span> <span class='ocrx_word' id='word_1_337' title='bbox 1602 3020 1772 3091; x_wconf 79' lang='grc' dir='ltr'>κακίᾳ</span> <span class='ocrx_word' id='word_1_338' title='bbox 1802 3036 1957 3072; x_wconf 84' lang='grc' dir='ltr'>συνε-</span> 
     </span>
    </p>
   </div>
   <div class='ocr_carea' id='block_1_42' title="bbox 383 3111 1953 3191">
    <p class='ocr_par' dir='ltr' id='par_1_42' title="bbox 383 3111 1953 3191">
     <span class='ocr_line' id='line_1_42' title="bbox 383 3111 1953 3191; baseline -0.006 -18"><span class='ocrx_word' id='word_1_339' title='bbox 383 3121 726 3191; x_wconf 80' lang='grc' dir='ltr'><strong>ζευγμένων.</strong></span> <span class='ocrx_word' id='word_1_340' title='bbox 766 3120 1000 3186; x_wconf 83' lang='grc' dir='ltr'><strong>Λέγεται</strong></span> <span class='ocrx_word' id='word_1_341' title='bbox 1032 3115 1324 3185; x_wconf 82' lang='grc' dir='ltr'><strong>τοιγαροῦν</strong></span> <span class='ocrx_word' id='word_1_342' title='bbox 1352 3112 1488 3166; x_wconf 83' lang='grc' dir='ltr'><strong>Θεοῦ</strong></span> <span class='ocrx_word' id='word_1_343' title='bbox 1531 3111 1694 3174; x_wconf 84' lang='grc' dir='ltr'>τόπος</span> <span class='ocrx_word' id='word_1_344' title='bbox 1733 3115 1760 3164; x_wconf 88' lang='grc' dir='ltr'>ὁ</span> <span class='ocrx_word' id='word_1_345' title='bbox 1793 3111 1953 3164; x_wconf 82' lang='grc' dir='ltr'><strong>πλέον</strong></span> 
     </span>
    </p>
   </div>
   <div class='ocr_carea' id='block_1_43' title="bbox 386 3206 1955 3286">
    <p class='ocr_par' dir='ltr' id='par_1_43' title="bbox 386 3206 1955 3286">
     <span class='ocr_line' id='line_1_43' title="bbox 386 3206 1955 3286; baseline -0.006 -17"><span class='ocrx_word' id='word_1_346' title='bbox 386 3216 634 3286; x_wconf 81' lang='grc' dir='ltr'><strong>μετέχων</strong></span> <span class='ocrx_word' id='word_1_347' title='bbox 664 3215 762 3284; x_wconf 79' lang='grc' dir='ltr'>τῆς</span> <span class='ocrx_word' id='word_1_348' title='bbox 800 3212 1078 3283; x_wconf 77' lang='grc' dir='ltr'><strong>ἐνεργείας</strong></span> <span class='ocrx_word' id='word_1_349' title='bbox 1111 3211 1206 3264; x_wconf 81' lang='grc' dir='ltr'>καὶ</span> <span class='ocrx_word' id='word_1_350' title='bbox 1232 3209 1330 3280; x_wconf 83' lang='grc' dir='ltr'>τῆς</span> <span class='ocrx_word' id='word_1_351' title='bbox 1367 3208 1588 3278; x_wconf 86' lang='grc' dir='ltr'>χάριτος</span> <span class='ocrx_word' id='word_1_352' title='bbox 1627 3206 1814 3262; x_wconf 82' lang='grc' dir='ltr'>αὐτοῦ.</span> <span class='ocrx_word' id='word_1_353' title='bbox 1849 3207 1955 3260; x_wconf 84' lang='grc' dir='ltr'><strong>Διὰ</strong></span> 
     </span>
    </p>
   </div>
   <div class='ocr_carea' id='block_1_44' title="bbox 380 3297 1954 3376">
    <p class='ocr_par' dir='ltr' id='par_1_44' title="bbox 380 3297 1954 3376">
     <span class='ocr_line' id='line_1_44' title="bbox 380 3297 1954 3376; baseline -0.008 -13"><span class='ocrx_word' id='word_1_354' title='bbox 380 3315 544 3363; x_wconf 87' lang='grc' dir='ltr'>τοῦτο</span> <span class='ocrx_word' id='word_1_355' title='bbox 586 3310 614 3361; x_wconf 83' lang='grc' dir='ltr'>ὁ</span> <span class='ocrx_word' id='word_1_356' title='bbox 655 3306 884 3376; x_wconf 81' lang='grc' dir='ltr'>οὐρανὸς</span> <span class='ocrx_word' id='word_1_357' title='bbox 911 3303 1076 3357; x_wconf 81' lang='grc' dir='ltr'>αὑτοῦ</span> <span class='ocrx_word' id='word_1_358' title='bbox 1107 3302 1316 3373; x_wconf 84' lang='grc' dir='ltr'>Θρόνος.</span> <span class='ocrx_word' id='word_1_359' title='bbox 1366 3301 1457 3354; x_wconf 87' lang='grc' dir='ltr'><strong>Ἐν</strong></span> <span class='ocrx_word' id='word_1_360' title='bbox 1498 3297 1646 3366; x_wconf 83' lang='grc' dir='ltr'><strong>αὐτῷ</strong></span> <span class='ocrx_word' id='word_1_361' title='bbox 1673 3298 1783 3367; x_wconf 85' lang='grc' dir='ltr'><strong>γάρ</strong></span> <span class='ocrx_word' id='word_1_362' title='bbox 1815 3297 1954 3350; x_wconf 79' lang='grc' dir='ltr'>εἰσιν</span> 
     </span>
    </p>
   </div>
   <div class='ocr_carea' id='block_1_45' title="bbox 380 3389 1949 3467">
    <p class='ocr_par' dir='ltr' id='par_1_45' title="bbox 380 3389 1949 3467">
     <span class='ocr_line' id='line_1_45' title="bbox 380 3389 1949 3467; baseline -0.01 -11"><span class='ocrx_word' id='word_1_363' title='bbox 380 3407 429 3458; x_wconf 70' lang='lat' dir='ltr'><strong>ci</strong></span> <span class='ocrx_word' id='word_1_364' title='bbox 458 3403 743 3464; x_wconf 81' lang='grc' dir='ltr'>ποιοῦντες</span> <span class='ocrx_word' id='word_1_365' title='bbox 775 3401 834 3451; x_wconf 76' lang='grc' dir='ltr'><strong>τὸ</strong></span> <span class='ocrx_word' id='word_1_366' title='bbox 858 3398 1069 3467; x_wconf 85' lang='grc' dir='ltr'>θέλημα</span> <span class='ocrx_word' id='word_1_367' title='bbox 1102 3394 1266 3448; x_wconf 85' lang='grc' dir='ltr'>αὐτοῦ</span> <span class='ocrx_word' id='word_1_368' title='bbox 1284 3391 1526 3460; x_wconf 76' lang='grc' dir='ltr'>ἄγγελοι,</span> <span class='ocrx_word' id='word_1_369' title='bbox 1553 3391 1648 3444; x_wconf 75' lang='grc' dir='ltr'>καὶ</span> <span class='ocrx_word' id='word_1_370' title='bbox 1670 3390 1760 3443; x_wconf 78' lang='grc' dir='ltr'><strong>ἀεὶ</strong></span> <span class='ocrx_word' id='word_1_371' title='bbox 1795 3389 1949 3454; x_wconf 79' lang='grc' dir='ltr'><strong>δοξά-</strong></span> 
     </span>
    </p>
   </div>
   <div class='ocr_carea' id='block_1_46' title="bbox 383 3483 1949 3562">
    <p class='ocr_par' dir='ltr' id='par_1_46' title="bbox 383 3483 1949 3562">
     <span class='ocr_line' id='line_1_46' title="bbox 383 3483 1949 3562; baseline -0.002 -12"><span class='ocrx_word' id='word_1_372' title='bbox 383 3499 576 3562; x_wconf 80' lang='grc' dir='ltr'><strong>ζοντες</strong></span> <span class='ocrx_word' id='word_1_373' title='bbox 602 3494 784 3546; x_wconf 81' lang='grc' dir='ltr'><strong>αὐτόν.</strong></span> <span class='ocrx_word' id='word_1_374' title='bbox 820 3490 970 3560; x_wconf 78' lang='grc' dir='ltr'>Δῦτη</span> <span class='ocrx_word' id='word_1_375' title='bbox 1002 3490 1110 3558; x_wconf 80' lang='grc' dir='ltr'><strong>γὰρ</strong></span> <span class='ocrx_word' id='word_1_376' title='bbox 1143 3486 1294 3557; x_wconf 81' lang='grc' dir='ltr'><strong>αὐτῷ</strong></span> <span class='ocrx_word' id='word_1_377' title='bbox 1326 3485 1650 3548; x_wconf 69' lang='grc' dir='ltr'><strong>ἀνάπαυσις.</strong></span> <span class='ocrx_word' id='word_1_378' title='bbox 1691 3485 1784 3538; x_wconf 67' lang='grc' dir='ltr'><strong>καὶ</strong></span> <span class='ocrx_word' id='word_1_379' title='bbox 1816 3485 1848 3553; x_wconf 81' lang='grc' dir='ltr'>ἡ</span> <span class='ocrx_word' id='word_1_380' title='bbox 1877 3483 1949 3552; x_wconf 84' lang='grc' dir='ltr'><strong>γῆ</strong></span> 
     </span>
    </p>
   </div>
   <div class='ocr_carea' id='block_1_47' title="bbox 383 3573 1950 3647">
    <p class='ocr_par' dir='ltr' id='par_1_47' title="bbox 383 3573 1950 3647">
     <span class='ocr_line' id='line_1_47' title="bbox 383 3573 1950 3647; baseline -0.01 -5"><span class='ocrx_word' id='word_1_381' title='bbox 383 3587 679 3642; x_wconf 66' lang='grc' dir='ltr'>ὑποπόδιον</span> <span class='ocrx_word' id='word_1_382' title='bbox 701 3584 811 3638; x_wconf 90' lang='grc' dir='ltr'><strong>τῶν</strong></span> <span class='ocrx_word' id='word_1_383' title='bbox 844 3581 1019 3636; x_wconf 84' lang='grc' dir='ltr'>ποδῶν</span> <span class='ocrx_word' id='word_1_384' title='bbox 1044 3579 1232 3633; x_wconf 83' lang='grc' dir='ltr'>αὑτοῦ.</span> <span class='ocrx_word' id='word_1_385' title='bbox 1266 3579 1356 3631; x_wconf 83' lang='grc' dir='ltr'><strong>Ἐν</strong></span> <span class='ocrx_word' id='word_1_386' title='bbox 1386 3577 1523 3647; x_wconf 71' lang='grc' dir='ltr'><strong>αὐτῇ</strong></span> <span class='ocrx_word' id='word_1_387' title='bbox 1551 3577 1660 3646; x_wconf 76' lang='grc' dir='ltr'><strong>γὰρ</strong></span> <span class='ocrx_word' id='word_1_388' title='bbox 1693 3573 1783 3628; x_wconf 87' lang='grc' dir='ltr'><strong>διά</strong></span> <span class='ocrx_word' id='word_1_389' title='bbox 1818 3592 1950 3645; x_wconf 80' lang='grc' dir='ltr'>σαρο</span> 
     </span>
    </p>
   </div>
   <div class='ocr_carea' id='block_1_48' title="bbox 384 3665 1949 3746">
    <p class='ocr_par' dir='ltr' id='par_1_48' title="bbox 384 3665 1949 3746">
     <span class='ocr_line' id='line_1_48' title="bbox 384 3665 1949 3746; baseline -0.011 -11"><span class='ocrx_word' id='word_1_390' title='bbox 384 3683 478 3744; x_wconf 73' lang='grc' dir='ltr'>κὸς</span> <span class='ocrx_word' id='word_1_391' title='bbox 520 3682 635 3744; x_wconf 85' lang='grc' dir='ltr'>τοῖς</span> <span class='ocrx_word' id='word_1_392' title='bbox 680 3676 994 3746; x_wconf 81' lang='grc' dir='ltr'>ἀνθρώποις</span> <span class='ocrx_word' id='word_1_393' title='bbox 1023 3670 1462 3741; x_wconf 82' lang='grc' dir='ltr'>συνανεστράφη.</span> <span class='ocrx_word' id='word_1_394' title='bbox 1490 3668 1632 3732; x_wconf 87' lang='grc' dir='ltr'>Ποῦς</span> <span class='ocrx_word' id='word_1_395' title='bbox 1665 3667 1721 3720; x_wconf 75' lang='grc' dir='ltr'>δὲ</span> <span class='ocrx_word' id='word_1_396' title='bbox 1749 3665 1884 3720; x_wconf 87' lang='grc' dir='ltr'><strong>Θεοῦ</strong></span> <span class='ocrx_word' id='word_1_397' title='bbox 1915 3666 1949 3735; x_wconf 83' lang='grc' dir='ltr'>ὴ</span> 
     </span>
    </p>
   </div>
   <div class='ocr_carea' id='block_1_49' title="bbox 383 3756 1952 3843">
    <p class='ocr_par' dir='ltr' id='par_1_49' title="bbox 383 3756 1952 3843">
     <span class='ocr_line' id='line_1_49' title="bbox 383 3756 1952 3843; baseline -0.013 -14"><span class='ocrx_word' id='word_1_398' title='bbox 383 3777 514 3843; x_wconf 76' lang='grc' dir='ltr'>ἀγῐα</span> <span class='ocrx_word' id='word_1_399' title='bbox 557 3771 696 3842; x_wconf 77' lang='grc' dir='ltr'>σὰρξ</span> <span class='ocrx_word' id='word_1_400' title='bbox 725 3767 889 3824; x_wconf 80' lang='grc' dir='ltr'>αὑτοῦ</span> <span class='ocrx_word' id='word_1_401' title='bbox 919 3765 1191 3836; x_wconf 81' lang='grc' dir='ltr'>διαφόρως</span> <span class='ocrx_word' id='word_1_402' title='bbox 1228 3763 1565 3831; x_wconf 86' lang='grc' dir='ltr'>ὠνόμασται.</span> <span class='ocrx_word' id='word_1_403' title='bbox 1593 3760 1826 3826; x_wconf 83' lang='grc' dir='ltr'><strong>Λέγεται</strong></span> <span class='ocrx_word' id='word_1_404' title='bbox 1856 3756 1952 3809; x_wconf 73' lang='grc' dir='ltr'>καὶ</span> 
     </span>
    </p>
   </div>
   <div class='ocr_carea' id='block_1_50' title="bbox 384 3848 1952 3938">
    <p class='ocr_par' dir='ltr' id='par_1_50' title="bbox 384 3848 1952 3938">
     <span class='ocr_line' id='line_1_50' title="bbox 384 3848 1952 3938; baseline -0.007 -20"><span class='ocrx_word' id='word_1_405' title='bbox 384 3871 416 3938; x_wconf 71' lang='grc' dir='ltr'><strong>η</strong></span> <span class='ocrx_word' id='word_1_406' title='bbox 453 3865 755 3934; x_wconf 72' lang='grc' dir='ltr'>Ἐκκλησία</span> <span class='ocrx_word' id='word_1_407' title='bbox 781 3861 944 3923; x_wconf 87' lang='grc' dir='ltr'>τόπος</span> <span class='ocrx_word' id='word_1_408' title='bbox 973 3856 1130 3911; x_wconf 91' lang='grc' dir='ltr'><strong>Θεοῦ.</strong></span> <span class='ocrx_word' id='word_1_409' title='bbox 1160 3856 1377 3922; x_wconf 83' lang='grc' dir='ltr'><strong>Ταύτην</strong></span> <span class='ocrx_word' id='word_1_410' title='bbox 1401 3851 1510 3923; x_wconf 82' lang='grc' dir='ltr'><strong>γὰρ</strong></span> <span class='ocrx_word' id='word_1_411' title='bbox 1538 3851 1617 3913; x_wconf 74' lang='grc' dir='ltr'><strong>εἰς</strong></span> <span class='ocrx_word' id='word_1_412' title='bbox 1645 3848 1952 3938; x_wconf 59' lang='grc' dir='ltr'>δοξολογὶαν</span> 
     </span>
    </p>
   </div>
   <div class='ocr_carea' id='block_1_51' title="bbox 383 3934 1952 4025">
    <p class='ocr_par' dir='ltr' id='par_1_51' title="bbox 383 3934 1952 4025">
     <span class='ocr_line' id='line_1_51' title="bbox 383 3934 1952 4025; baseline -0.013 -13"><span class='ocrx_word' id='word_1_413' title='bbox 383 3934 790 4025; x_wconf 78' lang='grc' dir='ltr'>αὑτοῦ,⁶ῶσπερ</span> <span class='ocrx_word' id='word_1_414' title='bbox 823 3969 874 4005; x_wconf 89' lang='grc' dir='ltr'>τι</span> <span class='ocrx_word' id='word_1_415' title='bbox 910 3950 1135 4021; x_wconf 81' lang='grc' dir='ltr'>τέμενος</span> <span class='ocrx_word' id='word_1_416' title='bbox 1165 3945 1542 4015; x_wconf 74' lang='grc' dir='ltr'>ἀφωρίσαμεν,</span> <span class='ocrx_word' id='word_1_417' title='bbox 1573 3942 1631 3994; x_wconf 90' lang='grc' dir='ltr'><strong>ἐν</strong></span> <span class='ocrx_word' id='word_1_418' title='bbox 1657 3934 1700 4009; x_wconf 81' lang='grc' dir='ltr'><strong>ᾧ</strong></span> <span class='ocrx_word' id='word_1_419' title='bbox 1730 3939 1826 3994; x_wconf 76' lang='grc' dir='ltr'><strong>καὶ</strong></span> <span class='ocrx_word' id='word_1_420' title='bbox 1853 3938 1952 4002; x_wconf 78' lang='grc' dir='ltr'>τὰς</span> 
     </span>
    </p>
   </div>
   <div class='ocr_carea' id='block_1_52' title="bbox 383 4031 1953 4123">
    <p class='ocr_par' dir='ltr' id='par_1_52' title="bbox 383 4031 1953 4123">
     <span class='ocr_line' id='line_1_52' title="bbox 383 4031 1953 4123; baseline -0.015 -18"><span class='ocrx_word' id='word_1_421' title='bbox 383 4057 519 4123; x_wconf 69' lang='grc' dir='ltr'>πρὸς</span> <span class='ocrx_word' id='word_1_422' title='bbox 555 4049 721 4104; x_wconf 74' lang='grc' dir='ltr'>αὑτὸν</span> <span class='ocrx_word' id='word_1_423' title='bbox 751 4045 1019 4109; x_wconf 76' lang='grc' dir='ltr'><strong>ἐντεύξεις</strong></span> <span class='ocrx_word' id='word_1_424' title='bbox 1053 4039 1377 4110; x_wconf 78' lang='grc' dir='ltr'>ποιούμεθα.</span> <span class='ocrx_word' id='word_1_425' title='bbox 1417 4035 1652 4106; x_wconf 81' lang='grc' dir='ltr'>Ὁμοίως</span> <span class='ocrx_word' id='word_1_426' title='bbox 1680 4033 1774 4086; x_wconf 74' lang='grc' dir='ltr'>καὶ</span> <span class='ocrx_word' id='word_1_427' title='bbox 1796 4033 1845 4085; x_wconf 81' lang='lat' dir='ltr'><strong>oi</strong></span> <span class='ocrx_word' id='word_1_428' title='bbox 1867 4031 1953 4082; x_wconf 85' lang='grc' dir='ltr'><strong>τό-</strong></span> 
     </span>
    </p>
   </div>
   <div class='ocr_carea' id='block_1_53' title="bbox 384 4121 1952 4208">
    <p class='ocr_par' dir='ltr' id='par_1_53' title="bbox 384 4121 1952 4208">
     <span class='ocr_line' id='line_1_53' title="bbox 384 4121 1952 4208; baseline -0.015 -11"><span class='ocrx_word' id='word_1_429' title='bbox 384 4121 495 4207; x_wconf 60' lang='grc' dir='ltr'>τοι,</span> <span class='ocrx_word' id='word_1_430' title='bbox 533 4146 590 4195; x_wconf 82' lang='grc' dir='ltr'><strong>ἐν</strong></span> <span class='ocrx_word' id='word_1_431' title='bbox 616 4136 694 4204; x_wconf 72' lang='grc' dir='ltr'><strong>οἷς</strong></span> <span class='ocrx_word' id='word_1_432' title='bbox 726 4137 950 4208; x_wconf 76' lang='grc' dir='ltr'>ἔκδηλος</span> <span class='ocrx_word' id='word_1_433' title='bbox 988 4136 1120 4205; x_wconf 83' lang='grc' dir='ltr'><strong>ἡμῖν</strong></span> <span class='ocrx_word' id='word_1_434' title='bbox 1147 4133 1181 4202; x_wconf 75' lang='grc' dir='ltr'>ἡ</span> <span class='ocrx_word' id='word_1_435' title='bbox 1212 4133 1463 4203; x_wconf 79' lang='grc' dir='ltr'><strong>ἐνέργεια</strong></span> <span class='ocrx_word' id='word_1_436' title='bbox 1503 4125 1690 4192; x_wconf 84' lang='grc' dir='ltr'>αὐτοῦ,</span> <span class='ocrx_word' id='word_1_437' title='bbox 1722 4123 1831 4176; x_wconf 87' lang='grc' dir='ltr'><strong>εῐτε</strong></span> <span class='ocrx_word' id='word_1_438' title='bbox 1864 4121 1952 4174; x_wconf 69' lang='grc' dir='ltr'><strong>διὰ</strong></span> 
     </span>
    </p>
   </div>
   <div class='ocr_carea' id='block_1_54' title="bbox 384 4217 1955 4305">
    <p class='ocr_par' dir='ltr' id='par_1_54' title="bbox 384 4217 1955 4305">
     <span class='ocr_line' id='line_1_54' title="bbox 384 4217 1955 4305; baseline -0.014 -15"><span class='ocrx_word' id='word_1_439' title='bbox 384 4236 610 4305; x_wconf 67' lang='grc' dir='ltr'>σαρκὸς,</span> <span class='ocrx_word' id='word_1_440' title='bbox 647 4233 758 4284; x_wconf 75' lang='grc' dir='ltr'><strong>εἴτε</strong></span> <span class='ocrx_word' id='word_1_441' title='bbox 792 4231 924 4284; x_wconf 83' lang='grc' dir='ltr'><strong>ἄνευ</strong></span> <span class='ocrx_word' id='word_1_442' title='bbox 970 4226 1220 4298; x_wconf 84' lang='grc' dir='ltr'>σώματος</span> <span class='ocrx_word' id='word_1_443' title='bbox 1251 4225 1463 4294; x_wconf 83' lang='grc' dir='ltr'><strong>γέγονε,</strong></span> <span class='ocrx_word' id='word_1_444' title='bbox 1508 4220 1663 4274; x_wconf 86' lang='grc' dir='ltr'>τόποι</span> <span class='ocrx_word' id='word_1_445' title='bbox 1699 4217 1836 4271; x_wconf 83' lang='grc' dir='ltr'><strong>Θεοῦ</strong></span> <span class='ocrx_word' id='word_1_446' title='bbox 1867 4217 1955 4269; x_wconf 86' lang='grc' dir='ltr'>λέ-</span> 
     </span>
    </p>
   </div>
   <div class='ocr_carea' id='block_1_55' title="bbox 381 4305 1954 4396">
    <p class='ocr_par' dir='ltr' id='par_1_55' title="bbox 381 4305 1954 4396">
     <span class='ocr_line' id='line_1_55' title="bbox 381 4305 1954 4396; baseline -0.013 -17"><span class='ocrx_word' id='word_1_447' title='bbox 381 4343 592 4396; x_wconf 80' lang='grc' dir='ltr'>γονται.</span> <span class='ocrx_word' id='word_1_448' title='bbox 643 4323 842 4376; x_wconf 85' lang='grc' dir='ltr'>Ἱστέον</span> <span class='ocrx_word' id='word_1_449' title='bbox 879 4320 936 4375; x_wconf 84' lang='grc' dir='ltr'>δὲ</span> <span class='ocrx_word' id='word_1_450' title='bbox 969 4317 1138 4372; x_wconf 82' lang='grc' dir='ltr'>ὅτιτὸ</span> <span class='ocrx_word' id='word_1_451' title='bbox 1169 4317 1323 4370; x_wconf 87' lang='grc' dir='ltr'><strong>Θεῖον</strong></span> <span class='ocrx_word' id='word_1_452' title='bbox 1363 4312 1569 4383; x_wconf 82' lang='grc' dir='ltr'>ἀμερές</span> <span class='ocrx_word' id='word_1_453' title='bbox 1615 4311 1784 4372; x_wconf 85' lang='grc' dir='ltr'>ἐστιν,</span> <span class='ocrx_word' id='word_1_454' title='bbox 1833 4305 1954 4361; x_wconf 84' lang='grc' dir='ltr'><strong>ὅλον</strong></span> 
     </span>
    </p>
   </div>
   <div class='ocr_carea' id='block_1_56' title="bbox 378 4402 1954 4484">
    <p class='ocr_par' dir='ltr' id='par_1_56' title="bbox 378 4402 1954 4484">
     <span class='ocr_line' id='line_1_56' title="bbox 378 4402 1954 4484; baseline -0.016 -9"><span class='ocrx_word' id='word_1_455' title='bbox 378 4420 580 4484; x_wconf 70' lang='grc' dir='ltr'>ὁλικῶς</span> <span class='ocrx_word' id='word_1_456' title='bbox 616 4411 891 4483; x_wconf 80' lang='grc' dir='ltr'><strong>πανταχοῦ</strong></span> <span class='ocrx_word' id='word_1_457' title='bbox 918 4411 997 4478; x_wconf 89' lang='grc' dir='ltr'><strong>ὅν,</strong></span> <span class='ocrx_word' id='word_1_458' title='bbox 1023 4409 1118 4463; x_wconf 70' lang='grc' dir='ltr'><strong>καὶ</strong></span> <span class='ocrx_word' id='word_1_459' title='bbox 1147 4407 1208 4461; x_wconf 85' lang='grc' dir='ltr'><strong>οὐ</strong></span> <span class='ocrx_word' id='word_1_460' title='bbox 1248 4407 1410 4477; x_wconf 84' lang='grc' dir='ltr'>μέρος</span> <span class='ocrx_word' id='word_1_461' title='bbox 1433 4407 1490 4457; x_wconf 87' lang='grc' dir='ltr'>έν</span> <span class='ocrx_word' id='word_1_462' title='bbox 1526 4402 1680 4473; x_wconf 87' lang='grc' dir='ltr'><strong>μέρει</strong></span> <span class='ocrx_word' id='word_1_463' title='bbox 1711 4414 1954 4467; x_wconf 74' lang='grc' dir='ltr'>σωματιο</span> 
     </span>
    </p>
   </div>
   <div class='ocr_carea' id='block_1_57' title="bbox 2057 1925 3632 1997">
    <p class='ocr_par' dir='ltr' id='par_1_57' title="bbox 2057 1925 3632 1997">
     <span class='ocr_line' id='line_1_57' title="bbox 2057 1925 3632 1997; baseline 0.003 -18"><span class='ocrx_word' id='word_1_464' title='bbox 2057 1927 2432 1997; x_wconf 84' lang='lat' dir='ltr'><strong>intelligibilis,</strong></span> <span class='ocrx_word' id='word_1_465' title='bbox 2480 1925 2570 1980; x_wconf 90' lang='lat' dir='ltr'><strong>ubi</strong></span> <span class='ocrx_word' id='word_1_466' title='bbox 2606 1927 2924 1997; x_wconf 78' lang='lat' dir='ltr'><strong>intelligitur</strong></span> <span class='ocrx_word' id='word_1_467' title='bbox 2946 1935 3002 1982; x_wconf 91' lang='lat' dir='ltr'><strong>et</strong></span> <span class='ocrx_word' id='word_1_468' title='bbox 3050 1937 3133 1981; x_wconf 91' lang='lat' dir='ltr'><strong>est</strong></span> <span class='ocrx_word' id='word_1_469' title='bbox 3184 1938 3375 1983; x_wconf 87' lang='lat' dir='ltr'><strong>natura</strong></span> <span class='ocrx_word' id='word_1_470' title='bbox 3431 1930 3632 1985; x_wconf 89' lang='lat' dir='ltr'><strong>intelli-</strong></span> 
     </span>
    </p>
   </div>
   <div class='ocr_carea' id='block_1_58' title="bbox 2056 2018 3633 2091">
    <p class='ocr_par' dir='ltr' id='par_1_58' title="bbox 2056 2018 3633 2091">
     <span class='ocr_line' id='line_1_58' title="bbox 2056 2018 3633 2091; baseline 0.004 -21"><span class='ocrx_word' id='word_1_471' title='bbox 2056 2018 2256 2088; x_wconf 86' lang='lat' dir='ltr'><strong>gibilis,</strong></span> <span class='ocrx_word' id='word_1_472' title='bbox 2291 2027 2346 2072; x_wconf 89' lang='lat' dir='ltr'><strong>et</strong></span> <span class='ocrx_word' id='word_1_473' title='bbox 2369 2019 2712 2087; x_wconf 88' lang='lat' dir='ltr'><strong>incorporea.</strong></span> <span class='ocrx_word' id='word_1_474' title='bbox 2750 2018 2850 2073; x_wconf 88' lang='lat' dir='ltr'><strong>Ubi</strong></span> <span class='ocrx_word' id='word_1_475' title='bbox 2890 2020 3065 2081; x_wconf 89' lang='lat' dir='ltr'><strong>adest,</strong></span> <span class='ocrx_word' id='word_1_476' title='bbox 3097 2029 3151 2073; x_wconf 90' lang='lat' dir='ltr'><strong>et</strong></span> <span class='ocrx_word' id='word_1_477' title='bbox 3177 2021 3305 2091; x_wconf 83' lang='lat' dir='ltr'><strong>agit,</strong></span> <span class='ocrx_word' id='word_1_478' title='bbox 3336 2031 3390 2074; x_wconf 88' lang='lat' dir='ltr'><strong>et</strong></span> <span class='ocrx_word' id='word_1_479' title='bbox 3422 2021 3633 2076; x_wconf 86' lang='lat' dir='ltr'><strong>ratione</strong></span> 
     </span>
    </p>
   </div>
   <div class='ocr_carea' id='block_1_59' title="bbox 2058 2108 3633 2180">
    <p class='ocr_par' dir='ltr' id='par_1_59' title="bbox 2058 2108 3633 2180">
     <span class='ocr_line' id='line_1_59' title="bbox 2058 2108 3633 2180; baseline 0.002 -19"><span class='ocrx_word' id='word_1_480' title='bbox 2058 2125 2165 2163; x_wconf 88' lang='lat' dir='ltr'><strong>non</strong></span> <span class='ocrx_word' id='word_1_481' title='bbox 2211 2123 2492 2176; x_wconf 91' lang='lat' dir='ltr'><strong>corporea,</strong></span> <span class='ocrx_word' id='word_1_482' title='bbox 2542 2109 2637 2163; x_wconf 90' lang='lat' dir='ltr'><strong>sed</strong></span> <span class='ocrx_word' id='word_1_483' title='bbox 2693 2108 3015 2180; x_wconf 86' lang='lat' dir='ltr'><strong>intelligibili</strong></span> <span class='ocrx_word' id='word_1_484' title='bbox 3064 2110 3398 2165; x_wconf 87' lang='lat' dir='ltr'><strong>continetur.</strong></span> <span class='ocrx_word' id='word_1_485' title='bbox 3447 2109 3633 2179; x_wconf 85' lang='lat' dir='ltr'><strong>Neque</strong></span> 
     </span>
    </p>
   </div>
   <div class='ocr_carea' id='block_1_60' title="bbox 2056 2200 3631 2272">
    <p class='ocr_par' dir='ltr' id='par_1_60' title="bbox 2056 2200 3631 2272">
     <span class='ocr_line' id='line_1_60' title="bbox 2056 2200 3631 2272; baseline 0.003 -18"><span class='ocrx_word' id='word_1_486' title='bbox 2056 2202 2202 2254; x_wconf 82' lang='lat' dir='ltr'><strong>enim</strong></span> <span class='ocrx_word' id='word_1_487' title='bbox 2257 2202 2484 2268; x_wconf 81' lang='lat' dir='ltr'><strong>ﬁguram</strong></span> <span class='ocrx_word' id='word_1_488' title='bbox 2543 2200 2738 2268; x_wconf 88' lang='lat' dir='ltr'><strong>habet,</strong></span> <span class='ocrx_word' id='word_1_489' title='bbox 2791 2211 2852 2256; x_wconf 87' lang='lat' dir='ltr'><strong>ut</strong></span> <span class='ocrx_word' id='word_1_490' title='bbox 2900 2205 3414 2272; x_wconf 64' lang='lat' dir='ltr'><strong>rationecorporca</strong></span> <span class='ocrx_word' id='word_1_491' title='bbox 3481 2219 3631 2258; x_wconf 83' lang='lat' dir='ltr'><strong>com—</strong></span> 
     </span>
    </p>
   </div>
   <div class='ocr_carea' id='block_1_61' title="bbox 2055 2291 3629 2363">
    <p class='ocr_par' dir='ltr' id='par_1_61' title="bbox 2055 2291 3629 2363">
     <span class='ocr_line' id='line_1_61' title="bbox 2055 2291 3629 2363; baseline 0.003 -18"><span class='ocrx_word' id='word_1_492' title='bbox 2055 2292 2445 2362; x_wconf 85' lang='lat' dir='ltr'><strong>prehendatur.</strong></span> <span class='ocrx_word' id='word_1_493' title='bbox 2479 2291 2658 2357; x_wconf 84' lang='lat' dir='ltr'><strong>Quare</strong></span> <span class='ocrx_word' id='word_1_494' title='bbox 2689 2291 2851 2355; x_wconf 85' lang='lat' dir='ltr'><strong>Deus,</strong></span> <span class='ocrx_word' id='word_1_495' title='bbox 2881 2308 3002 2346; x_wconf 91' lang='lat' dir='ltr'><strong>cum</strong></span> <span class='ocrx_word' id='word_1_496' title='bbox 3035 2295 3278 2348; x_wconf 75' lang='lat' dir='ltr'><strong>materia:</strong></span> <span class='ocrx_word' id='word_1_497' title='bbox 3306 2294 3377 2347; x_wconf 90' lang='lat' dir='ltr'><strong>sit</strong></span> <span class='ocrx_word' id='word_1_498' title='bbox 3414 2309 3629 2363; x_wconf 78' lang='lat' dir='ltr'><strong>expers,</strong></span> 
     </span>
    </p>
   </div>
   <div class='ocr_carea' id='block_1_62' title="bbox 2057 2383 3631 2455">
    <p class='ocr_par' dir='ltr' id='par_1_62' title="bbox 2057 2383 3631 2455">
     <span class='ocr_line' id='line_1_62' title="bbox 2057 2383 3631 2455; baseline 0.001 -17"><span class='ocrx_word' id='word_1_499' title='bbox 2057 2395 2110 2438; x_wconf 90' lang='lat' dir='ltr'><strong>et</strong></span> <span class='ocrx_word' id='word_1_500' title='bbox 2161 2383 2530 2437; x_wconf 89' lang='lat' dir='ltr'><strong>circumscribi</strong></span> <span class='ocrx_word' id='word_1_501' title='bbox 2590 2391 2848 2453; x_wconf 84' lang='lat' dir='ltr'><strong>nequeat,</strong></span> <span class='ocrx_word' id='word_1_502' title='bbox 2901 2383 2956 2436; x_wconf 90' lang='lat' dir='ltr'><strong>in</strong></span> <span class='ocrx_word' id='word_1_503' title='bbox 3007 2385 3124 2438; x_wconf 92' lang='lat' dir='ltr'><strong>loco</strong></span> <span class='ocrx_word' id='word_1_504' title='bbox 3195 2400 3303 2438; x_wconf 89' lang='lat' dir='ltr'><strong>non</strong></span> <span class='ocrx_word' id='word_1_505' title='bbox 3355 2395 3458 2440; x_wconf 91' lang='lat' dir='ltr'><strong>est.</strong></span> <span class='ocrx_word' id='word_1_506' title='bbox 3513 2386 3631 2455; x_wconf 81' lang='lat' dir='ltr'><strong>Ipse</strong></span> 
     </span>
    </p>
   </div>
   <div class='ocr_carea' id='block_1_63' title="bbox 2056 2473 3632 2544">
    <p class='ocr_par' dir='ltr' id='par_1_63' title="bbox 2056 2473 3632 2544">
     <span class='ocr_line' id='line_1_63' title="bbox 2056 2473 3632 2544; baseline 0.001 -16"><span class='ocrx_word' id='word_1_507' title='bbox 2056 2473 2200 2528; x_wconf 88' lang='lat' dir='ltr'><strong>enim</strong></span> <span class='ocrx_word' id='word_1_508' title='bbox 2234 2474 2316 2528; x_wconf 85' lang='lat' dir='ltr'><strong>sui</strong></span> <span class='ocrx_word' id='word_1_509' title='bbox 2374 2473 2548 2543; x_wconf 88' lang='lat' dir='ltr'><strong>ipsius</strong></span> <span class='ocrx_word' id='word_1_510' title='bbox 2598 2485 2682 2528; x_wconf 88' lang='lat' dir='ltr'><strong>est</strong></span> <span class='ocrx_word' id='word_1_511' title='bbox 2729 2475 2902 2537; x_wconf 90' lang='lat' dir='ltr'><strong>locus,</strong></span> <span class='ocrx_word' id='word_1_512' title='bbox 2954 2475 3043 2543; x_wconf 90' lang='lat' dir='ltr'><strong>qui</strong></span> <span class='ocrx_word' id='word_1_513' title='bbox 3087 2474 3269 2528; x_wconf 88' lang='lat' dir='ltr'><strong>omnia</strong></span> <span class='ocrx_word' id='word_1_514' title='bbox 3318 2475 3527 2544; x_wconf 87' lang='lat' dir='ltr'><strong>implet,</strong></span> <span class='ocrx_word' id='word_1_515' title='bbox 3574 2485 3632 2529; x_wconf 92' lang='lat' dir='ltr'><strong>et</strong></span> 
     </span>
    </p>
   </div>
   <div class='ocr_carea' id='block_1_64' title="bbox 2057 2564 3632 2635">
    <p class='ocr_par' dir='ltr' id='par_1_64' title="bbox 2057 2564 3632 2635">
     <span class='ocr_line' id='line_1_64' title="bbox 2057 2564 3632 2635; baseline 0 -15"><span class='ocrx_word' id='word_1_516' title='bbox 2057 2580 2223 2634; x_wconf 89' lang='lat' dir='ltr'><strong>supra</strong></span> <span class='ocrx_word' id='word_1_517' title='bbox 2264 2565 2445 2619; x_wconf 81' lang='lat' dir='ltr'><strong>omnia</strong></span> <span class='ocrx_word' id='word_1_518' title='bbox 2476 2577 2582 2629; x_wconf 92' lang='lat' dir='ltr'><strong>est,</strong></span> <span class='ocrx_word' id='word_1_519' title='bbox 2626 2575 2682 2618; x_wconf 90' lang='lat' dir='ltr'><strong>et</strong></span> <span class='ocrx_word' id='word_1_520' title='bbox 2731 2566 3113 2635; x_wconf 88' lang='lat' dir='ltr'><strong>complectitur</strong></span> <span class='ocrx_word' id='word_1_521' title='bbox 3169 2564 3369 2619; x_wconf 85' lang='lat' dir='ltr'><strong>omnia.</strong></span> <span class='ocrx_word' id='word_1_522' title='bbox 3425 2565 3632 2620; x_wconf 88' lang='lat' dir='ltr'><strong>Dicitur</strong></span> 
     </span>
    </p>
   </div>
   <div class='ocr_carea' id='block_1_65' title="bbox 2059 2655 3627 2723">
    <p class='ocr_par' dir='ltr' id='par_1_65' title="bbox 2059 2655 3627 2723">
     <span class='ocr_line' id='line_1_65' title="bbox 2059 2655 3627 2723; baseline 0.002 -13"><span class='ocrx_word' id='word_1_523' title='bbox 2059 2666 2239 2711; x_wconf 87' lang='lat' dir='ltr'><strong>tamen</strong></span> <span class='ocrx_word' id='word_1_524' title='bbox 2267 2665 2322 2710; x_wconf 92' lang='lat' dir='ltr'><strong>et</strong></span> <span class='ocrx_word' id='word_1_525' title='bbox 2367 2658 2424 2710; x_wconf 92' lang='lat' dir='ltr'><strong>in</strong></span> <span class='ocrx_word' id='word_1_526' title='bbox 2461 2657 2581 2711; x_wconf 88' lang='lat' dir='ltr'><strong>loco</strong></span> <span class='ocrx_word' id='word_1_527' title='bbox 2628 2671 2768 2722; x_wconf 88' lang='lat' dir='ltr'><strong>esse,</strong></span> <span class='ocrx_word' id='word_1_528' title='bbox 2823 2665 2877 2710; x_wconf 87' lang='lat' dir='ltr'><strong>et</strong></span> <span class='ocrx_word' id='word_1_529' title='bbox 2930 2655 3027 2710; x_wconf 86' lang='lat' dir='ltr'><strong>Dei</strong></span> <span class='ocrx_word' id='word_1_530' title='bbox 3073 2656 3224 2710; x_wconf 85' lang='lat' dir='ltr'><strong>locus</strong></span> <span class='ocrx_word' id='word_1_531' title='bbox 3266 2657 3486 2723; x_wconf 86' lang='lat' dir='ltr'><strong>dicitur,</strong></span> <span class='ocrx_word' id='word_1_532' title='bbox 3536 2660 3627 2714; x_wconf 85' lang='lat' dir='ltr'><strong>ubi</strong></span> 
     </span>
    </p>
   </div>
   <div class='ocr_carea' id='block_1_66' title="bbox 2057 2749 3628 2821">
    <p class='ocr_par' dir='ltr' id='par_1_66' title="bbox 2057 2749 3628 2821">
     <span class='ocr_line' id='line_1_66' title="bbox 2057 2749 3628 2821; baseline 0.002 -18"><span class='ocrx_word' id='word_1_533' title='bbox 2057 2750 2202 2804; x_wconf 90' lang='lat' dir='ltr'><strong>actio</strong></span> <span class='ocrx_word' id='word_1_534' title='bbox 2257 2750 2376 2820; x_wconf 87' lang='lat' dir='ltr'><strong>ejus</strong></span> <span class='ocrx_word' id='word_1_535' title='bbox 2428 2749 2716 2819; x_wconf 90' lang='lat' dir='ltr'><strong>perspicua</strong></span> <span class='ocrx_word' id='word_1_536' title='bbox 2780 2750 2859 2804; x_wconf 83' lang='lat' dir='ltr'><strong>ﬁt.</strong></span> <span class='ocrx_word' id='word_1_537' title='bbox 2909 2749 3026 2818; x_wconf 89' lang='lat' dir='ltr'><strong>Ipse</strong></span> <span class='ocrx_word' id='word_1_538' title='bbox 3093 2751 3237 2805; x_wconf 91' lang='lat' dir='ltr'><strong>enim</strong></span> <span class='ocrx_word' id='word_1_539' title='bbox 3285 2765 3382 2821; x_wconf 90' lang='lat' dir='ltr'><strong>per</strong></span> <span class='ocrx_word' id='word_1_540' title='bbox 3444 2754 3628 2806; x_wconf 81' lang='lat' dir='ltr'><strong>omnia</strong></span> 
     </span>
    </p>
   </div>
   <div class='ocr_carea' id='block_1_67' title="bbox 2059 2841 3631 2906">
    <p class='ocr_par' dir='ltr' id='par_1_67' title="bbox 2059 2841 3631 2906">
     <span class='ocr_line' id='line_1_67' title="bbox 2059 2841 3631 2906; baseline 0.001 -9"><span class='ocrx_word' id='word_1_541' title='bbox 2059 2841 2256 2897; x_wconf 87' lang='lat' dir='ltr'><strong>transit</strong></span> <span class='ocrx_word' id='word_1_542' title='bbox 2286 2841 2404 2894; x_wconf 89' lang='lat' dir='ltr'><strong>sine</strong></span> <span class='ocrx_word' id='word_1_543' title='bbox 2451 2841 2728 2906; x_wconf 90' lang='lat' dir='ltr'><strong>mistione,</strong></span> <span class='ocrx_word' id='word_1_544' title='bbox 2773 2849 2829 2896; x_wconf 87' lang='lat' dir='ltr'><strong>et</strong></span> <span class='ocrx_word' id='word_1_545' title='bbox 2859 2843 3128 2896; x_wconf 87' lang='lat' dir='ltr'><strong>actionem</strong></span> <span class='ocrx_word' id='word_1_546' title='bbox 3173 2857 3325 2896; x_wconf 90' lang='lat' dir='ltr'><strong>suam</strong></span> <span class='ocrx_word' id='word_1_547' title='bbox 3373 2843 3631 2899; x_wconf 87' lang='lat' dir='ltr'><strong>omnibus</strong></span> 
     </span>
    </p>
   </div>
   <div class='ocr_carea' id='block_1_68' title="bbox 2058 2932 3631 3005">
    <p class='ocr_par' dir='ltr' id='par_1_68' title="bbox 2058 2932 3631 3005">
     <span class='ocr_line' id='line_1_68' title="bbox 2058 2932 3631 3005; baseline 0.001 -16"><span class='ocrx_word' id='word_1_548' title='bbox 2058 2932 2420 2989; x_wconf 88' lang='lat' dir='ltr'><strong>communicat</strong></span> <span class='ocrx_word' id='word_1_549' title='bbox 2469 2948 2568 3002; x_wconf 90' lang='lat' dir='ltr'><strong>pro</strong></span> <span class='ocrx_word' id='word_1_550' title='bbox 2622 2941 2744 3002; x_wconf 92' lang='lat' dir='ltr'><strong>apta</strong></span> <span class='ocrx_word' id='word_1_551' title='bbox 2794 2933 3057 3002; x_wconf 87' lang='lat' dir='ltr'><strong>cujusque</strong></span> <span class='ocrx_word' id='word_1_552' title='bbox 3097 2933 3164 2988; x_wconf 90' lang='lat' dir='ltr'><strong>ad</strong></span> <span class='ocrx_word' id='word_1_553' title='bbox 3217 2934 3631 3005; x_wconf 85' lang='lat' dir='ltr'><strong>suscipiendum</strong></span> 
     </span>
    </p>
   </div>
   <div class='ocr_carea' id='block_1_69' title="bbox 2059 3025 3631 3091">
    <p class='ocr_par' dir='ltr' id='par_1_69' title="bbox 2059 3025 3631 3091">
     <span class='ocr_line' id='line_1_69' title="bbox 2059 3025 3631 3091; baseline 0.001 -11"><span class='ocrx_word' id='word_1_554' title='bbox 2059 3025 2339 3081; x_wconf 84' lang='lat' dir='ltr'><strong>facultate.</strong></span> <span class='ocrx_word' id='word_1_555' title='bbox 2374 3026 2670 3080; x_wconf 87' lang='lat' dir='ltr'><strong>Puritatem</strong></span> <span class='ocrx_word' id='word_1_556' title='bbox 2719 3025 2863 3091; x_wconf 88' lang='lat' dir='ltr'><strong>dico,</strong></span> <span class='ocrx_word' id='word_1_557' title='bbox 2897 3035 2948 3079; x_wconf 89' lang='lat' dir='ltr'><strong>et</strong></span> <span class='ocrx_word' id='word_1_558' title='bbox 2987 3026 3312 3091; x_wconf 87' lang='lat' dir='ltr'><strong>naturalem,</strong></span> <span class='ocrx_word' id='word_1_559' title='bbox 3349 3039 3406 3082; x_wconf 90' lang='lat' dir='ltr'><strong>et</strong></span> <span class='ocrx_word' id='word_1_560' title='bbox 3437 3028 3631 3082; x_wconf 83' lang='lat' dir='ltr'><strong>volun-</strong></span> 
     </span>
    </p>
   </div>
   <div class='ocr_carea' id='block_1_70' title="bbox 2063 3118 3626 3188">
    <p class='ocr_par' dir='ltr' id='par_1_70' title="bbox 2063 3118 3626 3188">
     <span class='ocr_line' id='line_1_70' title="bbox 2063 3118 3626 3188; baseline 0.001 -15"><span class='ocrx_word' id='word_1_561' title='bbox 2063 3119 2277 3174; x_wconf 89' lang='lat' dir='ltr'><strong>tariam.</strong></span> <span class='ocrx_word' id='word_1_562' title='bbox 2315 3118 2538 3174; x_wconf 87' lang='lat' dir='ltr'><strong>Puriora</strong></span> <span class='ocrx_word' id='word_1_563' title='bbox 2577 3127 2758 3172; x_wconf 89' lang='lat' dir='ltr'><strong>autem</strong></span> <span class='ocrx_word' id='word_1_564' title='bbox 2799 3128 2948 3184; x_wconf 91' lang='lat' dir='ltr'><strong>sunt,</strong></span> <span class='ocrx_word' id='word_1_565' title='bbox 2975 3135 3097 3188; x_wconf 79' lang='lat' dir='ltr'><strong>qua:</strong></span> <span class='ocrx_word' id='word_1_566' title='bbox 3143 3119 3366 3174; x_wconf 87' lang='lat' dir='ltr'><strong>materia</strong></span> <span class='ocrx_word' id='word_1_567' title='bbox 3417 3131 3626 3183; x_wconf 90' lang='lat' dir='ltr'><strong>carent,</strong></span> 
     </span>
    </p>
   </div>
   <div class='ocr_carea' id='block_1_71' title="bbox 2057 3210 3626 3284">
    <p class='ocr_par' dir='ltr' id='par_1_71' title="bbox 2057 3210 3626 3284">
     <span class='ocr_line' id='line_1_71' title="bbox 2057 3210 3626 3284; baseline -0.001 -17"><span class='ocrx_word' id='word_1_568' title='bbox 2057 3227 2221 3282; x_wconf 90' lang='lat' dir='ltr'><strong>quam</strong></span> <span class='ocrx_word' id='word_1_569' title='bbox 2251 3227 2373 3280; x_wconf 73' lang='lat' dir='ltr'><strong>qua:</strong></span> <span class='ocrx_word' id='word_1_570' title='bbox 2421 3211 2477 3265; x_wconf 93' lang='lat' dir='ltr'><strong>in</strong></span> <span class='ocrx_word' id='word_1_571' title='bbox 2519 3210 2744 3265; x_wconf 84' lang='lat' dir='ltr'><strong>materia</strong></span> <span class='ocrx_word' id='word_1_572' title='bbox 2790 3211 3046 3282; x_wconf 85' lang='lat' dir='ltr'><strong>depressa</strong></span> <span class='ocrx_word' id='word_1_573' title='bbox 3077 3220 3206 3266; x_wconf 86' lang='lat' dir='ltr'><strong>sunt</strong></span> <span class='ocrx_word' id='word_1_574' title='bbox 3237 3229 3252 3266; x_wconf 92' lang='lat'><strong>:</strong></span> <span class='ocrx_word' id='word_1_575' title='bbox 3284 3221 3339 3266; x_wconf 91' lang='lat' dir='ltr'><strong>et</strong></span> <span class='ocrx_word' id='word_1_576' title='bbox 3365 3228 3485 3284; x_wconf 68' lang='lat' dir='ltr'><strong>quae</strong></span> <span class='ocrx_word' id='word_1_577' title='bbox 3515 3213 3626 3268; x_wconf 80' lang='lat' dir='ltr'><strong>vir-</strong></span> 
     </span>
    </p>
   </div>
   <div class='ocr_carea' id='block_1_72' title="bbox 2056 3303 3630 3373">
    <p class='ocr_par' dir='ltr' id='par_1_72' title="bbox 2056 3303 3630 3373">
     <span class='ocr_line' id='line_1_72' title="bbox 2056 3303 3630 3373; baseline 0 -14"><span class='ocrx_word' id='word_1_578' title='bbox 2056 3315 2170 3360; x_wconf 89' lang='lat' dir='ltr'><strong>tute</strong></span> <span class='ocrx_word' id='word_1_579' title='bbox 2199 3311 2327 3358; x_wconf 89' lang='lat' dir='ltr'><strong>sunt</strong></span> <span class='ocrx_word' id='word_1_580' title='bbox 2366 3303 2612 3373; x_wconf 66' lang='lat' dir='ltr'><strong>praedita,</strong></span> <span class='ocrx_word' id='word_1_581' title='bbox 2637 3317 2798 3372; x_wconf 91' lang='lat' dir='ltr'><strong>quam</strong></span> <span class='ocrx_word' id='word_1_582' title='bbox 2848 3317 2932 3368; x_wconf 89' lang='lat' dir='ltr'><strong>ea,</strong></span> <span class='ocrx_word' id='word_1_583' title='bbox 2973 3319 3093 3373; x_wconf 74' lang='lat' dir='ltr'><strong>quae</strong></span> <span class='ocrx_word' id='word_1_584' title='bbox 3141 3315 3270 3359; x_wconf 88' lang='lat' dir='ltr'><strong>sunt</strong></span> <span class='ocrx_word' id='word_1_585' title='bbox 3311 3321 3434 3359; x_wconf 90' lang='lat' dir='ltr'><strong>cum</strong></span> <span class='ocrx_word' id='word_1_586' title='bbox 3486 3305 3630 3360; x_wconf 85' lang='lat' dir='ltr'><strong>vitiis</strong></span> 
     </span>
    </p>
   </div>
   <div class='ocr_carea' id='block_1_73' title="bbox 2053 3395 3630 3470">
    <p class='ocr_par' dir='ltr' id='par_1_73' title="bbox 2053 3395 3630 3470">
     <span class='ocr_line' id='line_1_73' title="bbox 2053 3395 3630 3470; baseline -0.003 -16"><span class='ocrx_word' id='word_1_587' title='bbox 2053 3399 2365 3470; x_wconf 87' lang='lat' dir='ltr'><strong>conjuncta.</strong></span> <span class='ocrx_word' id='word_1_588' title='bbox 2397 3395 2604 3451; x_wconf 87' lang='lat' dir='ltr'><strong>Dicitur</strong></span> <span class='ocrx_word' id='word_1_589' title='bbox 2643 3395 2802 3467; x_wconf 87' lang='lat' dir='ltr'><strong>igitur</strong></span> <span class='ocrx_word' id='word_1_590' title='bbox 2832 3395 2923 3450; x_wconf 89' lang='lat' dir='ltr'><strong>Dei</strong></span> <span class='ocrx_word' id='word_1_591' title='bbox 2960 3395 3131 3461; x_wconf 88' lang='lat' dir='ltr'><strong>locus,</strong></span> <span class='ocrx_word' id='word_1_592' title='bbox 3159 3398 3249 3466; x_wconf 93' lang='lat' dir='ltr'><strong>qui</strong></span> <span class='ocrx_word' id='word_1_593' title='bbox 3294 3398 3414 3466; x_wconf 91' lang='lat' dir='ltr'><strong>plus</strong></span> <span class='ocrx_word' id='word_1_594' title='bbox 3461 3398 3630 3452; x_wconf 83' lang='lat' dir='ltr'><strong>habet</strong></span> 
     </span>
    </p>
   </div>
   <div class='ocr_carea' id='block_1_74' title="bbox 2054 3486 3631 3558">
    <p class='ocr_par' dir='ltr' id='par_1_74' title="bbox 2054 3486 3631 3558">
     <span class='ocr_line' id='line_1_74' title="bbox 2054 3486 3631 3558; baseline -0.002 -14"><span class='ocrx_word' id='word_1_595' title='bbox 2054 3490 2288 3546; x_wconf 90' lang='lat' dir='ltr'><strong>actionis</strong></span> <span class='ocrx_word' id='word_1_596' title='bbox 2315 3490 2432 3558; x_wconf 80' lang='lat' dir='ltr'><strong>ejus</strong></span> <span class='ocrx_word' id='word_1_597' title='bbox 2461 3497 2515 3542; x_wconf 91' lang='lat' dir='ltr'><strong>et</strong></span> <span class='ocrx_word' id='word_1_598' title='bbox 2548 3489 2750 3558; x_wconf 63' lang='lat' dir='ltr'><strong>gratiae.</strong></span> <span class='ocrx_word' id='word_1_599' title='bbox 2788 3486 2997 3540; x_wconf 89' lang='lat' dir='ltr'><strong>Idcirco</strong></span> <span class='ocrx_word' id='word_1_600' title='bbox 3023 3487 3180 3542; x_wconf 90' lang='lat' dir='ltr'><strong>sedes</strong></span> <span class='ocrx_word' id='word_1_601' title='bbox 3223 3487 3393 3557; x_wconf 91' lang='lat' dir='ltr'><strong>ipsius</strong></span> <span class='ocrx_word' id='word_1_602' title='bbox 3443 3489 3631 3558; x_wconf 86' lang='lat' dir='ltr'><strong>appel-</strong></span> 
     </span>
    </p>
   </div>
   <div class='ocr_carea' id='block_1_75' title="bbox 2053 3579 3640 3648">
    <p class='ocr_par' dir='ltr' id='par_1_75' title="bbox 2053 3579 3640 3648">
     <span class='ocr_line' id='line_1_75' title="bbox 2053 3579 3640 3648; baseline 0 -12"><span class='ocrx_word' id='word_1_603' title='bbox 2053 3584 2195 3638; x_wconf 90' lang='lat' dir='ltr'><strong>latur</strong></span> <span class='ocrx_word' id='word_1_604' title='bbox 2243 3581 2464 3644; x_wconf 76' lang='lat' dir='ltr'><strong>ccelum,</strong></span> <span class='ocrx_word' id='word_1_605' title='bbox 2495 3579 2638 3648; x_wconf 85' lang='lat' dir='ltr'><strong>quod</strong></span> <span class='ocrx_word' id='word_1_606' title='bbox 2667 3580 2746 3645; x_wconf 67' lang='lat' dir='ltr'><strong>(in</strong></span> <span class='ocrx_word' id='word_1_607' title='bbox 2806 3593 2872 3632; x_wconf 92' lang='lat' dir='ltr'><strong>eo</strong></span> <span class='ocrx_word' id='word_1_608' title='bbox 2925 3587 3054 3632; x_wconf 91' lang='lat' dir='ltr'><strong>sunt</strong></span> <span class='ocrx_word' id='word_1_609' title='bbox 3103 3579 3301 3647; x_wconf 83' lang='lat' dir='ltr'><strong>angeli,</strong></span> <span class='ocrx_word' id='word_1_610' title='bbox 3356 3581 3448 3648; x_wconf 93' lang='lat' dir='ltr'><strong>qui</strong></span> <span class='ocrx_word' id='word_1_611' title='bbox 3509 3581 3640 3648; x_wconf 82' lang='lat' dir='ltr'><strong>ejus</strong></span> 
     </span>
    </p>
   </div>
   <div class='ocr_carea' id='block_1_76' title="bbox 2053 3670 3623 3743">
    <p class='ocr_par' dir='ltr' id='par_1_76' title="bbox 2053 3670 3623 3743">
     <span class='ocr_line' id='line_1_76' title="bbox 2053 3670 3623 3743; baseline -0.003 -13"><span class='ocrx_word' id='word_1_612' title='bbox 2053 3675 2429 3743; x_wconf 88' lang='lat' dir='ltr'><strong>obtemperant</strong></span> <span class='ocrx_word' id='word_1_613' title='bbox 2453 3670 2736 3736; x_wconf 86' lang='lat' dir='ltr'><strong>voluntati,</strong></span> <span class='ocrx_word' id='word_1_614' title='bbox 2784 3679 2839 3725; x_wconf 90' lang='lat' dir='ltr'><strong>et</strong></span> <span class='ocrx_word' id='word_1_615' title='bbox 2867 3684 2992 3725; x_wconf 91' lang='lat' dir='ltr'><strong>eum</strong></span> <span class='ocrx_word' id='word_1_616' title='bbox 3041 3685 3260 3739; x_wconf 86' lang='lat' dir='ltr'><strong>semper</strong></span> <span class='ocrx_word' id='word_1_617' title='bbox 3294 3671 3623 3726; x_wconf 85' lang='lat' dir='ltr'><strong>collaudant.</strong></span> 
     </span>
    </p>
   </div>
   <div class='ocr_carea' id='block_1_77' title="bbox 2054 3762 3636 3832">
    <p class='ocr_par' dir='ltr' id='par_1_77' title="bbox 2054 3762 3636 3832">
     <span class='ocr_line' id='line_1_77' title="bbox 2054 3762 3636 3832; baseline -0.002 -12"><span class='ocrx_word' id='word_1_618' title='bbox 2054 3767 2178 3822; x_wconf 73' lang='lat' dir='ltr'><strong>llaec</strong></span> <span class='ocrx_word' id='word_1_619' title='bbox 2202 3766 2347 3820; x_wconf 91' lang='lat' dir='ltr'><strong>enim</strong></span> <span class='ocrx_word' id='word_1_620' title='bbox 2379 3763 2476 3832; x_wconf 88' lang='lat' dir='ltr'><strong>ipsi</strong></span> <span class='ocrx_word' id='word_1_621' title='bbox 2503 3763 2656 3832; x_wconf 88' lang='lat' dir='ltr'><strong>quies</strong></span> <span class='ocrx_word' id='word_1_622' title='bbox 2683 3773 2788 3817; x_wconf 85' lang='lat' dir='ltr'><strong>est.</strong></span> <span class='ocrx_word' id='word_1_623' title='bbox 2822 3762 2887 3816; x_wconf 83' lang='lat' dir='ltr'><strong>Et</strong></span> <span class='ocrx_word' id='word_1_624' title='bbox 2912 3773 3053 3816; x_wconf 88' lang='lat' dir='ltr'><strong>terra</strong></span> <span class='ocrx_word' id='word_1_625' title='bbox 3101 3763 3393 3816; x_wconf 90' lang='lat' dir='ltr'><strong>scabellum</strong></span> <span class='ocrx_word' id='word_1_626' title='bbox 3424 3763 3636 3817; x_wconf 83' lang='lat' dir='ltr'><strong>dicitur</strong></span> 
     </span>
    </p>
   </div>
   <div class='ocr_carea' id='block_1_78' title="bbox 2052 3853 3638 3928">
    <p class='ocr_par' dir='ltr' id='par_1_78' title="bbox 2052 3853 3638 3928">
     <span class='ocr_line' id='line_1_78' title="bbox 2052 3853 3638 3928; baseline -0.003 -16"><span class='ocrx_word' id='word_1_627' title='bbox 2052 3858 2250 3928; x_wconf 86' lang='lat' dir='ltr'><strong>pedum</strong></span> <span class='ocrx_word' id='word_1_628' title='bbox 2284 3856 2474 3924; x_wconf 87' lang='lat' dir='ltr'><strong>ipsius.</strong></span> <span class='ocrx_word' id='word_1_629' title='bbox 2501 3854 2560 3908; x_wconf 89' lang='lat' dir='ltr'><strong>In</strong></span> <span class='ocrx_word' id='word_1_630' title='bbox 2594 3854 2695 3908; x_wconf 92' lang='lat' dir='ltr'><strong>hac</strong></span> <span class='ocrx_word' id='word_1_631' title='bbox 2723 3853 2870 3908; x_wconf 87' lang='lat' dir='ltr'><strong>enim</strong></span> <span class='ocrx_word' id='word_1_632' title='bbox 2903 3868 2999 3921; x_wconf 90' lang='lat' dir='ltr'><strong>per</strong></span> <span class='ocrx_word' id='word_1_633' title='bbox 3037 3867 3256 3906; x_wconf 89' lang='lat' dir='ltr'><strong>carnem</strong></span> <span class='ocrx_word' id='word_1_634' title='bbox 3279 3867 3404 3908; x_wconf 90' lang='lat' dir='ltr'><strong>cum</strong></span> <span class='ocrx_word' id='word_1_635' title='bbox 3446 3853 3638 3908; x_wconf 77' lang='lat' dir='ltr'><strong>homi-</strong></span> 
     </span>
    </p>
   </div>
   <div class='ocr_carea' id='block_1_79' title="bbox 2053 3944 3628 4013">
    <p class='ocr_par' dir='ltr' id='par_1_79' title="bbox 2053 3944 3628 4013">
     <span class='ocr_line' id='line_1_79' title="bbox 2053 3944 3628 4013; baseline -0.003 -10"><span class='ocrx_word' id='word_1_636' title='bbox 2053 3949 2217 4003; x_wconf 88' lang='lat' dir='ltr'><strong>nihus</strong></span> <span class='ocrx_word' id='word_1_637' title='bbox 2247 3953 2493 4001; x_wconf 77' lang='lat' dir='ltr'><strong>versatus</strong></span> <span class='ocrx_word' id='word_1_638' title='bbox 2521 3952 2626 3999; x_wconf 89' lang='lat' dir='ltr'><strong>est.</strong></span> <span class='ocrx_word' id='word_1_639' title='bbox 2653 3944 2754 3999; x_wconf 88' lang='lat' dir='ltr'><strong>Pes</strong></span> <span class='ocrx_word' id='word_1_640' title='bbox 2783 3953 2962 3998; x_wconf 88' lang='lat' dir='ltr'><strong>autem</strong></span> <span class='ocrx_word' id='word_1_641' title='bbox 2994 3944 3089 3997; x_wconf 91' lang='lat' dir='ltr'><strong>Dei</strong></span> <span class='ocrx_word' id='word_1_642' title='bbox 3125 3950 3312 3997; x_wconf 88' lang='lat' dir='ltr'><strong>sancta</strong></span> <span class='ocrx_word' id='word_1_643' title='bbox 3340 3944 3459 4013; x_wconf 88' lang='lat' dir='ltr'><strong>ejus</strong></span> <span class='ocrx_word' id='word_1_644' title='bbox 3501 3959 3628 3999; x_wconf 83' lang='lat' dir='ltr'><strong>caro</strong></span> 
     </span>
    </p>
   </div>
   <div class='ocr_carea' id='block_1_80' title="bbox 2053 4035 3632 4107">
    <p class='ocr_par' dir='ltr' id='par_1_80' title="bbox 2053 4035 3632 4107">
     <span class='ocr_line' id='line_1_80' title="bbox 2053 4035 3632 4107; baseline -0.004 -9"><span class='ocrx_word' id='word_1_645' title='bbox 2053 4040 2400 4098; x_wconf 81' lang='lat' dir='ltr'><strong>multifariam</strong></span> <span class='ocrx_word' id='word_1_646' title='bbox 2483 4045 2568 4092; x_wconf 88' lang='lat' dir='ltr'><strong>est</strong></span> <span class='ocrx_word' id='word_1_647' title='bbox 2629 4035 2916 4107; x_wconf 83' lang='lat' dir='ltr'><strong>appellata.</strong></span> <span class='ocrx_word' id='word_1_648' title='bbox 2986 4035 3194 4089; x_wconf 89' lang='lat' dir='ltr'><strong>Dicitur</strong></span> <span class='ocrx_word' id='word_1_649' title='bbox 3255 4043 3311 4089; x_wconf 91' lang='lat' dir='ltr'><strong>et</strong></span> <span class='ocrx_word' id='word_1_650' title='bbox 3400 4035 3632 4091; x_wconf 55' lang='lat' dir='ltr'><strong>ecclesia</strong></span> 
     </span>
    </p>
   </div>
   <div class='ocr_carea' id='block_1_81' title="bbox 2052 4125 3632 4196">
    <p class='ocr_par' dir='ltr' id='par_1_81' title="bbox 2052 4125 3632 4196">
     <span class='ocr_line' id='line_1_81' title="bbox 2052 4125 3632 4196; baseline -0.004 -10"><span class='ocrx_word' id='word_1_651' title='bbox 2052 4132 2203 4188; x_wconf 83' lang='lat' dir='ltr'><strong>locus</strong></span> <span class='ocrx_word' id='word_1_652' title='bbox 2249 4130 2370 4185; x_wconf 90' lang='lat' dir='ltr'><strong>Dei.</strong></span> <span class='ocrx_word' id='word_1_653' title='bbox 2418 4126 2569 4182; x_wconf 85' lang='lat' dir='ltr'><strong>Hanc</strong></span> <span class='ocrx_word' id='word_1_654' title='bbox 2609 4127 2755 4181; x_wconf 89' lang='lat' dir='ltr'><strong>enim</strong></span> <span class='ocrx_word' id='word_1_655' title='bbox 2807 4125 2873 4180; x_wconf 89' lang='lat' dir='ltr'><strong>ad</strong></span> <span class='ocrx_word' id='word_1_656' title='bbox 2929 4127 3046 4196; x_wconf 89' lang='lat' dir='ltr'><strong>ejus</strong></span> <span class='ocrx_word' id='word_1_657' title='bbox 3092 4125 3338 4193; x_wconf 82' lang='lat' dir='ltr'><strong>gloriam,</strong></span> <span class='ocrx_word' id='word_1_658' title='bbox 3392 4135 3452 4179; x_wconf 95' lang='lat' dir='ltr'><strong>ut</strong></span> <span class='ocrx_word' id='word_1_659' title='bbox 3491 4135 3632 4180; x_wconf 84' lang='lat' dir='ltr'><strong>tem-</strong></span> 
     </span>
    </p>
   </div>
   <div class='ocr_carea' id='block_1_82' title="bbox 2051 4217 3632 4295">
    <p class='ocr_par' dir='ltr' id='par_1_82' title="bbox 2051 4217 3632 4295">
     <span class='ocr_line' id='line_1_82' title="bbox 2051 4217 3632 4295; baseline -0.003 -17"><span class='ocrx_word' id='word_1_660' title='bbox 2051 4224 2223 4295; x_wconf 91' lang='lat' dir='ltr'><strong>plum,</strong></span> <span class='ocrx_word' id='word_1_661' title='bbox 2258 4220 2669 4285; x_wconf 87' lang='lat' dir='ltr'><strong>constituimus,</strong></span> <span class='ocrx_word' id='word_1_662' title='bbox 2695 4219 2752 4274; x_wconf 89' lang='lat' dir='ltr'><strong>i-n</strong></span> <span class='ocrx_word' id='word_1_663' title='bbox 2780 4232 2888 4287; x_wconf 92' lang='lat' dir='ltr'><strong>quo</strong></span> <span class='ocrx_word' id='word_1_664' title='bbox 2921 4232 3110 4288; x_wconf 84' lang='lat' dir='ltr'><strong>preces</strong></span> <span class='ocrx_word' id='word_1_665' title='bbox 3151 4217 3315 4272; x_wconf 88' lang='lat' dir='ltr'><strong>etiam</strong></span> <span class='ocrx_word' id='word_1_666' title='bbox 3370 4219 3437 4274; x_wconf 82' lang='lat' dir='ltr'><strong>ad</strong></span> <span class='ocrx_word' id='word_1_667' title='bbox 3495 4234 3632 4274; x_wconf 82' lang='lat' dir='ltr'><strong>eum</strong></span> 
     </span>
    </p>
   </div>
   <div class='ocr_carea' id='block_1_83' title="bbox 2053 4309 3635 4379">
    <p class='ocr_par' dir='ltr' id='par_1_83' title="bbox 2053 4309 3635 4379">
     <span class='ocr_line' id='line_1_83' title="bbox 2053 4309 3635 4379; baseline -0.004 -8"><span class='ocrx_word' id='word_1_668' title='bbox 2053 4315 2354 4371; x_wconf 81' lang='lat' dir='ltr'><strong>fundimus.</strong></span> <span class='ocrx_word' id='word_1_669' title='bbox 2412 4312 2670 4368; x_wconf 84' lang='lat' dir='ltr'><strong>Similiter</strong></span> <span class='ocrx_word' id='word_1_670' title='bbox 2731 4319 2787 4365; x_wconf 89' lang='lat' dir='ltr'><strong>et</strong></span> <span class='ocrx_word' id='word_1_671' title='bbox 2841 4325 2904 4364; x_wconf 86' lang='lat' dir='ltr'><strong>ea</strong></span> <span class='ocrx_word' id='word_1_672' title='bbox 2954 4309 3093 4375; x_wconf 79' lang='lat' dir='ltr'><strong>loca,</strong></span> <span class='ocrx_word' id='word_1_673' title='bbox 3147 4309 3200 4362; x_wconf 92' lang='lat' dir='ltr'><strong>in</strong></span> <span class='ocrx_word' id='word_1_674' title='bbox 3257 4309 3456 4378; x_wconf 91' lang='lat' dir='ltr'><strong>quibus</strong></span> <span class='ocrx_word' id='word_1_675' title='bbox 3506 4311 3635 4379; x_wconf 78' lang='lat' dir='ltr'><strong>ejus</strong></span> 
     </span>
    </p>
   </div>
   <div class='ocr_carea' id='block_1_84' title="bbox 2054 4399 3635 4474">
    <p class='ocr_par' dir='ltr' id='par_1_84' title="bbox 2054 4399 3635 4474">
     <span class='ocr_line' id='line_1_84' title="bbox 2054 4399 3635 4474; baseline -0.005 -14"><span class='ocrx_word' id='word_1_676' title='bbox 2054 4419 2220 4474; x_wconf 90' lang='lat' dir='ltr'><strong>opera</strong></span> <span class='ocrx_word' id='word_1_677' title='bbox 2251 4401 2536 4457; x_wconf 81' lang='lat' dir='ltr'><strong>manifesta</strong></span> <span class='ocrx_word' id='word_1_678' title='bbox 2566 4410 2714 4462; x_wconf 87' lang='lat' dir='ltr'><strong>sunt,</strong></span> <span class='ocrx_word' id='word_1_679' title='bbox 2748 4415 2867 4470; x_wconf 68' lang='lat' dir='ltr'><strong>quae</strong></span> <span class='ocrx_word' id='word_1_680' title='bbox 2907 4399 2991 4454; x_wconf 73' lang='lat' dir='ltr'><strong>vel</strong></span> <span class='ocrx_word' id='word_1_681' title='bbox 3039 4399 3093 4452; x_wconf 92' lang='lat' dir='ltr'><strong>in</strong></span> <span class='ocrx_word' id='word_1_682' title='bbox 3135 4413 3301 4454; x_wconf 90' lang='lat' dir='ltr'><strong>carne</strong></span> <span class='ocrx_word' id='word_1_683' title='bbox 3350 4400 3478 4469; x_wconf 82' lang='lat' dir='ltr'><strong>egit,</strong></span> <span class='ocrx_word' id='word_1_684' title='bbox 3540 4401 3635 4454; x_wconf 69' lang='lat' dir='ltr'><strong>vel</strong></span> 
     </span>
    </p>
   </div>
   <div class='ocr_carea' id='block_1_85' title="bbox 378 4487 1951 4580">
    <p class='ocr_par' dir='ltr' id='par_1_85' title="bbox 378 4490 1948 4580">
     <span class='ocr_line' id='line_1_85' title="bbox 378 4490 1948 4580; baseline -0.017 -12"><span class='ocrx_word' id='word_1_685' title='bbox 378 4516 491 4577; x_wconf 74' lang='grc' dir='ltr'><strong>κῶς</strong></span> <span class='ocrx_word' id='word_1_686' title='bbox 552 4511 955 4580; x_wconf 83' lang='grc' dir='ltr'>διαιρούμενον,</span> <span class='ocrx_word' id='word_1_687' title='bbox 1005 4501 1120 4558; x_wconf 83' lang='grc' dir='ltr'>ἀλλ’</span> <span class='ocrx_word' id='word_1_688' title='bbox 1184 4501 1305 4554; x_wconf 87' lang='grc' dir='ltr'>ὅλον</span> <span class='ocrx_word' id='word_1_689' title='bbox 1363 4499 1422 4550; x_wconf 91' lang='grc' dir='ltr'><strong>ἐν</strong></span> <span class='ocrx_word' id='word_1_690' title='bbox 1476 4497 1631 4560; x_wconf 83' lang='grc' dir='ltr'>πᾶσι,</span> <span class='ocrx_word' id='word_1_691' title='bbox 1687 4491 1782 4546; x_wconf 82' lang='grc' dir='ltr'>καὶ</span> <span class='ocrx_word' id='word_1_692' title='bbox 1826 4490 1948 4544; x_wconf 85' lang='grc' dir='ltr'>ὅλον</span> 
     </span>
    </p>
   </div>
   <div class='ocr_carea' id='block_1_86' title="bbox 2054 4487 3632 4580">
    <p class='ocr_par' dir='ltr' id='par_1_86' title="bbox 2054 4487 3632 4562">
     <span class='ocr_line' id='line_1_86' title="bbox 2054 4487 3632 4562; baseline -0.005 -12"><span class='ocrx_word' id='word_1_693' title='bbox 2054 4495 2174 4550; x_wconf 89' lang='lat' dir='ltr'><strong>sine</strong></span> <span class='ocrx_word' id='word_1_694' title='bbox 2225 4506 2474 4562; x_wconf 88' lang='lat' dir='ltr'><strong>corpore,</strong></span> <span class='ocrx_word' id='word_1_695' title='bbox 2520 4490 2636 4545; x_wconf 89' lang='lat' dir='ltr'><strong>loca</strong></span> <span class='ocrx_word' id='word_1_696' title='bbox 2693 4489 2948 4544; x_wconf 90' lang='lat' dir='ltr'><strong>dicuntur</strong></span> <span class='ocrx_word' id='word_1_697' title='bbox 3007 4487 3124 4543; x_wconf 92' lang='lat' dir='ltr'><strong>Dei.</strong></span> <span class='ocrx_word' id='word_1_698' title='bbox 3192 4487 3483 4543; x_wconf 90' lang='lat' dir='ltr'><strong>Sciendum</strong></span> <span class='ocrx_word' id='word_1_699' title='bbox 3543 4499 3632 4542; x_wconf 71' lang='lat' dir='ltr'><strong>est</strong></span> 
     </span>
    </p>
   </div>
   <div class='ocr_carea' id='block_1_87' title="bbox 380 4582 1948 4676">
    <p class='ocr_par' dir='ltr' id='par_1_87' title="bbox 380 4582 1948 4676">
     <span class='ocr_line' id='line_1_87' title="bbox 380 4582 1948 4676; baseline -0.018 -15"><span class='ocrx_word' id='word_1_700' title='bbox 380 4609 525 4676; x_wconf 73' lang='grc' dir='ltr'>ὑπὲρ</span> <span class='ocrx_word' id='word_1_701' title='bbox 551 4605 614 4657; x_wconf 74' lang='grc' dir='ltr'><strong>το</strong></span> <span class='ocrx_word' id='word_1_702' title='bbox 642 4603 773 4656; x_wconf 81' lang='grc' dir='ltr'><strong>πᾶν.</strong></span> <span class='ocrx_word' id='word_1_703' title='bbox 826 4600 884 4652; x_wconf 90' lang='lat'><strong>&#39;0</strong></span> <span class='ocrx_word' id='word_1_704' title='bbox 919 4598 975 4651; x_wconf 79' lang='grc' dir='ltr'>δὲ</span> <span class='ocrx_word' id='word_1_705' title='bbox 1004 4593 1236 4662; x_wconf 80' lang='grc' dir='ltr'>ἄγγελος</span> <span class='ocrx_word' id='word_1_706' title='bbox 1274 4588 1602 4661; x_wconf 81' lang='grc' dir='ltr'>σωματικῶς</span> <span class='ocrx_word' id='word_1_707' title='bbox 1639 4586 1738 4654; x_wconf 85' lang='grc' dir='ltr'><strong>μὲν</strong></span> <span class='ocrx_word' id='word_1_708' title='bbox 1773 4583 1830 4635; x_wconf 86' lang='grc' dir='ltr'><strong>ἐν</strong></span> <span class='ocrx_word' id='word_1_709' title='bbox 1846 4582 1948 4676; x_wconf 68' lang='grc' dir='ltr'>τό·</span> 
     </span>
    </p>
   </div>
   <div class='ocr_carea' id='block_1_88' title="bbox 381 4672 1949 4769">
    <p class='ocr_par' dir='ltr' id='par_1_88' title="bbox 381 4672 1949 4769">
     <span class='ocr_line' id='line_1_88' title="bbox 381 4672 1949 4769; baseline -0.02 -15"><span class='ocrx_word' id='word_1_710' title='bbox 381 4719 471 4769; x_wconf 77' lang='grc' dir='ltr'><strong>πῳ</strong></span> <span class='ocrx_word' id='word_1_711' title='bbox 497 4672 560 4750; x_wconf 76' lang='grc' dir='ltr'><strong>οὐ</strong></span> <span class='ocrx_word' id='word_1_712' title='bbox 613 4693 952 4765; x_wconf 86' lang='grc' dir='ltr'>περιέχεται,</span> <span class='ocrx_word' id='word_1_713' title='bbox 989 4688 1132 4741; x_wconf 83' lang='grc' dir='ltr'>ὥστε</span> <span class='ocrx_word' id='word_1_714' title='bbox 1161 4680 1460 4737; x_wconf 82' lang='grc' dir='ltr'>τυποῦσθαι</span> <span class='ocrx_word' id='word_1_715' title='bbox 1493 4677 1588 4732; x_wconf 81' lang='grc' dir='ltr'><strong>καὶ</strong></span> <span class='ocrx_word' id='word_1_716' title='bbox 1618 4672 1949 4746; x_wconf 73' lang='grc' dir='ltr'>σχηματίζε-</span> 
     </span>
    </p>
   </div>
   <div class='ocr_carea' id='block_1_89' title="bbox 382 4764 1947 4857">
    <p class='ocr_par' dir='ltr' id='par_1_89' title="bbox 382 4764 1947 4857">
     <span class='ocr_line' id='line_1_89' title="bbox 382 4764 1947 4857; baseline -0.019 -14"><span class='ocrx_word' id='word_1_717' title='bbox 382 4764 531 4853; x_wconf 77' lang='grc' dir='ltr'>σθαι,</span> <span class='ocrx_word' id='word_1_718' title='bbox 552 4764 702 4857; x_wconf 85' lang='grc' dir='ltr'>ὅμως</span> <span class='ocrx_word' id='word_1_719' title='bbox 733 4783 951 4850; x_wconf 84' lang='grc' dir='ltr'>λέγεται</span> <span class='ocrx_word' id='word_1_720' title='bbox 979 4781 1037 4832; x_wconf 82' lang='grc' dir='ltr'><strong>ἐν</strong></span> <span class='ocrx_word' id='word_1_721' title='bbox 1070 4775 1222 4844; x_wconf 83' lang='grc' dir='ltr'>τόπῳ</span> <span class='ocrx_word' id='word_1_722' title='bbox 1271 4769 1431 4832; x_wconf 72' lang='grc' dir='ltr'><strong>εἶναι,</strong></span> <span class='ocrx_word' id='word_1_723' title='bbox 1462 4769 1548 4823; x_wconf 79' lang='grc' dir='ltr'>διὰ</span> <span class='ocrx_word' id='word_1_724' title='bbox 1589 4767 1651 4820; x_wconf 82' lang='grc' dir='ltr'>τὸ</span> <span class='ocrx_word' id='word_1_725' title='bbox 1690 4764 1947 4857; x_wconf 79' lang='grc' dir='ltr'>παρεῖναι</span> 
     </span>
    </p>
   </div>
   <div class='ocr_carea' id='block_1_90' title="bbox 377 4853 1950 4952">
    <p class='ocr_par' dir='ltr' id='par_1_90' title="bbox 377 4853 1950 4952">
     <span class='ocr_line' id='line_1_90' title="bbox 377 4853 1950 4952; baseline -0.021 -15"><span class='ocrx_word' id='word_1_726' title='bbox 377 4881 612 4952; x_wconf 83' lang='grc' dir='ltr'>νοητῶς,</span> <span class='ocrx_word' id='word_1_727' title='bbox 645 4879 739 4931; x_wconf 76' lang='grc' dir='ltr'><strong>καὶ</strong></span> <span class='ocrx_word' id='word_1_728' title='bbox 767 4873 1008 4944; x_wconf 79' lang='grc' dir='ltr'><strong>ἐνεργεῖν</strong></span> <span class='ocrx_word' id='word_1_729' title='bbox 1039 4869 1182 4923; x_wconf 77' lang='grc' dir='ltr'>κατὰ</span> <span class='ocrx_word' id='word_1_730' title='bbox 1228 4867 1327 4934; x_wconf 80' lang='grc' dir='ltr'>τὴν</span> <span class='ocrx_word' id='word_1_731' title='bbox 1373 4861 1568 4916; x_wconf 80' lang='grc' dir='ltr'>ἑαυτοῦ</span> <span class='ocrx_word' id='word_1_732' title='bbox 1626 4857 1811 4928; x_wconf 84' lang='grc' dir='ltr'>φύσιν,</span> <span class='ocrx_word' id='word_1_733' title='bbox 1855 4853 1950 4906; x_wconf 71' lang='grc' dir='ltr'><strong>καὶ</strong></span> 
     </span>
    </p>
   </div>
   <div class='ocr_carea' id='block_1_91' title="bbox 379 4948 1951 5047">
    <p class='ocr_par' dir='ltr' id='par_1_91' title="bbox 379 4948 1951 5047">
     <span class='ocr_line' id='line_1_91' title="bbox 379 4948 1951 5047; baseline -0.027 -16"><span class='ocrx_word' id='word_1_734' title='bbox 379 4948 634 5047; x_wconf 35' lang='grc' dir='ltr'>μιῇ-εἶναι</span> <span class='ocrx_word' id='word_1_735' title='bbox 677 4964 931 5035; x_wconf 75' lang='grc' dir='ltr'>ἀλλαχοῦ,</span> <span class='ocrx_word' id='word_1_736' title='bbox 978 4962 1095 5015; x_wconf 84' lang='grc' dir='ltr'>ἀλλ’</span> <span class='ocrx_word' id='word_1_737' title='bbox 1133 4960 1312 5013; x_wconf 78' lang='grc' dir='ltr'>ἐκεῖσε</span> <span class='ocrx_word' id='word_1_738' title='bbox 1352 4954 1558 5024; x_wconf 80' lang='grc' dir='ltr'>νοητῶς</span> <span class='ocrx_word' id='word_1_739' title='bbox 1605 4948 1951 5047; x_wconf 50' lang='grc' dir='ltr'><strong>περιγράφρ-</strong></span> 
     </span>
    </p>
   </div>
   <div class='ocr_carea' id='block_1_92' title="bbox 378 5041 1949 5133">
    <p class='ocr_par' dir='ltr' id='par_1_92' title="bbox 378 5041 1949 5133">
     <span class='ocr_line' id='line_1_92' title="bbox 378 5041 1949 5133; baseline -0.019 -12"><span class='ocrx_word' id='word_1_740' title='bbox 378 5041 526 5133; x_wconf 56' lang='lat' dir='ltr'><strong>citat,</strong></span> <span class='ocrx_word' id='word_1_741' title='bbox 560 5063 690 5117; x_wconf 70' lang='grc' dir='ltr'><strong>ἔνθα</strong></span> <span class='ocrx_word' id='word_1_742' title='bbox 721 5061 952 5131; x_wconf 85' lang='grc' dir='ltr'><strong>ἐνεργεῖ.</strong></span> <span class='ocrx_word' id='word_1_743' title='bbox 987 5055 1064 5110; x_wconf 78' lang='grc' dir='ltr'><strong>Οὐ</strong></span> <span class='ocrx_word' id='word_1_744' title='bbox 1102 5053 1210 5122; x_wconf 84' lang='grc' dir='ltr'><strong>γὰρ</strong></span> <span class='ocrx_word' id='word_1_745' title='bbox 1238 5051 1462 5103; x_wconf 86' lang='grc' dir='ltr'>δύναται</span> <span class='ocrx_word' id='word_1_746' title='bbox 1503 5045 1644 5099; x_wconf 81' lang='grc' dir='ltr'><strong>κατά</strong></span> <span class='ocrx_word' id='word_1_747' title='bbox 1665 5042 1862 5096; x_wconf 77' lang='grc' dir='ltr'>ταυτὸν</span> <span class='ocrx_word' id='word_1_748' title='bbox 1891 5041 1949 5133; x_wconf 83' lang='grc' dir='ltr'><strong>ἐν</strong></span> 
     </span>
    </p>
   </div>
   <div class='ocr_carea' id='block_1_93' title="bbox 374 5131 1948 5230">
    <p class='ocr_par' dir='ltr' id='par_1_93' title="bbox 374 5131 1948 5230">
     <span class='ocr_line' id='line_1_93' title="bbox 374 5131 1948 5230; baseline -0.019 -15"><span class='ocrx_word' id='word_1_749' title='bbox 374 5131 658 5230; x_wconf 68' lang='grc' dir='ltr'>διαφόροις</span> <span class='ocrx_word' id='word_1_750' title='bbox 707 5154 889 5215; x_wconf 85' lang='grc' dir='ltr'>τόποις</span> <span class='ocrx_word' id='word_1_751' title='bbox 921 5149 1186 5220; x_wconf 83' lang='grc' dir='ltr'><strong>ἐνεργεῖν.</strong></span> <span class='ocrx_word' id='word_1_752' title='bbox 1232 5143 1415 5198; x_wconf 69' lang='grc' dir='ltr'><strong>Μόνον</strong></span> <span class='ocrx_word' id='word_1_753' title='bbox 1440 5139 1552 5208; x_wconf 73' lang='grc' dir='ltr'><strong>γὰρ</strong></span> <span class='ocrx_word' id='word_1_754' title='bbox 1579 5137 1715 5190; x_wconf 87' lang='grc' dir='ltr'><strong>Θεοῦ</strong></span> <span class='ocrx_word' id='word_1_755' title='bbox 1742 5137 1858 5230; x_wconf 64' lang='grc' dir='ltr'>ἐστι</span> <span class='ocrx_word' id='word_1_756' title='bbox 1885 5131 1948 5186; x_wconf 74' lang='grc' dir='ltr'>τὸ</span> 
     </span>
    </p>
   </div>
   <div class='ocr_carea' id='block_1_94' title="bbox 374 5227 1948 5323">
    <p class='ocr_par' dir='ltr' id='par_1_94' title="bbox 374 5227 1948 5323">
     <span class='ocr_line' id='line_1_94' title="bbox 374 5227 1948 5323; baseline -0.02 -15"><span class='ocrx_word' id='word_1_757' title='bbox 374 5227 662 5323; x_wconf 70' lang='grc' dir='ltr'>πανταχοῦ</span> <span class='ocrx_word' id='word_1_758' title='bbox 705 5249 846 5304; x_wconf 85' lang='grc' dir='ltr'><strong>κατά</strong></span> <span class='ocrx_word' id='word_1_759' title='bbox 888 5245 1086 5298; x_wconf 72' lang='grc' dir='ltr'>ταυτδν</span> <span class='ocrx_word' id='word_1_760' title='bbox 1120 5239 1382 5308; x_wconf 86' lang='grc' dir='ltr'><strong>ἐνεργεῖν.</strong></span> <span class='ocrx_word' id='word_1_761' title='bbox 1422 5231 1481 5287; x_wconf 83' lang='lat'><strong>&#39;0</strong></span> <span class='ocrx_word' id='word_1_762' title='bbox 1520 5231 1618 5323; x_wconf 70' lang='grc' dir='ltr'>μὶν</span> <span class='ocrx_word' id='word_1_763' title='bbox 1642 5227 1948 5323; x_wconf 80' lang='grc' dir='ltr'><strong>γὰρ-ἄγγε-</strong></span> 
     </span>
    </p>
   </div>
   <div class='ocr_carea' id='block_1_95' title="bbox 375 5319 1948 5414">
    <p class='ocr_par' dir='ltr' id='par_1_95' title="bbox 375 5319 1948 5414">
     <span class='ocr_line' id='line_1_95' title="bbox 375 5319 1948 5414; baseline -0.022 -13"><span class='ocrx_word' id='word_1_764' title='bbox 375 5351 463 5408; x_wconf 67' lang='grc' dir='ltr'><strong>λος</strong></span> <span class='ocrx_word' id='word_1_765' title='bbox 514 5319 672 5414; x_wconf 78' lang='grc' dir='ltr'>τάχει</span> <span class='ocrx_word' id='word_1_766' title='bbox 715 5339 950 5410; x_wconf 74' lang='grc' dir='ltr'>φύσεως,</span> <span class='ocrx_word' id='word_1_767' title='bbox 990 5334 1088 5388; x_wconf 84' lang='grc' dir='ltr'><strong>καί</strong></span> <span class='ocrx_word' id='word_1_768' title='bbox 1112 5329 1192 5398; x_wconf 84' lang='grc' dir='ltr'><strong>τῷ</strong></span> <span class='ocrx_word' id='word_1_769' title='bbox 1213 5327 1467 5396; x_wconf 78' lang='grc' dir='ltr'>ἑτοίμως,</span> <span class='ocrx_word' id='word_1_770' title='bbox 1503 5322 1674 5392; x_wconf 68' lang='grc' dir='ltr'>ἤγουν</span> <span class='ocrx_word' id='word_1_771' title='bbox 1715 5319 1948 5414; x_wconf 69' lang='grc' dir='ltr'>ταχέως,</span> 
     </span>
    </p>
   </div>
   <div class='ocr_carea' id='block_1_96' title="bbox 377 5409 1950 5511">
    <p class='ocr_par' dir='ltr' id='par_1_96' title="bbox 377 5409 1950 5511">
     <span class='ocr_line' id='line_1_96' title="bbox 377 5409 1950 5511; baseline -0.022 -18"><span class='ocrx_word' id='word_1_772' title='bbox 377 5409 776 5511; x_wconf 42' lang='grc' dir='ltr'>μεταδα-ίνειν,</span> <span class='ocrx_word' id='word_1_773' title='bbox 821 5428 1037 5500; x_wconf 77' lang='grc' dir='ltr'><strong>ἐνεργεῖ</strong></span> <span class='ocrx_word' id='word_1_774' title='bbox 1091 5427 1159 5478; x_wconf 80' lang='grc' dir='ltr'><strong>ἐν</strong></span> <span class='ocrx_word' id='word_1_775' title='bbox 1217 5419 1498 5488; x_wconf 73' lang='grc' dir='ltr'>διαφόροις</span> <span class='ocrx_word' id='word_1_776' title='bbox 1537 5414 1748 5477; x_wconf 81' lang='grc' dir='ltr'>τόποις,</span> <span class='ocrx_word' id='word_1_777' title='bbox 1780 5409 1842 5511; x_wconf 59' lang='grc' dir='ltr'><strong>τὸ</strong></span> <span class='ocrx_word' id='word_1_778' title='bbox 1891 5409 1950 5460; x_wconf 84' lang='grc' dir='ltr'>δὲ</span> 
     </span>
    </p>
   </div>
   <div class='ocr_carea' id='block_1_97' title="bbox 378 5503 1953 5594">
    <p class='ocr_par' dir='ltr' id='par_1_97' title="bbox 378 5503 1953 5594">
     <span class='ocr_line' id='line_1_97' title="bbox 378 5503 1953 5594; baseline -0.02 -11"><span class='ocrx_word' id='word_1_779' title='bbox 378 5503 535 5584; x_wconf 73' lang='grc' dir='ltr'><strong>Θεῖον</strong></span> <span class='ocrx_word' id='word_1_780' title='bbox 573 5520 854 5594; x_wconf 68' lang='grc' dir='ltr'>πανταχοῦ</span> <span class='ocrx_word' id='word_1_781' title='bbox 883 5521 964 5587; x_wconf 78' lang='grc' dir='ltr'>ὅν,</span> <span class='ocrx_word' id='word_1_782' title='bbox 992 5517 1086 5571; x_wconf 76' lang='grc' dir='ltr'>καὶ</span> <span class='ocrx_word' id='word_1_783' title='bbox 1120 5515 1263 5584; x_wconf 83' lang='grc' dir='ltr'>ὑπὲρ</span> <span class='ocrx_word' id='word_1_784' title='bbox 1291 5511 1353 5564; x_wconf 87' lang='grc' dir='ltr'>τὸ</span> <span class='ocrx_word' id='word_1_785' title='bbox 1382 5511 1510 5574; x_wconf 75' lang='grc' dir='ltr'>πᾶν,</span> <span class='ocrx_word' id='word_1_786' title='bbox 1545 5503 1824 5574; x_wconf 87' lang='grc' dir='ltr'>πανταχοῦ</span> <span class='ocrx_word' id='word_1_787' title='bbox 1852 5519 1953 5553; x_wconf 84' lang='grc' dir='ltr'>κα-</span> 
     </span>
    </p>
   </div>
   <div class='ocr_carea' id='block_1_98' title="bbox 381 5595 1947 5686">
    <p class='ocr_par' dir='ltr' id='par_1_98' title="bbox 381 5595 1947 5686">
     <span class='ocr_line' id='line_1_98' title="bbox 381 5595 1947 5686; baseline -0.022 -8"><span class='ocrx_word' id='word_1_788' title='bbox 381 5641 450 5678; x_wconf 77' lang='grc' dir='ltr'><strong>τα</strong></span> <span class='ocrx_word' id='word_1_789' title='bbox 479 5621 678 5677; x_wconf 79' lang='grc' dir='ltr'>ταυτὸν</span> <span class='ocrx_word' id='word_1_790' title='bbox 705 5616 979 5686; x_wconf 79' lang='grc' dir='ltr'>διαφόρως</span> <span class='ocrx_word' id='word_1_791' title='bbox 1011 5609 1225 5684; x_wconf 77' lang='grc' dir='ltr'><strong>ἐνεργεῖ</strong></span> <span class='ocrx_word' id='word_1_792' title='bbox 1255 5606 1354 5676; x_wconf 79' lang='grc' dir='ltr'><strong>μιᾷ</strong></span> <span class='ocrx_word' id='word_1_793' title='bbox 1381 5603 1474 5657; x_wconf 80' lang='grc' dir='ltr'><strong>καὶ</strong></span> <span class='ocrx_word' id='word_1_794' title='bbox 1505 5599 1650 5669; x_wconf 78' lang='grc' dir='ltr'>ἁπλῇ</span> <span class='ocrx_word' id='word_1_795' title='bbox 1675 5595 1947 5666; x_wconf 70' lang='grc' dir='ltr'><strong>ἐνεργείᾳ..</strong></span> 
     </span>
    </p>
   </div>
   <div class='ocr_carea' id='block_1_99' title="bbox 391 5687 1950 5783">
    <p class='ocr_par' dir='ltr' id='par_1_99' title="bbox 391 5687 1950 5783">
     <span class='ocr_line' id='line_1_99' title="bbox 391 5687 1950 5783; baseline -0.021 -13"><span class='ocrx_word' id='word_1_796' title='bbox 391 5718 457 5769; x_wconf 84' lang='lat' dir='ltr'><strong>&#39;ll</strong></span> <span class='ocrx_word' id='word_1_797' title='bbox 505 5716 563 5768; x_wconf 79' lang='grc' dir='ltr'>δὲ</span> <span class='ocrx_word' id='word_1_798' title='bbox 607 5710 760 5783; x_wconf 64' lang='grc' dir='ltr'><strong>ψυχὴ</strong></span> <span class='ocrx_word' id='word_1_799' title='bbox 808 5706 1116 5761; x_wconf 81' lang='grc' dir='ltr'>συνδέὁεται</span> <span class='ocrx_word' id='word_1_800' title='bbox 1157 5702 1235 5771; x_wconf 86' lang='grc' dir='ltr'>τῷ</span> <span class='ocrx_word' id='word_1_801' title='bbox 1287 5697 1502 5766; x_wconf 78' lang='grc' dir='ltr'>εὼματι</span> <span class='ocrx_word' id='word_1_802' title='bbox 1545 5693 1641 5761; x_wconf 80' lang='grc' dir='ltr'><strong>ὅλη</strong></span> <span class='ocrx_word' id='word_1_803' title='bbox 1677 5691 1806 5759; x_wconf 78' lang='grc' dir='ltr'>ὅλῳ,</span> <span class='ocrx_word' id='word_1_804' title='bbox 1852 5687 1950 5783; x_wconf 69' lang='grc' dir='ltr'><strong>καὶ</strong></span> 
     </span>
    </p>
   </div>
   <div class='ocr_carea' id='block_1_100' title="bbox 380 5779 1949 5878">
    <p class='ocr_par' dir='ltr' id='par_1_100' title="bbox 380 5779 1949 5878">
     <span class='ocr_line' id='line_1_100' title="bbox 380 5779 1949 5878; baseline -0.019 -16"><span class='ocrx_word' id='word_1_805' title='bbox 380 5809 439 5862; x_wconf 74' lang='grc' dir='ltr'><strong>οὐ</strong></span> <span class='ocrx_word' id='word_1_806' title='bbox 475 5779 643 5878; x_wconf 79' lang='grc' dir='ltr'>μέρος</span> <span class='ocrx_word' id='word_1_807' title='bbox 677 5779 852 5875; x_wconf 73' lang='grc' dir='ltr'>μέρει,</span> <span class='ocrx_word' id='word_1_808' title='bbox 885 5801 977 5856; x_wconf 70' lang='grc' dir='ltr'>καὶ</span> <span class='ocrx_word' id='word_1_809' title='bbox 1019 5797 1080 5851; x_wconf 85' lang='grc' dir='ltr'><strong>οῦ</strong></span> <span class='ocrx_word' id='word_1_810' title='bbox 1127 5792 1443 5865; x_wconf 83' lang='grc' dir='ltr'>περιέχεται</span> <span class='ocrx_word' id='word_1_811' title='bbox 1476 5787 1566 5841; x_wconf 74' lang='grc' dir='ltr'><strong>ὑπ’</strong></span> <span class='ocrx_word' id='word_1_812' title='bbox 1599 5783 1783 5851; x_wconf 77' lang='grc' dir='ltr'>αὐτοῦ,</span> <span class='ocrx_word' id='word_1_813' title='bbox 1815 5779 1949 5835; x_wconf 69' lang='grc' dir='ltr'>ἀλλὰ</span> 
     </span>
    </p>
   </div>
   <div class='ocr_carea' id='block_1_101' title="bbox 2052 4579 3632 4652">
    <p class='ocr_par' dir='ltr' id='par_1_101' title="bbox 2052 4579 3632 4652">
     <span class='ocr_line' id='line_1_101' title="bbox 2052 4579 3632 4652; baseline -0.004 -11"><span class='ocrx_word' id='word_1_814' title='bbox 2052 4594 2255 4652; x_wconf 86' lang='lat' dir='ltr'><strong>autem,</strong></span> <span class='ocrx_word' id='word_1_815' title='bbox 2286 4586 2452 4640; x_wconf 89' lang='lat' dir='ltr'><strong>Deum</strong></span> <span class='ocrx_word' id='word_1_816' title='bbox 2485 4584 2536 4637; x_wconf 93' lang='lat' dir='ltr'><strong>in</strong></span> <span class='ocrx_word' id='word_1_817' title='bbox 2569 4592 2750 4652; x_wconf 86' lang='lat' dir='ltr'><strong>partes</strong></span> <span class='ocrx_word' id='word_1_818' title='bbox 2777 4597 2886 4637; x_wconf 92' lang='lat' dir='ltr'><strong>non</strong></span> <span class='ocrx_word' id='word_1_819' title='bbox 2921 4581 3110 4645; x_wconf 85' lang='lat' dir='ltr'><strong>dividi,</strong></span> <span class='ocrx_word' id='word_1_820' title='bbox 3141 4583 3236 4636; x_wconf 87' lang='lat' dir='ltr'><strong>sed</strong></span> <span class='ocrx_word' id='word_1_821' title='bbox 3266 4596 3387 4636; x_wconf 90' lang='lat' dir='ltr'><strong>esse</strong></span> <span class='ocrx_word' id='word_1_822' title='bbox 3418 4579 3632 4649; x_wconf 79' lang='lat' dir='ltr'><strong>ubique</strong></span> 
     </span>
    </p>
   </div>
   <div class='ocr_carea' id='block_1_102' title="bbox 2050 4669 3637 4740">
    <p class='ocr_par' dir='ltr' id='par_1_102' title="bbox 2050 4669 3637 4740">
     <span class='ocr_line' id='line_1_102' title="bbox 2050 4669 3637 4740; baseline -0.006 -9"><span class='ocrx_word' id='word_1_823' title='bbox 2050 4685 2222 4731; x_wconf 85' lang='lat' dir='ltr'><strong>totum</strong></span> <span class='ocrx_word' id='word_1_824' title='bbox 2253 4675 2496 4740; x_wconf 90' lang='lat' dir='ltr'><strong>omnino,</strong></span> <span class='ocrx_word' id='word_1_825' title='bbox 2538 4681 2728 4726; x_wconf 86' lang='lat' dir='ltr'><strong>etnon</strong></span> <span class='ocrx_word' id='word_1_826' title='bbox 2775 4680 2984 4740; x_wconf 86' lang='lat' dir='ltr'><strong>partem</strong></span> <span class='ocrx_word' id='word_1_827' title='bbox 3025 4669 3077 4722; x_wconf 91' lang='lat' dir='ltr'><strong>in</strong></span> <span class='ocrx_word' id='word_1_828' title='bbox 3111 4678 3282 4738; x_wconf 88' lang='lat' dir='ltr'><strong>parte,</strong></span> <span class='ocrx_word' id='word_1_829' title='bbox 3317 4683 3426 4737; x_wconf 91' lang='lat' dir='ltr'><strong>quo</strong></span> <span class='ocrx_word' id='word_1_830' title='bbox 3467 4679 3637 4737; x_wconf 79' lang='lat' dir='ltr'><strong>pacto</strong></span> 
     </span>
    </p>
   </div>
   <div class='ocr_carea' id='block_1_103' title="bbox 2051 4759 3634 4836">
    <p class='ocr_par' dir='ltr' id='par_1_103' title="bbox 2051 4759 3634 4836">
     <span class='ocr_line' id='line_1_103' title="bbox 2051 4759 3634 4836; baseline -0.008 -12"><span class='ocrx_word' id='word_1_831' title='bbox 2051 4781 2280 4836; x_wconf 87' lang='lat' dir='ltr'><strong>eorpora</strong></span> <span class='ocrx_word' id='word_1_832' title='bbox 2321 4765 2664 4820; x_wconf 86' lang='lat' dir='ltr'><strong>dividuntur.</strong></span> <span class='ocrx_word' id='word_1_833' title='bbox 2716 4762 2823 4818; x_wconf 89' lang='lat' dir='ltr'><strong>Sed</strong></span> <span class='ocrx_word' id='word_1_834' title='bbox 2877 4770 3047 4816; x_wconf 90' lang='lat' dir='ltr'><strong>totum</strong></span> <span class='ocrx_word' id='word_1_835' title='bbox 3106 4760 3160 4813; x_wconf 93' lang='lat' dir='ltr'><strong>in</strong></span> <span class='ocrx_word' id='word_1_836' title='bbox 3228 4759 3501 4820; x_wconf 90' lang='lat' dir='ltr'><strong>omnibus,</strong></span> <span class='ocrx_word' id='word_1_837' title='bbox 3573 4767 3634 4812; x_wconf 76' lang='lat' dir='ltr'><strong>et</strong></span> 
     </span>
    </p>
   </div>
   <div class='ocr_carea' id='block_1_104' title="bbox 2051 4848 3634 4927">
    <p class='ocr_par' dir='ltr' id='par_1_104' title="bbox 2051 4848 3634 4927">
     <span class='ocr_line' id='line_1_104' title="bbox 2051 4848 3634 4927; baseline -0.007 -14"><span class='ocrx_word' id='word_1_838' title='bbox 2051 4867 2223 4914; x_wconf 85' lang='lat' dir='ltr'><strong>totum</strong></span> <span class='ocrx_word' id='word_1_839' title='bbox 2269 4871 2432 4927; x_wconf 89' lang='lat' dir='ltr'><strong>super</strong></span> <span class='ocrx_word' id='word_1_840' title='bbox 2479 4854 2681 4910; x_wconf 91' lang='lat' dir='ltr'><strong>omnia.</strong></span> <span class='ocrx_word' id='word_1_841' title='bbox 2722 4853 2959 4923; x_wconf 78' lang='lat' dir='ltr'><strong>Angelus</strong></span> <span class='ocrx_word' id='word_1_842' title='bbox 3004 4865 3133 4905; x_wconf 79' lang='lat' dir='ltr'><strong>vero</strong></span> <span class='ocrx_word' id='word_1_843' title='bbox 3170 4849 3378 4903; x_wconf 88' lang='lat' dir='ltr'><strong>ratione</strong></span> <span class='ocrx_word' id='word_1_844' title='bbox 3409 4848 3634 4917; x_wconf 80' lang='lat' dir='ltr'><strong>quidem</strong></span> 
     </span>
    </p>
   </div>
   <div class='ocr_carea' id='block_1_105' title="bbox 2050 4939 3633 5019">
    <p class='ocr_par' dir='ltr' id='par_1_105' title="bbox 2050 4939 3633 5019">
     <span class='ocr_line' id='line_1_105' title="bbox 2050 4939 3633 5019; baseline -0.008 -16"><span class='ocrx_word' id='word_1_845' title='bbox 2050 4963 2310 5019; x_wconf 91' lang='lat' dir='ltr'><strong>corporea</strong></span> <span class='ocrx_word' id='word_1_846' title='bbox 2362 4947 2416 5001; x_wconf 91' lang='lat' dir='ltr'><strong>in</strong></span> <span class='ocrx_word' id='word_1_847' title='bbox 2472 4946 2590 5000; x_wconf 93' lang='lat' dir='ltr'><strong>loco</strong></span> <span class='ocrx_word' id='word_1_848' title='bbox 2638 4960 2748 4998; x_wconf 90' lang='lat' dir='ltr'><strong>non</strong></span> <span class='ocrx_word' id='word_1_849' title='bbox 2802 4943 3132 5004; x_wconf 87' lang='lat' dir='ltr'><strong>continetur,</strong></span> <span class='ocrx_word' id='word_1_850' title='bbox 3162 4941 3316 5010; x_wconf 91' lang='lat' dir='ltr'><strong>quasi</strong></span> <span class='ocrx_word' id='word_1_851' title='bbox 3375 4939 3633 5003; x_wconf 76' lang='lat' dir='ltr'><strong>formam,</strong></span> 
     </span>
    </p>
   </div>
   <div class='ocr_carea' id='block_1_106' title="bbox 2051 5028 3630 5105">
    <p class='ocr_par' dir='ltr' id='par_1_106' title="bbox 2051 5028 3630 5105">
     <span class='ocr_line' id='line_1_106' title="bbox 2051 5028 3630 5105; baseline -0.005 -15"><span class='ocrx_word' id='word_1_852' title='bbox 2051 5035 2383 5105; x_wconf 76' lang='lat' dir='ltr'><strong>ﬁguramque</strong></span> <span class='ocrx_word' id='word_1_853' title='bbox 2420 5031 2706 5101; x_wconf 88' lang='lat' dir='ltr'><strong>suscipiat;</strong></span> <span class='ocrx_word' id='word_1_854' title='bbox 2738 5039 2971 5086; x_wconf 77' lang='lat' dir='ltr'><strong>attamen</strong></span> <span class='ocrx_word' id='word_1_855' title='bbox 3002 5030 3059 5084; x_wconf 90' lang='lat' dir='ltr'><strong>in</strong></span> <span class='ocrx_word' id='word_1_856' title='bbox 3095 5029 3212 5083; x_wconf 92' lang='lat' dir='ltr'><strong>loco</strong></span> <span class='ocrx_word' id='word_1_857' title='bbox 3269 5043 3386 5083; x_wconf 81' lang='lat' dir='ltr'><strong>esse</strong></span> <span class='ocrx_word' id='word_1_858' title='bbox 3430 5028 3630 5083; x_wconf 78' lang='lat' dir='ltr'><strong>dicitur</strong></span> 
     </span>
    </p>
   </div>
   <div class='ocr_carea' id='block_1_107' title="bbox 2050 5121 3629 5197">
    <p class='ocr_par' dir='ltr' id='par_1_107' title="bbox 2050 5121 3629 5197">
     <span class='ocr_line' id='line_1_107' title="bbox 2050 5121 3629 5197; baseline -0.005 -18"><span class='ocrx_word' id='word_1_859' title='bbox 2050 5135 2340 5197; x_wconf 80' lang='lat' dir='ltr'><strong>pmpterea</strong></span> <span class='ocrx_word' id='word_1_860' title='bbox 2391 5125 2534 5195; x_wconf 85' lang='lat' dir='ltr'><strong>quod</strong></span> <span class='ocrx_word' id='word_1_861' title='bbox 2583 5123 2933 5194; x_wconf 86' lang='lat' dir='ltr'><strong>intelligentia</strong></span> <span class='ocrx_word' id='word_1_862' title='bbox 2980 5130 3178 5191; x_wconf 73' lang='lat' dir='ltr'><strong>praesto</strong></span> <span class='ocrx_word' id='word_1_863' title='bbox 3233 5126 3338 5185; x_wconf 90' lang='lat' dir='ltr'><strong>cst,</strong></span> <span class='ocrx_word' id='word_1_864' title='bbox 3388 5128 3442 5172; x_wconf 91' lang='lat' dir='ltr'><strong>et</strong></span> <span class='ocrx_word' id='word_1_865' title='bbox 3492 5121 3629 5190; x_wconf 82' lang='lat' dir='ltr'><strong>agit,</strong></span> 
     </span>
    </p>
   </div>
   <div class='ocr_carea' id='block_1_108' title="bbox 2051 5210 3630 5287">
    <p class='ocr_par' dir='ltr' id='par_1_108' title="bbox 2051 5210 3630 5287">
     <span class='ocr_line' id='line_1_108' title="bbox 2051 5210 3630 5287; baseline -0.005 -15"><span class='ocrx_word' id='word_1_866' title='bbox 2051 5227 2112 5272; x_wconf 89' lang='lat' dir='ltr'><strong>ut</strong></span> <span class='ocrx_word' id='word_1_867' title='bbox 2141 5217 2386 5287; x_wconf 88' lang='lat' dir='ltr'><strong>congruit</strong></span> <span class='ocrx_word' id='word_1_868' title='bbox 2427 5223 2636 5269; x_wconf 73' lang='lat' dir='ltr'><strong>natura:</strong></span> <span class='ocrx_word' id='word_1_869' title='bbox 2677 5215 2865 5284; x_wconf 85' lang='lat' dir='ltr'><strong>ipsius,</strong></span> <span class='ocrx_word' id='word_1_870' title='bbox 2895 5223 2950 5268; x_wconf 92' lang='lat' dir='ltr'><strong>et</strong></span> <span class='ocrx_word' id='word_1_871' title='bbox 3001 5226 3112 5266; x_wconf 90' lang='lat' dir='ltr'><strong>non</strong></span> <span class='ocrx_word' id='word_1_872' title='bbox 3167 5225 3287 5265; x_wconf 90' lang='lat' dir='ltr'><strong>esse</strong></span> <span class='ocrx_word' id='word_1_873' title='bbox 3335 5210 3484 5273; x_wconf 78' lang='lat' dir='ltr'><strong>alibi,</strong></span> <span class='ocrx_word' id='word_1_874' title='bbox 3533 5211 3630 5264; x_wconf 84' lang='lat' dir='ltr'><strong>sed</strong></span> 
     </span>
    </p>
   </div>
   <div class='ocr_carea' id='block_1_109' title="bbox 2053 5299 3630 5377">
    <p class='ocr_par' dir='ltr' id='par_1_109' title="bbox 2053 5299 3630 5377">
     <span class='ocr_line' id='line_1_109' title="bbox 2053 5299 3630 5377; baseline -0.005 -14"><span class='ocrx_word' id='word_1_875' title='bbox 2053 5307 2187 5371; x_wconf 90' lang='lat' dir='ltr'><strong>illic,</strong></span> <span class='ocrx_word' id='word_1_876' title='bbox 2219 5307 2310 5361; x_wconf 89' lang='lat' dir='ltr'><strong>ubi</strong></span> <span class='ocrx_word' id='word_1_877' title='bbox 2363 5307 2493 5377; x_wconf 89' lang='lat' dir='ltr'><strong>agit,</strong></span> <span class='ocrx_word' id='word_1_878' title='bbox 2521 5303 2879 5376; x_wconf 81' lang='lat' dir='ltr'><strong>intelligentia</strong></span> <span class='ocrx_word' id='word_1_879' title='bbox 2923 5302 3215 5358; x_wconf 80' lang='lat' dir='ltr'><strong>contineri.</strong></span> <span class='ocrx_word' id='word_1_880' title='bbox 3247 5299 3445 5370; x_wconf 83' lang='lat' dir='ltr'><strong>Nequit</strong></span> <span class='ocrx_word' id='word_1_881' title='bbox 3480 5301 3630 5355; x_wconf 88' lang='lat' dir='ltr'><strong>enim</strong></span> 
     </span>
    </p>
   </div>
   <div class='ocr_carea' id='block_1_110' title="bbox 2054 5391 3633 5466">
    <p class='ocr_par' dir='ltr' id='par_1_110' title="bbox 2054 5391 3633 5466">
     <span class='ocr_line' id='line_1_110' title="bbox 2054 5391 3633 5466; baseline -0.008 -11"><span class='ocrx_word' id='word_1_882' title='bbox 2054 5401 2245 5455; x_wconf 85' lang='lat' dir='ltr'><strong>eodem</strong></span> <span class='ocrx_word' id='word_1_883' title='bbox 2288 5408 2532 5466; x_wconf 85' lang='lat' dir='ltr'><strong>tempore</strong></span> <span class='ocrx_word' id='word_1_884' title='bbox 2563 5396 2795 5451; x_wconf 88' lang='lat' dir='ltr'><strong>diversis</strong></span> <span class='ocrx_word' id='word_1_885' title='bbox 2832 5395 2886 5448; x_wconf 91' lang='lat' dir='ltr'><strong>in</strong></span> <span class='ocrx_word' id='word_1_886' title='bbox 2937 5393 3076 5448; x_wconf 82' lang='lat' dir='ltr'><strong>locis</strong></span> <span class='ocrx_word' id='word_1_887' title='bbox 3095 5407 3239 5447; x_wconf 84' lang='lat' dir='ltr'><strong>esse.</strong></span> <span class='ocrx_word' id='word_1_888' title='bbox 3281 5391 3416 5444; x_wconf 78' lang='lat' dir='ltr'><strong>Nam</strong></span> <span class='ocrx_word' id='word_1_889' title='bbox 3464 5391 3633 5446; x_wconf 81' lang='lat' dir='ltr'><strong>solius</strong></span> 
     </span>
    </p>
   </div>
   <div class='ocr_carea' id='block_1_111' title="bbox 2054 5483 3635 5560">
    <p class='ocr_par' dir='ltr' id='par_1_111' title="bbox 2054 5483 3635 5560">
     <span class='ocr_line' id='line_1_111' title="bbox 2054 5483 3635 5560; baseline -0.006 -12"><span class='ocrx_word' id='word_1_890' title='bbox 2054 5503 2138 5548; x_wconf 90' lang='lat' dir='ltr'><strong>est</strong></span> <span class='ocrx_word' id='word_1_891' title='bbox 2185 5494 2278 5548; x_wconf 88' lang='lat' dir='ltr'><strong>Dei</strong></span> <span class='ocrx_word' id='word_1_892' title='bbox 2333 5491 2536 5560; x_wconf 85' lang='lat' dir='ltr'><strong>ubique</strong></span> <span class='ocrx_word' id='word_1_893' title='bbox 2601 5503 2760 5559; x_wconf 77' lang='lat' dir='ltr'><strong>agere</strong></span> <span class='ocrx_word' id='word_1_894' title='bbox 2837 5487 3025 5541; x_wconf 87' lang='lat' dir='ltr'><strong>eodem</strong></span> <span class='ocrx_word' id='word_1_895' title='bbox 3091 5493 3351 5554; x_wconf 89' lang='lat' dir='ltr'><strong>tempore.</strong></span> <span class='ocrx_word' id='word_1_896' title='bbox 3397 5483 3635 5554; x_wconf 80' lang='lat' dir='ltr'><strong>Angelus</strong></span> 
     </span>
    </p>
   </div>
   <div class='ocr_carea' id='block_1_112' title="bbox 2056 5575 3633 5647">
    <p class='ocr_par' dir='ltr' id='par_1_112' title="bbox 2056 5575 3633 5647">
     <span class='ocr_line' id='line_1_112' title="bbox 2056 5575 3633 5647; baseline -0.009 -5"><span class='ocrx_word' id='word_1_897' title='bbox 2056 5587 2198 5643; x_wconf 86' lang='lat' dir='ltr'><strong>enim</strong></span> <span class='ocrx_word' id='word_1_898' title='bbox 2269 5582 2505 5637; x_wconf 90' lang='lat' dir='ltr'><strong>naturali</strong></span> <span class='ocrx_word' id='word_1_899' title='bbox 2562 5580 2863 5643; x_wconf 87' lang='lat' dir='ltr'><strong>celeritate,</strong></span> <span class='ocrx_word' id='word_1_900' title='bbox 2911 5592 3016 5646; x_wconf 90' lang='lat' dir='ltr'><strong>qua</strong></span> <span class='ocrx_word' id='word_1_901' title='bbox 3079 5585 3349 5647; x_wconf 86' lang='lat' dir='ltr'><strong>prompte,</strong></span> <span class='ocrx_word' id='word_1_902' title='bbox 3413 5575 3633 5643; x_wconf 84' lang='lat' dir='ltr'><strong>citoque</strong></span> 
     </span>
    </p>
   </div>
   <div class='ocr_carea' id='block_1_113' title="bbox 2057 5662 3627 5737">
    <p class='ocr_par' dir='ltr' id='par_1_113' title="bbox 2057 5662 3627 5737">
     <span class='ocr_line' id='line_1_113' title="bbox 2057 5662 3627 5737; baseline -0.013 -3"><span class='ocrx_word' id='word_1_903' title='bbox 2057 5696 2122 5735; x_wconf 79' lang='lat' dir='ltr'><strong>ex</strong></span> <span class='ocrx_word' id='word_1_904' title='bbox 2155 5692 2269 5731; x_wconf 78' lang='lat' dir='ltr'><strong>uno-</strong></span> <span class='ocrx_word' id='word_1_905' title='bbox 2289 5676 2344 5728; x_wconf 89' lang='lat' dir='ltr'><strong>itt</strong></span> <span class='ocrx_word' id='word_1_906' title='bbox 2374 5674 2536 5727; x_wconf 84' lang='lat' dir='ltr'><strong>alium</strong></span> <span class='ocrx_word' id='word_1_907' title='bbox 2567 5670 2745 5726; x_wconf 88' lang='lat' dir='ltr'><strong>locum</strong></span> <span class='ocrx_word' id='word_1_908' title='bbox 2788 5668 3102 5737; x_wconf 83' lang='lat' dir='ltr'><strong>pertransit,</strong></span> <span class='ocrx_word' id='word_1_909' title='bbox 3147 5668 3198 5720; x_wconf 89' lang='lat' dir='ltr'><strong>in</strong></span> <span class='ocrx_word' id='word_1_910' title='bbox 3235 5666 3464 5720; x_wconf 77' lang='lat' dir='ltr'><strong>diversis</strong></span> <span class='ocrx_word' id='word_1_911' title='bbox 3493 5662 3627 5716; x_wconf 70' lang='lat' dir='ltr'><strong>locis</strong></span> 
     </span>
    </p>
   </div>
   <div class='ocr_carea' id='block_1_114' title="bbox 2058 5755 3629 5844">
    <p class='ocr_par' dir='ltr' id='par_1_114' title="bbox 2058 5755 3629 5844">
     <span class='ocr_line' id='line_1_114' title="bbox 2058 5755 3629 5844; baseline -0.015 -17"><span class='ocrx_word' id='word_1_912' title='bbox 2058 5774 2185 5844; x_wconf 82' lang='lat' dir='ltr'><strong>agit.</strong></span> <span class='ocrx_word' id='word_1_913' title='bbox 2225 5770 2365 5825; x_wconf 89' lang='lat' dir='ltr'><strong>Deus</strong></span> <span class='ocrx_word' id='word_1_914' title='bbox 2394 5774 2574 5821; x_wconf 85' lang='lat' dir='ltr'><strong>autem</strong></span> <span class='ocrx_word' id='word_1_915' title='bbox 2607 5779 2730 5819; x_wconf 88' lang='lat' dir='ltr'><strong>cum</strong></span> <span class='ocrx_word' id='word_1_916' title='bbox 2764 5761 2830 5816; x_wconf 84' lang='lat' dir='ltr'><strong>sit</strong></span> <span class='ocrx_word' id='word_1_917' title='bbox 2867 5761 3086 5832; x_wconf 81' lang='lat' dir='ltr'><strong>ubique,</strong></span> <span class='ocrx_word' id='word_1_918' title='bbox 3125 5770 3179 5814; x_wconf 90' lang='lat' dir='ltr'><strong>et</strong></span> <span class='ocrx_word' id='word_1_919' title='bbox 3220 5773 3382 5828; x_wconf 79' lang='lat' dir='ltr'><strong>super</strong></span> <span class='ocrx_word' id='word_1_920' title='bbox 3421 5755 3629 5813; x_wconf 76' lang='lat' dir='ltr'><strong>omnia,</strong></span> 
     </span>
    </p>
   </div>
  </div>
