3994 6204
339 320 443 386 155

1466 272 1469 277 ’
1558 307 1947 370 summu
1983 302 2349 368 ZIGABENI
2439 264 2443 267 ⁷

3489 293 3591 358 156

327 428 538 513 labique
569 426 761 484 eodem
816 435 1060 497 tempore
1096 425 1245 482 varie
1293 423 1401 494 agit
1447 438 1554 478 una
1594 432 1649 477 et
1682 420 1916 490 simplici

2023 419 2270 489 περιέχει
2308 416 2466 479 αὐτὸ,
2510 412 2699 483 ὥσπερ
2746 409 2862 481 πῦρ
2913 410 3148 479 σίδηρον.
3194 407 3307 464 Καὶ
3350 409 3406 461 ὲν
3440 406 3591 476 αὖτῷ

337 521 574 576 actione.
617 523 684 574 At
712 520 927 574 animus
950 518 1168 586 corpori
1216 515 1503 572 devinctus
1535 524 1638 577 est,
1680 523 1735 568 et
1772 522 1917 568 totus

2024 512 2163 567 οὖσα
2191 511 2291 573 τὰς
2321 508 2528 570 οἰκείας
2557 505 2838 575 ἐνεργείας
2870 505 3105 572 ἐνεργεῖ.

340 615 437 668 ιοιὶ
487 612 833 681 coniunctus,
883 629 990 667 non
1037 621 1217 665 autem
1271 624 1396 678 pars
1460 608 1599 677 parti
1668 608 1973 677 copulatus,
2018 620 2123 661 nec
2170 604 2483 661 continetur
2529 618 2557 655 a
2624 615 2873 670 corpore,
2934 600 3027 653 sed
3089 600 3265 670 ipsum
3330 598 3571 654 continet

341 716 402 762 ut
430 706 569 778 ignis
597 706 822 761 ferrum.
866 704 931 758 Et
956 706 1007 760 in
1047 703 1167 772 ipso
1216 717 1443 757 manens
1492 702 1736 758 actiones
1784 700 2031 772 proprias
2076 695 2412 767 exsequitur.

1007 797 1282 867 Ejusdem.

416 893 496 957 1d,
555 891 699 960 quod
757 889 1229 956 circumscriptum
1297 898 1399 952 est,
1460 895 1557 942 aut
1610 888 1757 953 loco,
1826 895 1922 941 aut

341 993 609 1054 tempore,
664 994 759 1038 aut
820 982 1310 1052 comprehensione
1369 980 1703 1037 continetur.
1764 978 1919 1045 Quod

340 1082 520 1128 autem
554 1090 661 1126 non
698 1082 783 1127 est
812 1073 1287 1141 circumscriptum
1337 1071 1531 1125 horum
1582 1068 1732 1121 nullo
1770 1081 1919 1120 com-

340 1164 721 1230 prehenditur.
758 1161 919 1217 Solus
967 1163 1131 1232 igitur
1180 1161 1327 1214 Deus
1398 1175 1508 1214 non
1555 1167 1641 1212 est
1688 1156 1923 1211 circum-

338 1254 595 1323 Scriptus,
624 1255 824 1324 quippe
898 1255 986 1322 qui
1064 1253 1388 1322 principium
1452 1250 1726 1317 ﬁnemque
1800 1262 1913 1302 non

340 1347 527 1409 habet,
558 1356 612 1400 et
642 1346 821 1401 omnia
853 1348 1119 1407 continet,
1159 1356 1213 1399 et
1253 1343 1400 1397 nulla
1425 1338 1923 1411 comprehensione

339 1438 671 1491 continetur.
750 1438 907 1491 Solus
973 1437 1116 1491 enim
1194 1450 1298 1490 nec
1350 1433 1760 1504 comprehendi,
1818 1446 1922 1487 nec

340 1527 575 1592 deﬁniri,
616 1543 716 1582 nec
765 1528 833 1581 ab
869 1528 980 1581 ullo
1008 1525 1263 1596 cognosci
1308 1534 1505 1593 potest,
1554 1524 1650 1580 sed
1706 1523 1820 1591 ipse
1863 1536 1924 1576 se

339 1616 488 1669 solus
535 1619 708 1673 novit.
775 1618 1010 1687 Angelus
1059 1632 1187 1672 vero
1253 1625 1310 1671 et
1344 1626 1616 1684 ,tempore
1685 1612 1919 1669 circum-

340 1706 621 1773 scribitur,
664 1724 788 1762 nam
824 1723 949 1764 esse
983 1707 1168 1778 cmpit,
1216 1717 1269 1762 et
1304 1707 1447 1772 loco,
1482 1706 1631 1769 licet,
1674 1716 1735 1761 ut
1784 1704 1923 1760 dixi-

340 1812 486 1865 mus,
536 1799 887 1871 intelligibili,
922 1809 978 1855 et
1025 1799 1535 1869 comprehensione.
1586 1796 1722 1851 Nam
1766 1803 1820 1852 et
1867 1788 1927 1851 se

341 1898 533 1945 mutuo
583 1892 759 1962 angeli
810 1891 988 1962 aliqua
1047 1907 1115 1947 ex
1154 1901 1308 1961 parte
1351 1889 1674 1945 naturaliter
1726 1901 1929 1958 cogno-

341 1992 524 2047 scunt,
555 1993 610 2038 et
635 1999 665 2037 a
697 1993 1040 2053 procreatore
1082 1984 1322 2055 perfecte
1370 1981 1927 2051 comprehenduntur.

2630 786 2742 841 Τοῦ
2771 786 2981 841 αὐτοῦ.

2048 899 2052 902 ‘
2100 884 2481 958 Περιγραπτδν
2514 880 2614 952 μέν
2656 881 2854 935 ἔστιτὸ
2884 881 3089 953 τόπῳῆ
3129 880 3311 953 χρόνῳ
3358 881 3390 951 ἦ
3432 898 3600 935 κατα-

2021 975 2181 1045 λήψει
2233 972 2778 1045 περιλαμϐανόμενον
2804 985 2818 1001 ⁸
2860 970 3278 1041 ἀπερίγραπτον
3310 970 3366 1023 δὲ
3396 972 3455 1023 τὸ
3494 989 3601 1040 μη-

2023 1066 2137 1119 δενὶ
2175 1064 2383 1119 τούτων
2432 1063 2848 1134 περιεχόμενον.
2890 1062 3337 1131 Ἀπερίγραπτον
3372 1064 3469 1133 μὲν
3503 1060 3600 1114 οὖν

2024 1157 2186 1225 μόνον
2235 1156 2353 1209 ἐστὶ
2403 1156 2465 1208 τὸ
2490 1155 2665 1222 Θεῖον,
2704 1155 2940 1226 ἄναρχον
2968 1154 3033 1211 ὃν
3081 1155 3175 1209 καὶ
3215 1155 3596 1222 ἀτελεύτητον,

2023 1251 2118 1303 καὶ
2148 1249 2327 1305 πάντα
2356 1250 2633 1321 περιέχον,
2661 1253 2756 1303 καὶ
2789 1249 3034 1320 μηδεμιᾷ
3072 1248 3378 1318 καταλήψει
3438 1267 3599 1317 περι.

2027 1339 2307 1408 εχόμενονο
2329 1339 2487 1407 μόνον
2505 1339 2613 1410 γάρ
2640 1340 2786 1392 ἔστιν
2807 1339 3190 1407 ἀκατάληπτον
3210 1341 3303 1392 καὶ
3326 1340 3600 1409 ἀόριστον,

2030 1430 2122 1485 ὑπ’
2175 1430 2387 1493 οὐδενὸς
2458 1430 2887 1500 γινωσκόμενον,
2919 1430 3051 1483 αὐτὸ
3103 1430 3157 1483 δὲ
3206 1432 3367 1499 μόνον
3404 1432 3600 1484 ἑαυτοῦ

2032 1523 2372 1593 θεωρητικόν
2394 1539 2410 1555 ⁸
2434 1525 2461 1576 ὁ
2489 1523 2547 1577 δὲ
2577 1523 2807 1591 ἄγγελος
2832 1525 2926 1578 καὶ
2958 1524 3134 1594 χρόνῳ
3172 1523 3600 1593 περιγράφεται,

2032 1612 2238 1682 ἤρξατο
2264 1612 2373 1682 γὰρ
2400 1612 2495 1665 τοῦ
2528 1609 2687 1673 εἶναι,
2724 1614 2816 1666 καὶ
2844 1613 3013 1680 τόπῳ,
3042 1615 3093 1663 εί
3131 1613 3224 1665 καὶ
3273 1612 3496 1678 νοητῶς.
3526 1613 3603 1676 ὡς

2031 1704 2390 1775 προείπομεν,
2429 1703 2523 1759 καὶ
2562 1704 2907 1773 καταλήψειο
2941 1703 3036 1755 καὶ
3063 1702 3308 1772 ἀλλήλων
3355 1704 3463 1773 γὰρ
3504 1705 3603 1773 τὴν

2033 1796 2198 1863 φύσιν
2231 1797 2378 1849 ἴσασι
2416 1796 2622 1863 ποσῶς,
2656 1797 2749 1850 καὶ
2779 1796 2883 1849 ὑπὸ
2922 1794 3016 1848 τοῦ
3056 1794 3283 1848 -κτίστου
3328 1795 3604 1867 ὁρίζονται

2031 1888 2215 1941 τέλεον
2246 1905 2262 1922 ·
2291 1891 2361 1943 τὰ
2383 1890 2437 1942 δὲ
2468 1888 2700 1959 σώματα
2732 1886 2827 1941 καὶ
2848 1888 3014 1958 ἀρχῇ,
3066 1888 3159 1944 καὶ
3201 1888 3367 1955 τέλει,
3400 1889 3492 1940 καὶ
3518 1888 3602 1941 τό·

2034 1995 2120 2047 πῳ
2162 1979 2482 2049 σωματικῷ,
2525 1982 2619 2033 καὶ
2653 1978 2973 2047 καταλήψει.

341 2076 579 2146 Lorpora
609 2087 793 2133 autem
825 2088 882 2133 et
929 2081 1219 2151 principio.
1252 2089 1308 2134 et
1350 2079 1484 2146 ﬁne,
1513 2088 1568 2135 et
1593 2079 1715 2135 loco
1752 2086 2039 2146 corporeo,
2071 2084 2126 2129 et
2160 2076 2649 2146 comprehensione
2680 2084 2808 2130 sunt
2832 2074 3262 2144 circumscripta.

925 2170 1229 2227 TITULUS
1265 2171 1356 2226 IV.

343 2260 591 2316 Divinam
627 2272 881 2315 naturam
912 2263 1279 2331 comprehendi
1335 2278 1437 2315 non
1513 2277 1728 2331 posse.__
1750 2258 1930 2331 Magni

413 2331 647 2411 Gregorii
680 2332 941 2411 Theologi,
978 2327 1329 2411 εαξῃοιςαιῇοηε
1368 2334 1421 2385 in
1470 2332 1610 2385 diem
1675 2327 1930 2384 Natalem

408 2400 622 2455 Domini
653 2403 817 2456 nostri
859 2400 981 2458 Jesu
1020 2402 1240 2457 Christi.

557 2565 717 2627 Deus,
745 2573 801 2618 et
833 2572 949 2618 erat
982 2575 1213 2632 semper,
1256 2569 1447 2625 etest,
1492 2570 1557 2615 et
1590 2560 1697 2613 erit
1731 2578 1744 2615 :
1799 2560 1907 2626 vel,

330 2665 395 2713 ut
418 2655 616 2710 rectius
648 2656 854 2723 loquar,
913 2666 1127 2721 semper
1175 2661 1273 2706 est.
1331 2649 1465 2705 Nam
1510 2660 1651 2712 erat,
1698 2659 1755 2704 et
1790 2652 1912 2714 erit,

337 2745 506 2801 nostri
547 2744 823 2815 temporis,
870 2742 1129 2812 ﬂuxmque
1182 2753 1388 2797 natura:
1436 2750 1716 2810 segmenta
1766 2748 1913 2795 sunt.

340 2836 435 2891 ille
459 2844 637 2890 autem
672 2848 885 2902 semper
908 2842 1005 2896 est,
1032 2842 1191 2901 atque
1233 2831 1333 2886 hoc
1364 2832 1520 2886 modo
1551 2831 1784 2897 seipsum
1817 2842 1917 2882 no-

338 2928 534 2993 mittat,
556 2942 675 2981 cum
722 2925 773 2979 in
811 2933 989 2978 monte
1038 2922 1204 2992 Moysi
1237 2921 1511 2975 oraculum
1543 2919 1653 2974 edit
1690 2917 1733 2973 ³.
1784 2916 1917 2973 Uni-

344 3032 555 3072 versum
582 3017 729 3070 enim
773 3014 846 3079 id,
876 3015 1015 3083 quod
1054 3024 1157 3079 est,
1196 3013 1247 3066 in
1295 3027 1354 3066 se
1384 3010 1783 3081 complectitur,
1817 3021 1918 3063 nec

343 3106 662 3177 principium
690 3105 894 3158 habens
916 3145 932 3172 ,
1025 3120 1126 3161 nec

340 3207 400 3250 ut
442 3197 664 3266 pelagus
700 3195 968 3264 quoddam
994 3193 1241 3249 essentia:
1288 3192 1609 3247 immensum
1637 3190 1910 3248 etinter-

342 3288 626 3353 minatum,
662 3303 899 3351 omnem,
930 3296 1039 3340 tum
1093 3285 1369 3354 temporis,
1408 3292 1518 3338 tum
1575 3292 1779 3337 natura:
1826 3297 1917 3337 co-

342 3378 653 3446 gitationem
692 3392 988 3446 superans;
1040 3386 1217 3431 mente
1242 3375 1355 3429 sola
1382 3373 1728 3430 adumbratus
1764 3373 1835 3437 is,
1861 3382 1919 3428 et

343 3468 560 3537 quidem
590 3469 886 3537 perexigua
911 3482 975 3522 ac
1010 3466 1357 3536 perobscure,
1397 3479 1501 3517 non
1530 3479 1594 3517 ex
1618 3463 1704 3519 his
1722 3477 1841 3531 quae
1860 3463 1919 3516 in

274 3554 277 3557 ’
344 3558 459 3626 ipso
482 3566 629 3621 sunt,
656 3558 749 3612 sed
773 3573 891 3628 qua:
917 3560 1059 3612 circa
1091 3558 1262 3624 ipsum
1288 3573 1303 3609 :
1334 3555 1437 3609 alia
1466 3567 1531 3607 ex
1556 3553 1662 3606 alio
1692 3552 1918 3608 collecta

340 3653 518 3718 specie
578 3652 643 3705 ad
692 3667 854 3706 unum
909 3651 1177 3720 quoddam
1232 3649 1476 3704 veritatis
1534 3648 1917 3714 simulacrum,

342 3745 652 3813 priusquam
691 3752 958 3806 teneatur,
993 3740 1273 3813 eﬂ'ugiens,
1308 3750 1364 3797 ct
1406 3740 1724 3810 priusquam
1758 3739 1920 3795 intel—

342 3833 478 3889 lectu
510 3834 854 3903 percipiatur,
883 3848 942 3889 se
962 3836 1134 3901 ipsum
1156 3832 1278 3903 fuga
1310 3833 1610 3902 proripiens
1640 3840 1901 3887 :Itautnm

346 3927 643 3997 principem
677 3926 844 3982 nostri
888 3936 1125 3995 partem,
1152 3938 1380 3994 eamque
1437 3939 1467 3979 α
1515 3924 1767 3979 vitiorum
1799 3922 1918 3977 labe

341 4027 645 4087 purgatam,
705 4015 1049 4081 collustrans,
1107 4025 1367 4083 quantum
1416 4014 1696 4069 oculorum
1740 4015 1915 4068 aciem

342 4106 568 4174 fulguris
604 4105 855 4159 celeritas
895 4104 1113 4158 minime
1158 4104 1527 4158 consistentis.
1560 4102 1673 4157 [loc
1708 4113 1916 4167 autem,

342 4210 460 4248 mea
494 4193 707 4262 quidem
733 4192 1020 4257 sententia,
1042 4191 1245 4247 ideirco
1286 4193 1366 4257 ﬁt,
1401 4201 1457 4246 ut
1481 4200 1747 4261 quatenus
1769 4206 1916 4247 com-

351 4284 611 4353 prehendi
643 4292 840 4352 potest,
877 4297 974 4338 nos
1016 4282 1083 4337 ad
1119 4296 1179 4338 se
1210 4285 1387 4338 trahat
1429 4281 1592 4353 (quod
1622 4282 1764 4338 enim
1792 4297 1917 4353 per-

340 4377 445 4442 cipi
475 4375 694 4431 omnino
732 4374 940 4444 nequit,
988 4375 1043 4430 id
1095 4389 1196 4430 nec
1248 4383 1430 4443 sperat
1467 4375 1769 4444 quisquam,
1815 4386 1916 4430 nec
1939 4379 1984 4436 ι)
2016 4395 2143 4446 ται,

340 4465 558 4537 assequi
590 4464 870 4536 conatur);
912 4476 1182 4535 quatenus
1211 4476 1391 4520 autem
1420 4466 1541 4533 capi
1574 4480 1680 4521 non
1715 4474 1932 4536 potest,

341 4557 751 4612 admirationem
778 4555 866 4610 sui
887 4556 1110 4622 excitet,
1128 4566 1291 4626 atque
1316 4569 1387 4611 ex
1414 4558 1527 4626 ipsa
1554 4557 1915 4612 admiratione

342 4647 717 4703 uehementius
746 4655 1053 4716 expetatur,
1108 4646 1377 4717 expetitus
1416 4656 1626 4716 purget,
1681 4660 1915 4716 purgans

340 4751 520 4795 autem
545 4739 755 4794 divinos
806 4735 1021 4801 eiiciat,
1064 4737 1309 4806 talesque
1355 4752 1479 4792 cum
1527 4736 1719 4792 redditi
1764 4746 1915 4805 sunt,

338 4847 458 4885 cum
494 4831 558 4885 iis
584 4831 718 4900 jam,
745 4829 890 4886 velut
916 4844 1037 4885 cum
1066 4828 1445 4895 fmiliarihus,
1467 4828 1908 4884 consuetudinem

345 4922 542 4977 habent
573 4921 779 4992 (metuo
796 4936 872 4976 ine
896 4922 1004 4977 hoc
1028 4921 1287 4977 audacius
1318 4936 1360 4973 .a
1383 4935 1478 4978 me
1517 4921 1716 4975 dictum
1744 4920 1915 4976 videri

344 5012 557 5082 possit),
586 5012 733 5068 Deus
760 5013 870 5068 rdiis
896 5013 1155 5068 unituset
1180 5012 1445 5081 cognitus,
1476 5026 1542 5066 ac
1569 5020 1774 5065 tantum
1802 5007 1915 5065 lor-

278 5169 283 5173 ,
351 5110 512 5168 tasse,
538 5113 801 5172 quantum
827 5105 937 5173 jam
974 5118 1091 5169 eos,
1122 5102 1214 5173 qui
1251 5102 1352 5172 ipsi
1378 5102 1496 5159 [noti
1531 5110 1677 5171 sunt,
1710 5116 1914 5171 cogno-

342 5199 471 5246 βαι.
510 5189 808 5248 lmmensus
841 5192 1002 5261 igitur
1028 5205 1084 5247 et
1136 5195 1380 5251 inﬁnitus
1408 5206 1490 5252 est
1528 5198 1686 5264 Deus,
1745 5208 1798 5255 et
1853 5198 1922 5256 ad

342 5282 816 5350 contemplandum
844 5282 1070 5339 diﬁicilis
1109 5303 1122 5338 :
1152 5294 1323 5355 atque
1353 5287 1453 5342 hoc
1496 5288 1667 5343 solum
1694 5292 1916 5348 omnino

1249 3103 1409 3155 tinem
1441 3099 1771 3165 habiturum,
1800 3096 1913 3152 vcl-
1940 3104 1983 3164 C
2013 3119 2176 3175 μενον
2198 3144 2212 3168 ,

2688 2168 2933 2221 ΤΙΤΔΟΣ
2960 2171 3034 2220 Δ’.

2036 2260 2176 2325 Περὲ
2201 2259 2332 2330 ,τοῦ
2382 2260 2814 2324 ἀκατάληπτον
2843 2257 3013 2330 εἶναι
3036 2260 3151 2325 τὴν
3181 2259 3351 2313 θείαν
3394 2261 3605 2330 φύσιν.

2106 2327 2225 2382 Τοῦ
2268 2331 2537 2398 μεγάλου
2558 2332 2891 2399 Γρηγορίου
2920 2328 3027 2384 τοῦ
3062 2327 3477 2396 Θεολόγουζέκ
3502 2332 3605 2385 τοῦ

2099 2399 2285 2467 λόγου
2342 2400 2447 2454 τοῦ
2488 2402 2575 2465 είς
2606 2402 2678 2453 τὰ
2704 2398 2982 2454 γενέθλια
3020 2399 3126 2453 τοῦ
3166 2401 3395 2466 Κυρίου
3440 2402 3603 2468 ἡμῶν

2116 2470 2322 2535 Ἰησοῦ
2348 2470 2632 2537 Χριστοῦ.

2198 2559 2331 2624 Θεὸς
2363 2558 2432 2631 ἦν
2475 2561 2573 2631 μὲν
2600 2562 2713 2627 ἀεὶ,
2745 2565 2840 2617 καὶ
2873 2564 3010 2626 ἐστι,
3052 2563 3354 2616 καὶέσίταιο
3392 2565 3593 2634 μᾶλλον

2011 2648 2071 2704 δὲ
2098 2650 2271 2704 ἐστιν
2292 2650 2401 2704 ἀεί.
2436 2651 2508 2703 Τὸ
2533 2651 2641 2722 γὰρ
2669 2648 2766 2722 ἦν,
2802 2655 2897 2707 καὶ
2920 2654 3114 2719 ἔσται,
3144 2653 3242 2706 τοῦ
3289 2653 3411 2707 καθ’
3442 2657 3591 2725 ἡμᾶς
3648 2667 3660 2687 ⁸

2013 2740 2208 2811 χρόνου
2238 2741 2526 2811 τμήματα,
2556 2742 2650 2794 καὶ
2685 2743 2788 2812 τῆς
2820 2744 3055 2813 ῥευστῆς
3083 2744 3332 2812 φύσεως·
3361 2748 3395 2798 ὁ
3422 2746 3479 2797 δὲ
3507 2747 3595 2798 ὢν

2012 2830 2119 2896 ἀεὶ,
2148 2831 2419 2885 καὶτοῦτο
2439 2832 2598 2896 αὐτὸς
2626 2834 3112 2905 ἑαυτὸννὸνομάζει,
3130 2835 3205 2905 τῷ
3214 2838 3438 2889 Μωῦσεί
3457 2854 3595 2907 χρηε-

2015 2919 2258 2990 ματιζων
2341 2918 2441 2973 ὲπὶ
2505 2921 2600 2974 τοῦ
2638 2921 2817 2993 ὅρους.
2850 2924 3008 2977 Ὅλον
3040 2925 3147 2994 γὰρ
3174 2925 3232 2977 ὲν
3265 2925 3441 2995 ἑαυτῷ
3468 2926 3593 2977 συλ-

2011 3011 2212 3078 λαὸὼν,
2238 3013 2353 3085 ἔχει
2390 3013 2453 3066 τὸ
2483 3010 2643 3079 εἶναι,
2690 3016 2828 3086 μήτε
2870 3015 3198 3086 ἀρξάμενον,
3229 3018 3365 3088 μήτε
3388 3018 3591 3070 παυσό-
3649 3004 3663 3050 ’δ

2354 3097 2465 3157 οἷόν
2492 3121 2548 3157 τι
2577 3104 2814 3173 πέλαγος
2842 3107 3031 3170 οὐσίας
3061 3107 3288 3176 ἄπειρον
3317 3109 3411 3161 καὶ
3438 3109 3593 3179 ἀόρι-

2009 3212 2158 3262 στον,
2202 3198 2383 3250 πᾶσαν
2421 3197 2828 3269 ὑπερεκπῖπτον
2866 3199 3096 3265 ἔννοιαν,
3140 3201 3235 3253 καὶ
3272 3202 3466 3269 χρόνου
3500 3202 3593 3255 καὶ

2012 3288 2264 3358 φύσεωςθ
2301 3288 2377 3359 νῷ
2409 3288 2556 3360 μόνῳ
2596 3289 3107 3360 σκιαγραφοῠμενος
3134 3329 3152 3354 ,
3236 3290 3332 3342 καὶ
3433 3286 3598 3339 τοῦτο

2012 3378 2135 3435 λίαν
2163 3378 2424 3451 ἀμυδρῶς
2474 3380 2574 3432 καὶ
2630 3380 2889 3451 μετρίως,
2945 3381 3045 3435 οὐκ
3137 3379 3203 3434 ὲκ
3286 3379 3395 3435 τῶν
3473 3381 3593 3432 κατ’

2011 3469 2193 3536 αὐτὸν,
2216 3469 2420 3523 ἁλλ’ὲκ
2447 3468 2558 3524 τῶν
2593 3470 2721 3542 περὶ
2746 3470 2939 3534 αὐτὸν,
2975 3470 3142 3541 ἄλλης
3178 3469 3237 3535 ἐξ
3270 3470 3430 3525 ἄλλου
3462 3487 3597 3539 φαν-

2011 3560 2207 3625 τασίας
2234 3561 2652 3632 συλλεγομένης,
2673 3564 2754 3624 εἰς
2774 3562 2839 3615 ἒν
2864 3579 2917 3615 τι
2938 3563 3038 3633 τῆς
3059 3562 3314 3633 ἀληθείας
3338 3562 3589 3631 ῐνδαλμα,

2012 3653 2145 3725 πρὶν
2183 3652 2545 3724 κρατηθῆναι,
2581 3652 2804 3722 φεῦγον,
2838 3655 2934 3710 καὶ
2969 3656 3099 3726 πρὶν
3126 3652 3403 3723 νοηθῆναι,
3424 3652 3585 3704 διαδι-

2011 3741 2280 3814 δράσκων
2307 3742 2545 3798 τοσαῦτα
2572 3742 2920 3813 περιλάμπον
2952 3744 3115 3813 »ἡμῶν
3146 3743 3205 3795 τὸ
3238 3740 3583 3811 ἡγεμονικὸν,

2014 3835 2110 3889 καὶ
2134 3834 2319 3890 ’ταῦτα
2360 3835 2795 3906 κεκαθαρμένον,
2845 3835 2945 3888 ὅσα
2988 3835 3087 3887 καὶ
3133 3834 3251 3903 liti/tv
3300 3831 3590 3903 ἀστραπῆς

2013 3926 2178 3996 τάχος
2220 3927 2320 3996 οὐχ
2358 3925 2678 3997 ἱσταμένηςι
2722 3924 2878 3995 Ἐμοὶ
2924 3924 3123 3988 δοκεῖν,
3168 3925 3253 3977 ἵνα
3288 3922 3365 3993 τῷ
3402 3920 3595 3992 ληπτῷ

2019 4017 2281 4089 μὲνὲλκῃ
2323 4016 2460 4087 πρὸς
2495 4015 2656 4070 ἑαυτὸ
2760 4017 2846 4085 (τὸ
2950 4016 3060 4087 γὰρ
3096 4015 3296 4078 τελέως
3333 4014 3592 4083 ἄληπτον,

2012 4107 2355 4171 ἀνέλπιστον,
2390 4107 2485 4163 καὶ
2516 4106 2983 4177 ἀνεπιχείρητον),
3013 4105 3092 4176 τῷ
3121 4106 3177 4159 δὲ
3208 4105 3436 4175 ἀλήπτῳ
3463 4103 3596 4157 θαυ-

2018 4198 2278 4269 μάζηται,
2314 4196 2729 4269 θαυμαζόμενον
2764 4197 2823 4249 δὲ
2846 4197 3079 4268 ποθῆται
3108 4196 3291 4259 πλέον,
3320 4194 3593 4264 ποθούμε-

2015 4304 2106 4343 νον
2148 4289 2204 4344 δὲ
2258 4288 2520 4361 καθαίρῃ,
2573 4288 2833 4360 καθαῖρον
2880 4288 2937 4341 δὲ
2986 4288 3239 4351 θεοειδεῖς
3275 4287 3594 4358 ἀπεργάζη-

2322 4379 2584 4443 τοιούτοις
2616 4379 2673 4432 δὲ
2721 4378 3055 4449 γενομένοις,
3100 4379 3178 4442 ὠς
3220 4379 3462 4442 οἰκείοις.
3492 4378 3593 4447 ἤδη
3666 4378 3674 4395 '

2018 4469 2342 4540 προσομιλῇ,
2379 4468 2554 4541 τολμᾷ
2593 4486 2648 4522 τι
2700 4469 2947 4523 νεανικὸν
2993 4470 3021 4521 ό
3058 4467 3235 4537 λόγος,
3275 4466 3406 4530 Θεὸς
3453 4466 3596 4529 θεοῖς

2015 4559 2304 4631 ἑνούμενός
2330 4577 2392 4613 τε
2428 4561 2523 4614 καὶ
2552 4558 2971 4631 γνωριζόμενος,
3013 4559 3107 4613 καὶ
3149 4557 3402 4611 τοσοῦτον
3441 4558 3591 4618 ἴσως,

2015 4653 2140 4707 ὅσον
2172 4653 2271 4724 ῆδη
2300 4652 2558 4721 γινώσκει
2581 4654 2710 4716 τοὺς
2730 4650 3183 4721 γινωσκομένους.
3207 4650 3471 4717 ’Ἄπειρον
3499 4641 3593 4699 οὖν

2015 4742 2077 4799 τὸ
2109 4742 2250 4798 θεῖον
2283 4743 2375 4798 καὶ
2406 4742 2779 4814 δυσθεώρητον
2806 4757 2819 4771 ⁶
2868 4739 2963 4795 καὶ
3006 4737 3162 4794 τοῦτο
3206 4737 3381 4807 πάντη
3428 4753 3597 4789 κατα-

2015 4833 2219 4905 ληπτὸν
2242 4834 2411 4889 αὐτοῦ
2456 4834 2643 4905 μόνον,
2676 4835 2710 4905 ἡ
2746 4832 2975 4906 ἀπειρία
2998 4849 3013 4864 ’
3050 4830 3152 4885 κᾶν
3183 4848 3265 4893 τις
3298 4827 3479 4897 οἴηται
3509 4827 3589 4900 τῷ

2014 4924 2191 4996 ἁπλῆς
2352 4920 2502 4981 εἰναι
2553 4924 2789 4996 φύσεως,
2831 4926 2864 4996 ἢ
2917 4924 3037 4978 ὅλον
3082 4923 3323 4994 ἄληπτον
3356 4917 3515 4985 εῖναι,
3557 4921 3591 4993 ἢ

2012 5016 2210 5081 τελέως
2236 5017 2459 5087 ληπτόν.
2503 5017 2569 5072 Τί
2605 5016 2700 5089 γα(
2750 5017 2810 5081 ὃς
2848 5017 3026 5088 ἁπλῆς
3063 5018 3180 5069 ἐστι
3211 5014 3444 5085 φύσεως,
3474 5014 3596 5065 ἐπι-

2016 5108 2362 5180 ξητήσωμεν.
2405 5110 2482 5164 Οὐ
2535 5110 2643 5182 γὰρ
2682 5110 2746 5181 δὴ
2790 5110 2950 5164 τοῦτο
2984 5109 3147 5181 φύσις
3183 5107 3334 5178 αὐτῷ
3369 5109 3402 5176 ἡ
3431 5104 3599 5160 ἁπλό-

2021 5216 2120 5270 της
2149 5217 2165 5232 ·
2194 5199 2353 5271 εῐπερ
2385 5196 2521 5270 μηδὲ
2534 5197 2654 5259 τοῖς
2684 5194 2981 5261 συνθέτοις,
3019 5194 3178 5265 μόνον
3204 5191 3265 5245 τὺ
3292 5188 3429 5245 εῖναι
3468 5209 3598 5245 συν-

2022 5293 2215 5358 θέτοις.

342 5373 420 5429 de
452 5375 567 5443 ipso
591 5373 973 5443 comprehendi
1001 5384 1194 5444 potest,
1217 5392 1411 5448 nempe
1428 5380 1568 5446 quod
1596 5379 1916 5447 immensus,
1957 5391 2013 5438 et
2076 5382 2319 5439 inﬁnitus
2364 5383 2434 5439 sit
2465 5401 2480 5438 :
2522 5381 2624 5439 etsi
2673 5382 2939 5453 quispiam
2976 5381 3267 5449 existime.,
3297 5395 3439 5442 eum,
3469 5380 3597 5449 quia

338 5469 608 5538 simplicis
637 5478 842 5524 natura:
866 5469 957 5533 sit,
991 5469 1253 5524 rationem
1284 5467 1425 5523 hanc
1456 5466 1679 5534 habere,
1710 5478 1791 5537 ut,
1815 5470 1902 5527 vel
1933 5486 2156 5542 prorsus
2183 5472 2743 5540 lncomprehensibilis
2768 5475 2859 5538 sit,
2886 5474 2967 5528 vel
3007 5489 3233 5544 prorsus
3260 5488 3324 5529 ac
3358 5472 3599 5542 perfecte

349 5562 727 5630 comprehendi
764 5570 941 5631 queat.
973 5562 1111 5628 Quid
1131 5560 1274 5618 enim
1300 5560 1387 5618 ille
1408 5561 1498 5629 sit,
1528 5562 1619 5631 qui
1642 5573 1890 5620 naturam
1920 5567 2216 5636 simplicem
2244 5568 2428 5634 habet,
2463 5568 2828 5638 exquiramus.
2872 5569 3055 5641 Neque
3088 5569 3232 5625 enim
3269 5568 3591 5638 simplicitas

346 5655 422 5711 illi
458 5664 645 5795 nam:
674 5665 754 5709 est
786 5674 800 5709 :
838 5655 1267 5725 mtandoquideln
1284 5669 1392 5714 nec
1423 5655 1736 5725 compositis
1768 5656 1884 5714 sola
1911 5658 2246 5730 compositio.

429 5740 443 5768 ³
558 5752 592 5795 ο
633 5777 649 5795 .
684 5754 769 5795 tu.
813 5739 902 5794 H.

429 5740 443 5768 ³
473 5739 649 5796 Exod.
684 5754 769 5795 tu.
813 5739 902 5794 H.
