3994 6204
422 329 528 399 159

1616 321 1995 380 EUTUYMII
2054 321 2409 382 ZIGABENI

3510 316 3529 370 1
3540 320 3612 380 60

420 455 527 494 non
558 451 710 504 posse
729 435 921 498 dicam,
954 434 1092 504 quod
1124 433 1186 487 sit
1226 433 1384 493 Deus,
1420 433 1511 484 sed
1541 432 1663 500 quid
1703 442 1755 485 et
1808 434 1959 502 quale

2068 438 2165 504 τὴν
2197 437 2468 503 ἀγναιαν).
2496 436 2748 488 Πλεῖστον
2775 431 2878 499 γάρ
2907 427 3151 495 διαφέρει
3173 426 3266 479 τοῦ
3298 421 3435 480 εἶναι
3456 445 3507 479 τι

410 530 504 580 sit.
541 525 724 590 Neque
754 524 894 576 enim
940 524 1114 576 inanis
1142 533 1222 575 est
1256 521 1560 588 praedicatio
1588 532 1792 581 nostra,
1861 536 1958 575 nec.

2067 522 2308 589 πέἶτθαι,
2338 528 2397 578 τὸ
2432 528 2480 580 τι
2510 528 2637 579 ποτέ
2672 527 2785 576 ἐστι
2817 522 2976 574 τοῦτο
3000 523 3225 574 εἰδέναι.

412 631 544 668 vana
578 612 708 666 ﬁdes
768 623 947 668 nostra
984 611 1041 674 ¹;
1072 623 1167 662 nec
1198 609 1247 661 id
1306 617 1407 669 est,
1464 609 1606 675 quod
1671 608 1963 665 astrttimus
1994 611 2083 680 (ne
2112 630 2298 668 rursus
2343 616 2395 668 id
2447 616 2587 683 quod
2649 614 2813 684 probe
2858 611 3191 678 candideqtte
3255 610 3530 670 diximus.
3567 612 3620 661 ῖῐι

414 706 702 772 impietatis
733 716 787 759 et
808 700 1089 757 calumniae
1113 709 1485 769 argumentum
1519 698 1722 760 trahas,
1783 712 1845 753 ac
1898 703 2071 765 nobis,
2106 714 2164 758 ut
2221 705 2577 774 ignorantiam
2639 706 3038 768 confitentibus,
3063 712 3379 770 arroganter
3443 702 3613 756 insul-

417 801 539 865 tes).
593 796 884 849 Plurimum
938 806 1172 861 namque
1229 793 1473 857 interest,
1534 804 1682 848 certo
1714 794 1808 848 tibi
1857 797 2175 863 persuadeas
2211 799 2413 868 aliquid
2466 814 2607 866 esse,
2640 816 2731 865 an,
2755 800 2882 869 quid
2923 796 3287 852 tandemillud
3338 796 3427 849 sit.
3476 810 3596 849 com

416 903 623 961 pertunt
654 892 873 944 habeas.

759 1002 1003 1069 Ejusdem
1034 1018 1098 1057 ex
1144 1002 1324 1055 eadem
1358 998 1616 1052 oratione.

336 1076 372 1125 ξ’
483 1096 681 1164 Ecquis
710 1097 855 1151 enim
891 1110 955 1149 eo
990 1094 1269 1164 sapientia:
1307 1093 1601 1163 pervenit?
1639 1093 1825 1163 ecquis
1862 1109 1962 1148 un-

412 1203 570 1256 quam
596 1197 796 1241 tantam
830 1187 1053 1258 gratiam
1083 1186 1344 1241 divinitus
1367 1193 1686 1242 consecutus
1732 1187 1851 1239 est?
1869 1202 1961 1241 ee-

412 1276 533 1344 quis
559 1291 618 1329 os
642 1274 838 1328 mentis
868 1275 938 1328 ita
976 1274 1206 1342 aperuit,
1234 1287 1298 1328 ac
1316 1274 1574 1343 Spiritum
1604 1275 1878 1338 attraxit',
1911 1285 1969 1330 ut

417 1365 649 1430 Spiritu:
672 1366 848 1419 omnia
881 1365 1301 1434 perscrutantis.
1336 1373 1497 1433 atque
1524 1364 1684 1417 etiam
1716 1365 1809 1419 Dei
1835 1382 1965 1435 pro-

418 1454 579 1506 funda
622 1455 994 1523 cognoscentis
1024 1455 1043 1484 '
1103 1467 1205 1522 ope
1256 1462 1419 1521 atque
1480 1453 1816 1522 adiumento,
1862 1455 1958 1510 Dei

417 1552 661 1596 naturam
695 1543 1190 1611 comprehenderit,
1245 1558 1349 1597 nec
1386 1543 1496 1611 jam
1544 1543 1775 1599 ulterius
1825 1561 1973 1615 pro--

420 1635 568 1704 gredi
608 1650 831 1687 necesse
861 1634 1075 1698 habeat,
1125 1643 1313 1703 utpote
1343 1636 1434 1703 qui
1476 1644 1780 1690 extremum
1834 1636 1967 1691 illud

418 1723 775 1790 appetendum
804 1724 913 1790 jam
944 1722 1161 1786 habeat,
1192 1723 1257 1777 ad
1283 1723 1425 1792 quod
1450 1722 1628 1777 omnis
1655 1724 1969 1780 sublimium

420 1813 658 1863 virorum
689 1819 742 1863 et
775 1810 880 1865 vita
915 1818 971 1865 et
997 1810 1254 1881 cogitatio
1281 1810 1560 1866 contendit
1589 1810 1613 1864 τ

631 1894 766 1961 Quid
806 1895 947 1947 enim
993 1895 1205 1946 tandem
1256 1890 1417 1944 Deum
1468 1903 1590 1943 esse
1618 1888 1886 1952 censebis,
1934 1887 1979 1941 si

426 1985 758 2053 argumentis
786 1998 814 2036 a
854 1983 1063 2037 ratione
1093 1982 1273 2051 petitis
1300 1980 1455 2035 [idem
1502 1980 1718 2033 omnino
1764 1979 1926 2033 habes
1956 1978 1980 2031 ι

420 2080 525 2131 Aut
558 2091 667 2146 quo
701 2074 913 2129 tandem
949 2081 1000 2127 te
1032 2072 1292 2127 subvehet
1315 2072 1430 2126 haec
1458 2070 1746 2137 disputatio
1768 2108 1783 2132 ,
1813 2070 1856 2123 si
1884 2083 1977 2124 ac-

418 2170 660 2222 curatius
694 2165 1073 2219 examinetur?
1104 2162 1199 2229 Te,
1227 2164 1463 2232 inquam,
1486 2161 1719 2231 appello,
1744 2161 1834 2230 qui
1859 2160 1978 2229 phi-

414 2256 669 2324 losophiic
722 2270 785 2308 ac
840 2253 1119 2321 theologia:
1176 2251 1529 2321 principatum
1578 2250 1673 2304 tibi
1713 2249 1974 2316 vindicas,

413 2356 574 2414 atque
607 2347 657 2398 in
697 2344 1014 2397 immensum
1057 2341 1324 2411 gloriaris.
1370 2340 1450 2396 An
1484 2354 1678 2408 corpus
1704 2355 1825 2396 eum
1855 2354 1974 2395 esse

414 2438 596 2491 dices?
623 2435 865 2501 Quonam
893 2448 1021 2503 ergo
1045 2433 1202 2486 modo
1230 2432 1545 2499 immensus,
1597 2430 1859 2497 inﬁnitus,
1904 2429 1970 2485 ﬁ-

411 2543 558 2596 gura:
593 2540 787 2595 expers
814 2534 915 2589 est,
948 2538 1013 2577 ac
1045 2522 1275 2592 denique
1296 2521 1579 2591 ejusmodi,
1606 2530 1663 2575 ut
1686 2535 1785 2577 nec
1806 2520 1971 2589 tangi,

416 2633 513 2671 nec
540 2617 709 2671 oculis
739 2615 884 2670 cerni
919 2614 1121 2685 queat?
1149 2613 1228 2666 An
1264 2614 1377 2668 lia-.c
1407 2626 1618 2682 quoque
1662 2612 1714 2665 in
1747 2626 1970 2680 corpora

2500 1003 2592 1053 Ἐκ
2619 1001 2728 1056 τοῦ
2761 1000 2946 1055 αὐτοῦ
2989 1002 3202 1068 Λόγου.

2139 1094 2231 1155 Τις
2259 1093 2427 1157 οὕτως
2452 1095 2530 1156 εἰς
2560 1096 2787 1164 ἔσχατον
2813 1094 3005 1161 σοφίας
3029 1092 3285 1161 ἀφίκετος
3302 1107 3315 1152 ;
3333 1088 3415 1154 sic
3441 1088 3600 1143 τοσού

2065 1203 2160 1239 του
2193 1186 2531 1255 χαρίσματος
2569 1185 2773 1257 ἠξιώθη
2810 1186 3088 1250 ποτέςτίς
3139 1185 3279 1236 οὕτω
3323 1184 3385 1235 τδ
3454 1182 3627 1251 στόμα

2073 1278 2173 1346 τῆς
2198 1276 2434 1339 διανοίας
2462 1277 2693 1346 διήνοιξε
2711 1318 2727 1343 ,
2752 1278 2843 1330 καὶ
2879 1276 3094 1329 εἵλκυσε
3140 1274 3363 1342 Πνεῦμα
3383 1312 3399 1337 ,
3429 1274 3514 1326 ἵνα
3546 1272 3627 1340 τῷ

2070 1368 2138 1421 τὰ
2174 1369 2348 1421 πάντα
2381 1368 2673 1437 ἑρευνῶντι
2721 1367 2817 1421 καὶ
2857 1364 3178 1433 γινώσκοντι
3205 1400 3222 1427 ,
3258 1364 3353 1417 καὶ
3384 1364 3450 1417 τὰ
3480 1363 3622 1431 βάθη

2067 1458 2158 1511 τοῦ
2184 1458 2340 1522 Θεοῦ,
2364 1459 2659 1528 Πνεύματι,
2692 1457 2823 1511 Θεὸν
2847 1456 3146 1526 καταλάϐῃ,
3167 1455 3262 1507 καὶ
3309 1455 3500 1522 μηκέτι
3530 1455 3626 1506 τοῦ

2070 1550 2259 1618 πρόσω
2278 1546 2485 1617 δέηται,
2504 1549 2564 1600 τὸ
2588 1546 2814 1616 ἔσχατον
2830 1545 3051 1615 ὀρεκτὸν
3067 1545 3168 1614 ἤδη
3190 1543 3346 1614 ἔχων,
3377 1544 3470 1595 καὶ
3496 1543 3575 1603 εἰς
3598 1542 3629 1594 ὃ

2073 1641 2222 1693 πᾶσα
2258 1638 2475 1692 σπεύδει
2494 1637 2588 1692 τοῦ
2619 1636 2823 1708 ὑψηλοῦ
2854 1637 2947 1691 καὶ
2984 1635 3228 1690 πολιτεία
3261 1636 3352 1689 καὶ
3373 1635 3626 1697 διάνοια,

2245 1886 2310 1939 Ti
2335 1889 2440 1957 γάρ
2470 1906 2596 1942 ποτε
2629 1890 2876 1964 ὑπολήψει
2900 1890 2959 1944 τὸ
2979 1891 3152 1956 Θεῖον,
3221 1892 3385 1959 εἴπερ
3471 1891 3623 1952 ὅλαις

2062 1977 2183 2041 ταῖς
2211 1976 2451 2044 λογικαῖς
2480 1980 2753 2045 πιστεύεις
2776 1983 2984 2050 ἐφόδοις
3018 2002 3034 2048 ;
3136 1983 3170 2053 ἦ
3236 1984 3373 2053 πρὸς
3424 1981 3477 2033 τί
3507 1998 3567 2033 σε
3595 1982 3629 2033 ό

2062 2064 2217 2133 λόγος
2242 2069 2424 2132 ἀνάξει
2451 2070 2863 2142 βασανιζόμενος
2888 2115 2905 2142 ,
2969 2069 3015 2129 ὦ
3110 2070 3504 2141 φιλοσοφώτατε
3532 2072 3623 2136 σὺ,

2064 2157 2158 2210 καὶ
2190 2157 2629 2227 θεολογικώτατε,
2663 2162 2758 2214 καὶ
2798 2161 3113 2232 καυχώμενε
3156 2163 3235 2225 εἰς
3280 2162 3349 2214 τὰ
3376 2163 3621 2232 ἀμετρας

2064 2247 2297 2321 Πότερον
2328 2251 2517 2321 σῶμα;
2562 2254 2655 2305 καὶ
2687 2254 2803 2316 πῶς
2844 2253 2904 2306 τὸ
2939 2254 3181 2322 ἄπειρον,
3217 2252 3310 2305 καὶ
3351 2251 3624 2321 ἀόριστον,

2061 2339 2158 2391 καὶ
2189 2340 2609 2411 ἀσχημάτιστον,
2656 2343 2750 2395 καὶ
2783 2343 3003 2409 ἀναφὲς,
3036 2342 3129 2394 καὶ
3167 2341 3424 2411 ἀόρατον;
3459 2340 3490 2411 ἦ
3527 2340 3628 2392 καὶ

2060 2429 2232 2484 ταῦτα
2285 2431 2548 2502 σώματας
2588 2434 2650 2485 Ὢ
2680 2434 2780 2502 τῆς
2816 2432 3094 2497 ὲξουσέαςῐ
3128 2432 3188 2484 ού
3221 2431 3327 2500 γὰρ
3358 2431 3492 2499 αὑτὴ
3524 2430 3627 2498 φύ-

2064 2536 2145 2583 σις
2172 2522 2455 2592 σωμάτων.
2490 2525 2560 2576 Ἦ
2601 2523 2759 2594 σῶμα
2795 2524 2913 2594 μὲν,
2952 2523 3073 2593 οὐχὶ
3111 2522 3280 2575 ταῦτα
3307 2522 3396 2583 δέ;
3426 2522 3489 2572 ’Ὠ
3519 2519 3626 2588 τῆς

2060 2611 2402 2681 παχύτητοςί
2510 2612 2598 2666 ἵνα
2687 2614 2849 2684 μηδὲν
2877 2613 3036 2665 πλέον
3058 2615 3090 2682 ἡ
3100 2613 3213 2681 μῶν
3235 2612 3331 2681 ἔχη
3363 2610 3425 2664 τὸ
3443 2611 3620 2665 Θεῖον.

2060 2700 2185 2763 Πῶς
2209 2700 2316 2771 γάρ
2342 2702 2535 2755 σεπτὸν
2566 2738 2582 2765 ,
2674 2703 2725 2755 ει
2793 2704 3191 2775 περιγραπτόνς
3224 2704 3256 2773 ἢ
3289 2703 3400 2765 πῶς
3431 2703 3627 2770 φεύξε-

2058 2804 2147 2841 ται
2192 2788 2252 2841 τὸ
2290 2791 2354 2842 ὲκ
2385 2791 2658 2861 στοιχείων
2694 2794 3029 2862 συγκεῖσθαι,
3060 2793 3155 2847 καὶ
3186 2795 3264 2855 εις
3287 2793 3430 2846 αὐτὰ
3462 2793 3627 2847 πάλιν

2058 2878 2403 2945 ἀναλύεσθαι,
2431 2880 2463 2951 ἢ
2499 2882 2591 2935 καὶ
2629 2882 2765 2947 ὅλως
2786 2884 3039 2949 λύεσθαι;
3072 2883 3324 2946 Σύνθεσις
3355 2883 3490 2954 γὰρ,
3521 2884 3628 2952 ἀρ-

414 2964 676 3045 negabis?
713 2975 757 3030 Ο
780 2974 1077 3029 crassitiem
1102 2974 1115 3027 !
1144 2983 1200 3027 ut
1228 2973 1370 3027 nulla
1399 2987 1457 3026 re
1486 2974 1623 3027 Deus
1652 2973 1801 3026 nobis
1831 2985 1959 3040 pra:-

2059 2968 2128 3039 Χῆ
2161 2969 2339 3040 μάχης
2361 2988 2373 3001 '
2415 2971 2560 3043 μάχη
2593 2972 2670 3039 δὲ,
2698 2974 3025 3037 διαστάσεως
3044 2990 3058 3004 ⁸
3096 2975 3128 3043 ἡ
3157 2973 3233 3038 δὲ,
3256 2971 3457 3035 λύσεως
3475 2985 3489 2999 ·
3519 2972 3621 3023 λύ-

409 3076 534 3120 stet.
556 3066 692 3131 Quid
716 3065 857 3118 enim
887 3064 1065 3117 ali‘erri
1088 3073 1283 3132 potest,
1310 3080 1403 3117 cur
1426 3063 1633 3117 colatur
1654 3071 1814 3130 atque
1840 3062 1959 3116 ado-

2061 3075 2144 3120 σις
2182 3059 2237 3111 δὲ
2271 3060 2545 3133 ἀλλότριον
2597 3063 2771 3133 πάντη
2817 3062 2971 3127 Θεοῦ,
3012 3063 3105 3117 καὶ⁸
3137 3063 3236 3132 τῆς
3264 3060 3483 3132 πρώτης
3514 3059 3620 3128 φύ-

411 3166 577 3219 retur,
613 3156 657 3208 si
691 3156 1132 3222 circumscriptus
1179 3153 1294 3208 est?
1326 3152 1432 3206 Aut
1479 3153 1606 3221 quid
1638 3168 1811 3207 causa:
1844 3167 1959 3207 esse

2061 3165 2217 3212 σεως.
2256 3149 2461 3204 Οὔκουν
2507 3151 2804 3215 διάστασις,
2860 3153 2946 3205 ἵνα
2990 3152 3065 3223 μὴ
3088 3152 3266 3215 λύσις·
3302 3152 3421 3205 οὐδὲ
3448 3152 3625 3221 μάχη,

406 3249 667 3311 dicemus,
701 3248 828 3315 quin
854 3261 915 3301 ex
946 3247 1226 3301 elementis
1271 3245 1530 3301 conﬂatus
1564 3244 1652 3311 sit,
1701 3254 1862 3314 atque
1909 3245 1959 3299 in

2060 3240 2146 3291 ἵνα
2176 3240 2248 3310 μὴ
2278 3241 2583 3305 διάστασιςο
2627 3243 2743 3297 οὐδὲ
2774 3243 3037 3308 σύνθεσις,
3074 3243 3159 3295 ἵνα
3194 3241 3267 3313 μὴ
3313 3243 3457 3312 μάχη
3480 3257 3493 3268 ’
3531 3241 3625 3294 διὰ

403 3339 589 3392 eadem
626 3337 801 3392 denuo
854 3338 1125 3406 redigatur
1150 3375 1165 3401 ,
1222 3344 1310 3388 aut
1341 3336 1502 3389 etiam
1541 3349 1762 3401 prorsus
1790 3334 1959 3388 inter-

2057 3330 2213 3383 τοῦτο
2265 3331 2384 3384 οὐδὲ
2436 3333 2613 3403 σῶμα,
2670 3333 2754 3385 ἴνα
2805 3333 2877 3403 μὴ
2931 3332 3197 3395 σύνθεσις.
3233 3333 3329 3385 Ἐκ
3378 3332 3485 3384 τῶν
3526 3348 3623 3385 τε-

408 3424 535 3477 eat‘l
572 3422 903 3490 Compositio
953 3424 1151 3491 quippe
1184 3436 1372 3491 pugnae
1410 3421 1618 3475 initium
1653 3429 1754 3487 est,
1784 3436 1957 3490 pugna

2058 3420 2316 3476 λευταίων
2349 3423 2441 3475 ἐπὶ
2468 3422 2537 3475 τὰ
2571 3422 2760 3494 πρῶτα
2795 3425 2824 3477 ό
2855 3423 3008 3491 λόγος
3047 3422 3233 3491 ἀνιὼν,
3264 3422 3435 3486 οὕτως
3470 3422 3624 3477 ἱστα-

401 3524 577 3567 autem
609 3512 1145 3575 dissidii,dissidium
1196 3509 1513 3565 solutionis:
1545 3498 1737 3566 solutio
1793 3524 1954 3578 porro
2058 3528 2167 3566 ται.
2478 3500 2481 3501 ί
2822 3552 2827 3557 .

406 3597 547 3651 nullo
570 3598 725 3652 modo
748 3600 799 3651 in
822 3599 982 3653 Deum
1007 3615 1070 3653 ac
1098 3601 1319 3668 primam
1342 3601 1483 3654 illam
1507 3611 1746 3655 naturam
1776 3604 1938 3657 cadit.
1969 3602 2228 3670 Quocirca
2249 3605 2450 3660 nullum
2479 3604 2757 3661 dissidium
2788 3603 3174 3660 admittendum
3204 3612 3305 3668 est,
3332 3619 3397 3658 ne
3420 3602 3624 3658 solutio

402 3700 762 3759 consequatur
802 3710 814 3745 :
846 3706 940 3745 nec
975 3708 1171 3763 pugna,
1200 3708 1269 3748 ne
1293 3695 1567 3749 dissidium
1593 3697 1801 3751 oriatur
1831 3715 1845 3751 :
1884 3713 1983 3753 nec
2029 3700 2367 3767 compositio,
2396 3715 2463 3755 ne
2490 3716 2661 3770 pugna
2688 3701 2931 3756 exsistat.
2963 3706 3041 3755 Ac
3087 3700 3304 3769 proinde
3326 3713 3390 3751 ne
3420 3712 3624 3764 corpus

400 3784 613 3849 quidem
630 3793 730 3849 est,
753 3798 816 3836 ne
838 3786 1031 3854 alioqui
1050 3787 1398 3853 compositum
1419 3789 1631 3857 quidem
1650 3805 1769 3844 eum
1790 3804 2008 3847 necesse
2029 3793 2117 3848 sit.
2139 3792 2229 3847 Sir.
2244 3796 2309 3847 ab
2329 3794 2585 3849 extremis
2599 3794 2663 3847 ad
2691 3794 2860 3862 prima
2892 3806 3171 3847 recurrens
3192 3789 3364 3843 oratio
3384 3787 3604 3841 insistit.

640 3883 754 3937 Jam
788 3897 916 3937 vero
968 3882 1230 3951 quomodo
1283 3880 1409 3933 illud
1461 3881 1594 3933 tueri
1639 3879 1952 3947 poterimus,

2248 3882 2370 3942 Πῶς
2403 3881 2458 3933 δὲ
2482 3881 2573 3933 καὶ
2605 3882 2904 3953 σωθήσεται
2936 3883 2997 3936 τὸ
3032 3882 3117 3935 διά
3142 3882 3353 3935 πάντων
3378 3882 3615 3951 διήκειν,

393 3976 534 4041 quod
568 3974 643 4027 ait
694 3974 966 4043 Scriptura
990 4014 1004 4037 ,
1046 3975 1209 4028 Deum
1261 3972 1435 4026 omnia
1470 3974 1760 4039 pervadere
1796 3982 1953 4041 atque

2056 3970 2150 4023 καὶ
2182 3968 2419 4039 πληροῦν
2437 3970 2505 4022 τὰ
2537 3971 2714 4024 πάντα
2740 3971 2893 4036 Θεὸν,
2925 3974 3063 4025 κατά
3087 3973 3168 4035 τὸ,
3200 3971 3343 4039 Οὐχὶ
3370 3971 3475 4025 τὸν
3503 3973 3614 4025 οὐ-

414 2705 1048 2762 cadunt?01icentiaml
1077 2702 1190 2757 Non
1214 2703 1355 2757 enim
1407 2703 1519 2756 base
1557 2715 1839 2769 corporum
1876 2716 1970 2753 na-

416 2806 530 2848 tura
565 2802 669 2848 est.
698 2795 777 2847 An
809 2808 1004 2862 corpus
1023 2792 1238 2862 quidem
1259 2806 1378 2846 esse
1402 2800 1623 2855 statues,
1648 2790 1965 2844 immensum

418 2901 567 2951 vero,
610 2894 773 2952 atque
796 2884 1083 2948 infinitum,
1114 2892 1412 2952 caeteraque
1432 2881 1588 2950 hujus
1612 2881 1823 2949 generis
1849 2894 1967 2935 esse

397 4064 618 4131 implere
640 4103 654 4126 ,
681 4064 832 4131 juxta
874 4064 1041 4115 illud:
1076 4062 1264 4115 Nonne
1292 4061 1473 4113 caelum
1517 4072 1566 4114 et
1616 4072 1807 4114 terram
1858 4077 1949 4130 ego

398 4150 624 4216 impleo?
653 4150 778 4200 dicit
832 4148 1084 4200 Dominus
1137 4147 1198 4213 ⁵;
1232 4158 1304 4209 el,
1356 4146 1583 4213 Spiritus
1626 4149 1833 4202 Domini
1866 4164 1950 4202 re-

396 4241 545 4304 plevit
585 4240 757 4291 orbem
800 4249 1055 4292 terrarum
1095 4238 1162 4303 ';
1211 4240 1253 4293 si
1298 4240 1432 4292 Deus
1485 4241 1676 4307 partim
1717 4239 1948 4293 circum-

2057 4242 2155 4313 μὶν
2188 4260 2253 4294 πε
2262 4244 2509 4313 ριγράφοι
2532 4278 2549 4303 ,

394 4328 612 4393 scribat,
662 4328 853 4396 partim
885 4328 1388 4382 circumscribatur?
1413 4329 1517 4381 Aut
1544 4328 1684 4381 enim
1724 4342 1819 4396 per
1852 4342 1948 4381 va-

2051 4060 2238 4128 ρανὸν
2258 4060 2354 4112 καὶ
2373 4060 2485 4127 τὴν
2504 4060 2617 4129 γῆν
2637 4060 2751 4129 ἐγὼ
2782 4061 3018 4129 πληρῶ;
3044 4063 3204 4132 λέγει
3227 4065 3456 4130 Κύριος·
3490 4063 3611 4127 καὶ,

2052 4152 2293 4219 Πνεῦμα
2323 4153 2538 4218 Kvpt'ov
2560 4152 2912 4220 πεπλήρωκε
2941 4150 3053 4219 τὴν
3076 4154 3449 4222 οἰκουμένην,
3474 4155 3523 4205 εἰ
3548 4153 3616 4206 τὸ

2641 4243 2703 4296 τὸ
2763 4243 2820 4297 δὲ
2910 4246 3331 4315 περιγράφοιτο;
3382 4246 3452 4297 Ἢ
3497 4244 3612 4315 γάρ

2052 4331 2141 4385 διὰ
2169 4332 2323 4385 κενοῦ
2354 4334 2591 4402 χωρήσει
2617 4333 2708 4385 τοῦ
2727 4335 2941 4398 παντὸς,
2971 4337 3064 4387 καὶ
3090 4337 3158 4389 τά
3193 4338 3369 4389 πάντα
3391 4336 3613 4405 οἰχήσε-

384 4423 536 4461 cuam
566 4410 966 4464 universitatem
999 4412 1355 4479 grassahttttr,
1385 4422 1437 4465 et
1461 4428 1548 4468 res
1569 4429 1755 4470 omnes
1778 4417 1932 4472 nobis

2056 4436 2121 4471 rat
2149 4420 2299 4489 ἡμῖν,
2331 4419 2398 4471 ἵν’
2428 4417 2654 4489 ύδρισθῇ
2686 4419 2839 4485 Θεὸς,
2868 4418 2959 4471 καὶ
2991 4417 3149 4486 σῶμα
3177 4418 3481 4485 γενόμενος,
3514 4418 3617 4470 καὶ

382 4499 651 4568 peribunt,
708 4508 767 4552 ut
820 4500 900 4553 sic
953 4499 1092 4554 Deus
1123 4503 1443 4555 contumelia
1481 4503 1757 4571 abiciatur,
1792 4507 1939 4560 nimi-

382 4605 499 4643 rum
532 4598 586 4642 et
619 4590 708 4657 qui
740 4605 935 4659 corpus
962 4592 1050 4654 sit,
1082 4593 1219 4647 etiis
1266 4607 1382 4661 quae
1404 4596 1947 4663 procreavitcareat:

380 4689 472 4732 aut
503 4696 695 4749 corpus
719 4681 769 4733 in
800 4682 1116 4748 corporibus
1148 4684 1270 4747 erit,
1298 4684 1347 4738 id
1380 4687 1521 4753 quod
1556 4685 1670 4738 lieri
1719 4702 1823 4740 non
1855 4702 1951 4756 po-

381 4778 643 4821 lestzaul.
697 4770 1177 4837 implicabitur,et
1235 4781 1552 4839 opponetur,
1602 4774 1947 4840 quemadmo~

379 4862 502 4912 dum
524 4875 608 4924 ea,
639 4877 755 4929 quae
780 4862 1080 4929 liquiditate
1106 4862 1325 4931 praedita
1439 4872 1611 4928 sunt,
1734 4864 1949 4919 interse

382 4951 715 5013 miscentur;
758 4961 918 5017 atque
946 4950 1051 5003 alia
1079 4951 1302 5017 secabit,
1339 4960 1390 5005 et
1411 4952 1478 5004 ab
1506 4950 1627 5005 aliis
1653 4966 1842 5006 rursus
1861 4967 1946 5007 se-

386 5037 616 5101 cabitur,
643 5040 783 5105 quod
821 5039 950 5108 ipsis
978 5042 1139 5093 etiam
1175 5039 1390 5109 Epicuri
1422 5040 1620 5094 atomis
1666 5039 1948 5095 absurdius

379 5136 431 5177 et
467 5127 661 5180 anilius
686 5138 770 5180 est
799 5146 813 5193 ;
851 5130 1035 5196 sicque
1066 5129 1220 5183 nobis
1251 5128 1569 5195 collabetur,
1609 5144 1707 5183 nec
1730 5144 1943 5199 corpus,

378 5227 478 5267 nee
509 5215 662 5269 solidi
709 5218 998 5286 quidquam
1051 5219 1270 5273 habebit
1318 5221 1432 5274 haec
1474 5221 1788 5289 disputatio,
1842 5235 1943 5289 qua

376 5316 575 5370 corpus
661 5307 768 5360 Deo
860 5310 1098 5363 tribuere
1160 5324 1440 5363 conamur.
1501 5312 1655 5377 Quod
1716 5311 1760 5365 si
1820 5326 1943 5365 eum

376 5405 573 5459 corpus
604 5397 841 5450 materia:
871 5412 1064 5465 expers
1120 5412 1243 5452 esse
1286 5401 1682 5465 contenderint,
1730 5400 1773 5453 si
1825 5400 1947 5469 qui-

376 5481 496 5533 dctn
536 5483 782 5550 quintum
831 5486 983 5553 illud,
1041 5497 1101 5542 ut
1154 5488 1394 5542 nonnulli
1430 5499 1784 5555 censuerunt,
1812 5500 1865 5545 et
1892 5491 1943 5544 in

2049 4507 2149 4559 οὐκ
2180 4506 2313 4576 ἔχων
2350 4507 2448 4559 ὅσα
2476 4508 2799 4577 πεποίηκεν·
2831 4509 2862 4577 ἦ
2901 4506 3055 4575 σῶμα
3096 4508 3152 4558 ὲν
3187 4506 3400 4576 σώμασι
3432 4507 3613 4571 ἔσται,

2048 4596 2180 4666 ὅπερ
2221 4595 2510 4649 ἀδύνατονο
2545 4598 2578 4666 ἢ
2612 4597 2943 4666 πλακήσεται
2985 4597 3077 4650 καὶ
3115 4596 3615 4667 ἀντιπρατεθήσσ-

2047 4702 2154 4752 ται,
2192 4685 2377 4757 ὥσπερ
2488 4688 2590 4743 ὅσα
2655 4687 2766 4740 τῶν
2856 4687 3035 4756 ὑγρῶν
3084 4688 3365 4756 μίγνυται·
3408 4688 3501 4739 καὶ
3543 4688 3613 4740 τὸ

2050 4779 2147 4847 μὲν
2175 4779 2384 4847 τέμνει,
2409 4778 2512 4832 ὑπὸ
2532 4780 2588 4832 δὲ
2622 4778 2714 4831 τοῦ
2748 4778 3102 4850 τμηθήσεται,
3131 4779 3157 4830 ὃ
3189 4779 3282 4830 καὶ
3311 4779 3418 4831 τῶν
3460 4778 3616 4830 Ἑπι-

2045 4869 2570 4940 κουρεὶωνάτόμων
2624 4870 2966 4941 ἀτοπώτερόν
3013 4887 3072 4922 τε
3124 4871 3215 4922 καὶ
3270 4869 3613 4938 γραωδέστε-

2047 4977 2137 5029 ρον
2171 4975 2189 4993 ⁶
2274 4960 2370 5014 καὶ
2449 4960 2587 5014 οὕτω
2617 4961 2948 5014 διαπεσεῖται
2989 4962 3138 5030 ἡμῖν,
3174 4959 3266 5012 καὶ
3311 4960 3467 5028 σῶμα
3508 4960 3613 5030 οὐχ

2044 5052 2174 5118 ἕξει,
2201 5052 2319 5104 οὐδὲ
2340 5052 2500 5121 πῆξεν
2532 5070 2651 5105 τινα
2686 5055 2714 5105 ό
2739 5054 2865 5124 περὶ
2896 5054 2986 5107 τοῦ
3019 5053 3268 5122 σώματος
3423 5048 3610 5119 λόγος.

2046 5140 2112 5195 El
2141 5142 2196 5195 δὲ
2221 5142 2379 5195 ἀῦλον
2413 5144 2675 5213 φήσομενδ
2725 5145 2774 5196 εἰ
2811 5144 2907 5213 μὲν
2937 5143 2997 5195 τὸ
3044 5142 3305 5212 πέμπτον,
3350 5140 3425 5203 ὥς
3462 5156 3611 5195 τισιν

2043 5231 2224 5299 ἔδοξε,
2324 5234 2417 5287 καὶ
2531 5233 2630 5302 τὴν
2671 5233 2853 5302 κύκλῳ
2890 5233 3059 5303 φορὰν
3100 5234 3425 5305 φερόμενονο
3464 5231 3611 5284 ἔστω

2048 5323 2144 5392 μὲν
2173 5322 2331 5377 ἀῦλόν
2349 5340 2402 5375 τι
2434 5325 2527 5377 καὶ
2560 5324 2803 5394 πέμπτον
2834 5324 3010 5394 σῶμα,
3039 5326 3087 5378 εἰ
3116 5324 3489 5394 βούλονταιᾶ,
3514 5324 3611 5376 καὶ

2044 5414 2346 5483 ἀσώματον,
2380 5417 2519 5468 κατά
2551 5416 2647 5485 τὴν
2671 5417 2961 5487 αὐτόνομον
2988 5418 3166 5471 αὐτῶν
3195 5418 3289 5471 τοῦ
3323 5418 3477 5485 λόγου
3509 5432 3610 5485 φο-

2048 5504 2149 5575 ρὰν
2178 5505 2271 5557 καὶ
2292 5506 2590 5560 ἀνάπλασιν
2610 5524 2626 5540 ο
2657 5509 2805 5561 οὐδὲν
2840 5509 2949 5579 γὰρ
2977 5510 3071 5564 νῦν
3105 5511 3230 5581 περὶ
3259 5508 3444 5564 τούτου
3476 5507 3609 5562 διοι-

449 5575 463 5604 ί
501 5577 664 5631 lCor.
694 5595 780 5647 xv,
810 5584 893 5640 14.
971 5588 990 5619 ’
1027 5587 1116 5642 Ps.
1148 5603 1335 5658 cxw't,
1368 5591 1489 5647 13L
1565 5594 1584 5625 ⁸
1618 5595 1637 5650 l
1668 5595 1790 5650 Cor.
1845 5613 1901 5661 tt,
1940 5598 1959 5649 l

2103 5601 2123 5633 ⁸
2146 5600 2259 5657 Jer.
2296 5618 2451 5669 χχιιι,
2478 5606 2564 5659 ⁵36.
2640 5608 2660 5639 ³
2686 5606 2811 5671 Sap.
2847 5622 2886 5671 ι,
2917 5575 2975 5661 '7.
