4026 6212
261 290 359 354 ιδι
1246 291 1622 356 PANOPLIA
1678 294 2132 362 DOGMATI‘CA.
2170 324 2240 337 -—
2270 277 2419 365 m.
2445 302 2548 367 ιν.
3402 312 3505 376 ιιι

252 434 443 488 σομαι.
600 412 759 468 Κατὰ
784 412 840 466 τί
860 412 917 466 δὲ
939 411 1048 466 τῶν
1069 411 1403 482 κινουμένων
1429 411 1581 467 ἔσται
1618 411 1714 467 καὶ
1737 428 1827 481 φε-

1928 412 2111 476 orbem
2136 419 2369 477 volubile
2409 440 2424 476 :
2449 421 2519 476 sit
2547 404 2681 478 Sane
2707 402 2905 491 corpus
2928 421 3197 491 quoddam
3231 423 3516 490 quintum,

254 508 515 581 ρομένων,
555 505 645 558 ενα
684 503 761 575 μὴ
811 503 958 575 λέγω
978 584 989 587 Δ
1010 502 1110 575 τὴν
1149 501 1327 587 ὓϐριν,
1367 504 1416 557 εί
1442 503 1520 569 τὰ,
1548 502 1691 587 αὐτὰ
1720 503 1827 565 τοῖς

1932 522 1987 566 et
2015 527 2046 565 a
2087 512 2314 567 materia
2346 524 2633 577 semotum,
2664 521 2828 582 atque
2851 514 3041 576 etiam,
3072 513 3115 567 si
3150 513 3281 582 ipsis
3309 513 3383 566 ita
3406 514 3518 567 col-

251 590 635 662 πεποιημένοις
665 592 693 643 6
723 584 1040 658 πεποιηκὼς
1071 586 1444 659 κινηθήσεται.
1484 587 1578 641 καὶ
1602 584 1714 651 τοῖς
1749 603 1827 655 φε-

1928 602 2145 657 libuerit
2174 644 2190 670 ,
2219 603 2637 674 incorporeum;
2674 604 3110 674 quandoquidem
3164 605 3237 658 ita
3271 619 3520 659 sermone

249 685 491 757 ρομὲνοις
527 686 557 737 6
589 683 795 754 φέρων,
834 679 887 735 εί
922 698 987 750 γε
1023 681 1118 734 καὶ
1160 679 1317 734 τοῦτο
1343 680 1609 746 δώσουσι,
1650 681 1718 733 Τί
1749 679 1827 734 δα]

1931 692 2223 763 comparati
2281 702 2409 748 sunt
2436 732 2452 759 ,
2489 703 2547 748 ut
2572 708 2668 764 pro
2697 693 2923 749 arbitrio
2955 694 3007 747 in
3063 708 3280 749 omnem
3313 704 3518 763 partem

244 778 305 830 τδ
496 772 660 827 τοῦτο
709 770 872 826 πάλιν
924 769 1145 836 κινοῦν;
1200 770 1254 824 τί
1284 771 1342 825 δὲ
1376 769 1437 824 τὺ
1470 772 1580 824 πᾶν
1620 769 1827 837 κινοῢνς

1931 797 2052 838 sese
2105 793 2345 849 versent,
2383 799 2446 840 ac
2479 784 2694 855 quidvis
2723 784 3012 855 effingant;
3046 785 3178 838 nihil
3215 785 3359 840 enim
3417 785 3520 839 hac

245 869 457 922 κάκεῖνο
470 864 523 918 τί
549 883 564 931 ;
593 865 693 918 καὶ
713 864 766 917 τί
794 863 955 917 πάλιν
968 863 1144 917 ἐκεῖνο
1163 879 1178 929 ;
1200 862 1293 917 καὶ
1313 861 1475 917 τοῦτο
1488 864 1567 926 εἰς
1587 861 1832 936 ἄπειρον.

246 957 364 1020 Πῶς
413 955 508 1009 δαὶ
546 955 649 1008 οὐκ
676 953 738 1019 ἐν
763 954 917 1023 τόπῳ
950 952 1188 1019 πάντως,
1220 953 1275 1006 ετ
1299 969 1362 1021 γε
1392 953 1728 1025 φερόμενον;
1772 951 1835 1005 Ei

243 1049 295 1102 δὲ
317 1046 447 1102 ἀλλο
476 1064 534 1098 τι
562 1046 714 1116 παρὰ
740 1044 805 1098 τὺ
843 1044 1093 1117 πέμπτον
1120 1044 1405 1118 φήσουσιν,
1444 1047 1492 1100 ei
1536 1044 1638 1116 μὲν
1664 1044 1835 1113 ἀγγε-

246 1138 407 1192 λικόνο
440 1137 612 1192 πόθεν
639 1138 720 1192 ὃτι
746 1136 965 1208 ἄγγελοι
1143 1136 1391 1210 σώματα,
1425 1138 1518 1191 καὶ
1544 1136 1673 1201 τίνα,
1706 1135 1835 1190 eau-

246 1247 336 1294 τας
370 1230 472 1282 καὶ
506 1229 676 1302 πόσρν
858 1229 996 1301 ὑπὲρ
1024 1228 1255 1301 ἄγγελον
1303 1227 1390 1303 εἴη
1422 1227 1576 1296 Θεὸς,
1613 1222 1674 1284 οὗ
1726 1227 1836 1281 λει-

243 1319 471 1394 τουργὸς
508 1319 780 1390 ἄγγελος;
828 1320 893 1374 Εἰ
926 1319 983 1374 δὲ
1021 1318 1161 1394 ὑπὲρ
1191 1318 1386 1388 ταῦτα,
1423 1320 1583 1391 πάλιν
1606 1304 1845 1393 εἰσήχθτί

1931 876 1995 931 de
2024 891 2082 931 re
2108 875 2163 930 in
2214 875 2504 946 praesentia
2544 890 2666 931 cum
2731 875 2835 931 illis
2882 875 3210 931 altercabor.
3249 877 3517 931 Caeterum

1925 978 2033 1034 quo
2071 966 2288 1022 tandem
2329 966 2384 1021 in
2416 980 2616 1038 genere
2638 966 2742 1022 erit
2773 982 2959 1022 earum
2998 982 3201 1034 rerum,
3229 983 3348 1036 quae
3372 979 3518 1022 motu

1925 1056 2136 1135 cientur
2166 1066 2216 1113 et
2245 1058 2519 1129 agitantur
2540 1097 2555 1123 ,
2592 1068 2650 1113 ut
2677 1058 2894 1113 interim
2928 1068 3160 1122 taceam,
3192 1073 3355 1127 quam
3385 1074 3516 1129 gra-

1924 1146 2009 1201 vis
2036 1145 2108 1202 sit
2134 1147 2499 1214 contumelia},
2534 1163 2801 1214 asserere,
2828 1146 3139 1203 Creatorem
3167 1149 3376 1212 eodem,
3411 1163 3517 1217 quo

1927 1251 2014 1292 res
2053 1237 2121 1292 ab
2158 1252 2222 1293 eo
2249 1249 2486 1306 creatas,
2526 1249 2675 1294 motu
2712 1239 2951 1304 incitari,
2988 1250 3151 1309 atque
3181 1254 3325 1306 eum,
3363 1241 3518 1308 cujus

1924 1321 1977 1385 vi
2011 1345 2076 1386 ac
2118 1331 2340 1387 numine
2377 1326 2466 1388 res
2503 1333 2737 1387 conditae
2776 1331 3090 1399 volvuntur,
3121 1331 3166 1385 si
3201 1341 3381 1385 tamen
3418 1335 3520 1386 hoc

246 1412 522 1483 σωμάτων
552 1413 721 1484 ἐσμὸς
753 1412 1058 1484 ἀλόγιστος,
1090 1419 1187 1467 καὶ
1225 1412 1497 1488 φλυαρίας
1528 1412 1709 1486 βυθὸς,
1747 1413 1827 1467 οὐ-

1928 1421 2090 1477 etiam
2120 1423 2297 1478 daturi
2344 1432 2492 1489 sunt,
2524 1425 2714 1480 eodem
2770 1424 2930 1478 modo
2960 1438 3081 1478 cum
3137 1421 3204 1477 iis
3261 1422 3401 1477 volvi
3456 1438 3522 1478 ac

226 1501 413 1574 ’δαμοῦ
456 1504 655 1575 στῆναι
682 1503 1003 1576 δυνάμενος.

1928 1513 2308 1572 circumferri?
2335 1515 2527 1584 Quaero
2555 1518 2757 1579 etiam,
2791 1516 3048 1585 quidnam
3095 1515 3167 1569 sit
3211 1515 3353 1584 quod
3400 1515 3523 1569 uui-

239 1612 451 1653 versum
482 1599 593 1654 hoc
624 1597 878 1653 moveat?
908 1597 1175 1666 Quidnam
1210 1612 1341 1653 vero
1387 1597 1533 1669 quod
1582 1597 1824 1655 vicissim
1864 1599 1995 1656 illud
2049 1612 2288 1670 moveat,
2359 1620 2424 1660 ac
2460 1621 2674 1663 rursum
2713 1624 2743 1664 a
2768 1622 2875 1679 quo
2912 1607 3044 1663 illud
3078 1606 3395 1662 moveatur?
3426 1606 3519 1660 Eo-

236 1689 466 1758 demque
512 1688 676 1743 modo
729 1687 786 1743 in
825 1687 1097 1743 infinitum
1143 1688 1477 1758 progrediar.
1511 1684 1613 1755 Qui
1663 1689 1823 1744 etiam
1864 1689 1980 1745 fieri
2015 1700 2214 1761 potest,
2275 1701 2335 1748 ut
2364 1697 2585 1753 omnino
2648 1713 2753 1752 non
2808 1699 2881 1753 sit
2929 1698 2979 1751 in
3030 1697 3172 1763 loco,
3205 1697 3249 1752 si
3304 1696 3520 1768 quidem

237 1780 425 1843 fertur,
467 1796 537 1837 ac
569 1790 719 1836 motu
765 1779 1063 1836 incitatur?
1098 1778 1214 1835 iam
1272 1780 1320 1835 si
1371 1780 1519 1836 aliud
1565 1780 1837 1851 quoddam
1877 1796 2092 1852 corpus,
2127 1796 2324 1854 praeter
2363 1787 2610 1858 quintum
2645 1789 2797 1855 illud,
2868 1787 3037 1844 Deum
3090 1802 3210 1842 esse
3262 1795 3523 1845 statuant,

237 1872 278 1928 si
313 1874 541 1944 quidem
579 1872 884 1944 angelicum
927 1891 943 1929 :
981 1875 1129 1929 unde
1179 1874 1491 1944 probabunt
1523 1875 1747 1949 angelos
1785 1891 2017 1947 corpore
2069 1890 2338 1955 constare,
2410 1892 2467 1940 et
2505 1899 2614 1954 quo
2671 1885 2885 1939 tandem
2937 1882 3208 1955 corpore?
3252 1881 3522 1950 Quantum

236 1973 433 2029 autem,
458 1963 510 2019 si
536 1977 625 2019 res
654 1965 729 2020 ita
751 1979 813 2020 se
838 1965 1058 2034 habeat,
1090 1965 1233 2024 Deus
1302 1966 1575 2038 angelum,
1607 1983 1718 2040 quo
1778 1971 2027 2028 ministro
2060 1954 2253 2040 utitur;
2276 1975 2604 2031 antecellet?
2640 1974 2697 2031 Si
2723 1991 2919 2045 corpus
2945 1954 3218 2046 quoddam
3249 1974 3334 2028 bis
3392 1974 3521 2029 sul»-

238 2057 415 2115 limius
468 2072 595 2115 esse
635 2057 900 2127 dixerint,
935 2075 1127 2117 rursus
1165 2076 1455 2132 corporum
1520 2076 1753 2121 examen
1820 2065 2047 2127 rationis
2112 2083 2309 2141 expers
2360 2070 2667 2139 inducetur,
2716 2086 2782 2128 ac
2834 2086 3097 2141 nugarum
3150 2084 3347 2141 gurges
3387 2070 3521 2125 adeo

241 2149 569 2220 profundus,
592 2161 655 2206 ut
694 2166 960 2223 nusquam
996 2167 1095 2223 pes
1131 2153 1227 2224 ﬁgi
1254 2155 1447 2224 possit.

423 2241 588 2297 Οὕτω
614 2244 713 2313 μὲν
745 2239 839 2297 οὖν
1023 2243 1086 2297 οὐ
1116 2244 1273 2315 σῶμα
1297 2246 1428 2316 ἡμῖν
1468 2249 1499 2301 6
1522 2244 1653 2310 Θεός
1713 2243 1834 2301 οὑδι

244 2334 349 2405 γὰρ
372 2335 481 2407 ἠδη
506 2351 594 2397 τις
615 2333 777 2388 τοῦτο
804 2334 913 2387 τῶν
938 2332 1331 2398 θεοπνεύστων,
1360 2336 1393 2406 ἢ
1422 2330 1832 2410 εἷπεν,ἢπαρεο

243 2424 454 2489 δέξατο,
506 2423 632 2476 οὐδὲ
696 2423 797 2496 τῆς
858 2424 1139 2497 ἡμετέρας
1353 2426 1523 2497 αὐλῆς
1574 2427 1615 2479 ὀΔ
1655 2428 1831 2497 λόγος.

245 2517 508 2570 Δείπεται
532 2515 598 2587 δὴ
625 2514 919 2586 ἀσώματον
957 2514 1381 2586 ὑπολαμᾶᾶνειν.
1423 2515 1564 2569 Ἀλλ’
1597 2517 1647 2569 εί
1684 2516 1831 2571 ἀσώ-

245 2624 431 2678 ματον,
464 2607 624 2661 οὔπω
670 2606 770 2678 μὲν
814 2606 936 2661 οὐδὲ
968 2606 1127 2661 τοῦτο
1165 2606 1269 2677 τῆς
1317 2607 1508 2671 οὐσίας
1538 2624 1830 2681 παραστα-

240 2700 383 2754 sum
407 2717 477 2753 τε
500 2700 595 2755 καὶ
621 2698 971 2771 περιεκτικὸν
1010 2732 1051 2764 ,ν
1192 2699 1384 2773 ὥσπερ
1411 2699 1535 2755 οὐδὲ
1567 2701 1628 2755 τὸ
1663 2700 1828 2770 ἀγέν-

240 2807 421 2861 νητον,
444 2792 543 2845 καὶ
578 2791 642 2846 τὸ
690 2790 949 2864 ἄναρχον,
985 2789 1084 2847 καὶ
1118 2790 1181 2844 τὸ
1217 2791 1599 2857 ἀναλλοίωτον,
1627 2795 1724 2855 καὶ
1768 2793 1830 2848 τὸ

241 2882 546 2955 ἄφθαρτον,
574 2884 673 2939 καὶ
692 2884 797 2939 ὅσα
817 2883 948 2955 περὶ
969 2882 1131 2949 Θεοῦ,
1148 2884 1197 2955 ,ἦ
1222 2884 1353 2956 περὶ
1378 2877 1511 2941 Θεδν
1546 2880 1700 2943 εἶναι
1741 2883 1829 2939 λέ-

240 2989 417 3042 rem.
449 2974 517 3027 Τί
540 2973 651 3047 γὰρ
679 2974 796 3031 ὄντι
953 2974 1106 3046 αὐτῷ
1120 2974 1262 3031 κατὰ
1284 2974 1385 3048 τὴν
1398 2974 1560 3047 φύσιν
1580 2960 1687 3031 Δκαὶ
1727 2974 1827 3050 τὴν

243 3061 542 3116 ὑπόστασιν
563 3058 819 3133 ὑπάρχει,
861 3061 923 3115 τὸ
954 3061 1030 3135 μὴ
1062 3062 1239 3134 ἀρχὴν
1269 3061 1440 3133 ἔχειν,
1465 3064 1601 3135 μηδὲ
1630 3060 1817 3128 ἐξίστα

1942 3078 2044 3121 nec
2076 3066 2504 3138 incorruptibile,
2528 3078 2841 3139 _c:eteraque
2879 3069 3079 3134 omnia,

244 3150 389 3213 σθαι,
421 3151 556 3221 μηδὲ
586 3149 997 3224 περατοῦσθαι;
1052 3151 1193 3205 Ἀλλ’
1222 3153 1344 3207 ὅλον
1394 3152 1457 3206 τὸ
1483 3149 1625 3208 εἶναι
1673 3170 1830 3226 περι-

242 3240 539 3311 λαμϐάνειν
580 3241 827 3296 λείπεται
852 3240 1310 3313 προσφιλοσοφοῆ
1340 3257 1405 3296 τε
1456 3243 1552 3297 καὶ
1592 3242 1825 3315 προσεξ-

243 3333 459 3396 ετάζειν
484 3331 564 3402 τῷ
584 3348 652 3400 γε
676 3332 962 3389 νοῦν-Θεοῦ
1151 3332 1368 3404 ἀληθῶς
1393 3331 1592 3403 ἔχοντι,
1626 3334 1719 3388 καὶ
1742 3350 1834 3388 τε-

244 3420 491 3494 λεωτόρῳ
515 3423 617 3494 τὴν
644 3422 898 3496 θεωρίαν.
946 3424 1035 3488 Ὦς
1064 3422 1181 3498 γὰρ
1226 3425 1329 3478 οὐκ
1355 3424 1521 3496 ἀρκεῖ
1555 3425 1618 3478 τὸ
1668 3425 1833 3494 σῶμα

245 3514 437 3578 sistito,
466 3514 584 3585 ἢτὸ
608 3514 989 3586 γεγεννῆσθαι,
1024 3515 1165 3588 πρὸς
1189 3514 1252 3569 τὸ
1279 3514 1375 3569 καὶ
1389 3515 1472 3578 τὸ,
1500 3514 1678 3587 περὶό
1700 3516 1834 3570 ταῦ-

244 3605 712 3676 τι,παραστῆσαί
765 3622 829 3659 τε
876 3607 971 3659 καὶ
1021 3605 1288 3677 δηλῶσαι,
1340 3603 1480 3659 ἀλλὰ
1504 3605 1585 3658 δεῖ
1632 3605 1730 3659 καὶ
1767 3606 1833 3658 τὸ

246 3689 602 3761 ὁποχείμινον
620 3691 832 3757 τούτοις
856 3695 1055 3760 εἰπεῖν,
1070 3695 1123 3747 ει
1151 3693 1338 3765 μέλλοι
1499 3692 1721 3758 τελείως
1734 3695 1831 3758 καὶ

247 3782 607 3854 ἀποχρώντως
630 3784 695 3838 τὸ
718 3783 1011 3855 νοούμενον
1048 3784 1502 3857 παραστήσεσθαι
1522 3784 1578 3855 (ἢ
1603 3784 1712 3855 γὰρ
1732 3785 1829 3839 ἄν·

247 3871 479 3942 θρωπε.
494 3874 529 3945 ἢ
541 3873 732 3945 βοῦς,ῆ
746 3874 914 3939 ἵππος
923 3875 1083 3930 τοῦτο
1100 3876 1163 3930 τὸ
1179 3873 1615 3947 ivstitiam-omni
1638 3873 1832 3943 γεννώ-

250 3967 517 4033 [amnt
528 3964 1108 4037 cpbetpdnevovroi’rrm;
1116 3965 1240 4024 οὐδὲ
1250 3966 1370 4020 ἐκεῖ
1395 3965 1650 4037 στήσεται
1666 3965 1831 4037 μέχρι

246 4052 348 4108 τοῦ
370 4057 534 4111 εἰπεῖν
569 4056 609 4112 ἃ
641 4056 720 4128 μὴ
751 4055 924 4123 ἔστιν,
952 4059 983 4112 6
1006 4057 1110 4128 τὴν
1129 4055 1228 4110 τοῦ
1256 4055 1412 4119 ὄντος
1436 4054 1831 4128 πολυπραγμο-

248 4146 360 4200 νῶν
386 4148 558 4218 φύσιν·
580 4148 723 4204 ἀλλὰ
748 4149 832 4203 διῖ
862 4148 1000 4221 πρὸς
1026 4134 1127 4219 τῷ
1288 4148 1467 4202 εἰπεῖν
1499 4146 1538 4205 ἃ
1577 4146 1657 4218 μὴ
1682 4146 1826 4212 ἔστι,

250 4238 350 4291 καὶ
373 4239 398 4293 6
423 4242 568 4294 ἔστιν
595 4242 796 4295 εἰπεῖν’
816 4240 928 4311 ὅσῳ
956 4239 1052 4293 καὶ
1078 4240 1209 4311 ῥᾷον
1235 4238 1305 4298 ιν,
1344 4255 1397 4294 τι
1429 4237 1764 4311 περιλαϐεῖν,
1789 4238 1823 4310 ἦ

249 4328 330 4383 τὰ
350 4332 513 4388 πάντα
536 4333 665 4387 καθ’
691 4332 926 4386 ἕκαστον
960 4331 1239 4397 ἀπειπεῖν,
1267 4330 1357 4385 ενα
1383 4329 1450 4385 ιιι
1484 4347 1546 4384 τε

250 4420 572 4492 ἀναιρέσεως
618 4416 697 4479 ὧν
727 4423 831 4476 οὐκ
877 4410 1029 4487 ἔστι,
1056 4422 1152 4476 καὶ
1184 4421 1283 4493 τῆς
1309 4412 1375 4475 οὗ
1430 4422 1547 4474 ἐστι
1595 4421 1817 4486 θέσεως,

253 4510 545 4584 περιλειφθῇ
584 4512 649 4567 τὺ
673 4511 985 4584 νοούμενον.
1019 4511 1079 4566 '0
1107 4510 1188 4577 δὲ,
1237 4510 1275 4565 ἃ
1308 4510 1409 4582 μὲν
1435 4511 1537 4564 οὐκ
1559 4508 1679 4564 ἔστι
1730 4508 1794 4567 λά

253 4613 383 4668 των,
413 4603 625 4658 σιωπῶν
670 4604 732 4658 ἃ
774 4603 806 4658 6
831 4603 970 4667 ἔστι,
1015 4604 1163 4658 ποιεῖ
1203 4603 1609 4676 παραπλήσιον,
1634 4601 1822 4675 ὥσπερ

256 4686 326 4742 ἂν
484 4695 535 4747 τι
587 4693 659 4750 τὰ
689 4694 854 4749 πέντε
892 4694 977 4758 δὶς
1017 4695 1120 4749 ὅσα
1151 4694 1301 4749 ἑστιν
1336 4693 1713 4766 δρωπὶιμινος,
1739 4694 1823 4748 ὅτι

265 4776 427 4846 μὲνοό
457 4780 743 4851 δύολέγοι,
913 4781 1037 4835 οὐδὲ
1062 4778 1214 4851 τρία,
1253 4779 1375 4834 οὐδὲ
1406 4779 1668 4851 τέσσαρα,
1700 4776 1824 4832 οὐδὶ

264 4867 427 4934 πέντε,
451 4871 569 4926 οὐδὲ
596 4871 830 4941 εἴκοσιν,
880 4870 1003 4925 οὐδὲ
1034 4869 1351 4941 τριάκοντα,
1378 4868 1502 4923 οὐδὲ
1547 4885 1693 4937 τινα,
1735 4867 1823 4923 ἶνα

268 4962 474 5017 συνελὼν
489 4963 651 5029 εἴπω,
686 4963 799 5019 τῶν
821 4963 972 5028 ἐντὸς
999 4962 1242 5027 δεκάδος,
1274 4961 1308 5033 ἢ
1345 4960 1647 5019 meum.
1697 4960 1823 5033 ἀρι-

266 5050 413 5123 ὶειῶνο
440 5056 519 5109 ὃτι
543 5055 601 5108 δὲ
618 5056 706 5127 ειη
732 5056 868 5110 δέκα
886 5054 962 5126 μὴ
985 5053 1159 5123 λέγοι,
1178 5052 1316 5125 μηδὲ
1345 5052 1543 5124 ἰρείδοι
1575 5052 1666 5106 τὸν
1694 5050 1822 5107 νοῦν

258 5143 339 5196 τοῦ
366 5146 671 5217 ἐρωτῶντος
710 5147 793 5211 εις
841 5147 903 5200 τὸ
947 5143 1300 5216 ζητούμενον.
1344 5142 1533 5214 Πολλῷ
1556 5142 1666 5214 γὰρ
1693 5143 1823 5214 ῥᾷον

261 5233 341 5286 καὶ
365 5235 772 5307 συντομώτερον
796 5238 863 5290 ὲκ
884 5234 980 5289 τοῦ
1012 5236 1041 5288 6
1069 5235 1219 5289 ἐστιν
1251 5234 1352 5288 ὅσα
1379 5233 1480 5289 οὐκ
1505 5232 1622 5287 ἐστι
1651 5232 1823 5303 δηλῶ-

262 5338 353 5389 σαι,
378 5327 410 5397 ἢ
437 5329 502 5381 lx
531 5326 629 5385 τοῦ
657 5327 874 5382 ἀνελεῖν
912 5326 950 5382 ἃ
989 5327 1066 5399 μὴ
1111 5326 1281 5390 ἐστιν,
1392 5325 1540 5378 ἐστιν
1582 5321 1821 5390 ἐνδείξα-

261 5414 381 5470 σθαι.
410 5420 480 5473 Ἤ
500 5418 662 5473 τοῦτο
698 5419 799 5490 μὲν
823 5420 986 5474 παντὶ
1000 5417 1179 5490 δῆλον.

2133 2242 2311 2313 Atque
2337 2244 2464 2302 hinc
2497 2257 2733 2314 constat,
2775 2249 2941 2304 Deum
2976 2267 3176 2321 corpus
3217 2270 3325 2309 non
3378 2271 3521 2312 esse.

1939 2332 2125 2403 Neque
2147 2336 2289 2389 enim
2318 2339 2496 2394 adhuc
2545 2342 2829 2411 quisquam
2874 2360 3084 2410 eorum,
3140 2348 3230 2415 qui
3267 2326 3522 2406 divinitus

1937 2421 2101 2477 amati
2137 2433 2282 2491 sunt,
2313 2427 2414 2483 hoc
2441 2429 2525 2484 vel
2556 2431 2713 2497 dixit,
2736 2432 2821 2487 vel
2845 2434 2912 2488 ab
2945 2434 3067 2491 aliis
3121 2437 3321 2493 dictum
3369 2454 3520 2493 com-

1938 2514 2215 2582 probavit,
2243 2533 2343 2574 nec
2375 2522 2548 2577 nostri
2584 2522 2744 2579 ovilis
2772 2534 2857 2579 est
2882 2524 2997 2581 haec
3027 2526 3294 2586 doctrina.
3323 2527 3521 2598 Super-

1935 2614 2021 2663 est
2050 2607 2232 2678 igitur,
2262 2619 2321 2665 nt
2372 2612 2747 2682 incorporeum
2775 2631 2896 2672 esse
2929 2618 3097 2673 Deum
3127 2619 3518 2675 existimemus.

1944 2693 2167 2764 Verum,
2230 2708 2507 2772 utcunque
2557 2705 2934 2774 incorporeum
2974 2710 3238 2774 dicamus,
3283 2710 3519 2765 nondum

1936 2797 2118 2847 tamen
2146 2791 2250 2847 hoc
2286 2802 2535 2849 naturam
2589 2796 2733 2853 illius
2779 2800 3183 2871 essentiamque
3211 2801 3518 2871 complecti-

1939 2886 2028 2936 tur
2057 2891 2112 2937 et
2140 2882 2416 2952 declarat;
2455 2889 2909 2957 quemadmodum
2939 2907 3040 2948 nec
3069 2893 3386 2964 ingenitum,
3423 2910 3521 2950 nec

1939 2971 2260 3040 anarcbum,
2284 2973 2339 3029 id
2369 2983 2472 3042 est,
2499 2977 2751 3049 principii
2785 2995 3006 3051 expers,
3034 2996 3135 3037 nec
3159 2982 3517 3048 immutabile,

1942 3078 2044 3121 nec
2076 3071 2504 3138 incorruptibile,
2528 3078 2841 3139 canumque
2879 3071 3079 3134 omnia,
3308 3084 3428 3141 quae
3452 3071 3519 3127 de

1934 3154 2065 3221 Deo,
2093 3156 2178 3211 vel
2211 3156 2355 3211 circa
2392 3156 2580 3219 Deum,
2599 3154 2981 3226 praedicamur.
3010 3156 3150 3224 Quid
3174 3158 3317 3213 enim
3351 3161 3518 3228 prott~

1932 3254 2020 3302 est
2063 3246 2132 3301 ad
2183 3245 2537 3305 indicandam
2580 3247 2751 3316 ipsius
2806 3259 3055 3305 naturam
3107 3258 3165 3304 et
3214 3248 3518 3303 subsisten-

1935 3336 2062 3391 tiam
2087 3350 2194 3405 qua
2216 3336 2455 3402 exsistit,
2486 3336 2531 3392 si
2565 3337 2719 3391 dicas
2764 3353 2889 3392 eum
2920 3338 3131 3393 initium
3154 3353 3260 3391 non
3292 3337 3516 3400 habere.

1933 3441 2036 3482 nec
2062 3442 2091 3479 a
2108 3441 2169 3482 se
2190 3441 2425 3496 unquam
2447 3427 2778 3494 desciscere,
2802 3441 2902 3484 nec
2923 3429 3046 3484 ullis
3069 3428 3319 3483 terminis
3341 3427 3517 3483 inclu-

1932 3512 2024 3568 di?
2064 3511 2266 3568 Verum
2305 3522 2470 3571 totam
2517 3517 2638 3587 ejus
2689 3519 2979 3573 essentiam
3026 3518 3435 3574 edisserendam
3462 3526 3519 3574 et

1930 3603 2312 3674 inquirendam
2364 3605 2493 3663 huic
2522 3607 2900 3677 relinquimus,
2934 3608 3028 3677 qui
3068 3622 3196 3664 vere
3232 3605 3327 3662 Dei
3375 3608 3518 3664 noti-

1933 3694 2063 3749 tiam
2085 3695 2269 3763 habet,
2308 3705 2474 3766 atque
2522 3696 2576 3751 in
2609 3698 3033 3766 contemplanda
3076 3697 3375 3767 perfectior
3408 3707 3514 3753 est.

1934 3784 2173 3841 Utenim
2212 3802 2320 3842 non
2350 3788 2485 3842 satis
2513 3797 2600 3844 est
2643 3803 2843 3858 corpus
2883 3790 3084 3852 dicere,
3121 3797 3216 3844 aut
3258 3802 3517 3858 procrea-

1930 3886 2043 3930 tum
2069 3890 2212 3941 esse,
2240 3876 2312 3932 ad
2343 3876 2447 3932 hoc
2475 3877 2565 3932 vel
2593 3878 2748 3945 illud,
2775 3880 2862 3935 cui
2891 3879 3006 3934 hac
3026 3878 3298 3948 adjacent,
3331 3879 3518 3951 expri-

1930 3961 2181 4019 mendum
2222 3971 2280 4021 et
2308 3964 2678 4033 indicandum,
2710 3968 2808 4025 sed
2855 3967 2986 4037 quid
3014 3968 3128 4037 ipsa
3159 3982 3376 4038 quoque
3428 3983 3517 4025 res

1926 4051 2173 4121 subiecta
2195 4052 2288 4121 sit,
2311 4054 2599 4115 dicendum
2623 4065 2728 4125 est,
2745 4056 2792 4111 si
2817 4056 2976 4112 modo
2996 4056 3266 4123 volumus,
3288 4057 3344 4113 in
3371 4058 3516 4128 quod

1926 4142 2252 4213 cogitamus,
2283 4143 2441 4214 plene
2474 4153 2640 4217 atque
2682 4148 2899 4205 abunde
2935 4157 3329 4217 representare
3375 4149 3519 4222 (po-

1924 4240 2037 4291 test
2063 4234 2208 4293 enim
2252 4238 2337 4294 vel
2370 4236 2556 4306 homo,
2607 4238 2693 4295 vel
2727 4238 2846 4306 bos,
2899 4239 2986 4296 vel
3019 4255 3189 4311 equus
3237 4255 3378 4309 esse,
3414 4241 3520 4298 hoc

1688 4372 1692 4376 _
1722 4329 1825 4400 τῆς
1857 4328 1902 4386 1)
1928 4325 2073 4395 (μιοά
2093 4340 2415 4397 corporeum
2442 4344 2509 4387 ac
2533 4340 2876 4400 procreatum
2902 4342 2960 4387 et
2996 4332 3351 4401 corruptibile
3393 4345 3519 4388 esse

1924 4417 2340 4489 pronuntiamus
2370 4419 2524 4490 )zad
2563 4421 2814 4479 eumdem
2832 4422 3061 4479 modum
3108 4421 3202 4492 qui
3224 4420 3321 4477 Dei
3358 4431 3519 4477 natu-

1921 4521 2041 4563 ram
2065 4508 2334 4566 curiosius
2358 4510 2736 4581 inquirendam
2753 4513 2989 4580 duxerit,
3003 4529 3109 4570 non
3134 4513 3223 4571 hic
3243 4517 3512 4585 conquie-

1926 4607 2067 4667 scet,
2108 4607 2171 4654 ut
2222 4600 2388 4669 dicat,
2418 4602 2553 4673 quid
2577 4617 2684 4660 nou
2712 4604 2786 4660 sit
2821 4603 2988 4670 Deus,
3015 4605 3112 4661 sed
3151 4605 3257 4662 hoc
3300 4619 3518 4675 quoque

1925 4687 2031 4758 ipsi
2062 4688 2429 4756 adjiciendum
2457 4690 2583 4758 erit,
2620 4700 2701 4755 ut,
2733 4691 2863 4761 quid
2903 4690 2999 4757 sit,
3046 4699 3321 4757 exponat;
3352 4689 3518 4759 idque

1924 4791 1992 4833 eo
2020 4778 2216 4848 magis,
2260 4778 2405 4849 quod
2435 4779 2617 4836 minus
2662 4777 2880 4835 diﬁcilo
2909 4787 2995 4834 est
3025 4793 3188 4834 unum
3239 4776 3513 4848 quidptam

1928 4868 2113 4927 animo
2140 4869 2454 4940 complecti,
2481 4886 2646 4941 quant
2676 4871 2861 4928 omnia
2898 4870 3175 4942 sigillatim
3219 4869 3516 4926 inﬁciando

1929 4974 2234 5027 removere,
2287 4969 2348 5017 ut
2390 4959 2612 5030 rejectis
2641 4962 2733 5027 iis,
2765 4976 2887 5032 quae
2923 4977 3031 5016 non
3060 4970 3165 5028 est,
3201 4969 3257 5016 et
3306 4960 3513 5016 consti-

1927 5058 2043 5107 tuto
2065 5064 2150 5115 eo,
2186 5051 2330 5122 quod
2355 5052 2448 5118 sit,
2495 5052 2991 5123 comprehendatur
3019 5052 3072 5107 id
3115 5050 3260 5121 quod
3301 5050 3513 5122 cogita-

1865 5160 1885 5206 ;
1928 5155 2073 5197 mus.
2101 5141 2202 5209 Qui
2228 5157 2361 5199 vero
2386 5143 2486 5208 ita,
2513 5144 2643 5214 quid
2677 5159 2766 5201 res
2792 5143 2970 5213 aliqua
3001 5158 3106 5199 non
3136 5143 3233 5209 sit,
3268 5156 3513 5212 pronun-

1930 5231 2045 5296 tiat,
2076 5241 2134 5285 ut
2163 5232 2404 5317 interim,
2425 5236 2553 5302 quid
2584 5237 2680 5301 sit,
2720 5243 2915 5300 taceat,
2938 5248 3046 5289 non
3076 5232 3339 5288 absimilis
3359 5242 3441 5288 est
3465 5235 3514 5288 ei

1925 5321 2017 5392 qui
2046 5330 2286 5392 rogatus,
2337 5323 2424 5379 bis
2445 5324 2688 5395 quinque
2737 5334 2868 5396 quot
2890 5325 3021 5390 sint,
3046 5324 3369 5394 respondeat
3396 5325 3511 5393 qui-

1926 5412 2046 5467 dem
2074 5426 2140 5469 ea
2179 5428 2279 5468 nec
2310 5412 2419 5469 duo
2458 5430 2600 5484 esse,
2631 5432 2732 5473 nec
2785 5417 2911 5481 tria,
2962 5430 3061 5483 nec
3101 5425 3358 5485 quatuor,
3413 5429 3512 5468 uec

258 5509 487 5578 minque,
514 5525 619 5568 nec
647 5511 986 5580 viginti,uec
1008 5510 1253 5582 triginta,
1282 5524 1408 5576 nec,
1438 5518 1500 5565 ut
1522 5506 1671 5564 brevi
1738 5503 2095 5574 complectar,
2164 5505 2330 5563 ullum
2399 5523 2685 5565 numerum
2720 5509 2857 5563 citra
2894 5507 2977 5563 vel
3024 5507 3165 5562 ultra
3194 5506 3471 5562 denarium
3492 5497 3525 5553 δ’

259 5617 488 5663 caeterum
525 5608 671 5679 quod
708 5609 894 5665 decem
923 5609 1052 5675 sint,
1089 5622 1196 5664 non
1232 5607 1397 5672 dicat,
1426 5619 1525 5661 nec
1569 5611 1806 5659 mentem
1845 5600 1981 5670 ejus,
2010 5616 2042 5656 a
2104 5617 2211 5674 quo
2269 5603 2658 5674 interrogatur,
2688 5604 2757 5665 ad
2790 5603 2844 5659 id
2881 5603 3027 5674 quod
3073 5603 3360 5674 quaesitum
3407 5611 3511 5659 est.

260 5696 433 5770 alligat.
463 5700 627 5760 Hulto
655 5702 801 5759 enim
847 5702 1059 5760 facilius
1090 5711 1146 5761 et
1170 5700 1606 5774 compendiosius
1637 5710 1739 5766 cst,
1765 5711 1832 5754 ex
1869 5710 1955 5765 eo,
1982 5698 2146 5770 quod,
2178 5699 2308 5772 quid
2326 5699 2416 5767 sit,
2447 5698 2671 5767 dixeris,
2703 5698 2962 5772 quidquid
2980 5714 3086 5759 non
3114 5699 3187 5756 sit
3212 5696 3510 5763 declarare.
