4026 6212
446 230 543 296 167

1664 228 2054 287 EUTIIYMU
2093 227 2284 287 ,ΖιοᾹ
2300 225 2471 284 ΒΕΝΙ

3599 230 3701 293 16$

442 342 718 412 exemplar
748 339 874 394 illttd
900 353 1081 402 suum,
1114 338 1268 408 cujus
1302 334 1729 390 liUliCllt‘Slthl'lO
1760 335 2017 401 tangitur,

2130 334 2260 406 πρὸς
2287 334 2346 386 τὸ
2362 333 2693 403 ἀρχέτυπον,
2711 325 2770 382 οὒ
2788 330 2880 381 νῦν
2900 330 3126 399 ἔχειτὴν
3172 329 3377 398 ἔφεσιν.
3405 334 3510 385 Καὶ
3543 336 3703 392 τοῦτο

448 431 775 487 ascenderit.
803 430 977 496 Atque
1009 428 1136 481 illttd
1166 427 1291 479 mihi
1318 439 1439 479 esse
1470 424 1700 486 videtur,
1734 422 1872 490 quod
1912 424 2022 488 pri-

448 525 677 581 marium
710 522 1066 594 philosophize
1095 528 1255 588 caput
1285 525 1389 580 est,
1433 529 1622 583 nempe
1647 528 1744 567 nos
1782 513 2023 579 aliquau-

450 622 516 674 do
559 628 767 673 tantum
808 614 1143 682 cognituros,
1177 620 1439 678 quantum
1483 604 2021 675 cognitisu1nus.‘At

450 711 503 761 in
536 709 637 762 hac
693 704 903 759 movtali
967 704 1071 755 vita
1132 699 1391 767 quidquid
1442 700 1505 751 ad
1537 714 1633 752 nos
1681 712 1851 767 usque
1904 714 2022 767 per—

454 798 633 866 tingit,
668 796 810 848 aliud
843 793 971 845 nihil
1032 800 1137 855 est,
1190 806 1349 858 quam
1397 788 1626 858 exiguus
1677 790 1891 858 quidam
1950 788 2023 841 ri-

452 890 642 952 vulus,
699 900 760 939 ac
828 885 971 936 velut
1048 898 1245 951 parvus
1322 898 1529 952 magnae
1609 883 1745 935 lucis
1817 882 2019 939 radius.

455 980 815 1047 Quamobrem
849 976 895 1030 si
922 979 1044 1046 quis
1070 976 1236 1029 Deum
1276 976 1553 1045 cognovit,
1586 985 1699 1040 aut,
1737 975 2024 1043 Scriptura

456 1082 611 1136 teste,
672 1069 990 1139 cognovisse
1034 1070 1251 1131 dicitur,
1292 1079 1520 1122 eatenus
1543 1068 1861 1135 cognovisse
1895 1080 2021 1120 cen-

460 1163 658 1215 sendus
676 1172 779 1223 est,
804 1170 1068 1229 quatenus
1095 1161 1359 1214 uberioris
1397 1144 1703 1229 splendoris
1745 1159 2019 1227 particeps

2125 426 2266 481 εἷναί
2306 444 2395 496 μοι
2425 427 2571 478 δοκεῖ
2601 426 2661 476 τὸ
2690 425 2830 477 πάνυ
2867 423 3327 493 φιλοσοφούμενα)
3348 463 3362 488 ,
3403 428 3705 495 ἐπιγνώσε-

2129 520 2254 571 σθαι
2314 534 2442 571 ποτε
2508 520 2690 587 ἡμᾶς,
2755 519 2879 570 ὅσον
2950 516 3291 585 ὲγνώσμεθα.
3359 518 3432 569 Τὸ
3490 520 3546 571 δὲ
3610 523 3706 574 νῦν

2128 610 2285 672 εἶναι,
2327 610 2553 679 βραχεῖά
2583 626 2665 672 τις
2698 608 2948 679 ἀπορροὴ
2973 610 3081 661 πᾶν
3113 611 3170 660 τὸ
3192 610 3271 672 εἰς
3304 611 3450 679 ἡμᾶς
3480 612 3710 680 φθάνον,

2130 707 2223 758 καὶ
2242 700 2351 756 οἷον
2370 703 2605 772 μεγάλου
2629 702 2802 770 φωτὸς
2825 700 3022 771 μικρὸν
3042 702 3406 769 ἀπαύγασμα.
3431 706 3596 759 Ὥστε
3616 713 3704 759 καὶ

2130 796 2183 848 εί
2206 813 2287 857 τις
2314 796 2454 863 ἔγνω
2477 794 2629 859 Θεὸν,
2655 795 2688 864 ἢ
2722 793 3018 861 ἐγνωκέναι
3048 794 3494 863 μεμαρτύρηται.
3518 799 3683 850 τοσοῦ

2130 904 2219 939 τον
2249 888 2413 953 ἔγνω,
2450 888 2574 938 ὅσον
2611 887 2770 938 ἄλλοι.)
2790 886 2863 955 μὴ
2895 886 2954 938 τὸ
2976 886 3088 937 ἴσον
3110 885 3513 954 ἐλλαμφθέντος
3532 891 3709 961 φανῆ-

2131 992 2218 1027 ναι
2256 976 2706 1043 φωτοειδέστερος
2730 991 2744 1006 ο
2770 976 2863 1027 καὶ
2881 975 2940 1026 τὸ
2959 973 3321 1042 ὑπερϐάλλον,
3356 976 3559 1030 τέλειον
3591 981 3705 1030 ένο-

2136 1067 2325 1135 μισθη,
2355 1068 2413 1118 οὺ
2466 1070 2531 1136 τῇ
2588 1068 2836 1137 ἀληθείᾳ,
2866 1071 2931 1137 τῇ
2963 1068 3015 1119 δὲ
3049 1068 3140 1119 τοῦ
3201 1068 3430 1135 πλησίον
3484 1070 3716 1138 δυνάμει

2128 1156 2688 1226 παραμετρούμενον.

461 1262 551 1325 sit,
589 1277 746 1328 quam
778 1261 868 1329 qui
906 1259 1082 1312 minus
1128 1257 1344 1311 luminis
1376 1256 1633 1309 divinitus
1669 1255 1897 1324 accepit.
1946 1252 2021 1306 Ita
2062 1254 2443 1322 exsuperantia
2499 1255 2646 1319 hair,
2681 1253 2915 1322 perfecta
2976 1255 3218 1324 cognitio
3265 1258 3571 1312 CXlSlllllala
3607 1267 3716 1323 est,

462 1372 569 1411 non
607 1356 673 1411 ad
707 1356 782 1409 rei
815 1355 981 1424 ipsius
1012 1352 1314 1414 veritatem,
1345 1350 1440 1405 sed
1472 1353 1539 1405 ad
1565 1350 1792 1404 aliorum
1836 1348 2110 1402 modulum
2144 1358 2199 1401 et
2241 1347 2553 1402 facultatem
2581 1362 2871 1418 perpensa.

534 1451 798 1519 Quocirca
890 1448 1035 1504 Euos
1111 1446 1329 1517 quidem
1416 1459 1567 1514 spem
1644 1445 1831 1500 habuit
1907 1444 2023 1499 fore

456 1556 512 1597 ttt
553 1544 837 1596 Dominum
872 1543 1149 1595 invocaret
1192 1541 1213 1570 ¹
1245 1554 1259 1590 :
1287 1537 1375 1590 ubi
1407 1536 1556 1590 vides
1580 1548 1729 1601 spem
1765 1533 2027 1586 duntaxat

456 1636 508 1687 in
534 1650 600 1689 eo
633 1633 864 1694 laudari,
893 1644 1122 1697 eamque
1166 1643 1269 1680 non
1297 1625 1642 1694 cognitionis,
1678 1624 1771 1676 sed
1808 1624 2025 1676 invoca.

458 1725 637 1777 tionis.
678 1723 861 1776 Enoch
904 1730 1102 1782 autem,
1165 1717 1409 1786 quamvis
1448 1714 1737 1767 translatus
1785 1713 1948 1766 fuerit
1978 1716 2026 1778 ³,

2201 1444 2299 1497 Διά
2361 1444 2521 1497 τοῦτο
2618 1442 2782 1506 Ἐνὼς
2845 1443 2946 1514 μὲν
3027 1444 3263 1514 ἤλπισεν
3336 1446 3721 1499 ἐπικαλεῖσθαι

2130 1535 2222 1589 τὸν
2256 1535 2478 1606 Κύριον·
2507 1534 2663 1598 ἐλπὶς
2686 1536 2745 1587 τὸ
2778 1535 3211 1605 κατορθούμενον
3242 1532 3330 1605 ἦν,
3356 1538 3621 1592 καὶτοῦτο
3649 1541 3715 1592 ού

2131 1625 2405 1693 γνώσεως,
2431 1625 2545 1679 ἀλλ’
2571 1626 2933 1697 ἐπικλήσεως.
2978 1625 3148 1695 Ἑνὼχ
3184 1627 3239 1678 δὲ
3287 1628 3548 1697 μετετέθη
3589 1628 3715 1697 μὲν,

2129 1715 2281 1770 οΰπω
2310 1717 2368 1769 δὲ
2408 1717 2584 1787 δῆλον,
2613 1720 2662 1769 εἰ
2687 1716 2823 1770 Θεοῦ
2855 1717 3017 1784 φύσιν
3061 1716 3393 1786 περιλαϐὼν,
3425 1718 3457 1787 ἣ
3485 1719 3715 1787 neptim-

459 1816 697 1868 nondum
738 1823 919 1865 tamen
956 1818 1205 1873 constat,
1246 1823 1311 1860 an
1357 1808 1445 1859 Dei
1498 1815 1745 1858 naturam
1787 1817 2025 1871 compre-

2130 1805 2382 1876 ψόμενος.
2417 1808 2522 1859 Τοῦ
2550 1808 2606 1860 δὲ
2628 1807 2771 1871 Νῶε,
2804 1806 2967 1860 καλὸν
3001 1809 3034 1876 ἡ
3077 1807 3456 1878 εὐαρέστησις,
3488 1806 3582 1861 τοῦ
3620 1812 3718 1861 καὶ

457 1904 745 1968 henderit,
798 1912 889 1955 aut
937 1900 1435 1969 comprehensurus
1482 1898 1571 1950 sit.
1618 1896 1736 1949 Jam
1782 1895 1910 1959 Noe,
1944 1894 2028 1949 cui

456 1995 606 2048 orbis
653 1993 891 2047 universi
943 1992 1012 2044 ab
1066 2006 1329 2059 aquarum
1390 1987 1631 2057 periculo
1672 1984 2031 2041 conservandi

458 2100 588 2139 cura
633 2085 836 2137 credita
888 2093 971 2136 est
1008 2085 1055 2143 ⁸,
1089 2081 1169 2134 vel
1215 2080 1390 2149 potius
1440 2080 1587 2132 orbis
1640 2079 1846 2131 semina
1885 2091 2032 2131 com-

460 2176 645 2237 missa,
668 2173 861 2240 exiguo
888 2172 1029 2239 ligno
1051 2169 1308 2222 diluvium
1336 2168 1593 2236 fugientia
1637 2170 1680 2231 ⁵,
1712 2167 1837 2221 hinc
1858 2165 2030 2221 solum

460 2266 667 2318 laudent
684 2275 1011 2316 consecutus
1033 2270 1134 2324 est,
1159 2259 1299 2328 quod
1327 2260 1437 2313 Deo
1483 2268 1667 2327 gratus
1695 2269 1749 2311 et
1778 2266 2032 2326 acceptus

461 2356 669 2411 fuisset.
704 2355 925 2423 Magnus
964 2368 1124 2421 porro
1156 2353 1243 2406 ille
1286 2352 1596 2423 patriarcha
1626 2351 1923 2413 Abraham,
1962 2363 2031 2403 ex

460 2448 565 2502 fide
592 2447 809 2514 quidem
860 2444 1187 2512 jttstificatus
1216 2456 1298 2498 est
1338 2447 1385 2507 ⁸,
1424 2459 1484 2498 ac
1510 2458 1701 2497 novant
1740 2451 1793 2495 et
1820 2441 2031 2495 inaudi-

461 2551 568 2590 tam
607 2536 900 2599 victimam,
933 2550 1247 2604 magnaeque
1278 2534 1419 2589 illius
1470 2536 1695 2603 figuram
1730 2541 2029 2602 gerentem,

458 2628 651 2682 obtulit
691 2627 710 2657 ⁷
743 2644 756 2679 :
790 2637 845 2680 at
879 2628 1042 2681 Deum
1091 2642 1193 2681 non
1243 2637 1301 2679 ut
1334 2628 1497 2680 Deunt
1521 2626 1819 2692 conspexit,
1846 2622 1939 2677 sed
1974 2629 2033 2676 ut

460 2719 733 2772 hominem
769 2718 901 2771 aluit
938 2722 1004 2781 3;
1043 2733 1107 2771 ac
1150 2718 1374 2786 proinde
1437 2718 1684 2771 laudatus
1725 2714 2026 2787 esl,.quod,

459 2819 719 2876 quantum
779 2809 1041 2877 percepit,
1089 2818 1298 2862 tantum
1345 2822 1561 2875 quoque
1602 2816 1891 2862 veneratus
1924 2812 2025 2859 est.

464 2896 600 2951 Nam
668 2898 796 2965 quid
855 2898 923 2950 de
962 2896 1128 2951 Jacob
1165 2898 1363 2961 dicam,
1416 2897 1510 2966 qui
1570 2896 1699 2949 licet
1743 2894 2028 2950 sublimem

467 2991 755 3061 quamdam
776 2990 1003 3053 scalam,
1031 2999 1084 3043 et
1110 2989 1466 3043 ascendentes
1497 2988 1714 3057 angelos
1740 2986 1792 3039 in
1824 2983 2030 3040 somnis

2129 1898 2333 1967 κόσμον
2365 1896 2484 1950 ὅλον
2507 1897 2566 1961 ἐξ
2598 1898 2803 1950 ὑδάτων
2831 1897 3201 1951 διασώσασθαι
3230 1898 3631 1962 πιστευθέντος,
3678 1900 3713 1969 ἢ

2132 1985 2339 2055 κόσμου
2368 1986 2680 2057 σπέρματα,
2704 1986 2845 2058 ξύλῳ
2872 1988 3052 2058 μικρῷ
3075 1987 3330 2057 φεύγοντι
3469 1988 3568 2056 τὴν
3594 1990 3719 2041 ἐπί-

2129 2074 2337 2128 κλυσιν.
2382 2075 2711 2145 Ἀϐραάμδὲ
2742 2076 3033 2147 ἐδικαιώθη
3055 2078 3152 2147 μὲν
3180 2078 3244 2130 ὲκ
3275 2078 3531 2141 πίστεως,
3558 2081 3586 2131 ὁ
3614 2079 3719 2149 μέο

2129 2183 2231 2234 γας
2272 2167 2636 2237 πατριάρχης,
2668 2169 2762 2221 καὶ
2793 2168 2907 2221 θύει
2935 2169 3123 2222 θυσίαν
3150 2167 3325 2239 ξένην,
3355 2170 3449 2222 καὶ
3477 2170 3578 2239 τῆς
3608 2185 3711 2239 με·

2085 2250 2096 2261 ’
2128 2257 2302 2325 γάλης
2354 2258 2662 2311 ἀντίτυπον⁸
2701 2259 2834 2312 Θεὸν
2883 2260 2941 2312 δὲ
2986 2261 3085 2329 οὐχ
3123 2260 3200 2323 ὼς
3239 2260 3371 2313 Θεὸν
3404 2256 3563 2325 εἶδεν,
3591 2260 3714 2314 ἀλλ’

2129 2348 2205 2412 ὼς
2234 2348 2519 2418 ἄνθρωπον
2567 2350 2783 2422 ἔθρεψε,
2815 2352 2909 2406 καὶ
2957 2353 3215 2425 ἐπῃνέθη,
3252 2353 3538 2417 σεϐασθεὶς
3582 2355 3715 2407 ὅσον

2131 2442 2449 2496 κατέλαϐεν.
2500 2442 2691 2497 Ἰακὼϐ
2720 2444 2796 2509 δὲ,
2832 2445 3076 2514 κλίμακα
3104 2446 3203 2515 μὲν
3232 2445 3442 2515 ὑψηλὴν
3478 2446 3715 2513 ὲφαντά-

2131 2532 2232 2601 σθη
2259 2533 2401 2596 τινὰ,
2446 2532 2537 2584 καὶ
2567 2533 2813 2600 ἀγγέλων
2863 2534 3069 2599 ἄνοδον,
3112 2535 3208 2587 καὶ
3250 2534 3453 2604 στήλην
3497 2535 3719 2603 ἀλείφει

2133 2622 2406 2693 μυστικῶς
2446 2622 2604 2693 (ἴσως
2647 2625 2731 2677 ἵνα
2770 2624 2861 2677 τὸν
2903 2625 3042 2695 ὑπὲρ
3066 2624 3225 2695 ἡμῶν
3252 2625 3540 2694 ἀλειφέντα
3566 2626 3721 2679 λίθον

2134 2714 2547 2786 παραδηλώσῃ),
2604 2716 2698 2770 καὶ
2735 2712 2883 2779 οἶκος
2909 2716 3044 2771 Θεοῦ
3212 2718 3363 2788 τόπῳ
3398 2718 3505 2770 τινὶ
3541 2734 3719 2790 προσ-

2128 2804 2353 2875 ηγορίαν
2376 2805 2607 2871 δίδωσιν,
2630 2808 2711 2869 είς
2754 2808 2919 2878 τιμὴν
2951 2807 3045 2861 τοῦ
3073 2807 3351 2877 ὀφθέντος,
3384 2806 3477 2861 καὶ
3516 2808 3591 2873 ὠς
3619 2811 3721 2863 ἁν-

2130 2892 2331 2965 θρώπῳ
2350 2894 2428 2965 τῷ
2447 2895 2567 2966 Θεῷ
2589 2896 2975 2967 προσπαλαίει,
3003 2898 3037 2968 ἥ
3068 2899 3151 2961 τίς
3173 2901 3305 2952 ποτέ
3328 2901 3474 2953 ἐστιν
3498 2902 3531 2970 ἡ
3564 2901 3721 2973 πάλη

2128 2983 2262 3037 Θεοῦ
2302 2985 2440 3056 πρὸς
2480 2986 2785 3057 ἄνθρωπον,
2820 2986 2853 3058 ἢ
2890 2987 3031 3057 τάχα
3072 2989 3171 3058 τῆς
3197 2988 3542 3059 ἀνθρωπίνης
3578 2991 3721 3061 ἁρε-

460 3080 808 3149 conspicatus
841 3079 911 3134 sit
946 3083 1004 3143 ⁸,
1036 3095 1100 3135 ac
1136 3079 1442 3135 columnam
1478 3093 1583 3132 non
1618 3079 1734 3132 sine
1774 3073 2025 3147 mysterio

2130 3074 2227 3146 τῆς
2268 3076 2405 3147 πρὸς
2433 3076 2567 3130 Θεὸν
2593 3078 2964 3144 ἀντεξέτασις,
3000 3080 3095 3131 καὶ
3136 3080 3379 3151 σύμϐολα
3411 3081 3506 3151 τῆς
3533 3082 3723 3153 πάλης

459 3170 692 3240 quodam
724 3170 938 3224 tinxerit
960 3170 1216 3236 (fortasse
1255 3178 1315 3222 ut
1344 3167 1573 3236 lapidem
1611 3165 1798 3221 salutis
1833 3172 2031 3219 nostra

458 3278 623 3317 causa
667 3272 887 3316 unctum
956 3260 1340 3331 significaret),
1379 3267 1543 3327 atque
1593 3257 1647 3311 in
1692 3254 1830 3323 ejus,
1870 3268 2028 3323 quem

458 3360 857 3421 conspexerat,
911 3352 1205 3416 honorem,
1261 3349 1379 3402 loco
1427 3347 1638 3403 cuidam
1684 3346 1873 3400 domus
1932 3342 2026 3397 Dei

457 3453 871 3512 cognomentum
915 3441 1253 3511 imposuerit,
1288 3455 1352 3495 ac
1401 3455 1523 3494 cum
1574 3439 1682 3492 Deo
1714 3436 1866 3504 quasi
1907 3448 2029 3488 cum

462 3534 680 3588 homine
708 3533 911 3587 luetam
954 3532 1158 3595 inierit,
1186 3544 1521 3600 quaecunque
1562 3529 1777 3583 tandem
1815 3526 1905 3581 illa
1934 3524 2030 3580 Dei

457 3640 581 3680 cum
611 3624 831 3681 homine
868 3624 1012 3679 lucta
1045 3637 1166 3678 esse
1207 3630 1390 3692 queat.
1427 3620 1522 3675 llis
1546 3620 1691 3673 enim
1717 3617 1896 3673 verbis
1920 3615 2030 3670 for-

457 3730 602 3773 tasse
630 3717 763 3773 nihil
810 3717 958 3773 aliud
1008 3717 1485 3786 indicatur,quam
1528 3715 1773 3769 humanae
1814 3711 2029 3766 virtutis

458 3824 581 3863 cum
615 3808 795 3863 divina
821 3808 1180 3879 comparatio,
1211 3807 1477 3876 iustaeque
1514 3806 1690 3875 signa,
1720 3819 1840 3875 qua:
1872 3818 2028 3857 crea-

2128 3167 2221 3221 ὲπὶ
2272 3168 2367 3221 τοῦ
2404 3168 2653 3239 σώματος
2704 3170 2879 3241 φέρει,
2942 3170 3039 3242 τὴν
3076 3172 3244 3243 ἧτταν
3275 3174 3720 3245 παραδεικνύντα

2128 3259 2228 3329 τῆς
2280 3261 2545 3331 γεννητῆς
2708 3262 2943 3331 φύσεως,
2968 3264 3063 3316 καὶ
3096 3260 3256 3317 ἆθλον
3301 3266 3584 3329 εὐσεϐείας
3611 3269 3721 3337 τὴν

2134 3347 2432 3420 μεταϐολὴν
2453 3349 2551 3419 τῆς
2568 3351 2938 3421 προσηγορίας
2958 3351 3244 3422 λαμϐάνει,
3267 3353 3719 3424 μετονομασθεὶς,

2130 3438 2253 3493 ἀντὶ
2297 3438 2511 3502 Ἰακὼϐ,
2554 3440 2790 3512 Ἰσραὴλ,
2843 3442 2999 3495 τοῦτο
3025 3444 3090 3515 δὴ
3135 3444 3196 3497 τὸ
3233 3445 3376 3515 μέγα
3405 3447 3501 3500 καὶ⁵
3529 3447 3722 3519 τίμιον

2128 3530 2321 3600 ὀνομαο
2357 3532 2533 3584 ἐκεῖνο
2579 3532 2656 3595 δὲ,
2698 3531 2822 3586 οὔτε
2859 3534 3040 3599 αὐτὸς,
3070 3534 3194 3590 οὔτε
3242 3554 3327 3601 τις
3360 3538 3500 3610 ὑπὲρ
3550 3540 3718 3595 αὑτὸν

2135 3623 2300 3694 μέχρι
2340 3624 2579 3695 σήμερον
2636 3624 2978 3695 ἐκαυχήσατο
3007 3626 3116 3680 τῶν
3143 3627 3352 3683 δώδεκα
3390 3629 3591 3698 φυλῶν,
3636 3624 3717 3689 ὧν

2130 3716 2315 3787 πατὴρ
2376 3710 2466 3785 ἦν,
2504 3716 2586 3767 ὅτι
2650 3714 2784 3768 Θεοῦ
2850 3716 3012 3785 φύσιν
3062 3717 3095 3788 ἢ
3142 3718 3266 3789 ὄψιν
3307 3719 3434 3789 ὅλην
3493 3719 3717 3792 ἐχώρη-

2133 3824 2224 3861 σεν
2241 3846 2254 3859 .

463 3906 569 3948 tant
618 3908 867 3951 naturam
906 3897 1103 3951 victam
1171 3909 1293 3949 esse
1338 3895 1708 3958 ostenderent,
1775 3893 1830 3947 in
1882 3904 2107 3960 corpore
2143 3891 2351 3957 tulerit,
2392 3906 2456 3947 ae
2508 3890 2740 3961 denique
2787 3904 2886 3959 pro
2940 3888 3159 3961 pietatis
3204 3885 3422 3957 premio
3468 3885 3714 3939 uotutnis

461 3988 941 4040 commutationem
999 3984 1306 4054 acceperit,
1366 3999 1465 4051 pro
1515 3983 1679 4037 Jacob
1740 3983 2030 4047 nimirum,
2075 3996 2271 4053 magno
2306 3982 2397 4037 illo
2442 3991 2504 4038 et
2544 3983 2748 4038 eximio
2775 3981 2996 4037 lsraelis
3056 3979 3277 4036 nomine
3337 3986 3713 4047 nuncupatus;

462 4075 567 4127 hoc
615 4084 791 4127 tamen
832 4089 931 4127 nec
976 4076 1109 4142 ipse,
1156 4088 1256 4127 nec
1288 4073 1573 4141 quisquam
1620 4086 1685 4124 eo
1727 4070 2030 4137 sublimior,
2072 4073 2139 4128 ad
2168 4074 2311 4128 hunc
2344 4088 2514 4143 usque
2546 4074 2688 4129 diem
2714 4073 2768 4128 iu
2804 4072 3060 4129 omnibus
3116 4071 3401 4128 duodecim
3441 4070 3716 4133 tribubus,

458 4177 694 4229 quarunt
734 4172 887 4230 pater
912 4162 1137 4227 exsdtit,
1169 4160 1385 4230 gloriari
1435 4160 1826 4231 magnificeque
1888 4162 2186 4232 praedicare
2238 4165 2433 4234 potuit,
2493 4179 2552 4219 se
2601 4173 2766 4219 totam
2819 4164 2914 4220 Dei
2979 4174 3229 4220 naturam
3299 4164 3479 4219 animo
3517 4178 3716 4231 perce-

457 4251 625 4322 pisse.

491 4411 511 4425 δ
715 4348 827 4405 Nec
870 4364 998 4405 vero
1044 4350 1194 4414 Elite.
1219 4350 1302 4406 vel
1349 4353 1573 4422 spiritus
1607 4355 1915 4428 vehemens,
1944 4361 2028 4420 vel

455 4440 624 4511 ignis,
660 4440 742 4495 vel
772 4450 939 4497 terrai
987 4444 1292 4508 concussio,
1413 4450 1475 4497 ut
1594 4446 1833 4504 historia:
1857 4466 2030 4507 sacras

454 4532 821 4586 monumentis
844 4532 1115 4600 proditum
1145 4544 1248 4601 est,
1285 4535 1379 4590 sed
1416 4552 1546 4591 aura
1576 4542 1818 4609 quaedam
1851 4544 2027 4601 tenuis

455 4621 554 4676 Dei
585 4622 950 4687 prasentiam.
975 4637 1081 4677 non
1114 4633 1295 4679 autem
1331 4636 1581 4683 naturam
1612 4630 1806 4698 ipsam,
1832 4633 2023 4688 adum-

453 4714 715 4768 bravit".
749 4714 923 4785 Ipsum
975 4715 1146 4770 Eliant
1200 4717 1340 4782 dico,
1390 4732 1547 4788 quem
1592 4721 1779 4791 igneus
1810 4740 2021 4794 quoque

452 4822 647 4860 currus
693 4808 741 4860 itt
806 4808 998 4861 cadum
1042 4811 1226 4864 evexit
1251 4811 1315 4875 ¹¹,
1345 4810 1674 4879 significans,
1711 4822 1769 4868 ut
1808 4817 2018 4884 opinor,

451 4901 781 4968 singularem
812 4901 1102 4969 quamdam
1157 4902 1389 4957 hominis
1424 4902 1700 4969 virtutem,
1738 4916 1898 4977 atque
1923 4909 2022 4963 hu-

455 5005 671 5041 manum
704 4987 981 5057 fastigium
1018 4992 1386 5048 excedentem.
1422 4996 1600 5060 Quid?
1632 4998 1744 5053 Non
1782 5010 1833 5053 tc
1857 5002 2018 5071 judex

449 5077 539 5131 ille
578 5077 791 5143 Manue,
838 5096 901 5134 ac
950 5079 1139 5135 Petrus
1182 5084 1475 5152 apostolus,
1518 5089 1874 5144 admiratione
1909 5092 2019 5144 alli-

449 5169 641 5221 ciunt?
687 5170 927 5235 Quorum
971 5172 1109 5227 alter
1151 5189 1217 5227 ne
1253 5189 1600 5245 consttectutn
1637 5181 1853 5250 quidem
1898 5183 2013 5250 Dei,

449 5277 543 5329 per
590 5261 878 5331 imaginem
924 5262 1024 5331 ipsi
1069 5265 1427 5338 obversantis,
1480 5270 1619 5325 ferre
1668 5283 1899 5342 poterat,
1952 5289 2015 5330 ac

526 5368 543 5398 ¹
570 5369 744 5446 lCor.
776 5374 1017 5446 Xlllng.
1079 5379 1115 5446 γε
1146 5378 1282 5433 Gen.
1314 5396 1389 5446 tv,
1426 5382 1517 5438 26.

455 5438 730 5526 E3330"):
765 5445 940 5526 33.»..5-
1019 5446 1038 5476 ⁷
1067 5444 1203 5526 00.11-
1241 5466 1329 5504 ιιι
1355 5438 1394 5518 ιζ
1432 5453 1465 5505 2
1498 5470 1650 5526 ςιηιι.

456 5522 610 5577 διιῳι.
692 5512 729 5541 ⁸³
765 5511 828 5563 1V
856 5514 985 5583 Reg.
1034 5531 1095 5584 tt,
1134 5518 1219 5573 ll.

1597 5388 1616 5418 ³
1649 5386 1784 5488 ch.
1818 5389 1982 5451 v,24.
2060 5392 2083 5425 ⁸
2115 5392 2249 5447 Gen.
2285 5411 2361 5458 vt,
2404 5396 2469 5450 l5
2500 5413 2654 5468 seqq.
2731 5401 2751 5432 ⁸
2782 5399 2922 5457 Gen.
2964 5406 3089 5472 tx,l
3128 5421 3282 5473 seqq.

1600 5475 1650 5524 ιε.
1778 5458 1912 5513 Gen.
1948 5477 2101 5527 ιιι-ιιι,
2136 5464 2170 5517 ει
2214 5482 2367 5535 seqq.
2470 5469 2488 5498 ⁸
2519 5465 2655 5523 Gen.
2697 5485 2890 5529 nun.
2930 5473 3021 5528 1‘2.
3135 5478 3177 5507 ¹⁰
3204 5476 3268 5531 Ill

2341 4360 2495 4431 Ἠλίᾳ
2539 4361 2616 4428 δὲ,
2647 4361 2769 4416 οὔτε
2804 4364 3020 4436 πνεῦμα
3057 4368 3249 4437 βίαιον,
3282 4372 3407 4425 οὕτε
3438 4374 3573 4447 πῦρ,
3593 4377 3727 4432 οὔτε

2137 4452 2483 4521 συσσεισμὸς,
2528 4452 2603 4517 ὡς
2644 4455 2741 4525 τῆς
2770 4456 3007 4529 ἱστορίας
3060 4459 3301 4525 ἀκούεις,
3328 4464 3465 4517 ,ἀλλ’
3504 4469 3539 4536 ή
3572 4467 3727 4539 αὖρα

2130 4560 2213 4605 τις
2236 4543 2389 4613 ὀλίγη
2414 4544 2513 4614 τὴν
2533 4544 2626 4598 τοῦ
2643 4545 2775 4600 Θεοῦ
2800 4551 3120 4622 παρουσίαν,
3148 4552 3448 4622 καὶταῦτα,
3466 4558 3526 4609 οὐ
3552 4559 3724 4627 φύσιν

2128 4635 2589 4709 ἑσκιαγράφησεν.
2626 4639 2783 4712 Ἠλία
2806 4641 2944 4706 τίνις
2990 4643 3049 4695 ὃν
3073 4645 3167 4696 καὶ
3203 4646 3357 4716 ὅρμα
3400 4649 3573 4719 πυρὸς
3622 4652 3726 4703 ἀν-

2130 4728 2251 4795 άγει
2296 4730 2433 4801 πρὸς
2458 4730 2704 4801 οὐρανὸν,
2735 4732 2928 4802 δηλοῦν
2953 4733 3049 4786 τοῦ
3093 4735 3302 4789 δικαίου
3337 4738 3398 4790 τὸ
3433 4740 3571 4811 ὑπὲρ
3613 4742 3719 4795 ἄν-

2129 4819 2362 4890 θρωπον.
2396 4820 2593 4874 Μανωὲ
2626 4820 2681 4873 δὲ
2710 4821 2800 4874 τὸν
2831 4823 3020 4894 κριτὴν
3058 4827 3344 4896 πρότερον,
3380 4830 3473 4882 καὶ
3499 4831 3712 4903 Πέτρον

2127 4910 2214 4961 τὸν
2250 4910 2493 4981 μαθητὴν
2529 4911 2772 4983 ὕστερον,
2804 4914 2918 4977 πῶς
2962 4915 3023 4966 ού
3047 4916 3428 4986 τεθαύμακας;
3466 4920 3558 4972 τὸν
3608 4922 3710 4992 μὲν

2124 5000 2243 5052 οὑδὲ
2280 5001 2400 5070 ὄψιν
2448 5002 2679 5072 φέροντα
2728 5002 2818 5055 τοῦ
2857 5007 3249 5072 φαντασθέντος
3284 5009 3439 5076 Θεοῦ,
3473 5012 3569 5064 καὶ
3620 5015 3714 5069 διὰ

2124 5091 2298 5155 τοῦτο,
2345 5093 2772 5163 Ἀπαιὼλαμεν,
2802 5091 2847 5151 ὦ
2891 5098 3087 5165 rorat,
3130 5100 3374 5169 λέγοντα,
3410 5104 3560 5155 Θεὸν
3595 5106 3703 5157 ἐωο

2116 5183 2406 5252 ρὰκαμεν,
2451 5185 2526 5248 ὡς
2562 5186 2623 5237 ού
2668 5187 2920 5257 χωρητῆς
2975 5188 3140 5260 οὔσης
3192 5190 3522 5263 ἀνθρώποις,
3578 5197 3709 5248 οὐδὲ

2124 5275 2418 5344 φαντασίας
2447 5275 2614 5339 θείας,
2649 5276 2721 5348 μὴ
2762 5278 2841 5330 ὅτι
2869 5296 2931 5347 γε
2971 5281 3201 5349 φύσεως·
3248 5284 3338 5337 τὸν
3372 5284 3427 5337 δὲ
3466 5286 3561 5338 καὶ
3610 5288 3709 5340 τὸν

3385 5410 3405 5439 ⁸
3432 5408 3574 5465 Gen.
3610 5425 3705 5471 xv,

2470 5469 2488 5498 ⁸
2519 5465 2655 5523 Gen.
2697 5485 2890 5529 nun.
2930 5465 3037 5528 1‘2;
3135 5478 3177 5507 ¹⁰
3204 5465 3268 5531 lli
3325 5478 3459 5549 Reg.
3501 5465 3698 5545 xiv,”
