4026 6212
469 265 558 324 lit

451 495 550 550 tes,
582 499 646 538 ac
678 498 785 547 res,
815 499 932 552 quae
957 480 1120 534 animi
1158 488 1362 532 tantum
1391 475 1742 544 intelligentia
1769 487 2017 544 compre-

1691 268 2070 331 EUTHYMII
2113 269 2453 328 ZlGlL-‘l-ZNI

448 391 728 461 sapientia:
768 388 1079 458 adiumento
1123 400 1304 442 rerum
1347 382 1710 453 cognitionem
1744 397 2012 451 aucupan-
2043 382 2084 434 Α
2109 393 2218 454 τοῖς

3599 275 3702 334 1Ῑ2

2394 391 2820 463 προσϐάλλοντες
2852 391 2989 462 μετὰ
3019 393 3125 446 τῶν
3171 394 3493 464 αἰσθήσεων·
3523 397 3554 468 ἢ
3594 401 3694 453 οὐκ

2109 483 2236 534 ἄνευ
2275 480 2604 551 αἰσθήσεων,
2658 481 2746 549 ὑφ’
2779 475 2855 534 ὧν
2893 482 3298 553 περιφερόμεθα
3333 485 3427 537 καὶ
3481 485 3696 539 πλανώο

449 575 782 639 henduntur,
830 589 927 642 per
956 585 1147 625 sensus
1182 581 1503 636 cognoscere
1528 567 1900 636 aggredimur;
1926 574 2008 620 aut

2109 572 2268 642 μεθα,
2325 575 2418 626 καὶ
2461 573 2562 625 ούκ
2605 572 2802 648 ἔχομεν
2830 573 3020 644 γυμνῴ
3066 573 3148 644 τῷ
3175 574 3253 628 νοῒ
3299 578 3527 646 γυμνοῖς
3581 580 3695 641 τοῖς

449 675 599 721 certe
632 681 735 720 non
779 666 896 720 sine
931 662 1196 725 sensibus,
1233 660 1431 726 quibus
1473 659 1710 726 undique
1745 657 2014 725 iactamur

449 767 503 811 et
537 759 588 811 in
624 770 862 812 errorem
917 753 1302 823 pertrahimur,
1336 765 1436 804 nec
1476 751 1617 804 nuda
1671 759 1848 804 mente
1891 764 2013 803 cum

446 846 605 901 nudis
630 847 786 900 rebus
813 842 1040 904 versari,
1067 851 1228 909 atque
1261 841 1383 893 inde
1401 840 1464 893 ad
1492 842 1773 894 veritatem
1796 839 2014 908 propius

446 935 724 999 accedere,
751 934 1018 1001 rebusque
1045 917 1310 1001 peiceptis
1339 945 1404 986 ac
1429 930 1835 999 comprehensis
1867 944 2014 982 men-

446 1037 553 1082 tem
587 1025 880 1080 informare
921 1040 1227 1095 possumus.
1261 1023 1397 1078 Tum
1428 1038 1556 1077 vero
1584 1021 1881 1090 disputatio
1928 1034 2014 1085 ea,

445 1134 562 1189 qua:
598 1119 662 1172 de
702 1117 808 1172 Deo
860 1117 1175 1184 suscipitur,
1209 1130 1316 1183 quo
1357 1113 1678 1183 perfectior,
1706 1127 1770 1165 co
1797 1124 2013 1181 quoque

443 1209 711 1264 difﬁcilior
748 1218 849 1272 cst,
885 1208 1233 1276 pluribusque
1279 1204 1728 1273 obiectationibus
1765 1210 1928 1271 patet,
1960 1200 2012 1254 in

444 1303 617 1370 iisque
649 1300 914 1354 diluendis
939 1315 999 1353 ac
1024 1296 1515 1365 dissolventlisplus
1547 1296 1742 1364 negotii
1768 1292 2010 1347 facessit.

441 1393 584 1447 Nihil
614 1394 756 1446 enim
779 1403 884 1444 tant
907 1392 1036 1443 leris
1059 1389 1343 1457 exiguique
1374 1388 1623 1456 ponderis
1649 1386 1800 1440 nobis
1827 1385 2015 1439 adver-

441 1485 545 1538 sari
576 1495 767 1552 potest,
794 1483 1050 1549 quodnon
1066 1479 1441 1548 disputationis
1459 1492 1676 1531 cursum
1713 1477 1996 1530 interrum-

435 1586 544 1644 ,μοι
606 1587 767 1643 atque
875 1573 1229 1640 comprimat,
1293 1569 1660 1637 impediatque
1719 1568 2010 1635 quominus

441 1669 578 1719 ultra
631 1663 1057 1733 progrediamur.
1110 1660 1565 1727 Quemadmodum
1600 1659 1690 1727 qui
1741 1673 1908 1725 equos
1943 1656 2010 1710 ad

440 1772 656 1811 cursum
710 1755 958 1808 incitatos
1007 1761 1222 1819 repente
1266 1750 1415 1803 freno
1465 1749 1861 1812 rctrahunt,ac
1919 1761 2014 1814 pcr

445 1845 780 1915 inopinatam
806 1853 858 1898 et
900 1843 1231 1912 repentinam
1287 1841 1656 1896 excussionem
1719 1848 2010 1893 retrorsum

441 1947 627 2008 agunt.
687 1937 780 1992 Sic
828 1936 1080 1990 nimirum
1135 1933 1412 1996 Salmnon,
1449 1934 1537 2001 qtti
1586 1933 1853 1995 munibus,
1889 1944 2009 1984 cum

442 2044 578 2092 sua},
616 2037 724 2080 tum
760 2027 1056 2094 superioris
1083 2026 1354 2079 memoriae
1391 2023 1696 2076 hominibus
1733 2020 2010 2090 sapientiae

443 2122 601 2175 laude
647 2119 895 2188 praestitit
933 2127 976 2182 ι,
1027 2128 1081 2171 et
1132 2117 1314 2170 cordis
1353 2116 1684 2169 latitudinem
1731 2113 1822 2167 Dei
1852 2114 2011 2166 bene-

441 2212 564 2265 ficio
851 2209 1098 2278 accepit,
1163 2224 1227 2260 ac
1291 2216 1490 2260 tantam
1543 2204 2013 2274 cot‘ttemplationis

439 2304 647 2372 capiam
673 2309 727 2356 et
761 2303 1063 2355 ubertatem
1100 2308 1149 2361 ²,
1181 2309 1236 2352 nt.
1267 2315 1443 2352 arente
1475 2306 1754 2354 numerum
1780 2297 2013 2350 excede-

442 2405 542 2456 ret,
583 2410 689 2462 quo
733 2394 896 2446 altius
945 2392 997 2444 itt
1048 2392 1145 2444 has
1177 2389 1568 2460 profunditates
1607 2397 1872 2457 penetrat.
1907 2387 2009 2439 hoc

443 2483 614 2551 magis
642 2491 856 2544 :L-stuat,
891 2496 952 2534 ac
982 2483 1138 2534 linem
1171 2481 1455 2548 quemdam
1485 2478 1758 2546 sapientia:
1801 2476 2002 2529 consti-

442 2574 562 2636 tuit,
601 2573 852 2625 nimirum
905 2573 1046 2639 quod
1099 2569 1413 2630 invenisset,
1473 2577 1730 2635 quantum
1777 2581 1837 2621 ea
1881 2582 1910 2618 a
1947 2581 2006 2620 se

443 2664 651 2733 fugeret
694 2664 736 2716 ³.
769 2663 1048 2715 Consiutili
1101 2675 1316 2730 quoque
1351 2659 1508 2712 modo
1540 2658 1756 2720 Paulus,
1793 2674 1897 2712 non
1925 2658 2004 2711 di-

441 2772 559 2808 cam
591 2754 683 2807 Dt-i
715 2764 985 2814 naturam,
1018 2755 1116 2806 hoc
1143 2753 1284 2806 enim
1313 2767 1531 2819 prorsus
1550 2766 1709 2818 supra
1741 2750 2005 2802 humanas

443 2848 585 2901 vires
609 2862 728 2899 esse
759 2855 1098 2914 perspectum
1126 2844 1376 2909 habebat,
1417 2844 1508 2896 sed
1543 2841 1632 2894 Dei
1665 2841 1837 2895 solum
1861 2840 2004 2905 judi-

442 2939 523 2990 eia
555 2937 860 3006 cognitione
895 2936 1103 3005 assequi
1131 2945 1375 2988 conatur.
1406 2934 1666 2999 Quoniam
1696 2943 1873 2985 autem
1908 2945 2004 2984 nec

441 3030 645 3082 exitum
680 3028 868 3092 ullum,
901 3041 998 3081 nec
1035 3042 1142 3095 quo
1173 3040 1453 3080 ascensum
1483 3025 1642 3093 tigerc
1671 3039 1733 3076 ac
1762 3022 2008 3077 stabilire

2106 664 2425 734 πράγμασιν
2478 663 2922 732 ἐντυγχάνοντες.
2963 664 3165 734 μᾶλλον
3195 684 3248 719 τι
3289 668 3574 738 προσιέναι
3622 673 3693 740 τῇ

2105 754 2352 824 ἀληθείᾳ,
2383 757 2474 808 καὶ
2508 757 2599 809 τὸν
2637 755 2762 807 νοῦν
2802 755 3103 810 τυποῦσθαι
3133 761 3252 821 ταῖς
3305 760 3696 829 καταλήψεσιν.

2116 845 2174 898 ὐ
2196 845 2251 898 δὲ
2283 847 2408 916 περὶ
2433 845 2567 898 Θεοῦ
2595 846 2772 914 λόγος,
2799 846 2908 916 ὅσῳ
2933 847 3280 918 τελεώτερος,
3306 850 3546 921 τοσούτῳ
3567 852 3701 903 δυσ-

2105 936 2470 1006 εφικτὸτερος,
2522 937 2617 989 καὶ
2669 935 2887 1000 πλείους
2947 938 3044 1000 τὰς
3077 939 3395 1009 ἀντιλήψεις
3434 941 3571 1010 ἔχων
3601 943 3701 994 καὶ

2102 1025 2203 1087 τὰς
2249 1023 2430 1088 λύσεις
2467 1027 2896 1099 ὲργωδεστέρας.
2929 1029 3047 1081 Πᾶν
3068 1029 3178 1100 γὰρ
3205 1030 3265 1083 τὸ
3316 1032 3695 1102 ἐνιστάμενον.

2105 1115 2210 1169 κᾶν
2256 1117 2592 1187 βραχύτατον
2616 1115 2670 1191 ᾖ,
2710 1120 2802 1172 τὸν
2824 1119 2918 1172 τοῦ
2963 1121 3122 1188 λόγου
3145 1123 3342 1193 δρόμον
3372 1125 3567 1194 ἐπέσχε
3599 1126 3698 1177 καὶ

2105 1207 2421 1271 διεκώλυσε,
2456 1210 2552 1262 καὶ
2603 1210 2703 1280 τὴν
2733 1212 2812 1274 είς
2858 1211 2920 1264 τὸ
2974 1213 3162 1284 πρόσω
3204 1215 3380 1284 φοράν
3420 1216 3694 1285 διέκοψεν·

2104 1297 2292 1369 ὥσπερ
2323 1300 2371 1350 oi
2399 1301 2525 1362 τοὺς
2571 1301 2771 1366 ἵππους
2801 1305 2912 1367 τοῖς
2961 1305 3220 1375 ῥυτῆρσιν
3265 1305 3476 1376 ἀθρόως
3503 1307 3698 1376 μεθέλ-

2103 1407 2302 1454 κοντες
2355 1392 2708 1462 φερομένους,
2749 1395 2842 1448 καὶ
2889 1395 2967 1464 τῷ
3015 1396 3262 1467 ἀδοκήτῳ
3301 1396 3393 1450 τοῦ
3422 1399 3693 1470 τιναγμοῦ

2104 1481 2546 1553 περιτρέποντες.
2578 1483 2734 1538 Οὕτω
2763 1485 3018 1556 Σολομὼν
3053 1488 3151 1556 μὲν
3187 1484 3216 1539 ὁ
3291 1503 3298 1508 ·
3395 1490 3695 1560 σοφισάμε-

2102 1591 2190 1637 νος
2217 1573 2472 1638 περισσά,
2512 1575 2650 1644 ὑπὲρ
2678 1575 2890 1639 πάντας
2957 1578 3085 1640 τοὺς
3111 1578 3437 1648 γενομένους
3477 1581 3694 1652 ἔμπρο-

2105 1663 2251 1726 σθεν,
2275 1664 2365 1716 καὶ
2390 1663 2509 1716 καθ’
2533 1665 2746 1728 ἑαυτὸν,
2772 1660 2816 1733 ᾧ
2838 1667 2898 1718 τὸ
2928 1667 3026 1737 τῆς
3049 1668 3274 1738 καρδίας
3289 1669 3488 1733 πλάτος
3516 1671 3695 1742 δῶρον

2105 1752 2262 1817 Θεοῦ,
2296 1754 2388 1804 καὶ
2412 1756 2444 1822 ή
2477 1753 2706 1825 ψάμμου
2735 1756 3095 1828 δαψιλεστέρα
3121 1758 3275 1828 χύσις
3305 1759 3405 1829 τῆς
3430 1759 3689 1833 Θεωρίας,

2110 1850 2222 1919 ὅσῳ
2262 1848 2424 1901 πλέον
2458 1849 2749 1919 ἐμϐατεύει
2804 1853 2915 1914 τοῖς
2975 1851 3184 1920 βάθεσι,
3227 1854 3464 1925 τοσούτῳ
3521 1856 3692 1910 πλέον

2109 1943 2330 2016 ἰλιγγιᾷ,
2382 1947 2474 1998 καὶ
2510 1943 2660 2005 τέλος
2691 1961 2741 1996 τι
2777 1947 3012 1996 ποιεῖται
3091 1947 3281 2014 σοφίας
3329 1951 3507 2022 εὑρεῖν
3559 1952 3690 2004 ὅσον

2105 2034 2357 2116 διέφυγεν
2383 2054 2396 2069 ο
2591 2035 2801 2097 Παῦλος
2857 2035 2914 2088 δὲ
2965 2041 3217 2108 πειρᾶται
3253 2042 3350 2109 μὲν
3376 2043 3686 2110 ἐφικέσθαι,

2106 2128 2258 2180 οὔπω
2316 2127 2458 2195 λέγω
2505 2129 2602 2198 τῆς
2642 2126 2736 2179 τοῦ
2768 2126 2902 2180 Θεοῦ
2941 2128 3175 2197 φύσεως,
3219 2131 3376 2184 τοῦτο
3403 2133 3511 2203 γάρ
3566 2134 3690 2204 ᾔδει

2109 2219 2386 2281 παντελῶς
2436 2218 2696 2272 ἀδύνατον
2735 2217 2818 2284 ὂν,
2861 2219 2998 2272 ἀλλὰ
3056 2221 3214 2288 μόνον
3267 2222 3375 2275 τῶν
3407 2223 3500 2275 τοῦ
3548 2224 3694 2276 Θεοῦ

2108 2311 2411 2381 χριμάτων.
2451 2310 2603 2362 Ἐπεὶ
2628 2309 2684 2363 δὲ
2707 2311 2804 2379 οὐχ
2842 2311 3081 2381 εὑρίσκει
3113 2312 3364 2379 διέξοδον,
3416 2315 3533 2367 οὐδὲ
3563 2315 3696 2368 στά-

2111 2417 2194 2453 σιν
2217 2399 2315 2467 τῆς
2355 2399 2692 2462 ἀναϐάσεως,
2728 2399 2848 2452 οὐδὲ
2876 2398 2957 2463 εἷς
2986 2417 3038 2452 τι
3224 2404 3456 2473 φανερὸν
3500 2405 3695 2457 τελευ-

2110 2493 2181 2560 τᾷ
2219 2491 2391 2561 πέρας
2432 2491 2464 2559 ἡ
2494 2488 2992 2562 πολυπραγμοσύνη
3013 2493 3108 2562 τῆς
3136 2493 3391 2559 διανοίας,
3418 2495 3502 2548 ἀεί
3542 2513 3697 2559 τινος

2111 2584 2544 2654 ὑποφαινομένου
2577 2584 2670 2637 τοῦ
2723 2585 3020 2647 λείποντος·
3049 2585 3095 2636 ὣ
3142 2587 3235 2638 τοῦ
3261 2586 3533 2658 θαύματος
3579 2590 3697 2659 (ἵνα

2111 2675 2204 2727 καὶ
2251 2675 2412 2737 αὐτὸς
2447 2673 2602 2727 πάθω
2625 2675 2686 2727 17‘)
2733 2675 2894 2743 i'a'ovH
2931 2674 3195 2745 ὲμπλήξει
3221 2679 3550 2749 περιγράφει
3597 2680 3699 2732 τὸν

2110 2763 2286 2830 λόγον,
2319 2764 2411 2816 καὶ
2438 2763 2662 2816 πλοῦτον
2691 2765 2848 2828 Θεοῦ,
2879 2767 2972 2817 καὶ
3006 2766 3166 2835 βάθος
3184 2769 3247 2820 τὸ
3277 2770 3484 2823 τοιοῦτο
3510 2771 3695 2836 καλεῖ,

2111 2856 2203 2906 καὶ
2231 2855 2482 2925 ὁμολογεῖ
2509 2855 2616 2908 τῶν
2636 2855 2730 2908 τοῦ
2747 2856 2881 2910 Θεοῦ
2902 2859 3184 2929 χριμάτων
3207 2860 3266 2912 τὸ
3282 2860 3697 2933 ἀκατάληπτον,

2115 2946 2396 3015 μονονουχὶ
2427 2945 2493 2998 τὰ
2519 2945 2658 2998 αὐτὰ
2695 2946 2772 3015 τῷ
2798 2949 2962 2999 Δαὸὶδ
2993 2950 3383 3019 φθεγγόμενος,
3412 2953 3537 3004 ποτε
3591 2955 3699 3024 μὲν

2111 3033 2347 3087 ἄϐυσσον
2377 3034 2577 3105 πολλὴν
2599 3034 2918 3105 ὀνομάζοντι
2950 3039 3019 3091 τά
3040 3039 3135 3091 τοῦ
3157 3041 3290 3093 Θεοῦ
3335 3042 3597 3110 κρίματα,
3622 3041 3700 3115 ς

441 3129 645 3188 posset,
684 3118 1009 3187 reperiebat,
1053 3132 1150 3171 nec
1193 3117 1479 3187 perspicuo
1513 3115 1620 3169 ullo
1661 3113 1766 3168 line
1789 3113 2003 3168 curiosa

2111 3124 2210 3176 οὐκ
2238 3123 2350 3175 ἔστι
2376 3122 2474 3192 τὴν
2502 3123 2665 3193 ἕδραν
2689 3123 2721 3193 ἢ
2756 3123 2940 3195 μέτρῳ
2973 3124 3004 3193 ἢ
3044 3125 3292 3196 αἰσθήσει
3319 3127 3526 3191 λαϐεῖν,
3559 3113 3697 3184 ποτὲ

442 3211 614 3278 ipsius
641 3210 804 3263 animi
831 3209 1186 3278 perscrutatio
1235 3208 1607 3271 claudebatur,
1640 3205 1783 3274 quod
1816 3203 2006 3258 videli-

441 3311 532 3355 cet
557 3300 786 3355 subinde
815 3315 1030 3368 semper
1054 3298 1256 3366 aliquid
1287 3297 1476 3366 reliqui
1499 3312 1620 3351 esse
1647 3299 2002 3367 perspiceret:

444 3407 476 3445 o
503 3407 616 3446 rem
645 3393 836 3446 miram
859 3405 922 3445 ac
951 3390 1295 3458 stupendatn!
1337 3388 1417 3458 (ut
1435 3389 1550 3458 ipse
1578 3403 1788 3457 quoque.
1820 3388 2004 3443 eodem

448 3482 642 3536 affectu
693 3481 1061 3549 eommovear)
1135 3479 1437 3534 orationem
1497 3480 1851 3534 admiratione
1901 3481 2010 3535 cir-

2111 3213 2166 3266 δὲ
2211 3211 2703 3282 τεθαυμαστῶσθαι
2761 3213 2858 3283 τήν
2929 3216 3130 3282 γνῶσιν
3179 3216 3240 3280 ἐξ
3306 3218 3498 3271 ἑαυτοῦ
3523 3258 3538 3280 ,
3596 3222 3700 3273 καὶ

2111 3304 2210 3374 τῆς
2275 3304 2495 3386 ἑαυτοῦ.
2527 3303 2842 3368 συστάσεως
3011 3377 3014 3381 γ
3076 3307 3306 3375 λέγοντι,
3349 3311 3700 3380 κεκραταιῶ-

2115 3395 2238 3451 σθαί
2271 3415 2330 3450 τε
2383 3397 2543 3450 πλέον
2589 3396 2622 3467 ἦ
2659 3397 2799 3450 κατὰ
2812 3397 2912 3468 τὴν
2942 3399 3134 3451 ἑαυτοῦ
3159 3399 3384 3469 δύναμιν
3414 3403 3504 3454 καὶ
3529 3403 3695 3472 περί-

2112 3487 2314 3558 δραξιν.

449 3568 785 3633 cumscribit,
833 3567 990 3636 idque
1018 3568 1112 3624 Dci
1139 3584 1268 3637 Opes
1298 3585 1361 3625 ac
1397 3572 1718 3640 profundum
1745 3573 2008 3642 appellat,:

2108 3573 2194 3626 Dei
2245 3569 2441 3639 judicia
2477 3568 2677 3623 nullius
2725 3567 2940 3637 ingenio
2982 3567 3182 3636 percipi
3216 3575 3270 3623 et
3307 3569 3699 3635 comprehendi

450 3674 608 3729 posse
668 3660 897 3729 ingenue
959 3660 1156 3716 fatetur
1195 3663 1238 3726 δ,
1302 3663 1492 3719 iisdem
1549 3665 1931 3734 propemodum
1961 3665 2140 3721 verbis
2165 3679 2288 3718 cum
2321 3661 2722 3724 Davideutens,
2747 3659 2835 3728 qui
2861 3672 3002 3711 nunc
3054 3657 3252 3724 judicia
3311 3657 3403 3711 Dei
3433 3658 3698 3726 abyssum

443 3760 666 3814 multam
709 3769 864 3815 vocat
899 3763 943 3826 ',
978 3759 1132 3828 cujus
1161 3758 1406 3825 fundum,
1444 3757 1543 3816 nec
1597 3773 1872 3823 mensura.
1917 3775 2016 3814 nec
2060 3775 2220 3814 sensu
2250 3758 2368 3827 capi
2395 3765 2590 3826 queat;
2625 3769 2769 3808 nunc
2806 3753 3103 3807 mirabilem
3128 3751 3325 3806 factam
3351 3765 3467 3804 esse
3503 3750 3695 3803 scien-

443 3849 568 3905 tiam
622 3865 688 3904 ex
735 3851 911 3921 seipso
967 3850 1161 3921 suique
1207 3851 1376 3922 ipsius
1431 3853 1816 3908 constitutione
1851 3852 2164 3923 pronuntiat
2202 3857 2243 3913 ⁸,
2287 3859 2453 3919 atque
2482 3848 2618 3904 adeo
2658 3846 2956 3913 robustam,
2990 3854 3050 3898 ut
3080 3843 3286 3899 viribus
3317 3840 3516 3898 nostris
3557 3854 3692 3896 eam

440 3955 634 4010 capere
667 3949 720 3996 et
753 3943 1034 4013 complecti
1068 3958 1413 4012 nequeamus.
2034 3975 2058 3994 ν
2476 4008 2488 4018 ε

732 4032 802 4086 Ut
847 4033 990 4088 enim
1032 4035 1194 4088 missa
1224 4035 1326 4088 alia
1367 4035 1596 4097 faciens,
1652 4033 1845 4102 inquit,
1899 4044 2008 4084 me-

2341 4030 2456 4086 ’ῐνα
2497 4029 2606 4100 γὰρ
2661 4027 2828 4083 τᾶλλα
2870 4026 3057 4089 ὲάσας,
3081 4025 3237 4094 φησὶ,
3268 4024 3406 4092 πρὸς
3451 4022 3693 4092 ἐμαυτὸν

442 4121 621 4189 ipsum
649 4134 971 4189 omnemque
1010 4122 1302 4176 humanam
1352 4133 1595 4176 naturam
1619 4133 1676 4177 et
1697 4136 2008 4191 compagem

2114 4122 2314 4194 βλέψω,
2343 4122 2434 4175 καὶ
2478 4121 2657 4174 πᾶσαν
2700 4119 2798 4190 τὴν
2834 4116 3182 4189 ἀνθρωπίνην
3233 4114 3394 4194 φύσιν
3420 4113 3514 4167 καὶ
3551 4113 3692 4183 σύμ-

441 4212 676 4273 intuear,
706 4223 826 4276 qua:
871 4212 985 4264 haec
1022 4211 1204 4265 mistio
1242 4222 1421 4266 nostra
1457 4213 1578 4265 est?
1627 4213 1758 4278 Quis
1796 4189 2008 4268 motus!

2113 4189 2276 4284 πηξιν
2300 4250 2318 4280 ,
2456 4211 2542 4274 τίς
2573 4213 2607 4281 ή
2641 4189 2786 4280 μίξις
2805 4208 3110 4280 ήμῶνςΤίς
3203 4189 3451 4278 κίνησιςς
3482 4206 3607 4267 Πῶς
3627 4205 3692 4257 τὸ

441 4298 724 4366 Quomodo
747 4299 798 4353 id
818 4301 960 4368 quod
993 4300 1295 4355 immortale
1323 4311 1425 4366 est,
1455 4317 1575 4356 cum
1604 4303 1815 4358 mortali
1847 4319 2010 4373 copu-

443 4390 608 4443 latum
639 4388 760 4442 est?
792 4388 1072 4455 Quomodo
1112 4391 1363 4446 deorsum
1393 4392 1519 4459 nuo,
1565 4404 1622 4447 et
1665 4409 1878 4449 sursum
1929 4393 2009 4448 fe-

441 4479 568 4534 ror?
611 4479 894 4545 Quomodo
931 4481 1112 4534 anima
1212 4476 1641 4539 circumfertur?

440 4565 607 4619 vitam
658 4565 986 4633 itnpertitur,
1031 4577 1084 4622 et
1115 4567 1405 4624 affectuum
1433 4573 1493 4625 fit
1534 4573 2011 4643 particeps?Quo-

443 4653 604 4709 modo
645 4669 798 4710 mens
848 4655 1009 4710 simul
1055 4669 1109 4711 ct
1160 4659 1573 4730 circumscripta
1625 4673 1806 4728 est,ct
1850 4664 2010 4718 nullis

442 4745 689 4800 terminis
728 4744 957 4812 inclusa,
989 4749 1040 4801 in
1087 4749 1242 4803 nobis
1286 4761 1484 4814 manet,
1518 4759 1572 4805 et
1601 4761 1780 4808 motus
1815 4752 2006 4808 fluxio-

443 4835 636 4904 nisque
667 4836 945 4892 celeritate
993 4841 1174 4894 omnia
1209 4841 1532 4908 perlustrat?
1581 4844 1858 4908 Quomodo
1896 4861 2010 4901 scr-

441 4928 622 4981 monis
650 4925 813 4998 opera
862 4932 1156 5000 percipitur
1183 4932 1438 4997 vicissim,
1472 4944 1527 4988 ct
1551 4936 2006 5003 communicatur,

437 5033 507 5071 ac
539 5033 636 5087 per
659 5033 838 5075 acrem
870 5032 1171 5090 grassatur,
1205 5033 1259 5078 et
1293 5039 1416 5078 cum
1468 5025 1629 5081 rebus
1664 5026 1795 5094 ipsis
1827 5026 2006 5096 ingre-

443 5109 924 5177 dituriQuomodo
971 5128 1092 5168 cum
1147 5115 1398 5172 sensibus
1432 5119 1878 5174 consuetudinem
1912 5121 2009 5174 ha-

443 5200 552 5264 bet,
599 5216 663 5256 ac
705 5219 894 5260 rursus
943 5206 1168 5260 seorsim
1223 5221 1253 5260 a
1297 5207 1550 5264 sensibus
1593 5223 1714 5266 sese
1771 5212 2009 5284 colligit?

441 5288 635 5360 Atque,
686 5303 742 5346 ut
767 5309 888 5365 quae
927 5296 1106 5365 priora
1146 5309 1271 5351 sunt
1330 5297 1529 5364 dicam,
1556 5316 1672 5371 qua:
1700 5303 1869 5372 prima
1909 5320 2006 5360 no-

441 5383 536 5436 stri
570 5383 765 5439 eﬂictio
797 5395 852 5440 et
897 5387 1215 5444 constitutio
1262 5389 1314 5443 in
1369 5400 1577 5447 natura:
1603 5392 1847 5449 officina?
1880 5397 2008 5463 Quae

441 5471 602 5526 etiam
635 5485 908 5543 postrema
965 5477 1216 5535 formatio
1268 5496 1330 5536 ac
1382 5482 1681 5551 perfecno?
1722 5485 1852 5552 Qua:
1901 5487 2006 5542 cibi

496 5635 512 5664 ’
555 5633 619 5688 111
653 5635 786 5703 Reg.
823 5652 903 5696 ιιι,
935 5641 1024 5696 12.

1135 5642 1156 5674 ³
1189 5638 1234 5696 11
1277 5639 1400 5696 Par.
1434 5652 1474 5709 ι,
1511 5643 1596 5698 l2.

418 5705 446 5735 ‘
475 5701 620 5759 Psal.
663 5701 923 5768 cxxxvm,
943 5709 994 5759 6.

1709 5644 1730 5677 ³
1773 5645 1954 5702 Eccle.
1988 5661 2081 5711 \‘ll,
2113 5646 2218 5711 ‘24;
2259 5661 2398 5724 γιιιη
2423 5647 2506 5701 17.

2111 4303 2378 4356 ἀθάνατον
2403 4299 2484 4370 τῷ
2509 4299 2691 4370 θνητῷ
2715 4299 3061 4370 συνεκράθη;
3095 4297 3219 4362 Πῶς
3245 4296 3398 4350 κάτω
3429 4297 3558 4366 pit»,
3593 4293 3691 4349 καὶ

2109 4396 2222 4448 ἄνω
2269 4395 2540 4465 φέρομαι;
2597 4392 2724 4456 Πῶς
2752 4393 2900 4463 ψυχὴ
2979 4391 3369 4462 περιφέρεταις
3570 4387 3692 4451 πῶς

1728 4485 2008 4552 Quomodo
2038 4487 2079 4541 D
2110 4485 2254 4556 ζωήν
2282 4484 2484 4547 δίδωσι,
2519 4485 2616 4536 καὶ
2650 4483 2859 4546 πάθους
2888 4481 3331 4552 μεταλαμϐάνει;
3363 4479 3487 4541 Πῶς
3514 4479 3542 4530 ὀ
3563 4477 3692 4542 νοῦς

2110 4575 2203 4627 καὶ
2231 4574 2605 4645 περιγραπτὸς
2633 4574 2728 4626 καὶ
2747 4573 2998 4644 ἀόριστος
3015 4611 3031 4639 ,
3150 4572 3218 4627 »ὲν
3231 4572 3361 4641 ἡμῖν
3382 4569 3576 4641 μένων,
3595 4567 3690 4622 καλ

2109 4669 2285 4723 πάντα
2307 4667 2578 4739 ἐφοδεύων
2616 4670 2770 4738 τάχει
2797 4669 2970 4740 φορᾶς
2998 4668 3090 4720 καὶ
3118 4665 3354 4737 ρεύσεως
3381 4683 3398 4733 ;
3563 4663 3692 4726 Πῶς³

2112 4759 2591 4831 μεταλαμϐάνεται
2619 4759 2762 4829 λόγῳ
2791 4760 2886 4812 καὶ
2915 4757 3278 4829 μεταδίδοται,
3309 4754 3404 4808 καὶ
3431 4753 3497 4806 δι’
3527 4753 3693 4824 ἀέρος

2108 4855 2294 4923 χωρεῖ.
2346 4851 2440 4903 καὶ
2489 4849 2628 4920 μετὰ
2655 4850 2766 4904 τῶν
2795 4850 3138 4921 πραγμάτων
3173 4846 3514 4918 εἰσέρχεται;
3563 4843 3692 4906 Πῶς

2108 4941 2358 5012 αἰσθήσει
2403 4943 2670 5012 κοινωνεῖ,
2701 4942 2795 4995 καὶ
2824 4939 3175 4994 συστέλλεται
3216 4937 3326 4992 ἀπὸ
3353 4936 3461 4990 τῶν
3491 4935 3692 5004 αἰσθή-

2109 5050 2278 5098 σεων;
2333 5033 2441 5085 Καὶ
2491 5033 2570 5089 ἔτι
2618 5034 2725 5104 πρδ
2774 5033 3000 5097 τούτων,
3038 5033 3122 5096 τίς
3170 5033 3203 5102 ἡ
3247 5029 3435 5102 πρώτη
3492 5028 3691 5090 πλάσις

2107 5123 2284 5196 ἡμῶν.
2339 5126 2432 5178 καὶ
2482 5125 2738 5189 σύστασις
2796 5126 2855 5177 ὲν
2907 5124 2984 5194 τῷ
3019 5124 3121 5195 τῆς
3174 5123 3388 5192 φύσεως
3420 5122 3690 5190 ἐργαστη-

2111 5215 2211 5287 ρίῳ
2235 5239 2250 5290 ;
2419 5201 2536 5271 Καί
2557 5217 2642 5281 τίς
2667 5219 2700 5288 ή
2725 5216 3004 5271 τελευταία
3042 5217 3321 5287 μόρφωσις
3349 5214 3443 5268 καὶ
3469 5213 3688 5266 τελείω-

2111 5325 2232 5373 σις;
2259 5307 2354 5373 Τίς
2399 5310 2562 5380 ή-ιτῆς
2593 5311 2800 5381 τροφῆς
2822 5309 3005 5379 ἔφεσις
3035 5309 3127 5363 καὶ
3160 5308 3426 5370 διάδοσις;
3457 5306 3569 5360 Καὶ
3605 5305 3688 5368 τίς

2112 5401 2317 5471 ήγαγεν
2344 5402 2436 5455 ἐπὶ
2456 5401 2555 5464 τάς
2584 5401 2803 5474 πρώτας
2831 5400 3010 5473 πηγὰς
3035 5442 3051 5468 ,
3096 5440 3104 5446 .
3187 5399 3385 5453 καὶτοῦ
3404 5398 3686 5470 ζῇνάφορ-

2114 5494 2220 5561 μὰς
2236 5493 2556 5565 αὐτομάτως
2575 5495 2728 5560 ;Πῶς
2759 5493 2946 5558 σιτίοις
2978 5493 3076 5563 μὲν
3100 5489 3435 5563 σῶμα,λὸγῳ
3463 5491 3520 5543 δὲ
3540 5488 3684 5559 ψυχή

2614 5647 2636 5680 ⁸
2667 5646 2825 5705 Rom.
2861 5665 2939 5719 ιι,
2974 5649 3065 5708 55.
3177 5650 3198 5684 ⁸
3224 5650 3367 5706 Psal.
3405 5666 3570 5718 xxxv,
3605 5650 3659 5703 7.
