4026 6212
273 404 357 470 173

1217 400 1600 466 PANOPLIA
1640 404 2102 469 DOGMA'II‘CA.
2134 431 2201 442 -·
2230 405 2378 470 ΤΙΤ.
2423 404 2519 467 ιν.
2628 472 2635 475 ,

3282 390 3301 409 ⁷
3386 403 3491 469 17$

280 508 554 579 τρέφεταις
597 506 696 571 Τίς
724 507 758 578 ή
799 507 901 579 τῆς
930 506 1148 578 φύσεως
1184 506 1341 580 ὁλκὴ,
1372 510 1468 565 καὶ
1490 508 1625 583 πρὸς
1640 508 1821 582 sunt:

1919 509 2176 579 appetitio
2208 524 2273 567 ac
2303 511 2650 568 distributio?
2673 510 2803 580 Quis
2827 527 2928 571 nos
2955 523 3144 585 sponte
3182 516 3250 572 ad
3282 519 3484 587 primus

282 598 454 669 σχέσις
504 600 623 662 τοῖς
657 598 890 666 γεννῶσι
928 599 1024 653 καί
1067 600 1181 662 τοῖς
1225 598 1603 670 γεννωμένοις,
1635 600 1722 654 ἵνα
1763 599 1843 670 τῷ

277 692 466 763 φίλτρῳ
495 691 818 762 συνέχηταις
866 691 989 754 Πῶς
1023 692 1291 761 ἑστηκότα
1341 708 1400 745 τε
1457 690 1527 746 τὰ
1559 692 1691 763 εἴδη,
1751 691 1840 746 καὶ

276 784 369 846 τοῖς
394 781 747 853 χαρακτῆρσι
780 781 1124 851 διεστηκότα,
1156 776 1233 838 ὧν
1266 782 1534 837 τοσούτων
1560 784 1752 849 ὄντων,
1784 785 1841 836 at

277 874 522 945 ἰδιότητες
550 871 867 942 ἀνέφικτοι;
903 872 1028 937 Πῶς
1059 872 1122 926 τὸ
1171 873 1306 928 αὐτὸ
1350 873 1487 937 ζῶον
1521 873 1714 945 θνητὸν
1747 874 1842 927 καὶ

272 964 545 1027 ἀθάνατον,
578 964 639 1017 τὸ
669 964 770 1034 μὲν
799 966 867 1036 τῇ
895 964 1263 1035 μεταστάσει,
1430 964 1494 1020 τὸ
1527 964 1585 1019 δὲ
1620 967 1687 1036 τῇ
1718 982 1841 1034 γεν-

269 1058 435 1128 νήσει;
460 1055 536 1109 Τὸ
560 1055 660 1127 μὲν
675 1054 785 1128 γὰρ
803 1054 1095 1125 ὑπεξῆλθε,
1109 1056 1172 1110 τὸ
1190 1057 1246 1110 δὲ
1263 1055 1631 1127 ἀπεισῆλθεν,
1650 1055 1840 1126 ὥσπερ

266 1148 314 1200 ιν
334 1146 484 1218 ὁλκῷ
512 1145 762 1218 ποταμοῦ
818 1145 893 1218 μὴ
919 1145 1154 1212 ἑστῶτος
1191 1148 1286 1203 καὶ
1325 1146 1596 1218 μένοντος.
1660 1145 1839 1201 Πολλά

265 1236 304 1291 δ’
345 1238 417 1292 ἂν
448 1238 532 1292 ἔτι
584 1238 974 1309 φιλοσοφήσαις
1140 1238 1268 1310 περὶ
1298 1236 1476 1308 μελῶν
1506 1238 1600 1293 καὶ
1630 1238 1833 1308 μερῶν,

265 1330 461 1400 καὶτῆς
485 1329 624 1400 πρὸς
633 1328 837 1399 ἀλληλα
854 1327 1064 1383 τούτων
1083 1328 1469 1400 εὐαρμοστίας,
1489 1326 1625 1399 πρὸς
1645 1327 1835 1398 χρείαν

261 1435 310 1472 τε
338 1418 481 1491 ὁμοῦ
533 1419 629 1475 καὶ
659 1419 855 1484 κάλλος
904 1417 1255 1474 συνεστώτων
1295 1435 1355 1472 τε
1389 1418 1485 1474 καί⁹
1508 1416 1830 1481 διεστώτων,

263 1510 598 1582 προεχόντων
641 1527 703 1563 τε
731 1510 826 1564 καὶ
854 1511 1258 1582 προεχομένων,
1294 1509 1597 1581 ἑνουμένων
1642 1525 1701 1562 τε
1736 1507 1832 1562 καὶ

264 1601 610 1673 σχιζομένων,
634 1601 998 1673 περιεχόντων
1031 1617 1091 1654 τε
1123 1601 1219 1659 καὶ
1252 1598 1656 1672 περιεχομένων
1680 1597 1829 1667 νόμῳ

259 1693 340 1746 καὶ
367 1692 509 1761 λόγῳ
540 1690 779 1762 φύσεως.
801 1689 974 1745 Πολλά
1000 1689 1130 1761 περὶ
1145 1689 1338 1758 φωνῶν
1361 1688 1455 1742 καὶ
1481 1686 1679 1741 ἀκοῶν·
1709 1685 1827 1749 πῶς

260 1783 307 1836 αἱ
333 1782 434 1852 μὲν
467 1781 723 1853 φέρονται
752 1779 841 1835 διὰ
867 1781 976 1834 τῶν
1018 1778 1337 1851 φωνητικῶν
1367 1777 1633 1853 ὀργάνων,
1664 1778 1721 1830 αἱ
1768 1776 1826 1830 δὲ

259 1870 632 1943 ὑποδέχονται,
812 1868 902 1937 διᾲ
921 1870 1019 1942 τῆς
1045 1872 1103 1925 ὲν
1123 1870 1274 1942 μέσῳ
1303 1868 1397 1924 τοῦ
1425 1868 1584 1939 ἀέρος
1611 1866 1824 1939 πληγῆς

257 1962 346 2014 xei.
364 1962 661 2027 τυπώσεως
708 1961 966 2033 ἀλλήλαις
1005 1960 1446 2033 ὲπιμιγνύμεναι.
1471 1957 1649 2014 Πολλά
1696 1959 1825 2030 περὶ

1917 600 2039 657 illos
2069 599 2244 656 fontes
2268 615 2333 657 ac
2359 602 2482 658 vita:
2511 617 2707 659 causas
2750 605 2941 659 duxit?
2966 606 3244 673 Quomodo
3283 624 3483 679 corpus

1916 689 2071 753 cibis.
2099 691 2315 747 animus
2344 702 2530 747 contra
2572 708 2824 749 sermone
2852 710 2915 750 ac
2938 696 3180 752 doctrina
3204 699 3435 767 pascitur
3460 698 3484 751 ?

1918 779 2046 847 Quae
2075 791 2159 836 est
2190 781 2276 836 illa
2308 792 2513 839 natura:
2551 784 2631 840 vis
2665 795 2957 857 mutuaque
2977 788 3120 843 inter
3147 800 3399 858 parentes
3429 801 3486 845 et

1916 867 2115 924 liberos
2136 869 2372 935 affectio,
2406 880 2463 926 ut
2491 872 2646 941 quasi
2675 874 2905 941 quodam
2936 877 3138 943 philtro
3168 879 3484 933 continean-

1919 958 2042 1013 tur?
2068 960 2346 1025 Quomodo
2399 960 2566 1016 ﬁrma:
2618 977 2686 1017 ac
2727 964 2948 1021 stabiles
2990 976 3114 1021 sunt
3172 969 3400 1038 species,
3429 978 3486 1022 et

1917 1049 2139 1105 interim
2169 1052 2311 1105 uotis
2341 1051 2482 1106 inter
2503 1066 2562 1107 se
2583 1053 2878 1120 distinctae,
3095 1073 3324 1127 quantm
3351 1074 3482 1129 pro-

1919 1140 2199 1208 prietates,
2240 1156 2364 1198 cum
2395 1154 2544 1199 tanto
2572 1159 2796 1201 numero
2816 1145 2951 1212 sint,
2982 1148 3193 1214 assequi
3219 1163 3323 1201 non
3353 1163 3480 1217 pos-

1915 1232 2140 1293 sumus?
2172 1233 2453 1299 Quomodo
2503 1235 2642 1291 idem
2697 1237 2896 1291 animal
2952 1237 3179 1293 mortale
3222 1240 3381 1293 simul
3427 1249 3484 1294 et

1916 1322 2221 1377 immortale
2265 1332 2377 1389 cst;
2406 1324 2631 1378 mortale
2695 1325 2908 1393 quidem
2955 1327 3162 1384 ratione
3207 1328 3484 1397 migratio-

1916 1412 2033 1477 uis,
2079 1412 2381 1470 immortale
2451 1425 2631 1475 autem
2678 1418 2886 1472 ratione
2937 1419 3369 1485 procreationis?
3410 1418 3480 1476 Ut

1916 1503 2059 1558 cnim
2110 1505 2255 1560 aliud
2303 1516 2474 1562 morte
2502 1508 2838 1575 subducitur,
2876 1510 2948 1562 ita
2988 1525 3173 1566 rursus
3205 1510 3305 1578 ipsi
3335 1511 3483 1566 aliud

1916 1594 2258 1664 subrogatur,
2312 1610 2416 1650 non
2488 1611 2645 1652 secus
2691 1606 2854 1667 atque
2902 1599 2953 1652 in
3000 1599 3234 1655 ﬂuminis
3282 1612 3482 1669 tractu,

1916 1686 2060 1757 quod
2116 1686 2277 1742 simul
2331 1686 2531 1742 ﬂuntm
2582 1698 2668 1744 est
2709 1698 2766 1744 et
2812 1691 3025 1745 stabile.
3071 1691 3232 1745 Multa
3276 1693 3344 1747 dc
3384 1694 3483 1747 ito-

1919 1776 2082 1833 minis
2134 1779 2390 1833 membris
2442 1789 2501 1833 et
2549 1780 2794 1848 partibus
2840 1782 3015 1836 adhuc
3060 1798 3487 1838 commemorare

1917 1868 2113 1938 possis,
2159 1883 2225 1923 ac
2280 1869 2347 1924 de
2398 1880 2580 1925 mutua
2629 1885 2817 1926 earum
2866 1873 3488 1944 concinnitate;quippe

1918 1974 2039 2028 qua:
2068 1966 2275 2015 natura:
2308 1961 2424 2032 lego
2461 1977 2523 2016 ac
2550 1963 2781 2031 ratione,
2820 1979 2924 2018 non
2968 1965 3147 2021 minus
3174 1968 3240 2020 ad
3271 1969 3489 2037 elegan-

258 2052 431 2121 ὄψεως
457 2054 715 2123 ἀρρήτως
742 2051 1104 2123 κοινωνούσης
1126 2054 1239 2117 τοῖς
1282 2053 1515 2124 ὁρατοῖς.
1547 2048 1640 2104 καὶ
1676 2048 1821 2123 μόνῳ

1919 2050 2258 2121 tiam,qnam
2305 2053 2369 2106 ad
2421 2053 2730 2120 utilitatem,
2785 2056 3187 2122 coniungantur
3234 2059 3392 2113 simul
3432 2070 3489 2113 et

250 2144 323 2216 πῖ)
349 2143 651 2214 βούλεσθαι,
705 2148 800 2198 καὶ
835 2144 970 2215 ὁμοῦ
998 2146 1349 2217 κινουμένης,
1399 2148 1495 2201 καὶ
1657 2145 1821 2204 ταυτδ

251 2235 325 2306 τῷ
357 2234 435 2291 νοῒ
460 2234 798 2307 πασχούσης.
830 2236 986 2291 Μετὰ
1008 2236 1120 2308 γὰρ
1157 2238 1253 2292 τοῦ
1280 2239 1398 2292 τσου
1428 2239 1648 2311 τάχους,
1677 2242 1819 2295 ἐκεῖ-

252 2326 338 2390 νος
366 2343 424 2379 τε
451 2326 707 2398 μίγνυται
727 2329 840 2391 τοῖς
889 2328 1221 2398 νοουμένοις,
1250 2331 1345 2384 καὶ
1372 2330 1514 2399 αὕτη
1542 2334 1654 2395 τοῖς
1675 2331 1814 2403 ὁρω-

256 2417 451 2488 μένοις.
484 2416 665 2469 Πολλά
686 2418 822 2488 ,περὶ
859 2419 968 2471 τῶν
995 2418 1172 2474 ἄλλων
1200 2420 1525 2493 αἰσθήσεων,
1557 2421 1612 2475 αἳ
1643 2438 1818 2492 παρα-

253 2507 395 2579 δοχαὶ
413 2508 557 2571 τινές
588 2509 697 2562 εἱσι
737 2507 847 2561 τῶν
887 2507 1109 2575 ἔξωθεν,
1164 2509 1309 2581 λόγῳ
1474 2511 1552 2583 μὴ
1581 2511 1817 2583 θεωρού-

256 2614 426 2668 μεναι.
468 2596 646 2651 Πολλὰ
679 2597 808 2669 περὶ
840 2597 940 2668 τῆς
993 2599 1053 2652 ιν
1080 2598 1269 2663 ὕπνοις
1304 2599 1688 2664 ἀναπαύσεως,
1720 2603 1816 2655 καὶ

252 2687 343 2759 τῆς
370 2687 438 2741 δι’
463 2687 757 2757 ὀνειράτων
810 2685 1183 2753 ἀνακλάσεως,
1227 2689 1445 2759 μνήμης
1475 2705 1536 2741 τε
1561 2690 1657 2742 καὶ
1688 2690 1817 2742 ἀνα-

253 2778 511 2848 μνήσεως,
537 2776 799 2848 λογισμοῦ
841 2794 899 2829 τε
926 2778 1020 2831 καὶ
1045 2776 1240 2848 θυμοῦ,
1285 2778 1378 2832 καὶ
1406 2780 1664 2849 ἐφέσεως,
1723 2781 1817 2832 καὶ

254 2868 521 2938 συντόμως
541 2870 736 2933 είιτεῑν,
770 2869 914 2933 ὅσοις
931 2870 960 2923 ὁ
982 2869 1177 2941 μικρὸς
1190 2864 1343 2934 οὗτος
1372 2871 1574 2941 κόσμος
1601 2873 1819 2925 διοικεῖ-

250 2970 353 3021 ται,
372 2959 401 3011 ὁ
425 2957 730 3030 ἄνθρωπος.
1120 2944 1121 2947 η

1920 2146 2359 2217 distinguantur,
2406 2142 2716 2213 praecellant
2763 2152 2818 2195 ct
2873 2139 3137 2207 dignitate
3210 2135 3492 2191 inferiores

1921 2240 2052 2303 sint,
2089 2240 2343 2295 uniantur
2371 2247 2426 2289 et
2452 2234 2851 2297 distrahantur,
2877 2229 3188 2284 contineant
3218 2235 3283 2280 et
3309 2226 3489 2279 conti-

1921 2338 2169 2390 ncanittr.
2197 2328 2357 2382 Multa
2380 2328 2544 2382 etiam
2563 2325 2628 2378 de
2656 2323 2876 2376 vocibus
2898 2330 2950 2376 et
2976 2319 3160 2374 auditu
3191 2335 3205 2373 :
3237 2316 3489 2372 ttitnit‘nnt

1921 2424 2192 2492 quomodo
2233 2421 2334 2477 illae
2375 2435 2471 2489 per
2510 2417 2713 2472 vocalia
2759 2416 3114 2469 instrumenta
3153 2412 3488 2471 deferantur.

1921 2513 2010 2568 hic
2048 2528 2177 2568 vero
2229 2527 2324 2575 eas
2358 2508 2616 2579 excipiat,
2648 2522 2711 2561 ac
2739 2521 2834 2577 per
2864 2505 3170 2559 intermedii
3203 2504 3346 2559 aeris
3374 2517 3492 2569 prr—

1918 2605 2225 2665 cussionem
2257 2613 2420 2673 atque
2453 2599 2864 2670 impressionem
2906 2597 3046 2652 inter
3072 2611 3133 2650 sc
3170 2594 3488 2664 iungantur.

1925 2694 2088 2749 Multa
2130 2696 2256 2749 item
2290 2695 2355 2749 de
2389 2691 2583 2754 oculis.
2625 2689 2715 2759 qui
2766 2687 2927 2744 modo
2953 2688 3187 2755 quodam
3229 2681 3489 2741 ineti‘abili

1924 2800 2045 2840 cum
2076 2786 2143 2841 iis
2171 2786 2348 2850 rebus,
2368 2798 2504 2853 quas
2526 2783 2817 2844 cernimus,
2849 2778 3230 2835 conmercium
3267 2775 3490 2834 habent.

1925 2889 1989 2929 ac
2021 2874 2133 2929 sola
2177 2875 2471 2935 voluntate.
2516 2870 2676 2927 simul
2718 2870 2882 2925 etiam
2939 2884 3062 2923 cum
3094 2882 3157 2924 ea
3187 2874 3489 2923 moventur.

1926 2964 2223 3033 eodemque
2269 2964 2428 3019 modo
2466 2977 2589 3017 cum
2610 2970 2791 3015 mente
2828 2959 3160 3015 adiciuntur.
3194 2955 3314 3011 Pari
3343 2954 3490 3008 enim

253 3047 533 3115 celeritate,
554 3058 608 3105 et
637 3049 753 3105 haec
783 3048 1209 3119 intellectilibus,
1239 3060 1294 3105 et
1321 3050 1394 3105 illi
1420 3049 1720 3106 visibiiihus
1743 3051 1902 3108 rebus
1924 3052 2246 3122 junguntur.
2279 3053 2441 3108 Multa
2470 3060 2732 3121 prmterea
2763 3050 2831 3105 de
2845 3048 3067 3118 reliquis
3095 3045 3365 3105 sensibus.
3395 3047 3490 3112 qui

251 3137 390 3194 velut
419 3138 769 3196 admittendis
786 3141 1028 3197 externis
1061 3142 1221 3197 rebus
1250 3143 1506 3198 destinati
1528 3152 1675 3209 sunt,
1706 3158 1805 3200 nec
1835 3146 2043 3202 ratione
2075 3140 2463 3216 percipiuntur.
2486 3144 2645 3199 Multa
2671 3142 2901 3210 denique
2926 3142 2992 3197 de
3015 3154 3098 3206 ea,
3129 3138 3310 3208 quain
3338 3150 3488 3191 sema

255 3227 334 3286 nis
369 3228 623 3297 fruimur,
656 3231 840 3301 quiete
862 3240 1027 3305 atque
1061 3233 1453 3290 insomniorum
1482 3234 1772 3303 ﬁgmentis,
1803 3236 1870 3291 de
1895 3237 2153 3293 memoria
2181 3247 2235 3292 ct
2264 3234 2690 3299 reminiscentia,
2727 3232 2793 3287 de
2832 3231 3066 3294 ratione,
3096 3238 3149 3284 et
3180 3229 3284 3292 ira.
3315 3236 3368 3283 et
3393 3242 3488 3282 cu-

252 3320 489 3389 piditate.
520 3321 874 3395 reliquisque,
933 3333 992 3379 ut
1041 3340 1150 3385 uno
1180 3324 1347 3391 verbo
1397 3325 1746 3395 complectar,
1781 3327 1980 3396 quibus
2030 3341 2226 3396 parvus
2277 3327 2365 3381 hic
2397 3324 2650 3390 mundus,
2687 3322 2739 3377 id
2779 3331 2882 3387 est,
2913 3323 3095 3385 horno,
3128 3318 3481 3390 gubernatur.

258 3419 363 3474 τοῦ
390 3420 581 3475 αὐτοῦ
607 3420 746 3498 περὶ
776 3422 897 3498 rei
912 3424 1115 3498 λόγουΔ
1130 3425 1239 3498 τοᾷ
1256 3424 1414 3498 ,περὶ
1450 3423 1563 3495 τῆς
1587 3425 1658 3481 ἐν
1687 3424 1814 3494 ταῖς

1920 3426 2167 3498 Ejusdem
2194 3442 2261 3487 ea:
2283 3432 2526 3481 oratione
2555 3426 2620 3498 de
2648 3426 2905 3483 modestia
2935 3426 2989 3480 in
3025 3424 3475 3492 disputationibus

685 3490 1034 3556 διαλέξεσιν
1057 3490 1360 3560 εὐταξίας-ζ

318 3579 382 3633 τί
408 3579 542 3651 πρὶς
585 3578 821 3651 οὐρανὸν
842 3580 1158 3650 ἀνίπταται,
1188 3581 1353 3647 πεζὸς
1375 3580 1481 3650 ῶν;
1507 3584 1573 3639 Τί
1597 3585 1806 3655 πύργον

261 3670 572 3742 οξκώομεῖς,
624 3672 686 3727 τὰ
755 3672 892 3741 πρὸς
948 3672 1302 3744 ἀπαρτισμὸν
1371 3673 1473 3728 οὑκ
1537 3674 1710 3744 ἔχωνς
1741 3675 1807 3728 Τί

263 3762 438 3818 καὶσὺ
470 3766 693 3837 μετρεϊς
719 3766 785 3837 τῇ
822 3763 969 3837 χειρὶ
1000 3762 1063 3819 τὸ
1102 3763 1270 3836 ὕδωρ,
1307 3765 1403 3819 καὶ
1438 3764 1531 3818 τὸν
1576 3765 1807 3836 οὐρανὸν

265 3852 540 3928 σπιθαμῇ,
603 3855 702 3911 καὶ
766 3857 948 3911 πᾶσαν
982 3856 1082 3927 τὴν
1138 3858 1243 3927 γῆν
1290 3855 1454 3929 δρακί
1487 3898 1502 3922 ,
1569 3856 1810 3926 στοιχεῖα

264 3944 481 4012 μεγάλα,
526 3946 625 4001 καὶ
662 3946 811 4016 μόνῳ
858 3948 1103 4020 μετρητά
1147 3947 1227 4018 τῷ
1266 3946 1591 4023 Ποιήσαντις
1638 3947 1811 4001 Γνῶθι

266 4033 445 4088 σαυτὸν
485 4037 735 4108 πρῶτον
784 4037 853 4093 τὰ
898 4038 958 4091 ἑν
995 4039 1154 4113 χερσὶ
1195 4041 1533 4111 κατανόησον
1564 4057 1577 4072 ·
1610 4039 1693 4103 τίς
1738 4036 1809 4107 εἷ,

267 4124 359 4176 καὶ
384 4125 540 4181 πόθεν
559 4127 863 4201 Ξπλάσθης,
886 4130 981 4189 καὶ
1002 4129 1121 4194 πῶς
1143 4130 1457 4204 συνετέθης,
1476 4130 1544 4184 ἶν’
1563 4129 1724 4185 elatth
1744 4127 1809 4205 ᾖς

249 4208 393 4274 Θεοῦ.
436 4211 636 4286 καὶτῷ
681 4213 887 4285 χείρονι
934 4212 1228 4291 συνδεθῇς,
1270 4217 1366 4271 καὶ
1408 4216 1460 4270 τί
1490 4216 1553 4272 τὸ
1584 4216 1815 4289 κινῆσάν

252 4315 327 4367 σε,
353 4302 429 4369 τίς
460 4306 494 4378 ι,
521 4307 645 4379 περὶ
681 4305 742 4360 σὲ
777 4305 939 4376 σοφία
964 4307 1059 4361 καὶ
1081 4305 1135 4365 τί
1168 4308 1269 4383 τῆς
1291 4307 1505 4379 φύσεως
1527 4311 1588 4364 τὸ
1618 4311 1818 4384 μυστή-

255 4410 383 4467 ριονο
412 4397 526 4463 πῶς
564 4401 743 4472 μετρῇ
783 4399 957 4471 τόπῳ,
994 4399 1089 4455 καὶ
1113 4399 1241 4464 νοῦς
1267 4401 1366 4473 οὐχ
1522 4404 1764 4478 ὁρίζεται
1797 4445 1815 4474 ,

252 4484 353 4541 ἀλλ’
390 4489 445 4543 ιν
495 4489 682 4563 ταυτῷ
734 4489 913 4562 μένων
963 4491 1143 4546 πάντα
1187 4491 1503 4564 ἐπέρχεται·
1536 4492 1653 4558 πῶς
1697 4493 1818 4566 uti;

252 4574 413 4650 ὀλίγη,
441 4581 536 4635 καὶ
576 4580 932 4637 ἑπιπλεῖστσν
972 4580 1272 4652 φθάνουσα,
1306 4582 1400 4636 καὶ
1438 4581 1664 4655 πότερον
1707 4602 1816 4638 πα-

2530 3497 2891 3567 altaertttmda.l

1989 3587 2126 3655 Quid
2161 3588 2214 3645 in
2239 3587 2434 3643 coelum
2482 3588 2760 3672 provolans,
2814 3601 2933 3642 cum
2991 3588 3153 3658 pedes
3193 3585 3316 3643 sis?
3343 3584 3479 3652 Quid

1919 3679 2111 3735 turrim
2176 3680 2434 3745 exstruis,
2498 3694 2620 3734 cum
2672 3680 2739 3733 iis
2796 3679 2956 3735 rebus
3012 3690 3223 3742 careas,
3260 3691 3380 3746 qua:
3412 3676 3479 3726 ad

1914 3785 2034 3827 eam
2080 3755 2465 3841 perﬁciendam
2518 3771 2866 3840 requiruntur
2894 3769 2952 3823 ’ἲ
2990 3768 3126 3835 Quid
3182 3767 3299 3836 ipse
3338 3780 3473 3834 quo-

1914 3875 2022 3933 que
2064 3875 2226 3917 manu
2259 3874 2455 3929 aquam
2506 3859 2745 3923 metiris,
2781 3869 2834 3914 et
2857 3857 3051 3912 cmlmn
3081 3856 3261 3926 palmo
3280 3858 3323 3919 ¹,
3372 3863 3487 3910 tor-

1916 3964 2143 4020 ramque
2175 3964 2390 4005 omnem
2427 3948 2651 4021 pugillo,
2678 3947 2948 4003 elementa
2980 3961 3197 4016 inagna,
3222 3956 3276 4000 et
3321 3943 3458 4014 ejus-

1917 4043 2083 4109 modi,
2112 4048 2170 4097 ut
2198 4053 2262 4095 ea
2296 4038 2523 4096 Cneator
2551 4038 2700 4095 solus
2734 4038 2969 4094 dimetiri
2999 4036 3209 4107 possit?
3233 4035 3471 4091 Primum

1916 4135 2147 4204 teipsum
2179 4145 2447 4202 cognosce
2476 4147 2491 4184 :
2522 4144 2645 4200 qua
2676 4131 2730 4186 in
2757 4129 3001 4185 manibus
3028 4135 3172 4193 sunt,
3201 4126 3473 4183 intellectu

1918 4232 2205 4291 assequere
2237 4238 2252 4275 :
2286 4220 2408 4289 quis
2464 4221 2564 4286 sis,
2611 4228 2667 4275 ct
2718 4220 2990 4289 quomodo
3047 4218 3378 4282 cllictus,ita
3437 4229 3491 4274 ut

1920 4310 2081 4366 simul
2128 4318 2186 4365 et
2237 4310 2412 4380 imago
2454 4308 2547 4365 Dei
2598 4310 2695 4375 sis,
2734 4318 2791 4365 et
2836 4309 3093 4367 deteriori
3140 4308 3492 4381 aSIringaris;

1918 4401 2049 4472 quid
2113 4400 2242 4456 illud
2293 4400 2385 4464 sit,
2416 4402 2557 4471 quod
2601 4400 2694 4457 tibi
2739 4410 2940 4456 metum
2975 4399 3173 4465 attulit,
3206 4414 3328 4472 quae
3359 4400 3414 4455 in
3445 4408 3491 4457 te

1918 4491 2181 4562 sapientia
2208 4490 2442 4557 eluceat,
2478 4490 2621 4561 quod
2644 4498 2851 4545 naturae
2893 4503 3149 4546 arcanum
3180 4502 3194 4538 :
3227 4487 3492 4558 quomodo

1920 4582 2036 4637 loco
2076 4581 2567 4648 circumscriberis,
2592 4597 2657 4638 ac
2686 4596 2838 4639 mens
2863 4581 3009 4637 nullo
3045 4580 3219 4637 limite
3268 4579 3486 4634 includi-

255 4668 433 4742 ραδοχή
462 4671 553 4737 τίς
604 4672 726 4725 ἐστι
762 4670 856 4725 τοῦ
902 4671 1193 4742 ὀφθέντος,
1237 4672 1271 4743 ἢ
1316 4672 1453 4744 πρὸς
1485 4670 1660 4728 ἐκεῖνο
1698 4672 1815 4728 διὰ-

1921 4681 2028 4741 tur,
2062 4673 2155 4729 sed
2205 4673 2259 4729 in
2306 4674 2497 4731 eodem
2537 4673 2655 4729 loco
2705 4687 2949 4740 manens,
2985 4671 3165 4728 omnia
3202 4670 3394 4725 lustrat
3430 4683 3495 4725 ac

252 4755 420 4824 Guar
448 4761 568 4827 πῶς
612 4762 676 4817 τὸ
704 4763 838 4818 αὐτὸ
871 4765 965 4818 καὶ
981 4766 1123 4818 κινεῖ
1142 4803 1159 4829 ,
1328 4766 1423 4818 καὶ
1448 4768 1698 4831 κινεῖται,
1729 4764 1818 4819 διά

253 4846 538 4922 βουλήσεως
565 4851 1016 4926 κυϐερνώμενον*
1051 4854 1135 4918 τίς
1166 4852 1255 4907 δαὶ⁵
1290 4852 1472 4909 παῦλα
1512 4855 1812 4926 κινήσεωςο

252 4934 323 5002 τίς
344 4940 372 4992 ὁ
393 4941 499 4997 τῶν
536 4941 850 5014 αἰσθήσεων
886 4944 1176 5016 μερισμὸς,
1210 4945 1303 4999 καὶ
1337 4946 1454 5010 πῶς
1491 4945 1583 5000 διὰ
1613 4947 1818 5005 τούτων

250 5028 278 5079 6
302 5030 417 5096 νοῦς
447 5033 626 5103 ὁμιλεῖ
810 5037 923 5099 τοῖς
955 5034 1082 5105 ἐξω,
1120 5035 1217 5090 καὶ
1254 5035 1323 5090 τὰ
1349 5035 1545 5103 ἔξωθεν
1577 5038 1818 5110 παραδέ-

249 5136 423 5190 χεται·
458 5125 575 5190 πῶς
606 5124 983 5198 ἀναλαμϐάνει
1014 5127 1084 5181 τὰ
1111 5127 1225 5201 είόη
1249 5144 1263 5160 ·
1295 5129 1389 5182 καὶ
1418 5130 1502 5193 τίς
1526 5130 1560 5202 ἡ
1586 5130 1818 5202 τήρησις

170 5226 183 5237 '
246 5212 331 5267 τοῦ
360 5215 781 5290 ἀναληφθέντος,
824 5218 857 5291 ἢ
899 5220 1121 5292 μνήμη·
1168 5221 1261 5274 καὶ
1302 5220 1387 5287 τίς
1430 5222 1465 5294 ἡ
1505 5220 1600 5276 τοῦ
1633 5221 1804 5278 ἀπελ-

244 5299 416 5370 σὸντος
449 5306 743 5385 ἀνάληψις,
774 5307 808 5380 ἢ
839 5308 1178 5382 ἀνάμνησις
1213 5309 1330 5376 πῶς
1368 5311 1531 5381 λόγος
1561 5312 1653 5367 νοῦ
1690 5315 1816 5383 γέν·

240 5404 404 5463 νημαι
437 5396 530 5449 καὶ
554 5397 722 5467 γεννᾷ
754 5394 912 5466 λόγον
937 5400 995 5453 ὲν
1038 5398 1184 5472 ἄλλῳ
1228 5399 1334 5467 νοτ,
1370 5402 1466 5456 καὶ
1500 5401 1618 5467 πῶς
1674 5400 1818 5474 λόγῳ

241 5478 411 5552 νόημα
442 5483 736 5539 διαδίδοται
757 5496 776 5519 ⁸
942 5488 1061 5554 πῶς
1089 5490 1351 5564 τρέφεται
1506 5492 1615 5547 se
1637 5492 1816 5565 ψυχῆς

240 5571 413 5643 σῶμα,
437 5577 673 5644 καὶπῶς
697 5577 847 5650 ψυχὴ
888 5579 978 5635 διὰ
1006 5580 1261 5652 σώματος
1298 5586 1548 5639 κοινωνεῖ
1582 5584 1782 5649 πάθους
1801 5601 1815 5616 ·

288 5833 309 5867 ⁸
338 5837 472 5896 Luc.
504 5842 615 5905 xiv,
639 5840 728 5898 ΩΒ.
806 5841 827 5872 ¹
867 5838 969 5896 isti.
997 5854 1086 5904 ιι..
1118 5837 1200 5896 12.

1918 4775 2263 4839 pervagatur.
2329 4765 2633 4836 Quomodo,
2698 4780 2821 4821 cum
2874 4764 3117 4819 tantillus
3160 4761 3233 4821 sit
3280 4759 3491 4825 oculus,

1920 4866 2028 4911 tam
2056 4856 2214 4927 longe
2240 4858 2535 4928 pertingit;
2572 4867 2751 4913 utrum
2786 4859 2931 4928 quod
2972 4872 3084 4912 rem
3116 4856 3285 4910 visam
3309 4852 3496 4913 admit-

1918 4955 2016 5009 tat,
2071 4961 2141 5001 an
2194 4947 2373 5014 petitis
2422 4947 2566 5018 quod
2620 4946 2686 5000 ad
2744 4961 2863 5005 eam
2917 4943 3495 5014 transeat:quomodo

1920 5037 2060 5091 idem
2089 5047 2144 5094 et
2173 5047 2353 5093 movet
2383 5046 2439 5092 ct
2482 5044 2747 5104 movetur,
2794 5051 2859 5093 ac
2901 5050 2996 5107 per
3038 5034 3367 5091 voluntatem
3398 5048 3496 5104 gu-

1918 5127 2179 5182 bernatur
2204 5144 2219 5181 :
2248 5141 2371 5199 quae
2408 5137 2589 5183 motus
2617 5127 2794 5198 quies,
2825 5141 2948 5198 quae
2968 5141 3224 5183 sensuum
3255 5124 3494 5198 partitio,

1919 5219 2187 5290 quomodo
2217 5234 2371 5276 mens
2397 5233 2583 5278 eorum
2613 5233 2776 5290 opera
2806 5233 2930 5274 cum
2962 5214 3203 5274 externis
3225 5225 3494 5278 versatur.

1918 5323 2080 5383 atque
2128 5318 2352 5367 externa
2402 5310 2606 5383 excipit
2641 5328 2655 5366 :
2685 5310 2959 5382 quomodo
3010 5308 3213 5364 formas
3258 5307 3490 5380 recipit-

1919 5420 2039 5476 qua:
2073 5413 2364 5477 assumpta
2396 5405 2475 5462 rei
2508 5403 2873 5473 conservatio,
2911 5401 2996 5458 vel
3043 5399 3301 5456 memoria
3334 5416 3348 5454 :
3375 5414 3495 5469 qua:

1920 5495 2117 5567 elapsa:
2179 5496 2540 5567 recuperatio,
2588 5493 2675 5551 vel
2741 5488 3145 5549 reminiscentia
3181 5506 3195 5543 :
3226 5491 3495 5562 quomodo

1923 5600 2105 5644 sermo
2132 5585 2329 5642 mentis
2363 5583 2503 5642 fetus
2537 5592 2641 5649 est,
2677 5591 2838 5654 atque
2871 5581 2924 5636 in
2953 5580 3055 5638 alia
3079 5589 3258 5638 mente
3287 5593 3495 5639 sermo-
