4026 6212
511 397 615 464 1τῦ
675 397 706 427 ‘

497 620 1015 689 bniturzquomodo
1073 631 1269 687 corpus
1324 629 1420 683 per
1478 614 1714 667 animam
1771 613 1956 679 alitur,
2010 622 2066 666 ct

497 712 767 780 quomodo
795 711 971 763 anima
999 721 1092 775 per
1127 719 1325 774 corpus
1351 703 1636 758 affectuum
1669 703 1938 772 particeps
1968 701 2060 754 fit:

499 803 768 870 quomodo
795 814 912 854 eam
955 797 1116 851 timor
1145 795 1488 866 constringit,
1521 793 1848 863 prmfidcnlia
1883 791 2061 855 solvil,

500 905 700 945 maeror
727 889 1017 950 contrahit,
1049 887 1232 941 laetitia
1263 885 1533 949 diﬁundit,
1567 885 1703 941 livor
1731 885 1852 938 tabe
1959 883 2068 938 affi-

507 985 619 1049 cit,
691 977 942 1048 superbia
973 976 1146 1039 efl‘erl,
1181 990 1303 1045 spes
1335 977 1493 1045 erigit
1522 977 1827 1044 :quomodo
1853 975 2068 1029 iracun-

496 1073 582 1124 dia
614 1085 730 1125 eam
767 1071 819 1123 in
846 1069 1079 1124 furorem
1113 1071 1244 1140 agit,
1275 1079 1327 1123 et
1357 1069 1526 1136 pudor
1556 1067 1750 1120 rubore
1783 1064 2063 1130 suli‘undit;

501 1163 616 1216 lucc
648 1161 891 1231 quidem,
929 1160 1221 1216 ehulliente
1260 1160 1541 1230 sanguine,
1593 1159 1677 1211 hic
1722 1172 1871 1224 vero,
1918 1171 2069 1210 recc-

499 1253 990 1321 dentezquomodo
1043 1251 1506 1320 perturbationum
1557 1250 1708 1317 signa
1755 1248 2070 1317 corporibus

502 1346 910 1414 imprimuntur;
973 1342 1245 1411 quomodo
1295 1341 1433 1394 ratio
1487 1339 1762 1408 prmsi‘det,
1800 1339 2072 1406 quomodo

500 1438 615 1490 haec
651 1435 830 1489 omnia
882 1434 1018 1500 regit
1055 1443 1110 1486 et
1154 1432 1482 1496 moderatur,
1516 1429 1907 1498 affectuumque
1957 1443 2069 1483 mo-

509 1541 595 1584 tus
645 1528 773 1582 lenit
819 1541 882 1580 ac
929 1527 1117 1589 sedat;
1153 1523 1422 1593 quomodo
1447 1538 1475 1575 a
1515 1522 1773 1591 sanguine
1805 1530 1860 1574 et
1896 1521 2070 1590 spira-

501 1621 666 1680 tione,
711 1617 785 1678 id,
835 1615 977 1683 quod
1026 1627 1254 1681 corpore
1301 1621 1478 1676 vacat,
1526 1620 1767 1675 tenetur;
1805 1613 2072 1680 quomodo

501 1709 695 1762 borum
727 1704 982 1768 defectio,
1020 1705 1214 1758 anima:
1253 1703 1512 1756 discessio
1547 1711 1648 1755 est.
1687 1700 1946 1765 llmc,aut
1982 1704 2074 1757 lio-

501 1814 622 1852 rum
676 1796 899 1864 aliquid,
965 1809 1000 1848 o
1064 1795 1260 1856 homo,
1311 1792 1617 1861 cegnitione
1673 1793 2072 1860 comprehende

502 1889 760 1960 (nomium
797 1888 940 1942 enim
982 1886 1103 1940 coeli
1152 1894 1396 1939 naturam
1429 1893 1522 1937 aut
1553 1891 1778 1945 motum,
1807 1897 1904 1937 nec
1930 1883 2072 1937 side—

503 1994 622 2032 rum
653 1979 918 2043 ordinem,
959 1991 1061 2030 nec
1092 1975 1481 2029 elementorum
1513 1971 1943 2040 permistionem,
1974 1985 2072 2026 nec

502 2071 856 2124 animantium
917 2069 1251 2130 discrimina,
1296 2080 1395 2120 nec
1452 2052 1751 2118 caelestium
1813 2065 2070 2118 virtutum

502 2159 787 2213 inferiores
826 2159 1022 2228 gradus
1061 2167 1116 2211 et
1157 2157 1518 2220 sublimiores,
1559 2164 1720 2224 atque
1766 2154 1970 2218 omnia,
2019 2152 2071 2205 in

1736 390 2122 454 EUTHYMII
2161 391 2526 454 ZIGABENI

499 545 623 584 nem
655 537 925 598 procreat,
953 535 1007 583 et
1041 525 1310 598 quomodo
1331 521 1584 592 cogitatio
1614 533 1864 576 sermone
1887 521 2041 575 distri

2196 519 2302 580 πῶς
2341 518 2576 586 πήγνυσι
2621 517 2804 585 φόϐος,
2843 519 2938 570 καὶ
2963 517 3082 570 λύει
3123 519 3368 591 θάρσος,

3663 382 3768 448 176

3539 522 3634 572 καὶ
3688 539 3790 573 συί

2189 608 2396 660 στέλλει
2425 608 2592 678 λύπη,
2623 609 2718 661 καὶ
2766 608 2941 678 διαχεῖ
2987 610 3171 681 ἡδονὴ.
3207 611 3305 664 καὶ
3351 611 3512 682 τήκει
3560 613 3781 680 φθόνος,

2190 699 2280 750 καὶ
2319 697 2636 768 μετεωρίζει
2663 697 2852 766 τῦφος,
2880 700 2974 751 καὶ
3020 699 3269 768 κουφίζει
3300 700 3488 763 ἐλπεςο
3529 701 3647 764 πῶς
3691 703 3782 754 ἐκ·

2189 789 2369 857 μαίνει
2409 787 2604 859 θυμὸς,
2656 791 2749 872 καὶ
2794 789 2958 853 αἰδὼς
2997 791 3307 862 ἐρυθραίνει
3353 792 3421 845 δι’
3467 794 3719 864 αἵματος,
3759 796 3790 846 ό

2191 878 2289 947 μὲν
2326 879 2602 942 ζέσαντος,
2633 881 2666 950 ἡ
2703 880 2758 931 δὲ
2788 881 3243 952 ἀναχωρήσαντος
3264 899 3278 912 ’
3313 884 3407 934 καὶ
3457 885 3573 947 πῶς
3602 887 3651 936 οἱ
3687 903 3795 954 χα-

2191 970 2461 1040 ρακτῆρες
2509 970 2617 1022 τῶν
2677 971 2864 1024 παθῶν
2907 973 2968 1024 ὲν
3015 975 3126 1034 τοῖς
3174 971 3426 1043 σώμασιο
3469 975 3553 1038 τίς
3601 978 3635 1046 ἡ
3687 975 3790 1028 τοῦ

2190 1060 2452 1131 λογισμοῦ
2480 1063 2764 1135 προεδρία,
2799 1065 2894 1116 καὶ
2934 1062 3050 1126 πῶς
3079 1065 3212 1116 πᾶσι
3258 1064 3468 1126 τούτοις
3498 1068 3795 1118 ἐπιστατεῖ

2191 1153 2284 1204 καὶ
2315 1156 2510 1224 ήμεροῖ
2539 1153 2609 1205 τὰ
2653 1154 2761 1206 τῶν
2811 1152 3001 1207 παθῶν
3061 1156 3371 1224 κινήματαο
3425 1155 3545 1218 πῶς
3588 1157 3796 1228 αἵματι

2193 1248 2475 1315 κρατεῖται
2517 1245 2610 1297 καὶ
2658 1249 2793 1315 πνοῇ
2827 1245 2888 1297 τὸ
2935 1243 3256 1314 ἀσώματον·
3290 1247 3383 1298 καὶ
3420 1245 3537 1308 πῶς
3580 1249 3612 1316 ἡ
3659 1249 3796 1299 τού-

2192 1351 2299 1386 των
2343 1333 2616 1404 ἔκλειψις,
2664 1335 2841 1405 ψυχῆς
2887 1337 3032 1387 ἐστιν
3081 1334 3449 1406 ἀναχώρησις.
3483 1336 3703 1403 Ταῦτα,
3753 1338 3790 1407 ἢ

2193 1426 2396 1480 τούτων
2432 1443 2485 1479 τι
2519 1426 2876 1497 κατανόησον,
2907 1420 2952 1478 ὦ
2995 1426 3280 1495 ἄνθρωπε·
3309 1426 3597 1500 οΰπω-γάρ
3637 1428 3794 1496 λέγω

2195 1519 2375 1588 φύσιν,
2417 1519 2451 1590 ἢ
2487 1519 2696 1589 κίνησιν
2734 1517 2989 1588 ούρανοῦ,
3037 1518 3130 1571 καὶ
3168 1518 3322 1582 τάξιν
3374 1520 3643 1590 ἀστέρων,
3687 1521 3794 1574 καὶ

2201 1609 2344 1681 μίξιν
2385 1609 2684 1681 στοιχείων,
2723 1610 2817 1662 καὶ
2853 1608 3010 1674 ζώων
3041 1608 3326 1679 διαφορὰς,
3359 1611 3453 1662 καὶ
3491 1610 3791 1681 δυνάμεων

2196 1701 2463 1772 οὐρανίων
2498 1698 2789 1763 ὑποόἆλσεις
2962 1698 3055 1750 καὶ
3093 1697 3438 1768 ὑπερθέσεις,
3470 1697 3565 1750 καὶ
3600 1698 3793 1750 πάντα

2199 1794 2278 1855 εἰς
2316 1793 2417 1845 ὅσα
2456 1795 2484 1845 ό
2523 1790 2916 1862 δημιουργικδς
3112 1789 3270 1857 λόγος
3309 1789 3747 1860 καταμερίζεται
3771 1832 3786 1853 ,

2200 1885 2292 1936 καὶ
2350 1884 2542 1951 λόγους
2613 1885 2870 1955 προνοίας
2921 1881 3017 1936 καὶ
3083 1881 3439 1951 διοικήσεως’
3488 1884 3582 1935 καὶ
3655 1883 3789 1935 τότε

2199 1974 2352 2027 οὔπω
2369 1975 2529 2042 λέγω,
2542 1975 2844 2046 Θάρῤησον’
2869 1975 3004 2038 ἀλλ’,
3031 1973 3153 2025 Ἔτι
3185 1973 3449 2043 φοϐήθητι
3477 1973 3792 2044 προσϐῆναι

2199 2071 2313 2129 τοῖς
2353 2067 2720 2139 ὑψηλοτέροις,
2749 2068 2842 2121 καὶ
2872 2069 2982 2130 τοῖς
3018 2064 3222 2136 μᾶλλον
3265 2063 3405 2132 ὑπὲρ
3438 2063 3534 2127 τὴν
3562 2063 3662 2120 σὴν
3693 2064 3792 2116 δύο

2201 2175 2387 2229 ναμιν.

502 2266 624 2320 quae
665 2251 862 2305 artifex
912 2252 1053 2305 ratio
1096 2251 1464 2316 distribuitur,
1511 2265 1615 2304 nec
1650 2250 1886 2318 denique
1932 2248 2291 2316 providentiae
2353 2241 2880 2315 gubernationisque
2932 2242 3177 2298 rationes
3225 2243 3629 2311 commemoro)
3666 2261 3681 2296 :
3718 2258 3788 2298 ac

503 2355 619 2399 tum
651 2343 897 2398 nondum
927 2345 1126 2409 dicam,
1167 2343 1352 2410 Aude;
1390 2357 1605 2406 rerum,
1632 2342 1823 2396 Adhuc
1851 2340 1982 2395 time
2009 2340 2075 2396 ad
2106 2355 2168 2396 ea
2199 2353 2318 2410 qua:
2356 2335 2673 2394 sublimiora
2702 2345 2848 2400 sunt,
2911 2335 3167 2406 viresque
3220 2344 3341 2394 tuas
3394 2334 3568 2404 magis
3606 2349 3786 2405 supe-

501 2444 643 2500 rant,
682 2434 962 2491 accedere.

683 2525 936 2594 Eiusdem
954 2542 1019 2581 ea:
1043 2529 1282 2580 oratione
1310 2529 1640 2600 apofoyetica
1672 2543 1889 2598 magna.

573 2619 863 2673 Excelsum
899 2628 988 2672 est
1015 2619 1216 2674 caelum
1275 2629 1437 2689 atque
1485 2620 1742 2683 sublime,
1803 2629 1947 2673 terra
1994 2632 2090 2670 an-

504 2723 616 2767 tem
692 2711 919 2766 humilis
943 2721 998 2766 et
1052 2711 1347 2781 profunda.
1403 2712 1604 2781 Ecquis
1652 2711 1778 2764 illuc
1811 2709 2089 2769 ascendet.

503 2818 692 2857 eorum
773 2803 865 2871 qui
953 2812 1176 2872 propter
1250 2812 1536 2873 peccatum
1598 2802 1828 2872 proiecti
1904 2801 2087 2855 sunt?

509 2890 645 2956 Quis
716 2891 948 2944 terrenis
999 2891 1178 2945 adhuc
1220 2893 1462 2946 tenebris
1528 2892 1954 2961 circumseptus,
2038 2901 2093 2944 et

507 2992 695 3033 crasso
799 2979 1050 3048 corporis
1151 2979 1478 3034 indumento
1593 2980 1908 3046 obvolutus,
1981 2988 2091 3032 tota

507 3078 689 3122 mente
755 3077 922 3124 totam
993 3077 1230 3123 mentem
1292 3084 1429 3139 pure
1482 3071 1679 3140 poterit
1746 3070 1984 3136 intueri,
2042 3083 2096 3126 ct

507 3161 652 3215 inter
736 3161 875 3226 haec,
954 3177 1074 3232 qua:
1135 3170 1263 3216 sunt
1329 3162 1631 3229 instabilia,
1718 3173 1776 3218 et
1840 3163 2095 3218 sensi-bus

505 3253 741 3308 obnoxia
798 3268 1046 3319 manens,
1084 3253 1152 3308 ad
1193 3269 1279 3317 ea,
1311 3271 1432 3324 quae
1481 3264 1610 3310 sunt
1661 3256 1977 3318 immobilia,
2041 3266 2095 3310 et

506 3347 681 3402 oculis
719 3345 872 3402 cerni
913 3360 1021 3400 non
1080 3355 1309 3415 possunt
1333 3345 1620 3417 aspirare?
1683 3347 1885 3402 Eorum
1939 3321 2159 3402 certeC

506 3438 599 3508 qui
627 3437 717 3492 hic
749 3438 867 3508 puri
891 3437 1192 3507 mundique
1231 3447 1380 3501 sunt,
1400 3438 1490 3492 vix
1538 3438 1826 3508 quisquam
1885 3439 2090 3509 poterit

508 3529 858 3583 simulacrum
933 3529 1078 3583 illius
1155 3527 1583 3598 pulchritudinis
1636 3528 1899 3598 aspicere,
1980 3545 2088 3582 non

507 3636 689 3686 secus,
720 3630 881 3691 atque
911 3620 1009 3684 illi,
1037 3620 1128 3692 qui
1167 3622 1338 3676 solem
1367 3619 1421 3674 in
1458 3634 1596 3690 aqua
1626 3621 2086 3690 contemplantur.

507 3711 643 3778 Quis
676 3719 760 3767 est
805 3712 914 3777 ille,
951 3713 1044 3782 qui
1096 3728 1290 3782 aquam
1343 3727 1529 3778 manu,
1571 3722 1626 3767 et
1676 3712 1874 3767 cadum
1915 3711 2089 3782 palma

507 3806 793 3860 dimensus
826 3813 945 3871 est,
1017 3814 1072 3860 et
1120 3804 1323 3875 pugillo
1364 3813 1563 3858 terram
1596 3791 1842 3859 continet
1873 3804 2092 3858 univer-

507 3897 833 3963 sam?Quis
864 3905 1079 3952 montes
1131 3895 1185 3950 in
1235 3896 1396 3950 lance
1442 3894 1644 3965 posuit,
1697 3903 1752 3947 et
1817 3895 1984 3948 valles
2035 3893 2089 3946 in

507 3989 754 4044 statera?
784 3989 984 4060 Ecquis
1015 3988 1121 4043 erit
1148 3987 1303 4043 locus
1329 4029 1344 4051 ,
1377 3989 1431 4042 in
1466 4003 1576 4058 quo
1623 3987 1710 4041 ille
1745 3985 2090 4056 requiescat?

507 4082 737 4136 Cuinam
762 4081 1021 4134 omnibus
1044 4095 1074 4134 e
1114 4079 1276 4133 rebus
1306 4079 1520 4132 dicetur
1549 4078 1786 4132 similis?
1836 4077 1970 4143 Quis
2008 4085 2090 4131 est

508 4169 626 4233 ille,
659 4169 752 4238 qui
781 4167 948 4223 verbo
980 4167 1111 4221 fecit
1137 4167 1362 4220 omnia?
1387 4164 1492 4229 Qui
1539 4165 1820 4235 sapientia
1854 4165 2086 4220 fabrica-

509 4268 602 4315 tus
627 4269 709 4314 est
731 4257 1062 4314 hominem?
1090 4255 1193 4322 Qui
1227 4255 1548 4313 dissidentia
1601 4257 1655 4310 in
1686 4271 1854 4310 unum
1898 4265 2091 4311 contu-

2271 2526 2382 2580 Τοῦ
2421 2523 2631 2578 αὑτοῦ.
2674 2523 2770 2576 Ἐκ
2802 2523 2910 2578 τοῦ
2934 2522 3206 2591 μεγάλου
3235 2522 3707 2592 ἀπολογηηκοῦ.

2263 2615 2508 2686 Οὐρανὸς
2535 2613 2760 2684 ὑψηλὸς,
2781 2614 2851 2685 γῆ
2879 2613 2933 2666 δὲ
2961 2612 3173 2683 βαθεῖα,
3199 2613 3295 2665 καὶ⁵
3321 2613 3408 2674 τίς
3443 2614 3790 2684 ἀναϐήσεται

2193 2706 2300 2757 τῶν
2339 2705 2694 2775 ἐρριμμένων
2743 2707 2811 2774 τῇ
2853 2705 3136 2774 ἁμαρτίᾳ,
3166 2703 3250 2766 τίς
3280 2705 3666 2773 περικείμενος
3701 2706 3790 2759 ἔτι

2191 2798 2284 2850 τἰν
2321 2797 2472 2850 κάτω
2503 2797 2686 2864 ζόφον,
2720 2797 2814 2848 καὶ
2844 2796 2942 2866 τῆς
2982 2794 3183 2864 σαρκὸς
3210 2795 3310 2867 τὴν
3343 2797 3633 2866 παχύτητα
3675 2799 3792 2867 ὅλῳ

2193 2887 2278 2940 νοῒ
2321 2886 2580 2956 καθαρῶς
2623 2886 2950 2940 ἐποπτεύσει
2995 2885 3118 2939 νοῦν
3151 2886 3294 2952 ὅλον,
3344 2887 3439 2939 καὶ
3481 2888 3790 2957 μιγήσεται

2191 2981 2304 3041 τοῖς
2337 2978 2564 3042 ἑστῶσι,
2591 2977 2685 3031 καὶ
2702 2977 2959 3046 ἀοράτοις
2986 2978 3043 3029 ἐν
3072 2979 3184 3039 τοῖς
3212 2977 3488 3038 ἀστάτοις,
3522 2978 3618 3030 καὶ
3641 2979 3787 3048 όρω-

2195 3070 2377 3135 μένοις
2405 3082 2419 3129 ;
2457 3066 2612 3134 μόλις
2643 3065 2753 3136 γὰρ
2779 3066 2846 3119 ἄν
2873 3083 2956 3129 τις
2983 3064 3217 3119 ἐνταῦθα
3240 3066 3350 3118 τῶν
3374 3065 3583 3136 σφόδρα
3611 3084 3787 3122 κεκα-

2193 3159 2480 3228 θαρμένων
2510 3159 2616 3211 κᾶν
2662 3156 2880 3211 εἴδωλον
2895 3158 2990 3211 τοῦ
3016 3157 3182 3211 καλοῦ
3211 3157 3562 3228 θεωρήσειεν,
3585 3158 3787 3230 ὥσπερ

2193 3251 2240 3302 οἱ
2271 3250 2364 3301 τὸν
2401 3249 2554 3318 ἥλιον
2585 3251 2643 3302 ἑν
2670 3251 2784 3312 τοῖς
2809 3247 2987 3302 ὕδασι.
3025 3250 3123 3312 Τίς
3151 3248 3179 3300 ό
3222 3252 3508 3319 μετρήσας
3538 3254 3603 3320 τῇ
3629 3254 3786 3321 χειρὶ

2193 3341 2253 3393 τὸ
2291 3340 2456 3408 ὕδωρ,
2490 3340 2584 3392 καὶ
2634 3341 2726 3394 τὸν
2758 3340 2986 3411 οὑρανδν
3023 3340 3296 3412 σπιθαμῇ,
3333 3342 3430 3393 καὶ
3469 3343 3651 3394 πᾶσαν
3677 3343 3785 3412 τὴν

2195 3431 2298 3500 γῆν
2347 3431 2553 3502 δρακί;
2587 3431 2686 3493 Τίς
2725 3432 2922 3502 ἔστησε
2979 3431 3047 3485 τὰ
3085 3432 3186 3502 ὅρη
3233 3432 3481 3503 σταθμῷ,
3533 3433 3629 3487 καὶ
3677 3433 3784 3498 τὰς

2195 3521 2375 3584 νάπας
2409 3521 2602 3590 ζυγῷ;
2652 3521 2748 3584 Τίς
2774 3522 2936 3584 τόπος
2987 3524 3085 3592 τῆς
3130 3523 3534 3587 καταπαύσεως
3580 3523 3778 3590 αὑτοῦ,

2193 3614 2289 3666 καὶ
2331 3615 2438 3666 τίνι
2469 3613 2578 3666 τῶν
2610 3614 2826 3668 πάντων
2849 3614 3253 3685 ὁμοιωθήσεται
3285 3631 3302 3680 ;
3351 3616 3448 3678 Τίς
3477 3617 3505 3669 ό
3534 3618 3782 3687 ποιήσας

2194 3707 2260 3760 τὰ
2297 3707 2474 3760 πάντα
2502 3706 2560 3759 ὲν
2584 3705 2749 3776 λόγῳ,
2801 3705 2898 3759 καὶ
2925 3708 2990 3775 τῇ
3035 3707 3196 3778 σοφίᾳ
3229 3710 3648 3771 κατασκευάσας
3677 3710 3783 3762 ἇν-

2193 3803 2436 3873 θρωπον,
2472 3802 2569 3856 καὶ
2600 3805 2680 3864 εἰς
2713 3803 2772 3857 ἓν
2807 3802 3034 3872 ἀγαγὼν
3062 3803 3130 3855 τὰ
3163 3803 3445 3861 διεστῶτα,
3476 3803 3570 3855 καὶ
3601 3802 3784 3873 μίξας

2195 3893 2290 3946 τὸν
2320 3891 2449 3964 χοῦν
2481 3892 2560 3964 τῷ
2593 3893 2890 3962 πνεύματι,
2930 3892 3022 3946 καὶ
3058 3891 3272 3955 συνθεὶς
3303 3892 3435 3957 ζῶον
3455 3891 3649 3962 ὁρατόν
3680 3894 3786 3946 καὶ

2195 3985 2468 4054 ἀόρατον,
2519 3983 2855 4054 πρόσκαιρον
2897 3984 2992 4038 καὶ
3031 3984 3334 4052 ἀθάνατον,
3389 3984 3632 4053 ἐπίγειον
3682 3985 3782 4038 καὶ

2193 4074 2460 4146 οὐράνιον,
2493 4075 2800 4145 ἀπτόμενον
2835 4073 2971 4129 Θεοῦ
3003 4076 3098 4130 καὶ
3133 4076 3192 4128 οὑ
3239 4075 3744 4147 περιδρασσόμενον
3765 4117 3782 4140 ,

2191 4166 2411 4235 ὲγγίζον
2459 4168 2555 4222 καὶ
2597 4167 3015 4238 μακρυνόμενον
3047 4184 3061 4234 ;
3094 4162 3268 4232 Bina,
3296 4166 3785 4236 σοφισθήσομαι,

2193 4261 2363 4330 φησὶν
2387 4260 2413 4312 ό
2446 4259 2718 4329 Σολομὼν,
2743 4259 2840 4313 καὶ
2873 4259 3028 4328 αὐτὴ
3084 4259 3428 4328 ἐμακρύνθη
3484 4259 3587 4313 ἀπ’
3627 4258 3786 4328 ἐμοῦ

508 4353 622 4408 lit?
665 4349 772 4418 Qui
813 4350 1027 4422 spiritui
1057 4350 1340 4421 pulverem
1372 4348 1830 4415 admiscuit?Qui
1862 4350 2084 4417 animal,

2196 4350 2426 4420 μακρὰν
2457 4351 2608 4420 ὑπὲρ
2639 4350 2671 4404 ὃ
2709 4347 2810 4423 ἦν,
2835 4350 2932 4422 τὴν
2960 4351 3150 4418 σοφίαν
3186 4350 3386 4419 λέγων,
3421 4350 3517 4402 καὶ
3542 4351 3714 4414 ὅντως
3750 4353 3791 4405 ό

511 4444 660 4514 quod
701 4444 969 4508 cernitur,
1021 4457 1145 4498 cum
1201 4456 1287 4506 eo,
1333 4441 1477 4512 quod
1509 4441 1672 4497 'cerni
1720 4458 1830 4496 non
1883 4451 2084 4514 potest,

507 4536 740 4592 mortale
793 4550 917 4591 cum
987 4535 1304 4600 immortali,
1358 4544 1636 4590 terrenum
1697 4551 1819 4591 cum
1880 4536 2087 4592 coalesti

2191 4441 2530 4510 προστιθεὶς
2551 4437 2777 4512 γνῶσιν
2797 4443 3198 4512 προστίθησιν
3215 4442 3477 4511 ἄλγημα,
3497 4443 3557 4495 οὑ
3579 4442 3793 4513 μᾶλλον

2192 4532 2577 4604 εὐφραίνοντος
2605 4532 2699 4586 τοῦ
2721 4533 3057 4604 εὑρεθέντος,
3083 4533 3116 4604 ἢ
3138 4533 3399 4597 ἀνιῶντος
3422 4532 3516 4585 τοῦ
3546 4533 3744 4602 ὃιαφεύ
3763 4565 3790 4576 ο

509 4628 812 4700 capularit,
875 4629 1019 4698 quod
1061 4627 1235 4682 Deum
1289 4628 1524 4698 attingit,
1576 4637 1630 4683 ct
1682 4643 1791 4682 non
1843 4644 2084 4699 compre-

2198 4641 2408 4692 γοντος,
2431 4623 2590 4695 ὅπερ,
2625 4621 2800 4696 οἶμαι,
2830 4625 2978 4695 φιλεί
3007 4624 3328 4696 συμϐαίνειν
3363 4627 3477 4688 τοῖς
3505 4626 3586 4678 ἔτι
3616 4625 3794 4695 διψῶ-

511 4719 728 4783 hendit,
749 4720 1177 4791 appropinquat,
1200 4730 1254 4774 et
1285 4722 1477 4791 procul
1498 4720 1695 4776 abest?
1721 4721 1864 4787 Dixi,
1884 4723 2091 4791 sapiens

510 4810 664 4880 fiam,
688 4810 866 4882 inquit
893 4811 1169 4876 Salomon,
1199 4822 1246 4866 et
1271 4814 1483 4867 recessit
1511 4831 1542 4866 a
1572 4829 1654 4866 me
1678 4812 1903 4883 longius,
1937 4830 2096 4885 quam

516 4914 634 4959 erat
664 4905 812 4973 prius
829 4905 884 4961 ’⁴.
947 4904 1296 4976 Sapientiam
1333 4914 1516 4961 autem
1554 4905 1823 4976 intelligit.
1876 4907 1940 4960 Et
1967 4923 2095 4976 pro-

516 4995 665 5052 fecto
696 4997 786 5066 qui
814 4997 1091 5051 scientiam
1115 4997 1288 5060 addit,
1334 4997 1482 5050 addit
1518 5005 1568 5050 et
1614 4995 1846 5050 dolorem
1883 4999 1924 5062 ’,
1972 5012 2096 5051 cum

513 5105 627 5144 non
651 5089 912 5159 majorem
932 5088 1179 5144 laetitiam
1211 5089 1444 5160 accipiat
1478 5103 1543 5142 ex
1577 5103 1663 5151 eo,
1694 5089 1837 5159 quod
1883 5086 2091 5155 didicit,

517 5199 680 5254 quam
708 5184 954 5239 dolorem
1002 5198 1068 5238 ex
1113 5198 1200 5248 eo,
1227 5183 1373 5253 quod
1405 5182 1628 5253 assequi
1661 5197 1771 5237 non
1803 5182 2006 5253 potuit.
2038 5181 2093 5237 ld

516 5275 665 5345 quod
694 5275 798 5331 illis
829 5276 1329 5347 soletcontingcre,
1361 5274 1454 5343 qui
1482 5274 1732 5329 sitientes
1759 5273 1937 5328 adhuc
1968 5273 2091 5328 abso

519 5368 814 5422 trahuntur
859 5369 926 5423 ab
956 5381 1116 5438 aqua.
1176 5367 1286 5423 Aut
1318 5369 1408 5437 qui
1437 5381 1496 5422 se
1524 5367 1726 5437 aliquid
1762 5377 1946 5423 tenere
1981 5368 2096 5440 jam

516 5467 740 5534 putant,
766 5460 912 5530 quod
942 5461 1160 5536 assequi
1193 5467 1496 5528 nequeunt.
1543 5458 1659 5513 Aut
1701 5475 1839 5530 quos
1867 5457 2096 5528 fulguris

518 5551 782 5622 splendor
832 5567 1005 5623 prope
1052 5552 1219 5607 citius
1249 5553 1528 5618 transiliit,
1561 5567 1724 5623 quam
1779 5551 2092 5605 illustravit.

519 5638 648 5695 ιιωο
673 5655 763 5695 me
789 5641 1046 5710 cogitatio
1089 5643 1378 5713 depressit,
1404 5653 1566 5713 atque
1597 5643 1859 5698 humilem
1912 5641 2092 5699 reddi-

596 5779 832 5854 ‘chcle.
869 5796 964 5846 vu,
990 5781 1078 5836 24.
1171 5784 1191 5815 ¹
1230 5783 1412 5839 Eccle.
1448 5799 1488 5853 ι,
1520 5786 1604 5840 l8.

2201 4735 2285 4773 σιν
2314 4711 2734 4788 ἀποσπωμένοις
2759 4718 2967 4785 ὕδατος,
2995 4719 3028 4788 ἣ
3054 4719 3280 4788 κρατεῖν
3298 4736 3350 4771 τι
3373 4718 3436 4773 οὑ
3457 4719 3796 4788 δυναμένοις

2199 4810 2344 4880 ἔχειν
2371 4810 2705 4880 νομίζουσιν,
2744 4810 2776 4881 ἢ
2809 4809 2901 4874 οὓς
2923 4810 3168 4880 ἀπῆλθεν
3199 4809 3361 4872 εὐθὺς
3388 4811 3650 4882 ἀστραπὴ
3683 4830 3791 4864 πε-

2201 4902 2544 4974 ριλάμψασα.
2607 4901 2778 4956 Τοῦτό
2827 4919 2894 4973 με
2951 4903 3073 4974 ἵστη
3127 4903 3319 4969 κάτω,
3356 4904 3449 4958 καὶ⁸
3522 4903 3792 4959 ταπεινὸν

2200 4995 2400 5062 ἐποίει,
2458 4995 2554 5049 καὶ
2600 4989 2744 5050 εἶναι
2789 4994 3000 5065 βέλτιον
3042 4997 3266 5052 ἔπειθεν
3327 4996 3553 5052 ἀκούειν
3597 4999 3794 5069 φωνὴν

2200 5091 2486 5154 αἰνέσεως,
2548 5089 2580 5160 ἢ
2634 5087 2908 5160 ἐξηγητὴν
2965 5084 3110 5145 εἶναι
3163 5090 3275 5144 τῶν
3329 5090 3469 5161 ὑπὲρ
3524 5089 3795 5161 δύναμιν.

2210 5183 2276 5236 Ἦ
2301 5182 2686 5253 μεγαλειότης,
2709 5182 2889 5236 καὶτὸ
2919 5181 3075 5252 ὕψος,
3097 5183 3195 5236 καὶ
3228 5183 3286 5236 τὸ
3323 5183 3563 5254 ἀξίωμα,
3595 5184 3689 5237 καὶ
3721 5186 3796 5238 ai

2202 5273 2445 5345 καθαραὶ
2475 5274 2668 5344 φύσεις
2708 5275 2863 5344 μόλις
2907 5277 3186 5348 χωροῦσαι
3217 5276 3353 5329 Θεοῦ
3391 5276 3794 5347 λαμπρότητα,

2198 5365 2257 5419 ὂν
2304 5365 2544 5430 ἀόυσσος
2579 5368 2872 5435 καλύπτει,
2904 5362 2967 5422 οὗ
3014 5368 3209 5431 σκότος
3241 5369 3558 5439 ἀποκρυφὴ,
3601 5370 3796 5437 φωτὸς

2194 5458 2346 5521 δντος
2375 5457 2470 5511 τοῦ
2501 5457 2916 5529 καθαρωτάτου,
2937 5460 3029 5513 καὶ
3055 5460 3353 5529 ἀπροσίτου
3377 5464 3488 5525 τοῖς
3514 5460 3789 5527 πλείοσιν,

2194 5550 2250 5614 ὃς
2281 5552 2342 5603 ἐν
2369 5551 2502 5620 τῷδε
2531 5552 2607 5622 τῷ
2639 5555 2822 5618 παντὶ,
2859 5554 2954 5606 καὶ
2976 5553 3068 5606 τοῦ
3097 5553 3299 5617 παντός
3329 5555 3476 5606 ἐστιν
3507 5554 3631 5620 ἔξω.
3675 5555 3796 5618 Ὃς

2193 5643 2358 5700 καλόν
2397 5645 2547 5702 ἐστιν
2591 5645 2758 5713 ἅπαν,
2798 5648 2894 5700 καὶ
2922 5647 3037 5704 ἄνω
3069 5645 3238 5704 καλοῦ
3286 5647 3510 5715 παντὸς,
3555 5647 3610 5711 ὃς
3643 5645 3790 5700 νοῦν
