4024 6208
543 384 642 448 187

543 612 816 674 celsiores,
852 621 947 666 aut
979 625 1043 664 ex
1071 608 1357 671 cherubin,
1403 619 1496 663 aut
1530 608 1782 678 seraphin
1814 607 1980 662 Deum
2019 621 2122 660 no-

544 703 642 767 vit,
665 703 771 757 nisi
791 702 874 756 cui
896 701 1164 770 Deusipse
1188 715 1246 754 se
1269 699 1522 770 patefecit
1547 712 1602 754 et
1639 699 1915 754 indicavit.
1934 699 2123 766 Neque

549 793 801 847 tamenin
853 791 1246 860 omniprorsus
1285 791 1624 860 ignoratione
1651 791 1732 845 sui
1774 789 1992 858 reliquit
2025 803 2125 841 nos

547 886 712 938 Deus.
733 882 1000 937 Omnibus
1020 882 1165 937 enim
1179 883 1246 937 ab
1269 882 1386 952 ipso
1407 883 1726 937 naturaliter
1745 883 1966 936 insitum
1993 882 2124 936 illud

550 985 652 1040 est,
671 987 728 1030 ut
749 985 1075 1045 cognoscant
1092 991 1213 1031 esse
1233 975 1421 1031 Deum.
1445 975 1645 1031 Deinde
1665 991 1843 1030 rerum
1867 973 2126 1028 universi-

551 1079 634 1122 tas
653 1065 879 1136 ejusque
922 1069 1268 1121 conservatio
1295 1076 1348 1122 et
1380 1067 1681 1121 moderatio
1710 1066 1908 1120 divina:
1968 1073 2128 1117 natu-

551 1173 628 1210 τη)
682 1158 1120 1223 magnitudinem
1171 1158 1449 1228 praedicat.
1497 1157 1761 1211 Pra-tcrea
1816 1171 1914 1225 per
1953 1155 2125 1225 legem

552 1256 608 1301 et
642 1247 933 1317 prophetas
981 1247 1159 1318 prius,
1221 1257 1335 1301 tum
1385 1261 1481 1314 per
1533 1245 1870 1316 unigenitum
1929 1243 2124 1297 Filium

553 1353 735 1406 suum,
761 1339 1068 1402 Dominum,
1103 1349 1158 1393 et
1183 1338 1376 1402 Deum,
1405 1346 1459 1390 et
1486 1335 1830 1390 S4-rvatorem
1888 1344 2126 1388 nostrum

553 1429 740 1484 Jesum
819 1430 1121 1495 Christum,
1177 1439 1440 1498 quantum
1513 1445 1706 1497 capere
1787 1439 2124 1498 poteramus,

557 1524 702 1576 Deus
762 1523 1124 1592 cognitionem
1187 1524 1272 1578 sui
1309 1522 1472 1575 nobis
1508 1521 1744 1592 aperuit.
1789 1519 1983 1575 Omnia
2030 1520 2128 1592 igi-

560 1623 648 1667 tur
671 1630 792 1683 quze
816 1615 975 1669 nobis
1005 1631 1100 1683 per
1132 1615 1328 1684 legem,
1364 1625 1418 1668 et
1461 1614 1774 1683 prophetas,
1807 1623 1860 1667 et
1908 1621 2129 1682 aposto-

457 1751 468 1756 _
555 1704 660 1768 los,
687 1712 740 1758 et
769 1704 1132 1774 evangelistas
1174 1705 1370 1758 tradita
1401 1712 1548 1768 sunt,
1575 1719 1639 1758 ea
1685 1703 2031 1773 suscipimus,
2076 1714 2130 1758 et

557 1795 937 1864 cognoscimus
971 1804 1026 1848 et
1076 1809 1422 1858 veneramur,
1476 1795 1610 1848 nihil
1663 1795 1892 1864 amplius
1948 1794 2182 1891 inqui-l

559 1895 761 1940 rentes.
800 1884 941 1940 Deus
972 1885 1138 1949 enim,
1172 1901 1293 1940 cum
1343 1887 1518 1941 bonus
1551 1887 1644 1953 sit,
1703 1901 1866 1940 omne
1924 1885 2126 1940 bonum

557 1976 837 2045 elargitur,
870 1991 972 2030 nec
1005 1975 1242 2040 invidiae,
1271 1977 1481 2031 autulli
1514 1977 1919 2046 perturbationi
1959 1977 2132 2031 obno-

559 2067 682 2121 xius
702 2075 802 2122 est.
830 2065 967 2120 Nam
999 2081 1029 2120 a
1060 2067 1242 2122 divina
1264 2067 1351 2121 illa
1400 2077 1620 2134 natura,
1662 2069 1910 2123 onmium
1991 2068 2129 2122 alie-

559 2156 799 2211 ctionum
829 2157 1058 2226 experti,
1083 2173 1146 2212 ac
1175 2158 1288 2212 sola
1322 2157 1466 2213 bona
1503 2159 1690 2228 procul
1729 2161 1880 2214 abest
1903 2158 2130 2213 invidia.

560 2247 748 2316 Itaque
778 2263 901 2302 cum
926 2249 1108 2301 omnia
1137 2248 1295 2310 sciat,
1322 2258 1378 2303 et
1421 2249 1550 2319 quid
1591 2251 1792 2318 cuique
1845 2251 2116 2307 conducat

561 2351 671 2390 non
725 2337 954 2408 ignoret,
1013 2355 1136 2408 qua:
1161 2341 1318 2396 nobis
1390 2341 1603 2410 cognita
1633 2341 1918 2396 utilitatem
1977 2350 2135 2396 erant

560 2428 810 2493 allatura,
847 2444 908 2483 ea
966 2432 1248 2485 voluntate
1301 2445 1397 2487 sua
1450 2431 1751 2486 declaravit
1785 2450 1799 2486 :
1834 2448 1954 2502 que
2003 2447 2133 2485 vero

561 2517 831 2571 ferrenon
859 2529 1193 2588 poteramus,
1231 2537 1294 2576 ea
1341 2522 1625 2576 conticuit.
1674 2521 1769 2576 llis
1830 2538 1957 2594 ergo
2003 2538 2134 2577 con-

565 2609 698 2662 tenti
730 2609 920 2676 simus,
952 2612 1006 2664 in
1043 2612 1124 2667 his
1147 2629 1483 2668 maneamus.
1507 2613 1620 2669 Nec
1667 2616 1931 2669 terminos
1975 2615 2131 2670 aufe-

561 2714 749 2754 ramus
769 2704 1150 2771 sempitcrnos,
1185 2720 1284 2760 nec
1310 2720 1340 2760 a
1373 2705 1558 2760 divino
1609 2707 1931 2777 praescripto
1986 2721 2134 2760 rece-

563 2792 777 2848 damus.

1091 2887 1365 2955 Ejusdem.
1398 2887 1527 2956 Cap.
1548 2889 1605 2942 2.

634 2979 861 3050 Oportet
891 2979 1072 3049 igitur,
1106 2995 1254 3042 eum,
1287 2979 1380 3046 qui
1409 2980 1476 3033 de
1508 2979 1616 3032 Deo
1649 2980 1728 3033 vel
1755 2980 2002 3035 dicturus
2049 2991 2134 3035 est

563 3075 788 3145 aliquid,
820 3074 901 3128 vel
934 3073 1242 3135 auditurus,
1268 3073 1397 3126 illud
1423 3074 1581 3142 plane
1603 3077 1876 3145 cognitum
1907 3075 2129 3132 habere.

1768 383 2145 444 EUTIIYMII
2186 382 2545 441 ZlGABENI

540 523 643 578 bus
661 522 858 589 solum,
878 521 972 576 sed
991 538 1057 577 ex
1077 520 1369 577 virtutibus
1393 520 1497 573 illis
1517 533 1637 588 qua)
1657 518 1863 572 mundo
1885 527 2012 573 sunt
2031 534 2122 572 cx-

2232 499 2503 568 μακαρξαν
2551 495 2714 564 φύσιν
2755 495 2927 554 οὐδεις
2965 492 3026 560 ἔι-

3715 366 3820 428 HS

3034 508 3106 543 νω
3154 489 3286 542 ποτὲ
3333 487 3492 551 Θεὸν,
3548 486 3598 538 εἰ
3648 482 3726 556 μὴ

2224 591 2388 652 αὐτὸς
2415 587 2788 655 ἀπεκάλυψεν,
2817 586 2918 637 οὐκ
2950 580 3254 652 ἀνθρώπιον
3292 579 3477 650 μόνον,
3524 577 3646 631 ἀλλ’
3684 577 3818 630 οῦδὲ

2225 680 2331 734 τῶν
2363 679 2750 750 ὑπερκοσμὶων
2787 677 3098 744 δυνάμεων,
3139 674 3235 732 καὶ
3264 673 3468 732 αὐτῶν,
3508 670 3676 740 φημὶ,
3700 668 3820 721 τῶν

2225 773 2514 846 κερουωμ,
2557 772 2650 824 καὶ
2697 769 2964 838 σεραφὶμ.
3027 767 3140 818 υῦκ
3196 763 3380 830 ἀφῆκε
3429 763 3618 832 μέντοι
3663 762 3820 830 ἡμᾶς

2225 868 2252 918 ὁ
2282 864 2413 926 Θεδς
2458 863 2516 914 ἐν
2545 861 2798 913 παντελεί
2844 856 3114 926 ἀγνωσία.
3170 857 3312 908 Πᾶσι
3361 853 3469 925 γὰρ
3521 854 3554 923 ἢ
3609 853 3821 919 γνῶσις

2225 953 2319 1008 τοῦ
2371 948 2512 1006 εἶναι
2544 951 2678 1004 Θεὸν
2710 951 2800 1002 ὑπ’
2826 947 2992 1003 αὑτοῦ
3037 946 3284 1013 φυσικῶς
3332 945 3821 1013 ἑγκατέσπαρται.

2229 1049 2337 1102 Καὶ
2370 1047 2510 1114 αὑτὴ
2561 1043 2669 1112 γὰρ
2715 1044 2747 1112 ἡ
2798 1041 2999 1104 κτίσις,
3033 1039 3128 1092 καὶ
3173 1040 3205 1106 ὴ
3262 1037 3471 1106 ταύτης
3521 1037 3732 1104 συνοχή
3762 1051 3824 1086 τε

2228 1140 2321 1192 καὶ
2351 1137 2480 1191 κυὸἐ
2493 1151 2678 1206 ρνησις
2706 1134 2766 1186 τὸ
2791 1133 3083 1201 μεγαλεῖον
3120 1129 3492 1199 ἀνακηρύττει
3533 1129 3632 1197 τῆς
3662 1127 3825 1188 θεέας

2229 1229 2462 1298 φύσεως.
2499 1225 2610 1279 Καὶ
2636 1224 2721 1276 διὰ
2749 1225 2918 1292 νόμου
2944 1221 2999 1273 δὲ
3030 1221 3127 1274 καὶ
3174 1218 3476 1291 προφητῶν
3511 1217 3825 1286 πρότερον,

2230 1321 2418 1373 ἔπειτα
2441 1319 2496 1371 δὲ
2531 1320 2641 1370 καὶ⁹
2671 1316 2761 1369 διὰ
2806 1315 2900 1368 τοῦ
2937 1313 3264 1384 μονογενοῦς
3304 1311 3471 1364 αὐτοῦ
3517 1311 3675 1374 Υἰοῦ,
3705 1312 3824 1363 Ku-

2230 1410 2348 1481 ρὲου
2376 1410 2433 1463 δὲ
2460 1409 2552 1462 καὶ
2573 1407 2734 1470 Θεοῦ,
2763 1409 2858 1461 καὶ
2881 1408 3136 1476 Σωτῆρος
3164 1404 3322 1475 ἡμῶν
3362 1402 3540 1472 Ἰησοῦ
3570 1403 3824 1471 Χριστοῦ

2231 1503 2370 1555 κατὰ
2399 1504 2460 1553 τὸ
2501 1501 2720 1570 ἐφικτὸν
2752 1501 2884 1570 ἡμῖν
2918 1499 3019 1567 τὴν
3064 1496 3261 1550 ἑαυτοῦ
3315 1496 3634 1565 ἐφανέρωσε
3672 1494 3824 1562 γνῶο

2232 1613 2337 1648 σιν.
2379 1595 2563 1648 Πάντα
2613 1591 2790 1644 τοίνυν
2843 1591 2911 1643 τα
2963 1588 3385 1659 παραδεδομένα
3435 1588 3568 1656 ἡμῖν
3616 1587 3710 1638 δια
3763 1603 3823 1638 τε

2231 1687 2417 1756 νόμου,
2449 1687 2542 1738 καὶ
2576 1682 2892 1752 προφητῶν,
2930 1683 3026 1734 καὶ
3063 1681 3406 1742 ἀποστόλων,
3441 1681 3532 1730 καὶ
3584 1678 3831 1745 εὐαγγε-

2231 1777 2428 1829 λιστῶν
2476 1774 2764 1844 δεχόμεθα,
2818 1773 2912 1826 καὶ
2963 1771 3329 1840 γινώσκομεν,
3376 1769 3471 1821 καὶ
3517 1767 3827 1837 σεϐόμεθα,

2233 1868 2384 1921 οὐδὲν
2413 1865 2726 1935 περαιτέρω
2752 1864 2955 1916 τούτων
2997 1862 3407 1932 ἐπιζητοῦντες.
3448 1858 3684 1928 ’Δγαθὸς
3715 1860 3830 1929 γὰρ

2230 1959 2306 2012 ὣν
2351 1960 2380 2012 ὁ
2424 1958 2579 2023 Θεὸς,
2633 1959 2836 2019 παντὸς
2891 1954 3101 2023 ἀγαθοῦ
3160 1953 3498 2025 παρεκτικός
3545 1954 3727 2017 ἔστιν,
3759 1953 3831 2004 οὐ

2232 2049 2432 2119 φθόνῳ,
2463 2048 2586 2100 οὐδὲ
2638 2047 2800 2100 πάθει
2845 2046 2950 2099 τινὶ
2993 2044 3379 2112 ὑποκείμενος.
3430 2043 3675 2111 Maxin
3711 2041 3835 2112 γὰρ

2229 2142 2328 2210 τῆς
2354 2139 2508 2202 Θείας
2537 2139 2755 2206 φύσεως
2782 2137 2976 2206 φθόνος
3003 2138 3100 2205 τῆς
3125 2153 3188 2202 γε
3217 2134 3485 2196 ἀπαθοῦς,
3514 2136 3610 2186 καὶ
3643 2134 3831 2203 μόνης

2231 2230 2466 2301 ἀγαθῆς.
2521 2228 2608 2292 Ὠς
2658 2226 2752 2281 οὖν
2803 2227 2982 2280 πάντα
3036 2227 3220 2291 εἰδὼς,
3259 2228 3353 2278 καὶ
3406 2225 3468 2278 τὸ
3530 2225 3834 2294 συμφέρον

2231 2323 2447 2390 ἑκάστῳ
2473 2320 2952 2391 προμηθούμενος,
2989 2321 3127 2390 ὅπερ
3177 2317 3474 2388 συνέφερεν
3502 2319 3638 2388 ἡμῖν
3681 2317 3835 2384 γνῶ⁴

2230 2431 2342 2475 ναι,
2377 2414 2733 2483 ἀπεκάλυψεν
2763 2429 2777 2443 ·
2820 2413 2958 2483 ὅπερ
3005 2411 3061 2465 δὲ
3111 2411 3212 2464 οὐκ
3255 2409 3567 2479 ἐδυνάμεθα
3603 2408 3832 2477 φέρειν,

2232 2501 2613 2571 ἀπεσιώπησε.
2648 2501 2836 2555 Ταῦτα
2890 2504 3054 2571 ἡμεῖς
3111 2500 3448 2570 στέρξωμεν,
3484 2499 3579 2551 καὶ
3611 2499 3676 2549 ἐν
3719 2499 3832 2550 αὖ-

2230 2599 2342 2660 τοῖς
2378 2598 2676 2665 μείνωμεν,
2712 2597 2787 2666 μὴ
2841 2595 3194 2664 μεταὶροντες
3238 2593 3364 2663 ὅρια
3407 2592 3630 2657 αἰώνια,
3683 2591 3836 2661 μηδὲ

2234 2688 2657 2756 ὑπερϐαίνοντες
2683 2689 2784 2758 τὴν
2822 2687 2972 2740 θείαν
3008 2685 3326 2757 παράδοσιν.

2591 2887 2705 2941 Τοῦ
2745 2886 2952 2942 αὐτοῦ.
3001 2885 3342 2954 Κεφάλαιον
3378 2884 3461 2949 β’.

2303 2983 2422 3054 Χρὴ
2448 2982 2540 3036 οῦν
2578 2981 2668 3035 τὸν
2697 2983 2826 3051 περὶ
2859 2980 2990 3033 Θεοῦ
3023 2980 3205 3048 λέγειν
3255 2980 3388 3049 τι,ἢ
3433 2978 3664 3032 ἀκούειν
3693 2978 3833 3047 βου-

2233 3077 2476 3146 λόμενον,
2517 3074 2702 3142 σαφῶς
2765 3073 2990 3138 εἰδέναι,
3033 3073 3110 3135 ὡς
3161 3072 3281 3124 οὐδὲ
3348 3073 3528 3125 πάντα
3580 3071 3836 3142 ἄρρητα,

561 3167 693 3233 Quae
723 3168 787 3221 ad
812 3167 1152 3221 divinitatem
1177 3166 1315 3235 ejus,
1347 3182 1576 3236 quxque
1613 3168 1679 3220 ad
1721 3166 2127 3223 humanitatem

2235 3167 2353 3220 οὐδὲ
2402 3167 2579 3220 πάντα
2628 3166 2792 3235 ῥητὰ,
2822 3166 2890 3218 τα
2931 3181 2990 3217 τε
3039 3165 3137 3232 τῆς
3195 3163 3480 3230 θεολογίας
3511 3163 3580 3215 τά
3612 3179 3673 3215 τε
3725 3166 3836 3232 τῆς

562 3275 591 3312 a
624 3257 762 3312 ("ilio
797 3257 965 3326 ipsius
989 3266 1326 3326 assumptam
1353 3258 1648 3326 pertinent,
1679 3273 1781 3312 nec
1810 3260 1991 3313 omnia
2023 3276 2128 3312 non

559 3349 666 3402 diei
712 3364 889 3418 posse,
925 3365 1028 3404 nec
1059 3350 1241 3402 omnia
1267 3364 1481 3404 rursum
1501 3349 1605 3402 dici
1645 3366 1658 3403 :
1690 3366 1788 3404 nec
1820 3353 2000 3405 Omnia
2025 3368 2130 3405 non

563 3442 842 3511 cognosci,
877 3456 975 3495 nec
1005 3442 1188 3494 omnia
1214 3442 1470 3511 cognosci
1504 3457 1682 3510 posse.
1733 3443 1892 3496 Aliud
1949 3453 2128 3496 autem

561 3542 646 3586 est
666 3548 826 3602 posse
856 3531 1110 3603 cognosci
1147 3532 1372 3600 aliquid,
1396 3542 1450 3586 et
1490 3532 1632 3584 aliud
1667 3549 1825 3601 pos‘sc
1849 3534 2126 3603 explicari.

558 3623 1023 3688 Quemadmodum
1050 3624 1210 3676 etiam
1243 3622 1388 3676 aliud
1420 3632 1498 3676 est
1521 3624 1722 3692 eloqui,
1754 3625 1898 3678 aliud
1927 3633 2009 3678 c~t
2040 3642 2132 3678 ρον

560 3729 846 3784 guoscere.
876 3715 1036 3768 Multa
1070 3714 1252 3786 igitur,
1281 3730 1401 3781 qu.e
1432 3715 1496 3768 ad
1535 3717 1700 3768 Deum
1749 3725 2017 3784 spectant,
2049 3725 2130 3767 tc-

558 3808 652 3862 nui
711 3807 944 3877 quadam
1003 3816 1056 3861 et
1119 3809 1353 3863 obscura
1388 3807 1699 3877 cognitione
1753 3809 2128 3876 percipiuntur

555 3901 862 3966 commode,
898 3909 951 3955 el.
983 3901 1198 3969 proprie
1247 3913 1524 3971 nequeunt
1554 3900 1756 3954 clIcrri.
1815 3901 1996 3969 itaque
2051 3900 2130 3953 lo-

558 4003 786 4063 quentes
817 3994 885 4048 de
917 3993 1002 4060 iis,
1039 4010 1159 4063 qua:
1202 4009 1365 4064 supra
1423 4010 1526 4047 nos
1573 4002 1723 4055 sunt,
1757 3994 2002 4062 cogimur
2049 3992 2126 4045 uti

2231 3259 2567 3329 οἰκονομίας.
2606 3257 2744 3310 Οῦῑε
2781 3260 2890 3329 μὴν
2926 3259 3104 3310 πάντα
3153 3259 3434 3324 ἄγνωστα,
3468 3254 3598 3308 οὔτε
3643 3256 3839 3309 πάντα

2230 3353 2470 3420 γνωστα.
2504 3352 2734 3422 Ἕτερον
2784 3353 2840 3404 δέ
2901 3353 3017 3404 ἐστι
3047 3350 3107 3403 τὸ
3170 3348 3415 3418 γνωστὸν
3468 3348 3568 3402 καὶ
3630 3349 3840 3416 ἕτερον

2228 3448 2288 3499 τὺ
2323 3447 2485 3518 ῥητόν
2509 3462 2522 3474 °
2549 3445 2738 3516 ὥσπερ
2767 3445 2898 3500 ἄλλο
2927 3443 2987 3497 τὸ
3013 3443 3213 3518 λαλεῖν,
3249 3443 3345 3495 καὶ
3390 3443 3522 3495 ἄλλο
3553 3441 3614 3495 τὺ
3646 3440 3833 3509 γινὼο

2230 3557 2404 3592 σκειν.
2452 3538 2629 3592 Πολλᾶ
2661 3538 2839 3590 τοῖνυν
2873 3536 2981 3590 τῶν
3017 3538 3145 3606 περὶ
3177 3535 3313 3588 Θεοῦ
3355 3534 3616 3604 ἀμυδρῶς
3660 3551 3836 3586 νοου-

2239 3629 2436 3698 μένων,
2469 3630 2532 3680 οὐ
2584 3627 2816 3698 καιρίως
2869 3627 3250 3696 ἐκφρασθῆναι
3302 3625 3552 3682 δύναται,
3581 3623 3729 3676 ἀλλὰ
3762 3623 3841 3675 τὰ

2237 3717 2358 3770 καθ’
2429 3719 2579 3788 ἡμᾶς
2640 3715 3064 3785 ἀναγκαζόμεθα
3129 3716 3221 3767 ἐπὶ
3290 3715 3400 3768 τῶν
3462 3714 3605 3782 ὑπὲρ
3670 3715 3844 3782 ἡμᾶς

2234 3810 2447 3878 λέγειν.
2509 3809 2698 3878 ὥσπερ
2740 3809 2833 3860 ἐπὶ
2878 3808 3012 3860 Θεοῦ
3067 3808 3297 3877 λέγομεν
3352 3805 3514 3859 ὕπνον
3571 3806 3670 3857 καὶ
3738 3805 3845 3874 ὀρθ

2236 3904 2338 3972 γὴν
2405 3903 2500 3954 καὶ
2543 3903 2827 3972 ἀμέλειαν,
2878 3901 3064 3973 χεῖράς
3108 3919 3165 3954 τε
3219 3901 3314 3956 καὶ
3358 3898 3561 3962 πόδας,
3605 3896 3708 3950 καὶ
3763 3897 3844 3950 τα

2232 4012 2479 4048 τοιαῦτα.

557 4087 736 4142 verbis
771 4087 931 4140 nobis
959 4089 1410 4156 congruentibus.
1466 4089 1542 4140 Er
1571 4103 1681 4155 quo
1725 4088 1803 4150 tit,
1859 4097 1916 4141 ut
1951 4087 2060 4140 Deo
2118 4101 2172 4143 et
2228 4108 2504 4153 somnum,
2535 4101 2589 4147 et
2621 4093 2778 4157 iram,
2819 4100 2874 4146 et
2902 4094 3274 4156 securitatem,
3302 4098 3358 4146 et
3387 4105 3605 4154 manus,
3637 4099 3693 4143 et
3735 4103 3845 4158 pc-

557 4181 678 4242 dcs,
702 4190 757 4232 et
781 4179 883 4232 alia
911 4179 1176 4246 ejusmodi
1209 4178 1538 4231 tribuamus.

628 4272 796 4326 Deum
824 4258 984 4342 igitur
1005 4286 1146 4332 csse,
1176 4271 1443 4341 principio
1489 4279 1545 4323 et
1593 4269 1698 4324 ﬁne
1751 4286 1959 4336 carere,
2010 4287 2130 4326 esse

555 4371 905 4436 perpetuum,
951 4371 1239 4428 aeternum,
1291 4377 1399 4415 non
1455 4371 1714 4427 creatura,
1773 4363 2128 4427 immobilem,

2294 4275 2416 4326 Ὅτι
2448 4274 2546 4346 μὲν
2571 4269 2664 4326 οῦν
2695 4274 2809 4326 ἐστι
2840 4272 2971 4335 Θεὸς
2999 4273 3255 4342 ἄναρχος,
3283 4270 3841 4338 ἁτελεύτητοςβλώ·

2240 4367 2348 4428 νιός
2375 4383 2434 4418 τε
2463 4365 2558 4418 καὶ
2585 4366 2775 4428 ἀΐδια,
2807 4365 3082 4427 ἂκτιστος,
3113 4363 3408 4433 ἄτρεπτος,
3429 4364 3839 4432 ἀναλλοίωτος,

558 4456 976 4518 immutabilem,
1019 4454 1339 4522 simplicem,
1380 4455 1824 4522 incompositum,
1890 4457 2127 4525 corporis

2240 4456 2465 4521 ἁπλοῦς,
2511 4456 2824 4521 ἁσύνθετος,
2881 4458 3198 4524 ἀσώματος,
3253 4456 3509 4526 ἀόρατος,
3569 4457 3836 4528 ἀναφὴς,

561 4558 839 4618 expertem
871 4565 886 4613 ;
918 4563 1018 4602 nec
1047 4547 1219 4612 cerni,
1251 4562 1352 4601 nec
1389 4547 1555 4619 tangi,
1599 4563 1700 4602 nec
1752 4549 2128 4602 circumscribi

556 4659 659 4697 nec
693 4642 1038 4710 cogitatione,
1079 4650 1172 4694 aut
1198 4641 1306 4695 ullo
1333 4641 1492 4695 modo
1525 4643 1914 4710 comprehendi
1955 4658 1969 4705 ;
2029 4641 2126 4694 bo-

553 4751 709 4799 num,
737 4733 968 4804 justum,
1017 4733 1450 4801 munipoteqtem
1490 4734 1719 4800 ;omnia
1784 4749 2128 4802 procreasse,

553 4827 734 4884 omnia
765 4826 1252 4892 moderari,omnia
1283 4841 1528 4891 cernere,
1562 4826 1816 4880 omnibus
1840 4826 2130 4880 consulere

552 4929 608 4975 et
637 4919 954 4990 providere;
984 4920 1038 4973 in
1067 4919 1248 4974 omnia
1279 4919 1478 4973 habere
1498 4928 1846 4988 potestatem,
1880 4920 2126 4973 omnium

549 5028 671 5067 esse
699 5012 965 5080 iudicem,
993 5020 1046 5065 et
1066 5013 1471 5082 Cognoscimus,
1509 5022 1565 5067 et
1596 5014 1944 5068 conﬁtemur.
1983 5015 2128 5067 Prae-

553 5111 698 5158 terea
735 5119 904 5158 unum
957 5118 1079 5158 esse
1111 5105 1304 5168 Deum,
1332 5105 1434 5159 hoc
1463 5115 1545 5159 est
1598 5122 1764 5159 unam
1801 5106 2124 5170 essentiam,

550 5212 778 5267 eamque
813 5199 988 5252 tribus
1047 5202 1316 5273 personis,
1343 5199 1524 5264 Patre,
1554 5211 1608 5254 et
1642 5200 1801 5263 Filio,
1836 5212 1888 5255 et
1918 5202 2124 5270 Spiritu

548 5299 738 5344 sancto
763 5289 836 5343 ita
861 5290 1193 5354 distinctam,
1222 5304 1278 5346 ut
1305 5295 1483 5357 Pater,
1512 5304 1568 5347 et
1587 5293 1771 5360 Filius,
1805 5303 1860 5347 ct
1886 5295 2123 5364 Spiritus

548 5391 769 5436 sanctus
791 5400 958 5437 unum
986 5385 1207 5438 omnino
1233 5396 1358 5458 sttit,
1382 5386 1481 5440 nisi
1503 5387 1642 5454 quod
1669 5387 1826 5441 Pater
1851 5389 2124 5457 ing-'nitus

547 5483 654 5538 est,
684 5473 856 5528 Filius
907 5476 1143 5546 genitus,
1191 5475 1430 5547 Spiritus
1485 5489 1707 5532 sanctus
1756 5480 2018 5547 procedit.
2059 5477 2123 5532 Et

549 5565 910 5634 unigenitum,
939 5581 1002 5624 ac
1044 5567 1284 5624 Verbum
1327 5569 1420 5623 Dei
1456 5578 1510 5624 et
1556 5571 1724 5622 Deum
1759 5585 1856 5639 per
1912 5569 2120 5623 viscera

549 5657 932 5712 misericordia:
958 5677 1068 5716 sua:
1093 5677 1190 5731 pro
1221 5662 1396 5716 salute
1426 5672 1636 5725 nostra,
1671 5679 1732 5715 ex
1759 5664 1900 5716 bona
1945 5661 2120 5716 i‘atris

546 5745 845 5813 voluntate,
876 5759 930 5804 et
964 5766 1129 5820 opera
1198 5755 1432 5823 Spiritus
1487 5756 1682 5818 sancti,
1737 5754 1853 5809 sine
1905 5755 2111 5810 semine

2234 4549 2665 4620 ἀπερίγραπτος,
2705 4547 3084 4618 ἁπερινόητος,
3119 4547 3533 4616 ἁκατάληπτος.
3580 4549 3839 4615 ἀγαθὸς,

2230 4640 2461 4704 δίκαιος,
2522 4641 2973 4708 παντοδὺναμος,
3029 4639 3252 4693 πάντων
3325 4640 3437 4693 τῶν
3495 4642 3843 4710 κτισμάτων

2231 4733 2587 4804 δημιουργὸς,
2646 4734 3068 4802 παντοκράτωρ,
3119 4729 3534 4800 παντεττόπτης,
3588 4733 3840 4789 πάντων

2233 4824 2559 4894 προνοητὴς,
2606 4824 2982 4892 ἐξουσιαστὴς,
3031 4823 3243 4894 κριτὴς,
3281 4824 3376 4876 καὶ
3436 4824 3837 4895 γινώσκομεν,

2230 4916 2326 4969 καὶ
2348 4917 2725 4987 ὁμολογοῦμεν
2753 4933 2767 4948 ο
2812 4920 2906 4970 καὶ
2937 4919 3019 4970 ὅτι
3062 4912 3143 4981 εἷς
3174 4920 3291 4970 ἐστι
3321 4917 3477 4982 θεὸς,
3511 4919 3687 4988 ἧγουν
3720 4921 3840 4988 μία

2229 5009 2420 5062 οὐσὶαο
2457 5010 2548 5061 καὶ
2600 5010 2682 5062 ὃτι
2739 5009 2799 5061 ἐν
2852 5009 3033 5080 τρ;σὶν
3093 5010 3426 5062 ὑποστάσεσι
3476 5011 3837 5080 γνωρίζεται

2227 5121 2284 5157 τε
2323 5107 2414 5157 καὶ
2444 5103 2580 5168 ἔστι,
2613 5103 2806 5174 Πατρὶ,
2839 5104 3002 5173 φημὶ,
3051 5106 3142 5157 καὶ
3179 5104 3313 5174 Υἱῷ,
3346 5105 3436 5157 καὶ
3467 5106 3609 5173 ἁγίῳ
3643 5107 3841 5160 Πνεύ-

2231 5210 2404 5258 ματιο
2435 5197 2529 5246 καὶ
2583 5196 2668 5247 ’ὅτι
2717 5196 2744 5246 ὁ
2779 5196 2970 5266 Πατὴρ
3003 5197 3097 5248 καὶ
3149 5198 3177 5248 ὁ
3227 5196 3349 5260 Υἱὸς
3399 5195 3493 5248 καὶ
3545 5197 3607 5250 τὺ
3655 5199 3839 5268 ἅγιον

2228 5287 2453 5355 Πνεῦμα
2505 5287 2647 5338 κατὰ
2693 5288 2871 5339 παντα
2907 5287 2964 5340 ἕν
3000 5289 3105 5339 εἰσι
3138 5287 3280 5357 πλὴν
3305 5287 3404 5356 τῆς
3444 5289 3829 5356 ἀγεννησίας,

2227 5377 2448 5446 καὶτῆς
2484 5379 2812 5448 γεννήσεως,
2853 5380 2944 5430 καὶ
2982 5378 3080 5448 τῆς
3132 5379 3516 5449 ἐκπορεύςεως
3541 5395 3556 5410 ο
3593 5382 3688 5432 καὶ
3729 5383 3830 5436 ὅτι

2223 5474 2250 5524 ὁ
2281 5470 2572 5541 μονογενὴς
2603 5473 2728 5534 Υἱὸς
2759 5472 2852 5524 καὶ
2884 5472 3052 5540 Λόγος
3083 5476 3175 5525 τοῦ
3207 5472 3340 5525 Θεοῦ
3379 5473 3477 5524 καὶ
3525 5473 3681 5536 Θεὸς,
3721 5473 3835 5528 διὰ

2227 5565 2509 5633 σπλάγχνα
2561 5565 2744 5628 ἐλέους
2788 5563 2979 5628 αὑτοῦ,
3024 5565 3112 5618 διὰ
3148 5566 3246 5635 τὴν
3303 5565 3586 5636 ἡμετέραν
3622 5582 3834 5637 σωτηιν

2225 5661 2365 5729 ρίαν,
2408 5659 2626 5729 εῦδοκὲᾳ
2656 5658 2748 5712 τοῦ
2785 5659 2999 5728 Πατρδς
3037 5660 3128 5710 καὶ
3177 5658 3467 5728 συνεργεὶᾳ
3514 5657 3606 5710 τοῦ
3640 5659 3837 5725 ἁγίου

2224 5750 2561 5821 ῘΙν;ῦ;ι.ατο;,
2601 5751 2861 5822 ἀσπόρως
2905 5750 3249 5820 συλληςθέὶς,
3296 5751 3549 5822 defugio;
3601 5752 3661 5803 ἐκ

3758 5754 3786 5763 .-

3713 5771 3836 5824 τῆς
