4024 6208
555 364 658 432 191

1793 366 2168 428 EUTHYMII
2203 367 2372 426 ZlGA
2387 363 2558 424 BENI

3707 358 3805 422 19?.

551 476 815 534 omnibus
854 475 1240 541 excellentem,
1275 484 1334 530 ut
1373 490 1496 530 eunt
1522 474 1576 528 in
1613 489 1744 529 aura
1772 475 1940 536 tenui,
1967 485 2129 544 alque

2251 489 2412 542 ιμιον,
2433 471 2812 540 περικόσμιον,
2831 469 3245 541 ὑπερουράνιον,
3271 469 3371 523 ὑπε
3383 469 3621 540 ρούσιον,
3641 471 3816 540 ἧλον,

550 569 689 624 adeo
719 569 775 622 in
797 569 1074 624 mentibus
1111 569 1291 638 ipsum
1320 580 1443 621 esse
1482 565 1700 631 dicunt,
1740 575 1794 620 et
1828 566 1880 618 in
1927 566 2126 619 animis

552 668 610 712 et
635 661 690 712 in
722 659 1064 729 corporibus,
1097 669 1158 718 et
1176 658 1231 710 in
1258 656 1421 722 ctelo,
1462 656 1590 710 etin
1651 666 1818 716 terra.
1852 666 1906 709 et
1964 654 2131 709 simul

556 748 613 801 in
646 750 861 812 eodem,
921 747 1172 801 eumdem
1220 747 1277 802 in
1337 747 1562 809 mundo,
1616 761 1779 816 supra
1843 745 2132 809 mundum,

2243 567 2476 636 ἀστέρα,
2542 563 2677 634 πῦρ,
2737 561 2922 632 ὕδωρ,
2972 561 3224 631 πνεῦμα,
3266 561 3495 633 δρόσον,
3560 567 3824 636 νεφέλην,

2239 657 2542 725 αὐτόλιθον,
2573 656 2668 708 καὶ
2694 654 2920 725 πέτραν,
2953 654 3046 707 καὶ
3074 653 3255 708 πάντα
3281 655 3352 708 τὰ
3369 654 3520 720 ὄντα,
3549 656 3646 709 καὶ
3667 657 3824 711 οὐδὲν

2238 749 2348 800 τῶν
2385 747 2576 800 ὄντων.

554 841 701 895 circa
760 840 1023 895 mundum
1051 879 1067 904 ,
1133 839 1271 895 coelo
1328 841 1686 908 superiorem,
1721 838 2155 908 praestantiorem
2197 843 2460 904 essentia,
2493 843 2685 907 solem,
2740 841 3204 912 stellam,ignem,
3247 856 3468 911 aquam,
3535 840 3819 911 spiritum,

553 945 758 992 rorem,
800 931 1025 998 nubem,
1048 931 1226 1002 ipsum
1248 931 1506 1002 lapidem,
1542 941 1598 988 et
1625 941 1856 1003 petram,
1906 941 1961 986 et
2016 933 2201 988 omnia
2253 951 2374 1004 qua:
2441 946 2571 990 sunt
2603 946 2660 991 et
2695 937 2831 990 nihil
2865 951 3053 990 eorum
3081 950 3202 1004 quae
3241 944 3389 990 sunt.

549 1041 680 1095 Item
697 1044 1117 1113 deappellatione
1140 1047 1340 1119 divino,
1368 1045 1548 1119 Magni
1565 1045 1806 1119 Gregorii
1825 1045 2064 1119 Theologi
2078 1063 2142 1101 ea:

1039 1118 1272 1170 oratione
1299 1117 1335 1170 2
1373 1116 1451 1171 De
1463 1115 1472 1116 ί
1485 1115 1643 1170 Filio.

621 1269 782 1324 Nullo
813 1273 1038 1328 nomine
1070 1274 1336 1331 Divinitas
1371 1284 1553 1346 potest
1584 1278 1886 1331 enuntiari.
1928 1276 1984 1332 ld
2020 1292 2124 1332 non

551 1363 722 1415 solum
759 1365 994 1418 rationes
1013 1366 1332 1430 ostendunt,
1366 1384 1550 1424 verum
1583 1371 1747 1424 etiam
1785 1369 2131 1426 Hebraeorum

550 1453 951 1522 sapientissimi
987 1466 1041 1510 et
1085 1458 1466 1523 vetustissimi,
1529 1464 1704 1529 quoad
1756 1462 1872 1516 ﬁeri
1937 1464 2143 1541 potuit.

552 1543 921 1612 declararunt,
951 1549 1154 1618 quippe
1202 1551 1292 1620 qui
1330 1553 1570 1622 pmpriis
1609 1554 1932 1622 quibusdam
2000 1556 2144 1608 notis

551 1651 676 1688 eum
727 1639 966 1690 venerati
1019 1649 1170 1700 sunt.
1241 1657 1343 1696 nec
1410 1647 1798 1712 permiserunt,
1841 1655 1900 1699 ttt
1938 1645 2144 1699 eisdem

556 1725 760 1778 litteris
792 1743 875 1790 ea,
905 1743 1024 1796 qua:
1059 1739 1181 1797 post
1207 1727 1374 1784 Deum
1407 1741 1557 1791 sunt.
1592 1741 1645 1786 et
1671 1733 1783 1802 ipse
1811 1734 1952 1788 Deus
1995 1733 2134 1788 indi-

2247 1030 2376 1082 ‘En
2425 1029 2558 1094 περὶ
2627 1031 2978 1096 θεωνυμίας,
3027 1029 3134 1082 τοῦ
3175 1028 3444 1097 μεγάλου
3485 1029 3826 1097 Γρηγορίου

2313 1099 2744 1220 11.0.5980va
2779 1101 2848 1151 ἐκ
2865 1099 2971 1152 τοῦ
3001 1098 3287 1166 δευτέρου
3307 1102 3499 1167 λόγου
3529 1098 3653 1152 τῶν
3679 1100 3824 1168 περὶ

2366 1186 2482 1220 ιου.

2366 1186 2482 1222 ιου.

2311 1260 2386 1312 Τὸ
2447 1258 2590 1311 οεῖον
2655 1258 3120 1329 ἀκατονόμαστον.
3177 1257 3288 1312 Καὶ
3343 1257 3504 1312 τοῦτο
3558 1259 3822 1330 δηλοῦσιν

2239 1350 2340 1418 οὐχ
2384 1351 2432 1402 οἰ
2459 1349 2711 1419 λογισμοὶ
2739 1350 2923 1418 μόνον,
2951 1349 3088 1404 ἀλλὰ
3113 1350 3206 1403 καὶ
3246 1351 3523 1422 Ἐϐραίων
3551 1354 3602 1405 οι
3637 1353 3826 1421 σοφώ-

2242 1458 2394 1494 τατοι
2436 1443 2531 1494 καὶ
2585 1442 2961 1507 παλαιότατοι,
3011 1443 3137 1495 ὅσον
3189 1443 3456 1509 εἰκάζειν,
3508 1443 3720 1509 ἔδοξαν.
3755 1447 3825 1498 Ol

2243 1534 2351 1603 γὰρ
2387 1534 2768 1604 χαρακτῆρσιν
2815 1535 2968 1596 ἰδίοις
3017 1533 3079 1586 τὸ
3114 1533 3258 1587 θεῖον
3305 1536 3660 1604 τιμήσαντες,
3693 1537 3825 1589 οὐδὲ

2243 1626 2561 1696 γράμμασιν
2593 1627 2952 1696 ἀνασχόμενοι
2986 1627 3100 1688 τοῖς
3147 1625 3334 1690 αὐτοῖς
3389 1627 3522 1680 ἄλλο
3565 1645 3623 1679 τι
3674 1628 3824 1698 γρᾶο

2244 1719 2440 1787 φεσοαι
2467 1719 2576 1770 τῶν
2605 1719 2745 1790 μετά
2778 1719 2934 1782 Θεὸν,
2972 1719 3068 1772 καὶ
3099 1719 3256 1781 Θεὸν,
3307 1719 3382 1781 ὡς
3416 1721 3540 1772 δέον
3571 1720 3819 1773 ἀκοινώ-

563 1827 805 1878 earetur,
833 1818 989 1884 quasi
1017 1827 1265 1886 oporteat
1294 1819 1349 1874 in
1396 1821 1502 1874 hoc
1569 1823 1729 1876 etiam
1790 1824 1956 1878 Deum
2015 1839 2139 1878 eum

2251 1826 2403 1877 νητον
2437 1803 2598 1872 εἶναι,
2628 1810 2718 1861 καὶ
2751 1792 2915 1879 μέχρι
2961 1808 3155 1862 τούτου
3191 1810 3251 1861 τὸ
3278 1809 3435 1862 Θείον
3464 1813 3578 1873 τοῖς
3605 1811 3822 1880 ήμετέο

556 1905 720 1957 rebus
749 1907 951 1960 nostris
978 1908 1115 1962 nihil
1149 1911 1350 1964 habere
1380 1926 1692 1968 commune.
1713 1913 1998 1979 Quomodo
2045 1917 2148 1986 igi-

562 2011 655 2062 tur
687 1996 1038 2054 admisissent
1087 2001 1220 2055 tales
1247 2002 1377 2065 viri,
1418 2012 1667 2058 naturam
1711 2005 2143 2061 illatninsolubi-

571 2085 676 2138 lem
739 2096 795 2140 et
846 2103 943 2142 sua
976 2105 1033 2143 se
1074 2092 1402 2160 promietate
1435 2097 1806 2150 continentem
1827 2112 1958 2152 voce
1986 2098 2137 2152 solu-

568 2175 660 2228 bili
701 2179 960 2234 declarari
982 2181 1010 2236 ἲ
1030 2181 1221 2238 Nullus
1241 2199 1478 2254 unquam
1517 2187 1760 2256 profecto
1793 2196 1960 2242 totum
1987 2187 2137 2242 eilia-

569 2269 889 2334 vitaercm;
931 2285 1031 2326 nec
1062 2273 1153 2326 Dei
1196 2277 1491 2330 essentiam
1543 2279 1770 2332 omnino
1825 2280 1912 2334 vel
1971 2296 2129 2335 mens

563 2360 841 2430 concepit,
886 2363 971 2416 vel
1001 2379 1102 2417 vox
1131 2368 1568 2436 comprehcndit.
1606 2368 1714 2423 Sed
1769 2385 1836 2424 ex
1905 2370 1972 2424 iis
2014 2386 2135 2439 quae

558 2451 704 2504 circa
728 2452 903 2520 ipsum
933 2465 1084 2517 sunt,
1122 2455 1474 2514 Divinitatcm
1509 2461 1916 2526 adumbrantes,
1937 2462 2134 2516 obscu-

557 2554 673 2593 ram
698 2542 817 2609 ejus
850 2545 1139 2612 quamdam
1176 2558 1230 2601 et
1283 2559 1502 2604 tenuem
1533 2551 1663 2605 hinc
1687 2553 1814 2607 inde
1845 2553 2133 2622 imaginem

558 2632 882 2703 colligimus.
906 2637 968 2689 Et
1001 2638 1091 2692 ille
1119 2639 1327 2707 primus
1349 2655 1376 2693 τι
1399 2643 1554 2696 nobis
1607 2643 1893 2714 theologus
1945 2645 2132 2698 existi-

559 2735 763 2790 matur,
793 2743 902 2781 non
934 2729 1025 2798 qtti
1067 2739 1235 2784 totam
1280 2731 1620 2787 divinitatem
1676 2735 1906 2800 invenit,
1981 2736 2132 2788 nullo

559 2815 706 2870 enim
733 2819 953 2874 vinculo
994 2830 1102 2876 tota
1149 2824 1455 2893 stringitur,
1497 2827 1589 2880 sed
1624 2827 1716 2895 qui
1759 2827 1928 2896 magis
1972 2842 2132 2895 quam

2248 1918 2384 1972 ροις,
2420 1902 2552 1954 πότε
2609 1901 2677 1955 ἂν
2709 1901 2976 1968 δείξαιντο
3015 1900 3250 1971 λυομένη
3304 1903 3458 1970 φωνῇ
3515 1900 3825 1972 δηλοῦσθαι

2244 1991 2344 2062 τὴν
2398 1992 2594 2046 ἄλυτον
2634 1993 2798 2060 φύσιν
2839 1993 2934 2046 καὶ
2982 1993 3316 2056 ἰδιάζουσαν.
3367 1991 3507 2046 Οὔτε
3538 1993 3646 2062 γὰρ
3677 1995 3826 2062 ἀέρα

2243 2099 2329 2146 τις
2381 2083 2645 2136 ἔπνευσεν
2703 2083 2827 2137 ὅλον
2882 2082 3127 2147 πώποτε,
3157 2083 3284 2136 οὔτε
3317 2083 3506 2137 οὐσίαν
3532 2085 3827 2148 παντελῶς

2241 2175 2401 2238 θεοῦ,
2431 2175 2464 2245 ἢ
2502 2175 2628 2239 νοῦς
2669 2175 3012 2246 κεχώρηκεν.
3038 2177 3070 2245 ἢ
3100 2176 3254 2245 φωνὴ
3281 2177 3628 2246 περιέλαϐεν.
3668 2176 3805 2230 Ἀλλ

2240 2267 2305 2321 ὲκ
2343 2269 2452 2320 τῶν
2481 2268 2609 2339 περὶ
2638 2268 2801 2321 αὑτὸν
2836 2267 3314 2339 σκιαγραφοῦντες
3357 2268 3426 2322 τὰ
3461 2269 3580 2321 κατ’
3620 2268 3822 2335 αὐτὸν,

2241 2353 2492 2428 ἀμυδρὰν
2521 2375 2642 2410 τινα
2671 2358 2762 2412 καὶ
2787 2358 3019 2428 ἀσθενῆ,
3046 2360 3140 2412 καὶ
3167 2359 3336 2428 ἄλλην
3371 2358 3643 2414 ἀπ’ᾶλλου
3676 2377 3824 2428 φαν-

2239 2452 2433 2502 τασίαν
2465 2450 2817 2520 συλλέγομεν.
2853 2453 2961 2504 Καὶ
3013 2446 3171 2514 οὗτος
3231 2452 3458 2521 ἄριστος
3515 2453 3648 2521 ἡμῖν
3696 2452 3826 2504 θεο-

2242 2539 2422 2608 λόγος,
2454 2541 2553 2610 οὐχ
2586 2541 2642 2604 ὃς
2677 2537 2803 2612 εὗρε
2855 2543 2916 2610 τὸ
2944 2543 3075 2606 πᾶν,
3117 2543 3176 2596 οὺ
3215 2544 3324 2613 γὰρ
3357 2543 3575 2613 δέχεται
3612 2542 3676 2595 τὸ
3706 2545 3827 2596 πᾶν

2242 2634 2270 2682 ὁ
2300 2633 2520 2702 δεσμὸς,
2549 2633 2662 2686 ἀλλ’
2707 2635 2768 2697 ὃς
2832 2637 2928 2688 ἐὰν
2973 2637 3136 2689 ἄλλον
3173 2637 3455 2706 φαντασθῇ
3492 2637 3680 2701 πλέον,
3724 2639 3830 2690 καὶ

2241 2728 2423 2780 πλεῖον
2458 2730 2514 2779 ἐν
2541 2729 2719 2799 ἐαυτῷ
2753 2729 3032 2799 συναγάγῃ
3062 2729 3120 2781 τὸ
3147 2730 3243 2797 τῆς
3274 2729 3532 2800 ἀληθείας
3557 2728 3822 2799 ἰνδαλμα,

2242 2825 2276 2894 ἢ
2317 2823 2689 2893 ἀποσκῐαομα,
2715 2824 2748 2892 ἦ
2779 2827 2805 2876 ὃ
2841 2843 2896 2878 τι
2928 2826 3022 2878 καὶ
3045 2825 3410 2894 ὀνομάζομεν.

559 2909 700 2964 alius
739 2912 1115 2982 cngitationcm
1173 2916 1484 2982 intendens,
1533 2920 1796 2988 majorem
1852 2919 2096 2974 veritatis
2137 2921 2252 2974 sive
2311 2917 2744 2980 similitudinem,
2773 2918 2888 2972 sive
2933 2918 3208 2981 umbram,
3249 2919 3367 2974 sive
3423 2919 3477 2974 id
3505 2918 3829 2975 aliomodo

563 3004 647 3056 vis
682 3007 978 3075 appellare.
1013 3011 1196 3065 animo
1235 3014 1633 3082 complectitur.

637 3095 918 3160 Quantum
980 3115 1110 3170 ergo
1157 3103 1315 3157 nobis
1372 3100 1586 3174 assequ’i
1640 3121 1962 3161 concessum
2029 3115 2133 3168 est,
2169 3116 2212 3174 ο

565 3189 697 3253 Ens,
771 3201 826 3243 et
895 3191 1060 3255 Deus,
1141 3196 1315 3266 magis
1402 3199 1806 3267 quodammodo
1884 3202 2140 3255 essentia:

569 3277 796 3332 nomina
825 3289 989 3346 sunt;
1033 3297 1101 3336 ex
1147 3284 1325 3354 iisque
1365 3290 1530 3340 etiam
1585 3302 1713 3352 vox,
1753 3287 1884 3351 Ens,
1920 3290 1986 3342 ad
2016 3304 2138 3342 cant

572 3366 918 3422 iudicandam
975 3371 1154 3440 aptior
1216 3385 1336 3437 est;
1369 3392 1476 3430 non
1527 3377 1631 3432 hoc
1686 3379 1860 3432 solum
1897 3381 2138 3444 nomine,

477 3521 480 3524 ,
571 3460 714 3526 quod
745 3461 881 3529 ipse,
931 3477 1052 3516 cum
1105 3463 1270 3536 Moysi
1304 3467 1356 3521 in
1384 3480 1568 3523 monte
1609 3471 1896 3524 oraculum
1933 3473 2138 3532 ederet,

573 3563 953 3623 qumreretque
975 3555 1082 3617 ille,
1105 3571 1212 3624 quo
1233 3560 1454 3616 nomine
1471 3572 1784 3627 vocaretur,
1809 3564 1880 3617 ita
1903 3565 2142 3633 seipsnm

589 3646 895 3716 appellavit,
940 3649 1156 3702 ediecns
1196 3649 1446 3704 videlicet
1481 3652 1550 3714 ei,
1595 3660 1651 3701 ut
1691 3651 1756 3703 ad
1781 3649 2026 3718 populum
2053 3649 2140 3703 his

581 3741 758 3794 verbis
791 3749 1076 3795 uteretur:
1113 3742 1216 3806 Qui
1267 3753 1363 3808 est,
1410 3745 1547 3797 misit
1604 3759 1683 3794 me
1726 3745 1778 3805 ';
1835 3742 1928 3796 sed
1981 3742 2142 3794 ctiaut

581 3832 707 3897 quia
741 3846 930 3887 nomen
959 3831 1084 3886 illud
1109 3833 1278 3903 magis
1317 3837 1589 3904 proprium
1617 3849 1735 3887 esse
1758 3833 2142 3901 comperimus.

583 3921 838 3986 Quamvis
1042 3927 1182 3978 enim
1219 3924 1314 3978 Dei
1337 3942 1458 3989 vox,
1494 3927 1574 3979 vel
1605 3940 1633 3976 a
1667 3925 1832 3978 verbo
1871 3923 2035 3984 Θέειν,
2068 3922 2148 3974 vel

584 4014 650 4066 ab
666 4013 933 4077 ai'Oetv,ttt
961 4025 1146 4082 putant
1171 4017 1258 4084 qui
1290 4016 1340 4068 in
1370 4017 1468 4068 hoc
1500 4029 1692 4082 genere
1718 4013 1816 4064 sibi
1849 4013 1967 4064 sciti
1993 4022 2153 4078 atque

585 4103 756 4168 arguti
781 4105 1048 4165 videntur,
1084 4105 1182 4157 hoc
1209 4115 1309 4165 est,
1342 4121 1370 4156 ιι
1399 4103 1675 4162 currendo,
1714 4101 1794 4152 vel
1829 4100 1896 4152 ab
1929 4101 2148 4158 urendo.

588 4189 851 4243 rationem
887 4192 1114 4259 originis
1141 4207 1253 4245 sua:
1293 4194 1473 4254 ducat,
1499 4200 1718 4258 propter
1755 4201 1930 4243 motus
1957 4204 2151 4257 perpe-

590 4281 852 4344 tuitatem,
885 4291 936 4334 ct
981 4283 1120 4350 quod
1165 4282 1384 4336 vitiosos
1423 4281 1634 4335 habitus
1692 4289 1968 4334 consumat
2002 4283 2143 4347 (nam

2257 4287 2384 4356 γὰρ,
2418 4287 2569 4356 φησὶ,
2609 4289 2839 4354 Κύριος,
2893 4291 2924 4340 ό
2974 4289 3116 4352 Θεός
3149 4301 3264 4340 σου
3290 4303 3301 4316 ’
3351 4285 3528 4338 τοῦτό

590 4370 714 4425 hinc
743 4387 955 4440 quoque
985 4374 1119 4442 ignis
1152 4389 1473 4426 consumens
1523 4374 1718 4427 dicitur
1750 4371 1828 4443 ‘),
1867 4386 1929 4425 ex
1962 4387 2148 4427 eorum

592 4469 770 4513 tamen
804 4479 1026 4518 numero
1056 4476 1162 4526 est,
1195 4480 1313 4533 qua:
1345 4466 1409 4517 ad
1445 4465 1644 4533 aliquid
1687 4464 2019 4524 referuntur,
2051 4479 2149 4516 nec

590 4550 758 4605 libera
793 4565 847 4607 et
870 4556 1110 4609 ahsolnta
1141 4567 1254 4618 est;
1285 4557 1730 4623 quemadmodum
1765 4570 1864 4610 nec
1895 4571 1992 4607 vox
2025 4556 2147 4618 ista,

589 4640 866 4710 Dominus,
908 4662 1026 4714 qua:
1081 4647 1175 4700 Dei
1231 4663 1443 4716 quoque
1496 4662 1687 4699 nomen
1754 4662 1875 4699 esse
1929 4646 2147 4699 dicitur.

591 4729 702 4800 Ego
730 4735 888 4800 enim,
922 4737 1116 4804 inquit,
1163 4737 1411 4789 Dominus
1453 4735 1588 4788 Dens
1645 4747 1762 4786 (nus
1793 4737 1928 4788 :ltoc
1979 4751 2149 4786 meum

591 4839 775 4876 nomen
805 4837 878 4878 est
918 4829 977 4890 ³;
1014 4840 1086 4890 et,
1119 4829 1370 4882 Dominus
1403 4845 1586 4880 nomen
1615 4829 1712 4895 ipsi
1761 4832 1800 4878 δ.
1826 4828 1894 4879 At
1933 4842 2031 4880 nos
2056 4843 2151 4880 tta-

2318 3103 2482 3157 Ὅσον
2509 3103 2554 3156 δ’
2588 3098 2681 3158 οῦν
2724 3105 2788 3157 ἐκ
2837 3104 2946 3158 τῶν
2997 3106 3130 3174 ἡμῖν
3167 3107 3425 3174 ἐφικτῶν,
3469 3109 3504 3161 ό
3556 3107 3658 3178 μὲν
3704 3107 3821 3176 ὢν,

2241 3197 2334 3248 καὶ
2365 3200 2397 3250 ό
2433 3195 2598 3260 Θεὸς,
2632 3196 2835 3266 μᾶλλόν
2868 3215 2986 3260 πως
3029 3197 3128 3266 τῆς
3158 3199 3343 3258 οὐσίας
3385 3199 3668 3268 ὀνόματα-⁸
3722 3205 3826 3253 καὶ

2239 3288 2442 3340 τούτων
2487 3289 2688 3357 μᾶλλον
2715 3291 2748 3342 ό
2779 3288 2892 3340 ὢν·
2921 3289 2984 3341 οὐ
3016 3289 3173 3357 μόνον
3193 3291 3277 3344 ὅτι
3304 3290 3383 3360 τῷ
3412 3292 3642 3345 Μωῦσεῖ
3679 3310 3827 3362 χρη..

2245 3380 2486 3449 ματίζων
2519 3381 2612 3432 ἐπὶ
2641 3381 2731 3432 τοῦ
2765 3381 2944 3450 ὅρους,
2989 3385 3083 3436 καὶ
3108 3382 3209 3453 τὴν
3238 3383 3435 3451 κλῆσιν
3474 3384 3829 3452 ἀπαιτούμε-

2242 3493 2352 3538 νος,
2412 3474 2446 3544 ἦ
2502 3474 2586 3536 τις
2647 3491 2776 3526 ποτε
2836 3474 2945 3543 εῐη,
3007 3473 3166 3528 τοῦτο
3236 3476 3534 3544 προσεῖπεν
3593 3478 3823 3532 ἑαυτὸν.

2254 3567 2318 3618 ’0
2345 3565 2428 3618 ὢν
2447 3565 2794 3620 ἀπέσταλκέ
2819 3583 2918 3634 με,
2942 3566 3020 3635 τῷ
3047 3565 3161 3636 λαῷ
3188 3567 3452 3628 κελεύσας
3470 3570 3671 3621 εἰπεῖν’
3701 3570 3828 3623 ἀλλ’

2242 3651 2325 3703 ὅτι
2365 3651 2458 3701 καὶ
2492 3652 2827 3721 κυριωτέραν
2861 3651 3060 3721 ταύτην
3101 3651 3445 3722 εὑρίσκομεν.
3483 3651 3545 3702 Ἢ
3582 3651 3686 3718 μὲν
3716 3656 3838 3718 γὰρ

2252 3740 2344 3794 τοῦ
2372 3742 2538 3802 Θεοῦ,
2568 3742 2666 3794 κᾶν
2690 3742 2795 3795 ἀπὸ
2816 3742 2908 3794 τοῦ
2933 3741 3109 3803 θέειν,
3135 3740 3168 3812 ἦ
3189 3743 3397 3805 αιθειν,
3425 3739 3838 3809 ἡτυμολόγηται

2254 3835 2364 3896 τοῖς
2401 3834 2528 3904 περὶ
2559 3833 2732 3887 ταῦτα
2759 3833 3008 3903 κομψοῖς,
3053 3832 3142 3885 διὰ
3177 3833 3236 3885 τὸ
3274 3832 3572 3900 ἀεικίνητον
3611 3833 3710 3882 καὶ
3734 3831 3840 3883 δα-

2255 3923 2550 3991 πανητικόν
2596 3924 2702 3977 τῶν
2737 3924 3020 3994 μοχθηρῶν
3061 3924 3248 3988 ἕξεων,
3275 3923 3367 3976 καὶ
3395 3922 3500 3990 γὰρ
3541 3918 3656 3990 πῦρ
3695 3937 3840 3972 κατ-

2254 4013 2541 4066 αναλίσκον
2591 4015 2838 4068 ἐντεῦθεν
2887 4016 3123 4083 λέγεται,
3167 4015 3279 4068 ἀλλ’
3337 4010 3430 4067 οῦν
3461 4013 3568 4064 τῶν
3606 4012 3747 4082 πρὸς
3777 4029 3841 4065 τι

2253 4105 2560 4175 λεγομένοιν
2588 4107 2724 4168 ἐστὶ,
2754 4107 2845 4159 καὶ
2873 4108 2970 4159 οὐκ
2990 4107 3201 4176 ἄφετος·
3226 4105 3413 4175 ὥσπερ
3436 4105 3582 4174 καὶὴ
3610 4105 3843 4169 Κύριος

2258 4197 2431 4267 φωνὴ,
2467 4197 2638 4266 ὄνομα
2673 4193 2808 4251 εἶναι
2851 4197 2986 4250 Θεοῦ
3033 4197 3126 4250 καὶ
3157 4197 3292 4266 αὑτὴ
3340 4195 3639 4264 λεγομένη·
3680 4194 3846 4261 Ἐγὼ

3706 4295 3791 4348 [to
3802 4295 3843 4330 v

2255 4375 2427 4427 ἐστὶν
2450 4375 2664 4442 ὅιόμασ
2699 4377 2812 4438 καὶ,
2855 4377 3065 4443 Κύριος
3109 4375 3298 4444 ὄνομα
3331 4373 3510 4438 αὐτῷ.
3548 4371 3845 4442 Ἡμεῖς.δὲ

2257 4463 2417 4531 φύσιν
2449 4462 2829 4535 ἐπιζητοῦμεν,
3076 4464 3138 4518 τὸ
3182 4461 3319 4517 εἶναι
3363 4464 3482 4518 καθ’
3512 4461 3694 4523 ἑαυτὸ,
3738 4462 3847 4512 καὶ

2257 4557 2358 4608 οὐκ
2395 4556 2538 4626 ἄλλῳ
2583 4557 2961 4628 συνδεδεμένον
2981 4576 2992 4588 ’
3037 4559 3098 4609 τὸ
3141 4558 3196 4610 δὲ
3224 4556 3282 4610 ὃν
3306 4591 3322 4616 ,
3503 4555 3633 4608 ἴδιον
3661 4554 3847 4615 ὅντως

2259 4647 2417 4705 Θεοῦ.
2451 4649 2543 4699 καὶ
2574 4647 2712 4711 ὅλον,
2765 4649 2900 4719 μήτε
2945 4648 3022 4718 τῷ
3051 4648 3158 4720 πρὸ
3189 4646 3374 4709 αὑτοῦ,
3418 4648 3550 4716 μήτε
3597 4644 3677 4713 τῷ
3716 4645 3847 4712 μετ’

2254 4738 2433 4797 αὐτὸν,
2469 4741 2530 4791 οὐ
2572 4739 2680 4810 γὰρ
2724 4735 2878 4811 ἧν,ἢ
2925 4740 3107 4803 ἔσται,
3150 4738 3552 4809 περατούμενον
3594 4735 3629 4804 ἢ
3678 4751 3854 4802 περι-

2258 4827 2589 4897 κοπτόμενον
2598 4866 2611 4879 .

591 4927 763 4971 turam
802 4919 1062 4988 ejusmodi
1099 4923 1451 4990 exquirimus,
1480 4937 1599 4989 qua:
1659 4921 1830 4989 ipsum
1889 4936 2008 4975 esse
2057 4937 2150 4989 per
2192 4936 2250 4974 se
2275 4922 2488 4985 haheat,
2527 4938 2589 4977 ac
2620 4939 2724 4975 non
2764 4938 2885 4976 eutu
2918 4923 3021 4975 alio
3043 4922 3295 4990 quopiam
3359 4918 3659 4988 copuletur.
3726 4914 3788 4966 Et
3821 4928 3857 4967 ι

590 5027 737 5075 vero,
768 5017 1038 5082 proprium
1069 5033 1199 5071 sane
1231 5028 1314 5070 est
1353 5017 1466 5083 Dei,
1505 5033 1568 5071 ac
1615 5027 1806 5082 totum,
1837 5026 1937 5072 tlcc
1965 5018 2142 5085 priore
2184 5017 2362 5086 aliqua
2395 5036 2472 5082 re,
2521 5036 2619 5074 uec
2683 5020 2978 5088 posteriore
3039 5017 3162 5088 (nec
3195 5019 3336 5071 enim
3391 5023 3527 5078 erat,
3557 5019 3650 5065 aut
3681 5009 3858 5076 erit),

589 5105 868 5163 deﬁnitum
905 5126 965 5164 ae
991 5113 1390 5166 circumcisum.

850 5206 968 5258 Alia
1013 5217 1188 5260 autem
1236 5207 1448 5260 nomina
1490 5209 1681 5275 partim
1722 5209 2003 5278 potestatis
2037 5225 2156 5263 esse

593 5302 824 5348 constat.
855 5297 1050 5363 partim
1085 5297 1416 5363 meouomize,
1445 5307 1498 5350 et
1540 5299 1755 5366 quidem
1780 5299 2042 5367 duplicis;
2081 5300 2157 5352 al—

596 5385 764 5437 terius
807 5387 1060 5440 nimirum
1112 5401 1341 5453 corpore
1387 5388 1736 5452 stthlitnioris,
1769 5389 1994 5444 alterius
2032 5405 2155 5444 cum

596 5488 820 5540 corpore
857 5477 1177 5544 conjunctae.
1208 5477 1450 5545 Exempli
1479 5492 1664 5542 causa,
1705 5477 2058 5548 Omnipotens
2100 5480 2152 5544 ⁸,

597 5575 648 5617 et
683 5566 816 5632 Rex,
857 5567 939 5620 vel
981 5567 1164 5636 gloriae
1196 5569 1248 5635 ⁸,
1279 5570 1361 5622 vel
1415 5570 1734 5624 Steculorutn
1768 5573 1818 5638 ",
1858 5572 1938 5625 vel
1986 5573 2157 5625 virtu-

674 5687 688 5717 ⁸
727 5685 894 5739 Exod.
939 5703 996 5740 ιιι
1025 5727 1039 5749 ,
1085 5687 1167 5743 N.
1280 5689 1298 5718 ⁹
1329 5687 1484 5743 Deut.
1526 5705 1602 5752 tv,
1636 5688 1724 5743 23.

602 5753 788 5809 ‘Psal.
825 5769 981 5822 um,
1011 5757 1096 5811 10.
1173 5761 1191 5791 ⁷
1229 5758 1246 5811 l
1286 5757 1427 5812 Tim.
1463 5774 1502 5823 t,
1538 5758 1622 5811 li.

2461 5204 2589 5256 ’Τῶν
2619 5203 2662 5256 δ’
2693 5201 2866 5256 ἄλλων
2907 5199 3302 5272 προσηγοριῶν,
3343 5197 3397 5252 αἱ
3441 5197 3536 5268 μὲν
3563 5197 3660 5266 τῆς
3687 5195 3867 5261 ἐξου-

2267 5296 2386 5358 σίας
2417 5296 2522 5350 εἰσὶ
2561 5294 2871 5364 προφανῶς,
2909 5295 2964 5345 αἱ
2997 5293 3052 5344 δὲ
3095 5293 3191 5362 τῆς
3232 5290 3538 5360 οἰκονομΐας
3569 5329 3585 5355 ,
3745 5289 3869 5342 καὶ

2263 5390 2464 5458 ταύτης
2483 5387 2662 5454 διττῆς
2683 5403 2694 5414 °
2724 5385 2821 5455 τῆς
2858 5385 2954 5455 μὲν
2983 5385 3120 5455 ὑπὲρ
3150 5383 3210 5436 τὸ
3237 5383 3415 5452 σῶμα.
3443 5381 3536 5451 τῆς
3561 5381 3616 5434 δὲ
3645 5381 3701 5433 ἐν
3727 5381 3866 5430 mi;—

2267 5499 2394 5551 ματι
2419 5497 2433 5510 ο
2464 5475 2574 5531 οἷον
2619 5480 2648 5530 ὁ
2699 5478 2796 5547 μὲν
2840 5476 3258 5546 Παντοκράτωρ.
3305 5475 3397 5527 καὶ
3428 5475 3456 5526 ὁ
3499 5466 3788 5532 Βασιλεὺς,
3822 5477 3869 5540 η

2264 5571 2363 5641 τῆς
2387 5569 2563 5639 δόξης,
2597 5568 2629 5640 ἢ
2657 5567 2762 5619 τῶν
2784 5565 3015 5629 αἰώνων,
3041 5567 3072 5636 ἢ
3093 5567 3199 5619 τῶν
3220 5565 3524 5636 δυνάμεων,
3548 5564 3581 5634 ἢ
3740 5562 3868 5613 τοῦ

1830 5686 1975 5744 'lsa.
2018 5703 2163 5756 .vttt,
2198 5693 2252 5756 8.
2360 5689 2376 5721 ⁵
2409 5687 2578 5744 Amos
2625 5704 2702 5758 ιιι,
2732 5690 2796 5757 0;
2841 5687 2985 5744 l‘sal.
3026 5702 3188 5753 vau,
3221 5686 3272 5739 5.
3391 5685 3412 5714 ⁸
3445 5682 3618 5738 Exod.
3663 5698 3766 5750 xv,
3841 5688 3891 5742 3
