3994 6204
477 327 580 394 1'33

1676 321 2064 388 EUTIIYMH
2127 317 2493 381 ZlGABENl

3605 311 3720 381 196

472 437 640 503 pluris
670 435 788 488 viva
816 448 1030 506 quoque
1072 443 1153 491 est
1201 434 1420 503 elﬁgies,
1471 434 1751 508 multoque
1800 440 1977 496 minus
2004 455 2034 495 a

2155 434 2466 506 λαμπρότης
2492 431 2680 502 ψυχῶν
2719 429 2812 484 καὶ
2839 427 2980 499 λόγῳ
3015 428 3109 482 καὶ
3151 426 3254 498 βίῳ
3287 427 3728 500 καθαιρομένων.

469 526 630 584 Patre
661 527 936 594 differens,
965 542 1123 596 quam
1165 526 1296 581 Seth
1330 528 1398 582 ab
1431 527 1652 601 Adamo.
1674 530 1714 595 ¹,
1792 531 2039 600 ﬁliusque

469 624 645 675 omnis
675 636 703 674 a
734 632 960 689 parente
1000 633 1117 672 suo.
1173 617 1488 686 llujusmodi
1551 636 1784 692 namque
1824 623 2035 693 simpli-

470 712 614 766 cium
664 726 842 765 rerum
897 718 1088 762 natura
1138 717 1239 773 est,
1284 719 1342 764 ut
1391 725 1494 766 non
1556 712 1750 781 partim
1791 713 1932 767 inter
1977 727 2037 767 se

469 803 676 856 similes
711 803 838 866 sint,
884 802 1078 871 partim
1132 802 1446 868 dissimiles,
1478 805 1571 859 sed
1625 816 1747 860 totae
1781 815 1920 861 totas
1949 823 2032 861 re.

469 902 816 960 praesentem,
862 891 1173 961 caedemque
1209 893 1384 962 potius
1439 895 1566 959 sint,
1599 910 1759 965 quam
1811 897 2035 951 similes.

470 983 581 1036 Lux
614 982 634 1011 ¹
679 982 844 1034 etiam
897 983 1113 1046 dicitur,
1151 995 1207 1038 ut
1270 985 1575 1042 animorum
1627 989 1900 1058 splendor,
1937 991 2028 1059 qui

469 1083 520 1126 et
550 1072 657 1126 vita
684 1081 738 1126 et
768 1088 1017 1127 sermone
1068 1088 1387 1146 purgantur.
1421 1077 1554 1132 Nam
1582 1080 1625 1134 si
1663 1081 1959 1150 ignorantia
1986 1092 2038 1134 et

470 1154 768 1232 peccatum'
801 1165 1034 1218 tenebrae
1067 1175 1212 1230 sunt,
1247 1167 1336 1220 lux
1390 1169 1630 1237 proiecto
1661 1170 1763 1222 erit
1787 1169 2035 1234 scicntia,

470 1263 526 1308 et
560 1254 665 1308 vita
699 1254 900 1308 divina.
945 1255 1067 1309 Vita
1107 1255 1152 1321 ³,
1187 1259 1312 1326 quia
1360 1257 1471 1324 lux,
1515 1260 1786 1328 totiusque
1827 1262 2036 1316 ratione

485 1343 723 1412 praeditas
775 1354 980 1399 natura:
1029 1348 1449 1413 coagmentatio,
1494 1357 1548 1403 et
1599 1351 1936 1419 procreatio:
1971 1349 2038 1404 In

471 1434 581 1499 ipso
617 1433 754 1486 enim
788 1435 1022 1498 vivimus,
1051 1447 1098 1488 et
1134 1451 1419 1501 movemur,
1457 1446 1505 1490 et
1550 1453 1732 1491 sumus
1771 1440 1816 1500 δ,
1843 1453 2038 1493 secun-

471 1523 596 1574 dum
651 1523 917 1593 duplicem
990 1526 1136 1579 illaut
1193 1528 1566 1598 inspirationis
1609 1528 1630 1560 ³
1695 1527 2030 1584 facultatem.

469 1613 602 1666 Nam
639 1623 693 1668 et
724 1615 870 1668 illinc
897 1629 1082 1670 omnes
1117 1617 1333 1670 vitalem
1365 1617 1615 1686 spiritum
1838 1621 2038 1689 accipi-

2149 527 2211 578 Εί
2235 525 2342 596 γὰρ
2365 525 2552 586 σκότος
2584 523 2616 594 ἡ
2649 522 2840 590 ἄγνοια
2890 519 2981 572 καὶ
3024 520 3058 590 ἡ
3099 519 3366 591 ἁμαρτία,
3402 520 3517 590 φῶς
3545 522 3610 576 ἂν
3641 524 3732 594 εἴη

2147 619 2180 688 ὴ
2211 616 2429 685 γνῶσις,
2466 615 2559 668 καὶ¹
2584 613 2611 664 ὀ
2638 613 2749 684 βίος
2921 611 2949 663 ὁ
2978 609 3179 674 ἔνθεος.
3209 611 3332 682 Ζωὴ
3366 611 3443 675 δὲ,
3469 614 3552 665 ὅτι
3588 613 3733 680 φῶς,

2147 708 2242 765 καὶ
2264 708 2443 777 πάσης
2461 705 2688 774 λογικῆς
2707 702 2922 772 φύσεως
2938 702 3194 764 σύστασις
3215 702 3308 755 καὶ
3419 699 3677 762 οὗσίωσις
3713 709 3730 724 ⁸

2160 799 2265 854 Ἐν
2291 799 2449 864 αὐτῷ
2485 797 2594 868 γὰρ
2635 795 2840 866 ζῶμεν,
2868 793 2966 848 καί
3005 795 3346 863 κινούμεθα,
3385 795 3483 848 καὶ
3515 795 3733 864 ἐσμὲν,

2150 893 2291 948 κατὰ
2315 893 2412 964 τὴν
2439 890 2630 961 διπλῆν
2806 886 2898 940 τοῦ
2935 887 3154 957 ἐμφυσή
3164 903 3332 958 ματος
3357 887 3606 958 δύναμιν,
3631 889 3733 942 καὶ

2147 986 2344 1056 πνοήνο
2369 981 2578 1036 ἐκεῖθεν
2735 980 2758 1031 ὲ
2768 978 2962 1051 μφυσώ
2971 995 3120 1049 μενοι
3142 979 3359 1045 πάντες,
3383 980 3475 1032 καὶ
3497 978 3732 1051 Πνεῦμα

2146 1073 2302 1142 ἅγιον
2330 1073 2443 1126 ὅσοι
2474 1069 2788 1143 χωρητικοὶ,
2832 1069 2926 1121 καὶ
2953 1068 3226 1131 τοσοῦτον,
3270 1067 3391 1120 καθ’
3421 1069 3543 1121 ὅσον
3573 1069 3641 1122 ἂν
3666 1068 3731 1122 τὸ

2151 1163 2323 1232 στόμα
2362 1161 2462 1232 τῆς
2493 1160 2729 1222 διανοίας
2778 1158 3100 1228 ἁνοίξωμεν.
3136 1158 3456 1228 Δικαιοσύνη
3504 1158 3559 1212 δὲ
3582 1199 3598 1224 ,
3644 1159 3730 1212 ὅτι

2145 1252 2240 1306 τοῦ
2278 1250 2414 1323 πρὸς
2445 1251 2598 1317 ἀξίαν
2626 1248 2917 1320 διαιρὲτης,
2967 1245 3062 1300 καὶ
3102 1247 3318 1300 διαιτῶν
3355 1247 3576 1312 δικαίως
3612 1251 3729 1312 τοῖς

2115 1340 2252 1400 ’ὑπὸ
2286 1343 2468 1414 νόμον,
2505 1343 2598 1397 καὶ
2639 1344 2751 1405 τοῖς
2794 1340 2898 1393 ὑπὸ
2935 1339 3114 1411 χάριν,
3157 1339 3299 1411 ψυχῇ
3341 1341 3434 1393 καὶ
3487 1340 3725 1412 σώματι,
3759 1344 3766 1350 ’

2147 1435 2288 1491 ὥστε
2320 1436 2380 1488 τὸ
2411 1436 2507 1506 μὲν
2535 1434 2742 1506 ἄρχειν,
2771 1433 2831 1486 τὸ
2863 1433 2919 1486 δὲ
2951 1429 3236 1504 ἄρχεσθαι,
3271 1431 3363 1484 καὶ
3391 1430 3487 1502 τὴν
3516 1432 3727 1503 ἡγεμο-

2148 1528 2266 1584 νίαν
2290 1528 2432 1599 ἔχειν
2457 1527 2517 1581 τὸ
2547 1530 2793 1599 κρεῖττον
2821 1525 2962 1579 κατὰ
2999 1525 3094 1577 τοῦ
3129 1525 3390 1594 χείρονος,
3431 1522 3507 1587 ῶς
3543 1523 3620 1595 μὴ
3664 1523 3727 1577 τὸ
3793 1595 3796 1604 Ι

2148 1619 2330 1688 χεῖρον
2355 1615 2741 1670 ἐπανίστασθαι
2777 1615 2855 1686 τῷ
2886 1613 3113 1685 βελτίονι
3139 1630 3152 1645 ·
3195 1613 3511 1682 Ἀγίασμὸς
3542 1613 3622 1675 δὲ,
3649 1613 3726 1677 ὡς

482 1716 620 1765 mus,
674 1710 727 1754 et
762 1703 1017 1771 Spiritum
1061 1713 1330 1769 sanctum,
1363 1711 1630 1774 quotquot
1665 1703 1834 1775 ipsius
1872 1717 2038 1773 capa-

2155 1704 2470 1776 καθαρότης,
2519 1703 2604 1756 ἵνα
2645 1700 2894 1772 χωρῆται
2940 1698 3002 1753 τὺ
3049 1699 3289 1773 καθαρὸν
3359 1699 3716 1770 καθαρότητι.

480 1805 571 1842 ces
624 1806 834 1856 sumus,
892 1802 946 1847 et
995 1803 1260 1863 quatenus
1293 1809 1355 1849 os
1391 1795 1587 1850 mentis
1654 1795 2046 1866 aperuerimus.

476 1877 692 1935 Justitia
722 1885 776 1948 ⁸,
810 1885 936 1952 quia
967 1899 1064 1953 pro
1090 1885 1282 1939 merito
1313 1886 1530 1954 praemia
1565 1893 1617 1941 et
1651 1901 1840 1955 pmuas
1861 1884 2048 1940 distri-

483 1971 616 2034 buit,
641 1986 961 2044 mquumque
979 1974 1214 2041 judicent
1243 1990 1299 2031 se
1323 1977 1524 2045 praebet
1554 1977 1656 2040 his,
1690 1975 1780 2044 qui
1807 1976 1906 2030 sub
1935 1975 2050 2046 lege

481 2069 626 2125 sunt,
658 2071 711 2118 et
763 2063 869 2127 his,
907 2065 996 2133 qui
1057 2065 1158 2120 sub
1203 2067 1410 2134 gratia;
1445 2066 1765 2134 corporique
1829 2067 1951 2119 item
1995 2076 2049 2119 et

481 2152 695 2216 animat,
725 2164 783 2226 ιιι
816 2154 945 2208 illud
984 2164 1192 2223 pareat,
1229 2155 1345 2210 lucc
1387 2157 1570 2224 praesit
1601 2165 1762 2225 atque
1799 2157 2046 2224 imperet,

482 2245 926 2314 praestantior-que
980 2260 1102 2314 pars
1148 2246 1509 2316 principatum
1535 2247 1796 2301 adversus
1827 2245 2047 2300 inferio-

2165 1791 2562 1863 ’Δπολύτρωσις
2613 1790 2704 1857 δὲ,
2767 1789 2844 1853 ὡς
2896 1788 3194 1858 ἐλευθερῶν
3253 1787 3559 1860 ἡμᾶςκύπὸ
3621 1787 3723 1859 τῆς

2153 1881 2427 1952 ἁμαρτίας
2470 1879 2886 1951 κατεχομένους,
2922 1879 3016 1933 καὶ
3063 1877 3258 1949 λύτρον
3291 1877 3481 1932 ἑαυτὸν
3521 1877 3723 1931 ἀντιδι-

2151 1969 2275 2034 δοὺς
2322 1969 2479 2040 ἡμῶν
2526 1970 2626 2041 τῆς
2665 1968 2988 2039 οἰκουμένης
3023 1966 3338 2038 καθάρσιον.
3401 1967 3723 2030 Ἀνάστασις

2152 2059 2232 2124 δὲ,
2275 2059 2351 2123 ὡς
2403 2057 2652 2113 ἐντεῦθεν
2701 2060 2847 2128 ἡμᾶς
2898 2059 3206 2112 ἀπανιστῶν
3236 2097 3252 2124 ,
3441 2059 3535 2112 καὶ⁸
3584 2059 3725 2132 πρὸς

2154 2153 2251 2224 τὴν
2292 2151 2436 2224 ζωὴν
2473 2150 2762 2219 ἐπανάγων
2794 2148 3230 2222 νενεκρωμένους
3273 2148 3378 2202 ὑπὸ
3404 2151 3502 2221 τῆς
3535 2151 3724 2220 ἁμαρ-

2153 2246 2295 2308 τίας.

482 2358 596 2398 rem
627 2355 824 2409 teneat,
864 2361 961 2401 nec
1002 2346 1052 2400 id
1098 2347 1238 2415 quod
1277 2347 1513 2400 deterius
1551 2354 1654 2410 est,
1684 2345 1941 2399 adversus
1972 2345 2041 2408 id,
2084 2343 2225 2412 quod
2257 2342 2447 2397 melius
2481 2350 2586 2406 est,
2621 2341 2888 2411 insurgat,
2935 2339 3304 2396 SauctitiCatio
3334 2341 3376 2400 τ,
3434 2336 3557 2407 quia
3625 2348 3723 2406 pu-

482 2437 636 2503 ritas,
661 2447 923 2507 utpurum
961 2437 1084 2490 illud
1114 2451 1309 2492 mtmcu
1337 2453 1431 2505 per
1450 2438 1734 2506 puritatem
1761 2440 2023 2507 capiatur.
2083 2435 2398 2506 Redemptio
2414 2440 2456 2499 ³,
2484 2436 2606 2504 quia
2632 2451 2730 2490 nos
2775 2451 2803 2489 a
2838 2443 3060 2505 peccato
3093 2435 3335 2488 detentos
3391 2431 3444 2486 in
3505 2430 3724 2485 liberta-

484 2543 589 2588 tem
629 2532 840 2594 asserit,
873 2546 1096 2599 seseque
1127 2546 1222 2600 pro
1266 2531 1439 2595 nobis,
1475 2541 1531 2584 ut
1575 2531 1720 2586 orbis
1769 2541 2031 2587 terrarum
2073 2531 2340 2600 expietur,
2385 2529 2716 2584 libcrationis
2780 2529 3011 2597 pretium
3039 2528 3170 2600 .dat.
3222 2522 3627 2588 Resurrectio’,
3663 2530 3730 2575 ut

482 2641 582 2682 nos
626 2625 752 2681 hinc
810 2627 1070 2679 abductos
1124 2625 1417 2689 smeitaus,
1449 2635 1556 2679 eta
1592 2635 1815 2694 peccato
1870 2634 2044 2680 morte
2086 2623 2307 2680 allectos
2337 2623 2401 2676 ad
2443 2623 2602 2675 vitam
2635 2621 2914 2675 reducens.

735 2719 912 2786 Atque
957 2718 1069 2770 haec
1127 2717 1302 2771 adhuc
1331 2718 1638 2772 communia
1676 2725 1822 2779 sunt,
1854 2726 1961 2771 tam
2000 2719 2046 2771 ei

2381 2713 2562 2768 Ταῦτα
2606 2715 2704 2785 μὲν
2728 2709 2820 2767 οὖν
2853 2712 2933 2765 ἔτι
2975 2712 3126 2767 κοινὰ
3163 2711 3256 2765 τοῦ
3288 2704 3358 2762 ’τε
3388 2708 3528 2781 ὑπὲρ
3551 2707 3726 2779 ἡμᾶς,

481 2808 571 2877 qui
607 2821 767 2876 supra
817 2821 914 2860 nos
939 2815 1042 2872 est,
1077 2822 1237 2875 quam
1268 2809 1359 2876 qui
1391 2815 1606 2876 propter
1639 2821 1755 2861 nos.
1794 2805 1948 2860 Nunc
1983 2806 2047 2860 ad

2155 2807 2248 2862 καὶ
2273 2805 2368 2860 τοῦ
2403 2805 2469 2860 δι’
2510 2807 2682 2876 ἡμᾶς·
2865 2804 2901 2858 ά
2929 2804 2984 2856 δὲ
3019 2804 3161 2867 ίδίως
3191 2801 3432 2874 ἡμέτερα
3452 2843 3466 2866 ,
3503 2799 3596 2853 καὶ
3623 2799 3727 2868 τῆς

481 2913 543 2951 ea
591 2896 1038 2964 veniamus,‘qu:e
1086 2895 1303 2962 prOprie
1349 2904 1532 2950 nostra
1567 2905 1714 2958 sunt,
1744 2894 2047 2948 humanita-

2155 2895 2403 2949 ἐντεῦθεν
2434 2893 2811 2968 προσλήψεως.
2989 2892 3307 2964 Ἀνθρωπος
3349 2891 3478 2962 μὲν,
3509 2889 3606 2958 οὐχ
3635 2889 3729 2941 ἵνα

485 2990 660 3057 lisque
687 2992 990 3060 assumpta).
1022 2984 1190 3038 Ilomo
1209 2986 1251 3019 ³ο
1272 2985 1450 3053 itaque
1479 2985 1698 3049 dicitur,
1742 3000 1846 3038 non
1875 2984 2045 3039 solum

2155 2987 2374 3060 χωρηθῇ
2409 2988 2568 3059 μόνον
2607 2987 2693 3039 διὰ
2737 2985 2983 3057 σώματος
3033 2985 3301 3054 σώμασιν,
3338 2983 3510 3044 ἄλλως
3534 2982 3634 3034 οὐκ
3657 2979 3729 3033 ἂν

484 3089 542 3133 ut
574 3056 693 3147 iper
721 3056 943 3146 “Jcorpus
982 3090 1010 3128 a
1049 3076 1368 3145 corporibus
1410 3076 1676 3145 capiatur,
1708 3075 1798 3144 qui
1854 3075 2047 3146 alioqui

2450 3079 2537 3132 διὰ
2564 3077 2625 3130 τὸ
2655 3078 2753 3146 τῆς
2786 3056 2998 3146 φύσεως
3045 3076 3280 3145 ἄληπτον
3299 3086 3316 3103 ⁶
3489 3071 3603 3126 ἀλλ’
3634 3072 3726 3123 ἵνα

481 3170 552 3222 oh
594 3166 1194 3236 incomprehensibilem
1267 3175 1515 3220 naturam
1566 3182 1718 3221 suam
1771 3168 1887 3234 capi
1947 3181 2047 3219 non

2155 3173 2247 3226 καὶ
2271 3171 2469 3241 ἁγιάσῃ
2493 3171 2560 3223 δι’
2579 3167 2769 3222 ἑαυτοῦ
2790 3167 2878 3220 τὸν
2900 3166 3201 3239 ἄνθρωπον,
3223 3165 3412 3236 ῶσπερ
3570 3159 3725 3234 ζύμη

484 3267 722 3328 poterat;
779 3258 871 3312 sed
924 3258 1086 3312 etiam
1141 3266 1200 3310 ut
1249 3273 1344 3326 per
1371 3273 1428 3312 se
1463 3257 1734 3312 hominem
1769 3257 2054 3311 sanctitate

484 3349 701 3414 alliciat,
754 3350 1110 3418 l‘ermentique
1173 3347 1343 3402 instar
1393 3348 1657 3402 univcrsze
1725 3346 2052 3408 massaesit,

483 3441 696 3509 sibique
717 3439 919 3505 ,uuiens
966 3438 1108 3509 quod
1161 3437 1576 3492 condemnatum
1642 3436 1836 3500 fuerat,
1887 3445 2053 3490 totum

485 3531 613 3586 illud
658 3546 687 3585 a
720 3530 1168 3586 caudemuatioue
1219 3529 1431 3592 liberet,
1493 3527 1676 3583 omnia
1723 3541 1824 3597 pro
1878 3527 2050 3591 nobis,

485 3636 604 3690 quae
670 3638 768 3678 nos
825 3637 1032 3689 sumus,
1060 3630 1287 3688 excepto
1341 3628 1584 3688 peccato,
1617 3618 1814 3685 factus,
1838 3632 2053 3687 corpus,

484 3714 689 3776 anima,
748 3728 902 3768 mens
937 3714 1056 3781 (per
1080 3727 1199 3782 quae
1225 3711 1472 3765 videlicet
1501 3723 1646 3764 mors
1681 3709 2010 3777 pervaserat)
2036 3723 2052 3774 ;

484 3810 560 3864 et,
588 3802 734 3872 quod
759 3817 826 3856 ex
849 3803 935 3856 his
961 3815 1248 3857 commune
1271 3809 1374 3863 est,
1411 3799 1594 3862 homo,
1630 3797 1862 3853 visibilis
1893 3797 2054 3862 Deus,

483 3904 705 3963 propter
733 3893 782 3946 id
810 3891 952 3961 quod
984 3891 1166 3946 animo
1195 3900 1356 3958 atque
1386 3890 1664 3944 intellectu
1696 3891 2055 3960 comprehen-

485 3984 732 4039 debetur.
796 3984 966 4038 Filius
1035 3983 1270 4037 hominis
1301 3984 1362 4050 ¹¹,
1393 3992 1611 4052 propter
1661 3981 1943 4048 Adamum,
1996 3996 2059 4036 ac

490 4073 785 4143 Virginem,
812 4089 878 4128 ex
917 4073 1132 4142 ‘quibus
1185 4073 1416 4138 exstitit,
1446 4073 1536 4127 illo
1570 4073 1823 4127 nimirum
1873 4081 1928 4124 nt
1970 4086 2059 4141 ge-

488 4163 635 4216 neris
684 4173 928 4226 auctore,
967 4162 1069 4218 hac
1103 4155 1284 4217 autem
1336 4172 1394 4218 ut
1448 4164 1816 4231 matre.juxta
1868 4166 2057 4218 matris

490 4253 686 4319 legem,
715 4261 771 4306 ct
809 4267 914 4306 nou
939 4253 1090 4322 juxta
1117 4253 1284 4322 legem
1317 4255 1698 4323 generationis.
1749 4253 2060 4318 Christus",

489 4349 707 4410 propter
749 4340 1206 4394 divinitatemzea
1255 4342 1398 4395 enim
1459 4343 1812 4396 ltutnauitatis
1869 4343 2056 4396 unctio
2089 4323 2132 4378 ἶ)
2160 4323 2388 4408 ἀκᾷὖσαι

489 4445 590 4495 cet,
629 4447 732 4486 non
762 4432 1095 4501 operatione,
1131 4439 1189 4485 ut
1220 4432 1270 4486 in
1318 4432 1436 4486 aliis
1471 4433 1713 4496 christis,
1757 4433 1848 4488 sed
1889 4433 2053 4488 totius

489 4523 745 4592 augentis
780 4525 1064 4591 praesentia
1097 4524 1444 4579 sanctilieaus
1484 4542 1496 4577 :
1535 4523 1687 4590 cujus
1719 4523 1807 4576 hic
1830 4523 2054 4578 ctl‘ectus

486 4623 594 4678 est,
625 4622 683 4669 ut
709 4613 786 4680 id,
807 4614 947 4682 quod
981 4614 1152 4684 ungit,
1185 4615 1346 4670 homo
1375 4625 1619 4681 vocetur,
1652 4623 1726 4680 et,
1766 4614 1906 4684 quod
1949 4631 2051 4667 uu-

489 4704 652 4772 gitur,
714 4703 853 4758 Deus
915 4703 1000 4759 liat
1041 4722 1052 4758 :
1095 4704 1185 4759 Via
1216 4706 1282 4772 ",
1305 4715 1363 4759 ut
1417 4719 1512 4774 per
1567 4720 1625 4760 se
1684 4719 1780 4758 nos
1811 4705 2050 4772 ducens;

488 4793 856 4865 0stium“,ut
907 4795 1282 4850 introductor:
1321 4786 1514 4850 Pastor
1538 4796 1687 4866 ",ut
1722 4807 1819 4848 nos
1859 4794 1910 4847 in
1943 4795 2056 4848 luco

487 4901 702 4958 pascua:
753 4886 1050 4950 cullocaus,
1088 4896 1142 4941 et
1181 4904 1319 4956 aqua
1374 4887 1688 4942 refectiouis
1734 4883 2053 4950 euut-arts“,

487 4986 651 5045 atque
681 4976 806 5031 hinc
829 4977 983 5030 nobis
1017 4977 1228 5031 itineris
1253 4979 1442 5030 ducem
1473 4991 1532 5031 se
1549 4975 1816 5044 praebens,
1853 4989 2056 5028 necnon

488 5069 746 5122 adversus
780 5065 986 5121 belluas
1037 5082 1134 5135 pro
1183 5067 1334 5122 nobis
1394 5067 1657 5122 dimicans
1685 5082 1698 5118 :
1728 5072 1840 5118 tum
1871 5066 2054 5126 etiam.

489 5163 547 5208 ut
597 5164 846 5210 errantes
895 5169 1172 5220 revocans,
1205 5163 1259 5209 et
1495 5155 1732 5224 perditos
1774 5152 2056 5218 reducens,

489 5255 542 5299 et
562 5245 866 5300 coul’ractos
893 5245 1159 5310 obligans,
1189 5254 1242 5299 et
1277 5243 1522 5300 inﬁrmos
1571 5245 1852 5308 roborans,
1884 5254 1936 5299 et
1971 5245 2059 5298 lir-

491 5349 606 5390 mos
655 5351 720 5390 ac
758 5335 962 5390 validos
1015 5335 1343 5401 custodiens,
1376 5345 1535 5405 atque
1584 5335 1650 5389 ad
1701 5319 1892 5391 futura:
1937 5336 2058 5390 vita:

489 5426 724 5492 caulam,
747 5440 843 5495 per
872 5425 1159 5497 pastoralis
1190 5424 1433 5481 scientiae
1480 5426 1738 5492 rationes,
1767 5425 2056 5496 colligens:

561 5594 584 5630 ι
620 5591 735 5648 Gen
760 5607 834 5656 ιν,
863 5593 954 5647 9.5.
1031 5596 1050 5626 ²
1077 5591 1239 5646 Joau.
1266 5605 1393 5651 rm,
1430 5588 1515 5643 12.
1594 5587 1791 5644 'Joan.
1825 5603 1936 5650 xtv,
1972 5587 2025 5642 6.

561 5663 672 5717 bid.
749 5664 768 5694 '
799 5662 960 5717 Joan.
995 5679 1070 5717 xt.
1119 5662 1209 5716 25.
1317 5661 1358 5692 ¹⁰
1385 5659 1542 5715 Joau.
1575 5675 1650 5717 ιχ.
1701 5658 1788 5712 Η.
1894 5659 1935 5690 ³⁸
1976 5657 2047 5714 Ms

2155 5590 2274 5645 Act.
2300 5607 2433 5654 xm,
2455 5591 2545 5647 28.
2623 5594 2642 5625 '
2665 5591 2800 5647 Gen.
2833 5606 2894 5653 tt.
2914 5592 2970 5646 7'
3051 5588 3118 5642 ⁶ῐ
3150 5589 3275 5646 Cor.
3306 5604 3342 5651 I.
3369 5585 3459 5642 50.

2155 5704 2167 5717 .
2211 5677 2358 5717 xxiv.
2389 5663 2477 5717 Ἦ.
2513 5663 2601 5717 Η.
2709 5665 2750 5694 η
2783 5662 2972 5717 Matth.
3007 5677 3053 5717 I.
3092 5660 3180 5715 lli.
3258 5661 3299 5692 "
3327 5658 3459 5714 Joau

2129 5677 2167 5719 ι.
2211 5677 2358 5725 xxw,
2389 5677 2477 5730 21,
2513 5677 2601 5717 tu.

490 5663 672 5719 'lbid.
749 5664 768 5694 '
799 5662 960 5718 Joan.
995 5679 1070 5723 Si,
1119 5662 1209 5716 25.

495 5735 541 5766 ³³
573 5733 731 5791 Joan.
761 5747 813 5801 ι,
833 5732 884 5786 9.
965 5732 1006 5764 ¹⁸
1029 5732 1186 5785 Joau.
1210 5746 1266 5799 ι,
1297 5730 1383 5783 tl.

1317 5661 1358 5692 ¹⁰
1385 5659 1542 5715 Joau.
1575 5675 1650 5718 ιχ.
1701 5658 1788 5712 Η.

1463 5728 1669 5781 “Psal.
1711 5727 1914 5793 XIII,2.

2153 3265 2442 3334 γενόμενος
2470 3261 2548 3332 τῷ
2575 3261 2735 3314 παντὶ
2762 3261 3062 3331 φυράματι,
3097 3257 3191 3310 καὶ
3220 3257 3352 3328 πρὸς
3382 3253 3571 3308 ἑαυτὸν
3593 3251 3730 3306 ἑνώ-

2158 3373 2254 3420 σας
2292 3355 2352 3408 τὸ
2407 3351 2770 3424 κατακριθὲν,
2823 3352 2942 3404 ὅλον
2985 3349 3122 3422 λύσῃ
3154 3347 3248 3400 τοῦ
3291 3346 3726 3418 κατακρίματος,

2157 3447 2333 3501 πάντα
2367 3446 2505 3518 ὑπὲρ
2535 3444 2750 3498 πάντων
2785 3442 3088 3513 γενόμενος,
3117 3442 3215 3494 ὅσα
3246 3441 3426 3511 ἡμεῖς,
3460 3438 3596 3506 πλὴν
3622 3437 3731 3508 τῆς

2155 3535 2453 3607 ἁμαρτίας,
2478 3535 2657 3606 σῶμα,
2681 3533 2846 3604 ψυχὴ,
2872 3531 3016 3596 νοῦς,
3046 3531 3111 3584 δι’
3135 3532 3258 3584 ὅσον
3413 3530 3442 3582 ὁ
3473 3529 3726 3591 θάνατος’

2155 3627 2216 3679 τὸ
2247 3626 2420 3680 κοινὸν
2449 3627 2513 3680 ὲκ
2549 3623 2773 3690 τούτων,
2809 3624 3109 3695 ἄνθρωπος,
3151 3622 3280 3684 Θεὸς
3312 3618 3605 3691 ὁρώμενος,
3635 3618 3732 3672 διὰ

2157 3719 2217 3772 τὸ
2244 3706 2555 3790 νοούμενον.
2753 3716 2878 3778 Υἱὸς
2925 3715 2981 3768 δὲ
3029 3714 3336 3787 ἀνθρώπου,
3378 3713 3468 3767 καὶ
3511 3711 3598 3764 διὰ
3631 3711 3733 3767 τὶν

2170 3809 2362 3882 Ἀδὰμ,
2411 3809 2504 3862 καὶ
2553 3806 2641 3860 διὰ
2674 3805 2770 3878 τὴν
2800 3805 3095 3877 Παρθένον,
3129 3805 3188 3870 ἐξ
3230 3798 3301 3858 ὧν
3345 3802 3590 3872 ἐγένετοο
3628 3799 3733 3867 τοῦ

2162 3902 2280 3972 μὲν,
2325 3900 2400 3962 ὡς
2440 3897 2803 3969 προπάτορος,
2838 3897 2937 3966 τῆς
2981 3896 3059 3962 δὲ,
3099 3894 3173 3958 ὡς
3208 3893 3409 3965 μητρὸς
3519 3888 3670 3957 νόμῳ
3707 3930 3725 3954 ,

2158 3992 2250 4045 καὶ
2282 3990 2342 4042 οὐ
2386 3989 2532 4060 νόμῳ
2583 3989 2916 4058 γεννήσεως·
2958 3984 3193 4058 Χριστὸς
3231 3983 3310 4048 δὲ,
3357 3981 3442 4036 διὰ
3473 3981 3572 4054 τὴν
3605 3981 3732 4035 θεόο

2157 4099 2334 4153 τητα·
2395 4080 2572 4152 χρίσις
2623 4078 2731 4150 γὰρ
2791 4077 2928 4150 αὕτη
2977 4079 3074 4148 τῆς
3117 4074 3574 4148 ἀνθρωπότητος,
3626 4073 3735 4128 οὐκ

2159 4172 2408 4244 ἐνεργείᾳ.
2443 4171 2582 4226 κατὰ
2621 4171 2746 4234 τοὺς
2782 4171 2972 4234 ἄλλους
3011 4168 3265 4240 χριστοὺς
3405 4165 3734 4235 ἁγιάζουσα,

2162 4263 2432 4336 παρουσίᾳ
2460 4262 2516 4315 δὲ
2547 4263 2666 4316 ὅλου
2691 4260 2785 4314 τοῦ
2817 4259 3056 4330 χρίοντος
3076 4273 3090 4286 ο
3130 4248 3199 4328 ἧς
3231 4257 3412 4328 ἔργον,
3442 4256 3738 4328 ἄνθρωπον

2525 4351 2586 4404 τὸ
2613 4351 2784 4422 χρίον,
2811 4350 2903 4404 καὶ
2934 4349 3155 4419 ποιῆσαι
3181 4348 3312 4401 Θεὸν
3337 4347 3398 4401 τὸ
3419 4347 3734 4419 χριόμενον·

2172 4443 2318 4507 Ὁδὸς
2351 4443 2428 4506 δὲ,
2479 4442 2553 4506 ὡς
2593 4442 2658 4495 δι’
2705 4438 2897 4495 ἑαυτοῦ
2934 4439 3114 4510 φέρων
3150 4440 3322 4510 ἡμᾶς·
3369 4437 3521 4510 Θύρα
3547 4437 3625 4500 δὲ,
3653 4437 3739 4502 ὡς

2162 4533 2494 4602 εἰσαγωγεύς
2519 4547 2536 4564 ·
2562 4532 2796 4607 ,Ποιμῂν
2827 4529 2902 4597 δὲ,
2935 4531 3010 4593 ὡς
3043 4531 3120 4594 εἰς
3157 4529 3320 4582 τόπον
3360 4529 3525 4599 χλόης
3563 4544 3741 4580 κατα-

2163 4624 2400 4694 σκηνῶν,
2434 4623 2528 4677 καὶ
2557 4621 2832 4693 ὲκτρέφων
2877 4621 2967 4673 ἐπὶ
3009 4620 3199 4683 ὓδατος
3230 4617 3608 4681 ἀναπαύσεως,
3638 4618 3742 4672 καὶ

2161 4711 2409 4764 ἐντεῦθεν
2437 4709 2668 4780 ὁδηγῶν,
2697 4710 2791 4763 καὶ
2815 4707 3174 4781 προπολεμῶν
3203 4707 3344 4762 κατὰ
3369 4706 3477 4761 τῶν
3502 4705 3738 4777 θηρίων·

2159 4800 2221 4856 τὸ
2247 4800 2596 4874 πλανώμενον
2625 4801 2988 4872 ἐπιστρέφων,
3015 4799 3075 4852 τὸ
3107 4798 3384 4861 ἀπολωλὸς
3419 4797 3739 4865 ἐπανάγων,

2159 4893 2220 4947 τὸ
2267 4891 2722 4964 συντετριμμένον
2775 4890 3149 4962 καταδεσμῶν,
3186 4889 3245 4943 τὸ
3282 4888 3497 4960 ἰσχυρὸν
3537 4886 3744 4957 φυλάσ-

2165 5000 2295 5048 σων,
2328 4983 2422 5036 καὶ
2452 4983 2589 5054 πρὸς
2617 4983 2715 5055 τὴν
2744 4981 2953 5035 ἐκεῖθεν
2974 4975 3228 5052 ’μάνδραν
3268 4979 3515 5048 συνάγων
3553 4977 3744 5045 λόγοις

2164 5075 2524 5148 ποιμαντικῆς
2563 5074 2870 5145 ἐπιστήμης
2895 5088 2910 5104 ·
2942 5071 3218 5143 Πρὸδατον
3263 5071 3340 5136 δὲ,
3372 5071 3449 5134 ὼς
3475 5071 3740 5141 σφάγιον·

2177 5163 2372 5235 Ἀμνδς
2408 5163 2488 5229 δὲ,
2513 5164 2588 5228 ὡς
2610 5163 2832 5218 τέλειονο
2885 5165 3199 5236 Ἀρχιερεὺς
3342 5162 3419 5226 δὲ,
3449 5162 3524 5226 ὡς
3563 5177 3745 5232 προσ-

2155 5254 2427 5322 αγωγεύς·
2491 5254 2826 5325 Μελχισεδὲκ
2853 5254 2932 5323 δὲ,
2955 5255 3030 5318 ὡς
3058 5255 3286 5330 ἀμήτωρ
3310 5251 3372 5306 τὸ
3398 5251 3538 5323 ὑπὲρ
3563 5253 3742 5324 ἡμᾶς.

2157 5345 2252 5398 καὶ
2282 5347 2510 5419 ἀπάτωρ
2539 5347 2598 5400 τὸ
2625 5347 2742 5401 καθ’
2769 5349 2918 5418 ἡμᾶς
2937 5363 2951 5378 ·
2984 5345 3078 5399 καὶ
3107 5345 3183 5408 ὡς
3208 5342 3637 5413 ἀγενεαλόγητος

2157 5437 2218 5490 τὸ
2257 5437 2368 5492 άνω
2388 5455 2401 5469 ·
2437 5440 2556 5508 Τὴν
2587 5440 2692 5514 γάρ
2724 5440 2926 5511 γενεὰν
2978 5437 3184 5498 αὐτοῦ.
3215 5436 3373 5508 φησὶ,
3406 5435 3497 5502 τίς
3530 5434 3737 5504 διηγή-

3538 5585 3560 5617 '
3595 5583 3737 5643 ibid.

2709 5665 2750 5694 η
2783 5662 2972 5717 Matth.
3007 5677 3053 5728 ι,
3092 5660 3180 5715 l6.
3258 5661 3299 5692 "
3327 5658 3487 5714 Joau.
3537 5672 3653 5722 xw,
3679 5657 3719 5710 ϐ
