4024 6208
561 348 669 421 199
1775 343 2157 407 EUTHYMII
2212 340 2573 403 ZIGABENI
3700 331 3807 396 20'.)

1053 457 1138 515 Ea:
1164 459 1343 515 eadem
1375 459 1630 512 oratione.
2157 458 2205 518 Α

2157 458 2205 518 Α
2726 450 2836 506 Τοῦ
2858 449 3045 505 αὑτοῦ
3081 451 3291 519 λόγου.

625 575 781 633 Mens
814 573 978 647 igitur
1033 583 1089 629 et
1119 587 1310 627 sensus
1344 570 1417 625 ita
1446 569 1555 640 jam
1600 570 1741 625 inter
1787 584 1846 622 se
1894 568 2129 623 discreta

2305 544 2449 608 Νοῦς
2475 545 2577 615 μιν
2616 540 2712 597 οὖν
2739 543 2840 613 ήδη
2869 542 2964 596 καὶ
3003 540 3265 611 αἴσθησις
3308 538 3483 603 οὕτως
3513 540 3611 593 ἀπ’
3633 541 3804 614 άλλη-

559 669 677 726 suis
730 682 790 722 se
834 632 1038 720 ‘tlinibus
1091 660 1464 723 continebant,
1514 658 1896 728 eﬂ‘ectorisque
1965 658 2129 712 Verbi

2234 637 2342 691 λων
2373 636 2750 707 διακριθέντα,
2778 634 2889 687 τῶν
2926 634 3073 687 ἰδίων
3096 634 3243 705 ὅρων
3268 633 3418 697 ἐντὸς
3454 632 3808 702 είστήκεισαν

561 758 1019 829 magniﬁcentiam
1049 764 1303 823 tanquam
1352 751 1498 807 taciti
1548 750 1765 821 quidem
1810 726 2135 804 laudatores

2236 733 2331 785 καὶ
2374 730 2430 783 t6
2455 730 2551 783 τοῦ
2592 727 2935 800 δημιουργοῦ
2974 728 3159 794 Λόγου
3191 726 3483 798 μεγαλεῖον
3512 729 3571 780 ὲν
3593 728 3811 791 ἑαυτοῖς

563 851 858 919 eximiique
888 860 1165 917 praecones
1191 860 1299 915 pra:
1323 858 1382 899 se
1414 843 1680 897 ferebant.
1732 840 1983 895 Nondum
2040 855 2136 894 au-

2236 824 2453 893 ἔφερον,
2491 822 2755 890 σιγῶντες
2787 822 3072 874 ἐπαινέται
3114 819 3217 888 τῆς
3252 819 3662 890 μεγαλουργίας
3715 821 3814 872 καὶ

564 954 672 997 tem
704 947 820 993 erat
868 937 974 990 ulla
1029 951 1094 990 ex
1155 935 1397 1004 utrisque
1449 932 1747 995 concretio,
1795 940 1849 986 et
1895 947 1963 985 ex
2007 946 2139 985 con-

2239 914 2556 982 διαπρύσιοι
2588 915 2847 985 κήρυκες.
2888 911 3063 968 Οὔπω
3092 912 3150 965 δὲ
3207 906 3276 983 ἦν
3311 912 3503 982 κρᾶμα
3543 910 3602 977 ἐξ
3632 911 3816 981 άμφου

563 1031 747 1087 trariis
773 1028 975 1091 mistio,
1011 1042 1131 1096 quae
1165 1027 1426 1095 majorem
1459 1022 1802 1093 sapientiam,
1837 1030 1891 1076 et
1930 1022 2139 1090 impen-

2238 1007 2437 1077 τέρων,
2463 1005 2583 1058 οὐδέ
2616 1021 2702 1068 τις
2738 1005 2887 1073 μίξις
2926 1004 3033 1057 τῶν
3079 1003 3361 1067 ἐναντίων,
3396 1002 3591 1070 σοφίας
3630 1003 3818 1073 μείζο-

565 1138 680 1179 sam
719 1122 772 1176 in
798 1120 963 1175 rebus
994 1118 1314 1189 procreatis,
1345 1124 1400 1170 et
1430 1116 1624 1169 divinae
1640 1114 1900 1167 bonitatis
1925 1110 2140 1166 divitias

2239 1117 2327 1161 νος
2354 1099 2668 1169 γνώρισμα,
2691 1099 2785 1151 καὶ
2810 1098 2907 1166 τῆς
2933 1098 3061 1168 περὶ
3083 1097 3183 1158 τὰς
3209 1096 3405 1164 φύσεις
3431 1096 3813 1159 πολυτελείας,

565 1214 852 1269 indicaret.
885 1210 1245 1277 Quamobrem
1271 1209 1370 1261 bas
1394 1216 1449 1260 ιιι
1466 1205 1773 1259 ostenderet
1801 1203 1979 1273 opifex
2010 1201 2141 1256 Ver-

2240 1192 2361 1245 οὺδὲ
2415 1193 2442 1244 6
2489 1194 2597 1255 πᾶς
2663 1191 2898 1254 πλοῦτος
2959 1191 3063 1260 τῆς
3112 1189 3450 1259 ὰγαθότητος
3504 1189 3818 1259 γνώριμος.

566 1309 698 1363 bum
733 1304 932 1359 animal
960 1316 1127 1356 unum
1158 1315 1222 1354 ex
1256 1308 1483 1366 utraque
1512 1307 1728 1357 natura,
1759 1308 1823 1347 ea
1860 1291 2139 1356 nimirum,

2244 1283 2414 1338 Τοῦτο
2446 1284 2511 1355 δὴ
2553 1284 2834 1355 βουληθεὶς
2870 1284 2898 1335 6
2921 1284 3176 1352 τεχνίτης
3211 1280 3585 1345 ἐπιδείξασθαι
3615 1282 3820 1348 Λόγος.

573 1416 693 1470 qua:
725 1398 987 1457 cernitur,
1009 1403 1063 1447 et
1088 1392 1198 1456 illa,
1226 1405 1347 1459 quae
1372 1405 1480 1442 non
1506 1386 1771 1448 cernitur,
1799 1392 2141 1453 compactum

2248 1378 2343 1431 καὶ
2381 1376 2520 1441 ζῶον
2548 1376 2606 1429 ἓν
2644 1376 2708 1439 ἐξ
2734 1374 3087 1445 ἀμφοτέρων,
3121 1373 3357 1441 ἀοράτου
3399 1389 3481 1436 τε,
3511 1371 3679 1439 λέγω,
3726 1373 3823 1425 καὶ

566 1492 864 1544 fabricatus
895 1494 978 1540 est
1009 1484 1306 1545 hominem,
1352 1496 1420 1534 ex
1451 1478 1676 1534 materia
1715 1493 1834 1544 quae
1859 1476 1970 1545 jam
2014 1490 2143 1543 sup-

2245 1470 2447 1541 ὁρατῆς
2469 1469 2707 1537 φύσεως,
2730 1468 3056 1538 δημιουργεῖ
3074 1468 3169 1519 τὸν
3198 1465 3504 1535 ἄνθρωπον.
3528 1465 3640 1517 Καὶ
3664 1465 3824 1531 παρὰ

565 1580 807 1651 petebat,
836 1592 1035 1647 corpus
1062 1574 1357 1644 accipiens,
1388 1579 1550 1640 atque
1582 1569 1659 1623 illi
1692 1584 1758 1622 ex
1803 1583 1862 1622 se
1890 1566 2141 1636 spiritum

2251 1560 2350 1631 μὲν
2384 1560 2485 1630 τῆς
2517 1559 2651 1644 ύλης
2681 1557 2865 1611 λαϐὼν
2891 1557 2953 1610 τδ
3014 1557 3175 1626 σῶμα
3204 1557 3305 1629 ἥδη
3368 1557 3822 1627 προῦποστάσης,

566 1673 838 1731 inserens,
871 1683 1031 1737 quem
1065 1666 1286 1735 quidem
1320 1663 1564 1717 animum
1611 1670 1663 1715 et
1703 1660 1996 1729 imaginem
2047 1656 2143 1712 Dei

2249 1653 2378 1721 παρ’
2408 1649 2601 1704 ἑαυτοῦ
2634 1652 2688 1704 δὲ
2718 1651 2888 1720 πνοὴν
2914 1650 3108 1715 ἐνθεὶς,
3142 1650 3169 1702 6
3199 1649 3261 1721 δὴ
3297 1649 3477 1720 ψυχὴν
3501 1650 3699 1721 νοεραν
3728 1652 3824 1703 καὶ

566 1772 727 1816 vocat
765 1760 1066 1829 Scriptura.
1101 1756 1255 1811 Hunc
1282 1754 1437 1825 quasi
1476 1754 1640 1807 alium
1667 1753 1954 1822 quemdam
1989 1765 2148 1805 mun-

2249 1744 2431 1797 είκόνα
2453 1742 2589 1796 Θεοῦ
2633 1738 2774 1795 οἶδεν
2801 1742 2829 1794 6
2868 1742 3044 1809 λόγος,
3064 1735 3176 1793 οἷόν
3197 1758 3315 1793 τινα
3343 1744 3543 1809 κόσμον
3557 1741 3743 1810 δεύτεέ
3761 1759 3823 1795 ον

567 1854 719 1916 dum,
765 1854 819 1906 in
851 1866 1017 1921 parvo
1061 1864 1317 1919 magnum
1359 1847 1414 1900 in
1460 1855 1605 1900 terra
1644 1843 1950 1904 constituit.
1980 1842 2147 1896 alium

2250 1836 2310 1887 ὲν
2371 1834 2553 1905 μικρῷ
2621 1834 2797 1901 μέγαν
2840 1834 2933 1885 ἐπὶ
2983 1833 3086 1900 τῆς
3149 1836 3251 1900 γῆς
3298 1833 3550 1901 ἵστησινο
3591 1832 3830 1900 ἄγγελον

566 1944 735 2000 veluti
778 1943 1027 2012 angelum
1077 1939 1320 2002 mistum,
1370 1937 1735 1997 adoratorem,
1785 1950 1967 1990 rerum
2022 1949 2148 2004 pro-

2250 1925 2429 1987 ἄλλον,
2480 1924 2865 1995 προσκυνητην
2923 1924 3138 1995 μικτὸν,
3180 1923 3428 1993 ὲπόπτην
3469 1925 3568 1993 τῆς
3621 1925 3830 1994 ὁρατῆς

569 2046 895 2095 creatarum,
946 2047 1066 2102 qum
1111 2038 1438 2093 cernuntur,
1492 2029 1879 2097 inspectorem,
1938 2040 2148 2089 earum,

2250 2018 2502 2081 κτίσεως,
2563 2016 2772 2086 μύστην
2806 2019 2906 2084 τῆς
2938 2017 3258 2086 νοουμένης,
3302 2016 3525 2086 βασιλέα
3568 2016 3679 2069 τῶν
3735 2018 3834 2070 ἐπὶ

567 2143 688 2197 quae
713 2140 821 2180 non
847 2131 1166 2188 cernuntur,
1191 2119 1694 2189 contemplatorem,
1736 2132 1914 2187 regem
1940 2130 2149 2180 eorum,

2251 2108 2374 2178 γῆς,
2408 2107 2828 2176 βασιλευόμενον
2860 2108 3089 2171 ἄνωθεν,
3116 2109 3363 2175 ἐπίγειον
3415 2108 3511 2160 καὶ
3543 2107 3831 2176 οὐράνιον,

566 2234 688 2288 qua:
720 2225 850 2272 sunt
895 2216 948 2269 in
988 2225 1156 2280 terra,
1198 2227 1413 2267 summo
1460 2210 1591 2281 Regi
1634 2209 2146 2278 obtemperantem:

2258 2201 2597 2269 πρόσκαιρον
2633 2198 2729 2252 καὶ
2780 2200 3071 2265 ἀθάνατον,
3118 2199 3314 2270 ὁρατὸν
3354 2200 3444 2252 καὶ
3495 2200 3832 2266 νοούμενον.

568 2310 851 2366 mortalem
924 2316 981 2360 et
1033 2304 1391 2360 immortalem
1451 2320 1465 2357 :
1543 2300 1795 2355 sensibus
1850 2311 1904 2355 et
1970 2307 2155 2353 mente

2259 2291 2424 2359 μέσον
2459 2289 2727 2359 μεγέθους
2758 2291 2854 2343 καὶ
2886 2292 3300 2359 ταπεινότητος,
3324 2290 3415 2343 τὸν
3433 2291 3596 2345 αὑτὸν
3612 2292 3835 2361 πνεῦμα

570 2408 934 2462 constantem,
994 2404 1055 2451 ut
1104 2395 1210 2449 illis
1256 2395 1404 2447 cerni
1480 2407 1545 2446 ac
1620 2390 1845 2461 intelligi
1910 2389 2080 2455 possit
2138 2405 2153 2443 :

2256 2382 2351 2434 καὶ
2387 2382 2566 2451 σάρκα
2592 2397 2606 2412 '
2654 2381 2875 2451 πνεῦμα
2908 2382 2995 2435 διὰ
3025 2382 3123 2454 τὴν
3153 2383 3340 2453 χάριν,
3393 2384 3572 2453 σάρκα
3601 2383 3689 2436 διὰ
3732 2385 3838 2454 τὴν

569 2490 816 2545 medium
896 2490 1041 2544 inter
1114 2485 1543 2555 magnitudinem
1616 2493 1671 2537 et
1725 2482 2151 2537 humilitatem:

2256 2473 2508 2540 ἔπαρσιν·
2533 2474 2594 2526 τὸ
2614 2474 2736 2544 μὲν,
2771 2476 2858 2528 ἴνα
2887 2474 3024 2546 μένῃ
3054 2476 3147 2528 καὶ
3176 2474 3375 2546 δοξάζῃ
3390 2476 3482 2528 τὸν
3507 2476 3835 2546 εὐεργέτην,

569 2579 826 2635 eumdem
896 2588 1008 2633 tum
1083 2567 1358 2647 spiritum,
1416 2583 1528 2628 tum
1588 2588 1850 2632 carnem.
1905 2570 2153 2641 spiritum

2255 2564 2316 2616 τὸ
2354 2564 2433 2628 δὲ,
2502 2565 2589 2617 ἵνα
2630 2567 2836 2637 πάσχῃ,
2894 2568 2987 2619 καὶ
3041 2567 3289 2638 πάσχων,
3345 2568 3840 2639 ύπομιμνήσκητλι

571 2680 799 2741 propter
825 2670 1074 2740 gratiam,
1105 2682 1338 2733 carnem
1376 2674 1599 2736 propter
1630 2664 1957 2734 superbiam.
1997 2661 2155 2727 Illud,

2259 2655 2353 2708 καὶ
2384 2655 2736 2725 παιδεύηται,
2769 2655 2849 2727 τῷ
2891 2657 3114 2725 μεγέθει
3169 2658 3659 2729 φιλοτιμούμενοςο
3698 2662 3844 2725 ζῶον

572 2773 634 2819 ut
666 2771 933 2828 maneret,
974 2771 1029 2816 et
1054 2760 1223 2815 Deum
1264 2762 1331 2813 de
1358 2772 1417 2812 se
1451 2758 1588 2812 bene
1614 2757 1867 2811 meritum
1892 2755 2157 2811 laudaret:

2260 2746 2495 2803 ἐνταῦθα
2526 2748 3008 2818 οἰκονομούμενον,
3058 2750 3156 2804 καὶ
3192 2750 3450 2821 ,ἀλλαχοῦ
3493 2752 3843 2821 μεθιστάμε-

572 2854 698 2919 boc,
732 2864 791 2909 ut
825 2851 1323 2926 perturbationibus
1367 2859 1424 2904 et
1474 2848 1736 2903 molestiis
1792 2856 1935 2902 esset
1985 2848 2159 2902 obno-

2260 2857 2372 2906 νον,
2405 2840 2505 2895 καὶ
2533 2841 2709 2912 πέρας
2737 2839 2833 2893 τοῦ
2857 2841 3182 2912 μυστηρίου,
3216 2845 3282 2913 τῇ
3307 2843 3442 2912 πρὸς
3468 2844 3604 2897 Θεὸν
3654 2846 3846 2899 νεύσει

573 2946 742 3007 xius,
828 2955 886 2998 ut
978 2958 1099 2998 cum
1168 2937 1546 3011 magnitudine
1621 2952 1718 2993 sua
1803 2936 1978 2991 elatus
2056 2936 2159 2990 sibi

2263 2932 2581 3002 θεούμενον.
2638 2933 2733 2996 Είς
2765 2932 2927 2986 τοῦτο
2963 2934 3072 3004 γὰρ
3125 2934 3248 3003 ἐμοὶ
3291 2934 3448 3006 φέρει
3499 2939 3563 2989 τὸ
3616 2939 3848 3008 μέτριον

572 3034 839 3103 placeret.
892 3032 957 3087 iis
1001 3031 1254 3097 aﬂlictus,
1291 3038 1344 3084 et
1382 3026 1747 3082 commonitus
1773 3025 2159 3094 resipiscerct:

2265 3025 2500 3078 ἐνταῦθα
2549 3024 2753 3094 φέγγος
2809 3026 2909 3095 τῆς
2959 3025 3242 3095 ἀληθείας,
3285 3026 3650 3100 λαμπρότητα
3704 3030 3851 3084 Θεοῦ

577 3125 778 3179 animal
813 3124 901 3177 hic
926 3123 1268 3186 collocatum,
1301 3129 1362 3175 ut
1391 3120 1497 3174 alio
1526 3120 1741 3191 migret,
1776 3126 1828 3171 et
1871 3131 1991 3187 quae
2040 3132 2156 3187 my-

2268 3117 2354 3171 καὶ
2388 3116 2514 3170 ἰδεῖν
2547 3117 2643 3171 καὶ
2685 3116 2901 3181 παθεῖν,
2967 3116 3126 3181 ἀξίαν
3176 3119 3273 3172 τοῦ
3332 3119 3429 3172 καὶ
3475 3121 3857 3193 συνδήσαντος

574 3216 729 3271 sterii
760 3227 843 3271 est
864 3230 1097 3281 summa,
1119 3224 1177 3269 ut
1200 3213 1289 3267 Dei
1314 3213 1618 3267 imitatione
1664 3209 1859 3264 evadat
1883 3210 1936 3263 in
1964 3209 2156 3264 Deum.

2277 3211 2361 3263 καὶ
2433 3209 2726 3277 λύσοντος,
2793 3211 2888 3264 καὶ
2966 3207 3124 3275 αὖθις
3216 3212 3571 3284 συνὸήσοντος
3643 3214 3866 3286 ὑψηλό-

572 3306 784 3362 ldcirco
845 3306 991 3360 enim
1036 3303 1325 3359 mediocris
1380 3303 1496 3356 haec
1548 3300 1710 3354 nobis
1759 3300 1852 3353 lux
1900 3313 2162 3354 concessa
2271 3318 2454 3373 τερον.

575 3408 679 3465 est,
740 3409 799 3454 ut
848 3414 910 3454 ea
964 3398 1103 3453 duce
1170 3395 1512 3467 Splendorem
1577 3394 1726 3448 illum
1776 3407 2188 3462 .assequamur,
2231 3408 2341 3463 quo
2403 3394 2549 3465 digni
2632 3397 2825 3464 simus,
2893 3396 2983 3467 qui
3038 3396 3319 3453 videamus
3374 3399 3864 3471 suscipiamusque

578 3493 773 3561 Deum,
806 3491 900 3563 qui
947 3506 1047 3548 nos
1098 3498 1152 3543 et
1195 3489 1489 3558 compegit,
1538 3497 1593 3543 et
1639 3487 1834 3552 solvet,
1888 3497 1944 3541 et
1995 3488 2166 3543 multo
2199 3487 2629 3557 magniﬁcentius
2669 3491 2920 3547 restituit.

912 3584 996 3638 Ea:
1025 3584 1265 3637 oratione
1296 3583 1351 3635 in
1385 3581 1557 3637 Sacra
1592 3580 1843 3635 Lumina.

2537 3583 2639 3640 Ἐκ
2681 3580 2789 3639 τοῦ
2824 3588 2911 3652 είς
2931 3586 3002 3641 τὰ
3025 3588 3197 3659 "Arta
3227 3588 3390 3643 Φῶτα
3424 3590 3635 3661 λόγου.

650 3676 853 3733 Verum
884 3676 1013 3746 quia
1042 3675 1329 3746 oportebat
1355 3688 1467 3728 non
1498 3673 1674 3728 solum
1720 3673 1775 3727 in
1814 3672 1967 3729 caelis
2003 3673 2173 3729 Deum

2358 3676 2514 3730 Ἐπεὶ
2537 3676 2594 3730 δὲ
2624 3676 2731 3730 ἔδει
2768 3677 2843 3749 μὴ
2868 3680 2983 3742 τοῖς
3008 3680 3121 3734 ἄνω
3155 3681 3317 3750 μόνον
3343 3681 3442 3751 τὴν
3470 3684 3870 3755 προσκύνησιν

577 3770 681 3827 coli
722 3779 777 3825 et
838 3767 1076 3834 adorari,
1111 3767 1207 3823 sed
1276 3766 1491 3837 aliquos
1524 3766 1686 3821 etiam
1748 3766 1803 3820 in
1855 3766 2011 3821 terris
2054 3780 2166 3821 esse

2281 3769 2742 3840 περιγράφεσθαι,
2786 3769 2903 3823 ἀλλ’
2936 3767 3082 3825 εἷναί
3112 3790 3264 3837 τινας
3290 3774 3383 3826 καὶ
3413 3775 3562 3828 κάτω
3597 3793 3870 3847 προσκυ-

580 3866 730 3920 illius
778 3863 1015 3918 cultores
1063 3870 1117 3916 et
1168 3861 1509 3923 adoratores,
1565 3866 1626 3913 ut
1670 3858 1948 3929 (quoniam
1993 3859 2169 3913 omnia

2282 3861 2465 3930 νητὸς,
2501 3861 2592 3914 ἵνα
2617 3861 2878 3931 πληρωθῇ
2918 3862 2987 3915 τὰ
3018 3864 3198 3917 πάντα
3227 3864 3383 3936 δόξης
3416 3864 3573 3929 Θεοῦ,
3595 3867 3734 3920 ἐπεὶ
3767 3870 3871 3922 καὶ

579 3966 709 4013 sunt
766 3955 875 4010 Deo
924 3954 1106 4025 plena)
1158 3953 1342 4009 omnia
1401 3952 1492 4007 Dei
1526 3951 1697 4022 gloria
1744 3950 2168 4019 complerentur,

2289 3950 2436 4017 Βεοῦ,
2455 3952 2546 4006 διὰ
2571 3951 2731 4026 τοῦτο
2763 3953 3007 4018 κτίζεται
3029 3955 3321 4026 ἄνθρωπος
3348 3959 3490 4029 χειρὶ
3516 3957 3659 4013 Θεοῦ
3688 3975 3878 4031 τιμη-

585 4047 714 4101 ideo
748 4060 915 4100 manu
950 4044 1339 4099 Dei‘conditus
1363 4052 1449 4099 est
1486 4044 1671 4107 homo,
1718 4049 1773 4094 et
1798 4040 1917 4108 ejus
1943 4038 2174 4110 imagine

1129 4044 1339 4099 inditus
1363 4052 1449 4099 est
1486 4044 1671 4107 homo,
1718 4049 1773 4094 et
1798 4040 1917 4108 ejus
1943 4038 2177 4110 imagine
2275 4042 2390 4106 θεὶς
2411 4046 2504 4097 καὶ
2533 4045 2718 4100 εικόνι.

583 4140 896 4193 decoratus.

680 4238 683 4239 ⁷
799 4229 885 4284 Ea:
918 4230 1160 4284 oratione
1197 4230 1255 4282 in
1286 4230 1422 4281 diem
1454 4227 1703 4281 Natalem
1735 4210 1974 4281 Christi:

2297 4226 2379 4279 Εκ
2418 4225 2527 4281 τοῦ
2564 4226 2755 4291 λόγου
2794 4224 2903 4279 τοῦ
2955 4230 3043 4295 εις
3091 4231 3164 4312 εὰ
3217 4233 3498 4302 γενέθλια
3552 4236 3663 4292 τοῦ
3731 4241 3886 4312 xm-

657 4388 819 4442 nunc
851 4387 907 4441 in
938 4385 1190 4456 paradiso
1238 4383 1524 4439 collocavit
1555 4382 1969 4453 (qualiscunque
2003 4382 2170 4439 fuerit

2976 4317 3155 4356 στου.

2346 4388 2548 4444 Τοῦτον
2586 4390 2737 4447 ἔθετο
2769 4395 2869 4465 μὲν
2899 4398 2956 4451 ὲν
2996 4397 3071 4466 τῷ
3137 4396 3479 4468 παραδείσῳ,
3517 4400 3672 4463 ὅστις
3734 4403 3888 4456 ποτὲ

590 4480 687 4561 ille
738 4477 1051 4546 Paradisus)
1111 4487 1167 4533 et
1212 4477 1444 4532 liberum
1515 4476 1809 4531 voluntatis
1887 4475 2172 4530 arbitrium

2291 4473 2346 4549 ἢν
2377 4482 2404 4533 6
2432 4482 2759 4551 παράδεισος
2819 4480 2997 4553 οὗτος,
3028 4486 3104 4558 τῷ
3132 4487 3462 4561 αύτεξουσίῳ
3490 4491 3756 4561 τιμήσεις.
3809 4495 3880 4548 ῖν“

587 4553 817 4642 largitus
847 4580 954 4639 est,
987 4580 1048 4626 ut
1081 4570 1284 4626 bonum
1316 4584 1424 4624 non
1475 4568 1657 4624 minus
1701 4569 1876 4637 ipsius
1928 4566 2176 4638 eligentis

2297 4567 2316 4643 ﬁ
2343 4571 2433 4624 τοῦ
2468 4573 2727 4644 ἑλομένου
2757 4577 2818 4630 τὸ
2847 4579 3051 4647 ἀγαθὸν
3075 4553 3088 4558 ⁷
3110 4580 3207 4650 οὐχ
3238 4575 3403 4651 ἦττον
3432 4553 3483 4652 ’ἢ
3538 4553 3635 4636 τοῦ
3689 4553 3886 4655 ρα-

434 4716 435 4719 ,
532 4740 537 4745 ι
590 4672 758 4727 esset,
784 4677 947 4733 quam
997 4662 1138 4733 ejus,
1155 4662 1248 4730 qui
1274 4661 1487 4717 semina
1528 4660 1829 4715 tribuisset.
1860 4657 2023 4713 Plant

2301 4660 2507 4730 τχόντος
2538 4664 2605 4717 τά
2639 4665 2932 4737 σπέρματα
2961 4683 2976 4699 ο
3012 4669 3197 4738 φυτῶν
3236 4669 3526 4724 ἀθανάτων
3582 4676 3890 4742 γεωργὸν,

590 4754 982 4811 immortalium
1014 4755 1277 4810 cultorem
1308 4751 1621 4815 constituit,
1649 4753 1702 4805 id
1719 4760 1822 4817 est,
1842 4750 2177 4815 divinarum,

2310 4750 2447 4805 telwv
2490 4755 2712 4809 ἐννοιῶν
2766 4750 2921 4824 ἴσως,
2952 4759 3063 4813 τῶν
3114 4778 3173 4815 τε
3206 4761 3596 4832 ἁπλουστέρων
3628 4766 3727 4818 καὶ
3764 4766 3899 4820 τῶν

590 4858 655 4904 ιιι
706 4847 962 4919 equidem
996 4848 1198 4913 sentio,
1231 4843 1781 4915 contemplationnm,
1822 4852 1935 4897 tum
1971 4842 2179 4913 simpli-

2307 4842 2673 4914 τελεωτέρων’
2730 4847 2942 4916 γυμνὸν
2995 4852 3062 4920 τῇ
3137 4849 3403 4922 ἁπλότητι
3476 4852 3572 4905 καὶ
3626 4853 3747 4923 ζωῇ
3813 4858 3896 4925 τῇ

594 4940 742 4995 cium
767 4949 880 4994 tum
908 4938 1296 5010 perfecturum.
1329 4937 1545 4992 Nudum
1577 4936 1648 4990 ob
1672 4934 2096 5005 simplicitatem,
2126 4941 2183 4989 et

2314 4934 2531 5004 ιτέχνῳ,
2558 4938 2653 4988 καὶ
2711 4937 2833 5008 δίχα
2860 4940 3061 5003 παντὸς
3096 4940 3549 5013 ὲπικαλύμματος
3591 4947 3691 4997 καὶ
3738 4964 3903 5017 προ-

593 5033 761 5089 vitam
793 5030 943 5086 nulla
966 5039 1086 5086 arte
1140 5029 1482 5094 instructam,
1510 5042 1613 5083 nec
1638 5027 1750 5082 ullo
1796 5035 2000 5082 tectum
2022 5027 2182 5082 indu-

2314 5021 2595 5092 ῑλήματος.
2660 5025 2917 5081 Τοιοῦτον
2965 5028 3074 5098 γὰρ
3139 5029 3379 5101 ἔπρεπεν
3433 5026 3575 5086 εἶναι
3624 5033 3722 5087 τὸν
3781 5036 3903 5091 ἀπ’

596 5132 803 5189 mento,
821 5121 1034 5192 qualem
1060 5135 1181 5177 esse
1201 5120 1429 5175 decebat
1452 5118 1687 5189 primum
1707 5116 1856 5171 illum
1880 5115 2180 5172 hominem.

2317 5113 2493 5184 ιρχῆς.
2532 5115 2645 5169 Kal.
2671 5116 2859 5171 δίδωσι
2890 5119 3076 5190 νόμον,
3104 5118 3239 5191 ὓλην
3271 5121 3350 5193 τῷ
3405 5124 3777 5193 αὐτεξουσίῳ.
3831 5131 3906 5184 ’0

595 5214 928 5282 Tumlegem
951 5211 1245 5282 dedit,qua
1265 5210 1493 5266 liberam
1522 5208 1857 5264 voluntatem
1881 5215 2181 5262 exerceret.

2323 5206 2348 5257 ὲ
2382 5208 2543 5276 νόμος
2581 5203 2651 5278 ἧν
2703 5209 2917 5281 ἐντολὴ,
2955 5205 3033 5267 ὧν
3062 5229 3123 5266 τε
3161 5215 3534 5285 μεταληπτέον
3576 5218 3734 5289 αύτῷ
3780 5238 3910 5289 φυ-

594 5304 709 5361 Lex
743 5305 833 5361 illa
882 5303 1196 5360 mandatum
1243 5310 1386 5369 erat,
1438 5315 1549 5372 quo
1596 5300 1672 5355 illi
1704 5300 2183 5370 praScribebatur,

2321 5297 2432 5359 ςῶν,
2476 5301 2568 5351 και
2588 5293 2649 5354 οὗ
2679 5300 2754 5372 μὴ
2778 5304 3141 5372 προσαπτέον.
3174 5304 3247 5357 Τὸ
3274 5306 3332 5360 δὲ
3360 5301 3429 5378 ἦν
3463 5307 3522 5360 τὸ
3555 5308 3722 5375 ξύλον
3780 5312 3910 5383 τῆς

597 5410 760 5465 quam
807 5395 1047 5465 plantam
1098 5391 1392 5462 attingere,
1429 5400 1484 5447 et
1516 5406 1545 5444 a
1590 5406 1697 5462 qua
1745 5392 1970 5447 deberet
2016 5390 2186 5445 absti-

2323 5388 2574 5455 ’νώσεως,
2643 5391 2767 5445 οὔτε
2805 5394 3067 5462 φυτευθὲν
3119 5396 3219 5449 ἀπ’
3256 5398 3433 5468 ἀρχῆς
3489 5399 3703 5463 κακῶς,
3755 5400 3912 5456 οὔτε

599 5499 753 5540 nere.
819 5483 945 5540 Haec
998 5494 1205 5551 autem,
1259 5498 1290 5538 a
1340 5498 1461 5553 qua
1493 5494 1797 5551 temperare
1879 5483 2185 5553 oportebat,

2326 5480 2677 5551 ,παγορευθὲν
2713 5482 3015 5555 φθονερῶς.
3066 5486 3159 5558 Μὴ
3213 5490 3591 5559 πεμπέτωσαν
3619 5492 3746 5545 ἐκεῖ
3781 5494 3915 5560 τὰς

600 5584 717 5632 erat
763 5577 1004 5633 scientia:
1053 5578 1261 5648 planta,
1312 5590 1435 5647 qua:
1483 5576 1703 5645 quidem
1749 5576 1817 5632 ab
1872 5576 2030 5631 initio
2086 5591 2189 5632 nec

2326 5570 2547 5635 ’λώσσας
2582 5576 2629 5626 oi
2656 5573 2939 5646 θεομάχοι,
2974 5578 3111 5647 μηδὲ
3142 5578 3234 5633 τὸν
3265 5579 3390 5649 ὅφιν
3445 5582 3859 5652 μιμείσθωσαυ
3896 5604 3915 5619 ο

602 5667 749 5722 malo
785 5675 902 5721 sata
935 5669 1035 5724 fuit
1064 5670 1316 5736 consitio,
1367 5683 1471 5724 nec
1494 5668 1571 5723 'ob
1617 5668 1874 5724 invidiam
1918 5669 2190 5739 prohibita

2340 5662 2431 5716 λλά
2464 5664 2628 5717 καλὸν
2669 5666 2790 5735 μὲν,
2813 5666 3088 5737 εὐκαίρως
3114 5668 3683 5739 μεταλαμσανόμενον
3707 5686 3723 5700 ο
3747 5670 3929 5728 θεω-

606 5754 700 5823 (ne
725 5754 938 5811 vibrent
971 5756 1077 5813 huc
1121 5758 1332 5829 linguas
1382 5772 1510 5814 suas
1560 5757 1710 5827 impii
1763 5759 1853 5828 qui
1907 5759 2181 5832 gigantum

2345 5756 2390 5810 ἴα
2429 5759 2535 5829 γὰρ
2559 5754 2626 5830 ἦν
2666 5760 2727 5812 τὸ
2760 5760 2947 5830 φυτὸν,
2979 5761 3054 5826 ὡς
3077 5764 3111 5833 η
3165 5761 3274 5833 ἐμὴ
3307 5740 3533 5832 θεωρία,
3562 5758 3636 5836 ἧς
3702 5764 3934 5835 μόνοις
