4024 6208
247 322 322 389 201
1181 317 1559 381 PANOPLIA
1610 315 2068 380 DOGMATICA.
2103 342 2172 352 --
2212 317 2361 380 ΤΙΤ.
2399 319 2502 381 VI.
3364 324 3470 387 202

248 435 525 495 ἐπιϐαίνειν
553 434 825 504 ἀσφαλὲς,
860 435 972 497 τοῖς
1000 433 1100 504 τὴν
1130 431 1245 497 ἕξιν
1294 431 1649 504 τελεωτέροις
1669 446 1687 464 ⁸
1724 430 1785 484 οὐ
1812 431 1837 491 J

1889 445 2040 487 more
2072 446 2197 488 cum
2228 430 2355 502 {Deo
2403 439 2669 506 pugnant,
2714 449 2815 490 nec
2862 439 3136 507 serpentis
3169 438 3320 496 virus
3357 444 3469 498 suis

246 529 379 587 καλὸν
410 528 469 582 δὲ
500 529 616 591 τοῖς
657 525 1049 597 ἁπλουστέροις
1090 524 1173 579 Ετι
1235 523 1330 578 καὶ
1349 524 1449 593 τὴν
1486 522 1673 592 ἔφεσιν
1710 520 1790 575 λι·-

1896 524 2240 594 captionibus
2284 526 2611 596 imitentur),
2643 528 2737 582 sed
2782 526 2921 583 bona
2962 532 3183 601 quidem
3249 545 3385 599 erat,
3424 536 3470 590 si

241 623 506 697 νερτέροις,
541 620 732 691 ὥσπερ
761 619 883 673 οὐδὲ
924 620 1105 691 τροφὴ
1138 616 1320 673 τελεία
1353 616 1642 687 λυσιτελὴς
1670 618 1786 680 τοῖς

1896 615 2023 684 quis
2059 626 2373 687 Opportune
2398 619 2465 675 ad
2495 619 2643 674 illam
2694 624 3037 679 accessisset.
3087 623 3278 679 Planta
3322 626 3470 681 enim

239 715 436 785 ἁπαλοῖς
466 713 555 768 ἔτι
589 714 689 767 καὶ
709 712 991 781 δεομένοις
1016 711 1316 780 γάλακτος.

1888 707 1978 762 illa
2029 710 2111 781 (ut
2161 724 2263 781 ego
2310 713 2529 784 quidem
2578 716 2850 789 existimo)
2894 728 3011 775 erat
3055 720 3467 790 contemplatio,

237 806 285 861 ad
315 818 474 875 quam
515 802 621 858 soli
671 810 792 858 tuto
836 802 1127 863 accedunt,
1178 801 1272 871 qui
1327 799 1516 854 habitu
1559 797 1787 869 perfecti
1826 806 1975 865 sunt,
2001 799 2092 869 qui
2158 808 2337 857 autem
2409 806 2718 876 cupidiores
2757 816 2920 879 atque
2964 811 3474 882 intemperantiores

236 913 317 955 non
377 897 537 952 item.
579 894 1052 962 Quemadmodum
1084 909 1187 951 nec
1239 893 1545 966 perfectus'
1590 900 1647 948 et
1690 890 1898 947 solidus
1963 891 2119 948 cibus
2180 897 2541 957 tenerioribus
2604 902 2784 959 adhuc
2809 914 2868 962 et
2924 905 3065 962 laete
3100 905 3471 978 indigentibus

234 1088 336 1143 ἐτι
367 1084 507 1154 περὶ
525 1082 638 1153 τῆς
664 1083 829 1164 gelat;
860 1080 1269 1167 δημιουρῖίας,
1307 1080 1417 1137 τοῦ
1433 1080 1696 1149 Νύσσης
1715 1077 1782 1132 ἐκ

1886 1072 2022 1130 Item
2052 1079 2119 1133 de
2150 1082 2502 1167 opiﬁcio.pei,
2530 1103 2596 1141 ea:
2621 1091 2859 1167 oratione
2887 1093 3201 1148 catechetica
3229 1092 3470 1167 Gregorii

597 1153 705 1207 τοῦ
739 1152 1146 1219 κατηχητιτιοῦ
1172 1152 1385 1220 λόγου.

1257 1167 1385 1220 rev.
2352 1153 2538 1223 Nyssa:
2564 1159 2846 1226 pontiﬁcis.

279 1247 353 1303 Τδ
370 1247 480 1319 ¹νῦν
506 1248 567 1301 ὲν
586 1245 810 1308 ἀτόποις
839 1238 983 1298 εἶναι
1006 1242 1107 1315 τὴν
1129 1242 1483 1314 ἀνθρωπίνην
1513 1238 1659 1313 ζωὴν
1680 1241 1781 1311 οὐχ

1954 1238 2073 1294 Non
2129 1240 2326 1298 idoneo
2370 1245 2634 1314 probatur
2678 1258 3018 1320 argumento,
3085 1268 3364 1325 nunquam
3411 1255 3468 1311 in

228 1339 395 1399 ίκανός
438 1337 590 1388 ἐστιν
617 1333 841 1403 ἔλεγχος
887 1331 983 1386 τοῦ
1028 1331 1300 1401 μηδέποτε
1347 1330 1440 1384 τὸν
1491 1329 1783 1401 ἄνθρωπον

1897 1327 2043 1383 bonis
2072 1329 2347 1386 hominem
2380 1331 2569 1400 fuisse,
2607 1338 2754 1408 quod
2784 1354 2931 1393 nunc
2961 1340 3014 1394 in
3070 1343 3227 1398 malis
3275 1356 3486 1423 verse-g

226 1430 270 1482 ἑν
294 1426 525 1495 ἀγαθοῖς
558 1423 918 1495 γεγενῆσθαι.
974 1422 1192 1491 Ἐπειδὴ
1232 1423 1342 1493 γὰρ
1382 1421 1519 1476 Θεοῦ
1562 1421 1724 1493 ἔργον
1754 1423 1783 1475 ὁ

1894 1426 1984 1474 tur
2028 1419 2265 1478 humana
2315 1423 2445 1479 vita.
2494 1425 2627 1482 Nam
2665 1444 2788 1484 cum
2836 1430 3001 1486 homo
3050 1433 3121 1489 sit
3164 1450 3302 1505 opus
3349 1438 3467 1505 Dei,

223 1517 496 1589 ἄνθρωπος
527 1515 624 1570 τοῦ
648 1514 718 1569 δι’
742 1515 1057 1586 ἀγαθότητα
1095 1514 1155 1567 τὸ
1177 1515 1313 1580 ζῶον
1342 1513 1503 1567 τοῦτο
1526 1531 1599 1567 πα
1607 1530 1782 1584 ραγαο

1892 1509 1987 1579 qui
2039 1511 2240 1567 animal
2311 1513 2414 1571 hoc
2473 1528 2699 1587 propter
2761 1520 3059 1577 bonitatem
3138 1530 3469 1594 procreavit,

224 1609 401 1676 γόντος
442 1609 524 1669 είς
557 1607 801 1676 γένεσιν,
826 1605 926 1660 οὐκ
946 1606 1013 1660 ἀν
1065 1622 1151 1667 τις
1190 1604 1452 1672 εὐλόγως,
1492 1597 1553 1659 οὗ
1584 1605 1781 1676 ήαίτία

1890 1616 2054 1657 nemo
2096 1604 2272 1670 illum,
2306 1608 2460 1677 cujus
2507 1612 2829 1678 procreandi
2875 1628 3036 1671 causa
3081 1616 3296 1674 bonitas
3345 1620 3467 1688 fuit,

220 1700 313 1770 τῆς
371 1697 684 1761 συστάσεως
725 1697 1001 1768 ἀγαθότης
1044 1696 1180 1758 ἐστὶ,
1232 1696 1423 1750 τοῦτον
1475 1697 1533 1749 ὲν
1590 1697 1781 1760 κακοῖς

1889 1694 1943 1749 in
1977 1695 2132 1750 malis
2160 1710 2190 1750 a
2227 1707 2575 1767 procreatore
2623 1701 2789 1759 fuisse
2839 1706 3084 1774 genitum
3132 1712 3329 1766 merito
3376 1729 3470 1768 su—

220 1787 544 1859 γεγενῆσθαι
559 1788 710 1859 παρά
729 1787 826 1841 τοῦ
862 1789 1224 1858 πεποιηκότος
1247 1787 1778 1853 καθυποπτεύσειεν,

1889 1788 2153 1859 ερὶοειιιτ.
2190 1790 2377 1861 Itaque
2410 1792 2513 1847 alia
2559 1809 2721 1850 causa
2772 1806 2880 1863 est,
2918 1803 3272 1869 quamobrem
3320 1821 3467 1862 nunc

223 1885 332 1938 ἀλλ’
385 1882 577 1953 ἔτερόν
612 1883 763 1935 ἔστιν
807 1883 983 1937 αἴτιον
1019 1881 1115 1934 τοῦ
1156 1881 1358 1951 ,ταῦτά
1403 1898 1464 1934 τε
1497 1880 1595 1936 νῦν
1653 1883 1783 1953 περὶ

1893 1890 1948 1936 et
2008 1882 2273 1941 molestiis
2328 1886 2700 1958 mrumnisque
2750 1904 3169 1960 prcmamur,ct
3222 1878 3470 1967 pristinis

217 1976 361 2046 ἡμᾶς
436 1970 606 2041 εἷναι,
663 1974 759 2028 καὶ
811 1974 921 2029 τῶν
964 1975 1247 2045 προτέρων
1305 1974 1683 2046 ἐρημωθῆναι.
1723 1976 1783 2031 Ὀ

1891 1973 2192 2029 commodis
2227 1974 2425 2044 privati
2449 1976 2645 2033 simus.
2679 1977 2783 2045 Qui
2831 1982 2976 2037 enim
3016 1984 3292 2041 hominem
3342 2005 3469 2058 pro-

218 2069 320 2138 γὰρ
346 2067 439 2122 ἐπὶ
466 2067 735 2140 μετουσίᾳ
795 2066 905 2121 τῶν
941 2066 1090 2123 ἰδίων
1139 2067 1363 2136 ἀγαθῶν
1422 2067 1660 2140 ποιήσας
1692 2069 1783 2122 τὸν

1890 2062 2131 2132 priorum
2206 2065 2476 2121 bonorum
2552 2070 2874 2149 participem
2931 2073 3156 2143 fecerat,
3235 2079 3467 2150 ejusque

217 2159 522 2231 ἄνθρωπον,
561 2160 658 2213 καὶ
698 2159 914 2214 πάντων
954 2157 1106 2229 αὐτῷ
1137 2159 1247 2212 τῶν
1312 2156 1496 2211 καλῶν
1528 2159 1782 2230 ἀφορμὰς

1888 2165 2097 2211 natura;
2164 2157 2439 2213 inseverat
2484 2159 2750 2216 virtutum
2816 2165 3060 2220 omnium
3115 2168 3346 2235 semina,
3407 2182 3468 2224 ut

215 2247 698 2317 ἑγκατασκευάσας
726 2248 794 2315 τῇ
820 2244 1006 2315 φύσει,
1032 2246 1107 2310 ὡς
1134 2245 1200 2300 ἂν
1221 2247 1288 2300 δι’
1325 2247 1555 2302 ἑκάστου
1577 2249 1781 2301 καταλο

1890 2247 2116 2316 singulis
2196 2248 2430 2304 vicissim
2521 2252 2836 2309 excolendis
2901 2255 2971 2309 ad
3052 2257 3465 2315 similitudinem

215 2344 384 2416 λήλως
440 2342 584 2413 πρὸς
612 2342 675 2396 τὸ
698 2342 885 2411 ὅμοιον
915 2343 948 2412 ή
985 2339 1168 2411 ὄρεξις
1201 2340 1441 2412 φέροιτο,
1462 2341 1564 2395 οὐκ
1595 2341 1664 2396 ἂν
1683 2342 1778 2395 τοῦ

1888 2353 2040 2392 suam
2074 2339 2478 2408 incenderetur,
2525 2341 2871 2411 pulcherrimi
2922 2360 2986 2400 ac
3033 2350 3465 2417 praestantissimi

213 2434 496 2487 καλλίστου
529 2450 589 2486 τε
649 2435 743 2485 καὶ
771 2432 1107 2503 τιμιωτάτου
1138 2430 1249 2484 τῶν
1293 2430 1515 2500 ἀγαθῶν
1548 2432 1778 2497 ἀπεστέ-

1889 2432 2150 2496 rnuneris,
2207 2433 2390 2488 libera:
2427 2433 2685 2488 nimirum
2736 2446 2793 2491 et
2827 2437 3029 2493 nullius
3075 2441 3301 2511 imperio
3335 2444 3464 2496 subv

214 2541 365 2596 ρησε,
387 2525 538 2593 λέγω
563 2523 632 2596 δὴ
662 2524 764 2594 τῆς
785 2524 930 2577 κατά
960 2524 1023 2576 τὸ
1053 2522 1354 2576 ἀδέσποτον
1395 2523 1493 2576 καὶ
1511 2524 1782 2589 ,αὐτεξού-

1884 2522 2045 2593 jectas
2072 2524 2390 2590 voluntatis,
2420 2536 2697 2595 expertem
2742 2543 2851 2583 non
2883 2530 3211 2600 reliquisset.
3250 2534 3461 2589 Etenim

212 2634 319 2671 σιον
348 2617 601 2689 χάριτος.
645 2614 708 2669 Εἰ
734 2616 845 2685 γάρ
878 2632 966 2678 τις
1011 2615 1232 2685 ἀνάγκη
1284 2614 1386 2685 τῆς
1427 2618 1779 2687 ἀνθρωπίνης

1889 2614 1935 2668 si
1986 2620 2093 2683 (tua
2143 2615 2441 2671 necessitas
2474 2617 2727 2671 humanae
2777 2619 2898 2674 vita:
2944 2619 3139 2678 fuisset
3188 2624 3460 2695 imposita,

211 2712 503 2763 ἐπεστάτει
528 2706 700 2775 ζωῆς,
735 2706 1032 2777 διεψεύσθη
1065 2707 1185 2778 ἂνὴ
1215 2707 1385 2763 είκὼν
1436 2708 1561 2763 κατ’
1600 2710 1780 2763 ἐκεῖνο

1889 2706 2076 2761 falsam
2100 2706 2155 2761 in
2177 2722 2240 2763 ea
2262 2708 2479 2777 quidem
2502 2719 2656 2778 parte
2681 2711 2969 2784 imaginem
2996 2716 3289 2782 retulisset,
3329 2718 3462 2774 alic-

212 2801 269 2854 τδ
292 2800 464 2872 μέρος
494 2798 930 2879 ἀλλοτριωθεῖσα
960 2799 1040 2868 τῷ
1074 2801 1315 2869 ἀνομοίῳ
1341 2798 1481 2869 πρὸς
1523 2801 1585 2854 τδ
1611 2801 1779 2872 ἀρχέ-

1886 2809 2063 2866 usque
2098 2797 2168 2850 ab
2209 2798 2506 2869 exemplari
2541 2808 2763 2869 propter
2811 2800 3308 2858 dissimilitudinem
3372 2818 3466 2860 cx-

209 2910 396 2947 τυπον.
430 2893 546 2962 Τῆς
575 2892 688 2961 γὰρ
716 2890 1118 2961 βασιλευούσης
1149 2886 1367 2963 ςὸὐσεως
1421 2894 1455 2962 ἠ
1509 2894 1779 2962 ἀνάγκαις

1885 2886 2269 2959 ειίιίεβειηυυί
2317 2886 2465 2941 enim
2516 2887 2939 2944 necessitatibus
2991 2890 3229 2945 obnoxia
3279 2893 3466 2957 deser-

207 2986 343 3038 τισὶν
371 2983 763 3053 ὕπεξευγμένη
786 3000 846 3036 τε
877 2984 971 3037 καὶ
1015 2983 1343 3038 δουλεύουσα
1376 2986 1495 3050 πῶς
1532 2985 1777 3039 ἂνείκὼν

1886 2978 2150 3048 νῑεηεῳιο
2218 2986 2413 3032 natura
2492 2980 2774 3049 regnantis
2824 2979 3002 3052 imago
3054 2983 3465 3039 nominaretur?

206 3077 558 3147 ὀνομάζοιτος
611 3075 822 3130 Οὐκοῦν
854 3075 915 3128 τὸ
947 3075 1036 3129 διὰ
1084 3078 1302 3130 πάντων
1351 3077 1493 3147 πρὸς
1523 3078 1584 3131 τὸ
1620 3079 1775 3153 Θεῖον

1884 3066 2183 3140 Oportebat
2215 3070 2398 3140 igitur,
2437 3079 2517 3136 ut,
2555 3070 2700 3140 quod
2731 3071 2787 3126 in
2836 3073 3102 3143 omnibus
3128 3075 3238 3128 Deo
3285 3076 3464 3130 simile

209 3169 562 3240 ὡμοιωμένον
592 3166 700 3220 ἔδει
734 3167 955 3231 πάντως
987 3166 1133 3237 ἔχειν
1182 3169 1240 3220 ὲν
1271 3170 1337 3239 τῇ
1375 3168 1535 3236 φύσει
1586 3171 1646 3223 τὸ
1678 3172 1776 3222 αὐ.

1885 3161 2087 3219 factum
2159 3170 2298 3229 erat,
2332 3172 2557 3231 natura!
2610 3163 2915 3218 libertatem
2972 3165 3176 3219 nullius
3235 3168 3460 3238 imperio

207 3260 466 3329 τοκρατὲς
502 3257 599 3313 καὶ
625 3258 951 3320 ἀδέσποτον,
1006 3257 1148 3310 ὥστε
1180 3253 1345 3310 ἆθλον
1379 3258 1588 3329 ἀρετῆς
1631 3255 1776 3312 εἶναι

1885 3254 2182 3324 subjectam
2248 3253 2542 3318 obtineret,
2599 3263 2660 3310 ut
2714 3255 2931 3310 virtutis
2985 3261 3263 3326 praemium
3318 3271 3465 3315 esset

212 3353 305 3422 τὴν
330 3353 441 3406 τῶν
477 3350 705 3421 ἀγαθῶν
740 3347 1058 3420 μετουσίαν.
1094 3347 1267 3401 Πόθεν
1297 3345 1414 3415 οὖν,
1446 3351 1612 3420 ἐρεῖς,
1633 3352 1661 3403 ὁ
1685 3350 1774 3405 διὰ

1885 3347 2154 3401 bonorum
2206 3346 2446 3416 adeptio.
2501 3346 2610 3399 Cur
2666 3347 2848 3429 igitur,
2919 3348 3157 3418 inquies,
3211 3352 3303 3421 qui
3343 3354 3464 3423 pul-

218 3446 429 3501 πάντων
457 3447 572 3510 τοῖς
600 3443 913 3506 καλλίστοις
946 3442 1315 3513 τετιμημένος
1353 3442 1424 3496 τὰ
1459 3443 1630 3514 χείρω
1664 3448 1775 3496 τῶν

1884 3439 2171 3495 cherrimis
2196 3439 2453 3495 omnibus
2480 3439 2696 3494 dotibus
2720 3448 2945 3496 ornatus
2969 3451 3107 3506 erat,
3132 3446 3270 3498 mala
3306 3446 3461 3501 bonis

218 3534 436 3603 ἀγαθῶν
486 3532 901 3603 ἀντηλλάξατο;
937 3530 1121 3602 Σαφὴς
1170 3531 1267 3584 καὶ
1320 3532 1349 3584 ὁ
1408 3532 1539 3602 περὶ
1585 3532 1775 3586 τούτου

1883 3532 2226 3602 anteposuit?
2254 3530 2449 3588 Facilis
2477 3541 2532 3586 et
2558 3531 2622 3585 ad
2655 3531 2759 3585 hoc
2803 3534 3085 3601 responsio
3124 3546 3230 3591 est.
3272 3537 3463 3592 Nullus

217 3628 389 3696 λόγος.
425 3625 673 3696 Οὐδεμία
702 3625 879 3679 κακοῦ
908 3625 1125 3695 γένεσις
1155 3626 1221 3677 ὲκ
1253 3622 1348 3677 τοῦ
1386 3624 1530 3678 Θείου
1577 3626 1776 3696 βουλήν

1884 3629 2010 3683 mali
2084 3638 2236 3682 ortus
2303 3644 2333 3680 a
2398 3627 2489 3682 Dei
2562 3627 2841 3681 voluntate
2890 3628 3219 3697 principium
3277 3632 3459 3691 habet.

221 3732 379 3785 ματος
406 3715 504 3788 τὴν
535 3713 712 3785 ἀρχὴν
737 3714 895 3785 ἔσχεν
920 3730 934 3745 ·
971 3710 1009 3785 ἧ
1061 3714 1169 3787 γὰρ
1227 3715 1294 3769 ἂν
1340 3715 1447 3780 ἔξω
1513 3717 1777 3788 μέμψεως

1884 3721 2098 3790 Alioqui
2154 3721 2345 3775 vitium
2396 3718 2717 3789 reprehendi
2769 3734 2877 3774 non
2928 3730 3135 3789 posset,
3192 3722 3234 3775 si
3292 3724 3459 3776 Deum

219 3795 285 3880 ἦν
313 3810 559 3879 quarta,
590 3808 725 3861 Θεὸν
757 3807 934 3876 αὐτῆς
968 3809 1394 3883 ἐπιγραφομένῃ
1425 3811 1658 3882 ποιητὴν
1682 3815 1775 3865 καὶ

1886 3823 2162 3868 auctorem
2203 3826 2362 3864 suum
2417 3822 2472 3865 et
2514 3826 2734 3865 causam
2784 3810 3023 3866 afl‘errct.
3055 3813 3160 3869 Sed
3194 3814 3462 3867 extrinse-

222 3903 436 3975 πατέρα.
497 3902 639 3958 Ἀλλ’
671 3902 944 3972 ἐμφύεται
974 3920 1090 3967 πως
1147 3902 1206 3955 τὸ
1236 3903 1406 3973 κακὸν
1445 3902 1648 3968 ἔξωθεν
1708 3908 1773 3975 τῇ

1885 3923 1983 3962 cus
2013 3902 2411 3974 quodammodo
2456 3903 2657 3957 malum
2709 3902 3030 3969 innascitur,
3075 3920 3199 3959 cum
3246 3908 3461 3961 animus

223 3995 543 4066 προαιρέσει,
572 3995 696 4047 τότε
737 3994 1156 4065 συνιστάμενον,
1219 3995 1348 4049 ὅταν
1376 4013 1463 4060 τις
1518 3998 1630 4052 ἀπὸ
1682 3997 1776 4053 τοῦ

1886 3993 2164 4065 preposito
2217 4006 2280 4046 ac
2328 3990 2604 4045 voluntate
2652 4006 2750 4046 sna
2782 3993 2986 4048 recedit
3027 3996 3094 4049 ab
3152 3996 3460 4052 honestate.

223 4086 370 4139 καλοῦ
417 4087 646 4156 γένηται
690 4085 789 4155 τῆς
834 4085 1012 4156 ψυχῆς
1071 4086 1445 4157 ἀναχώρησις.
1508 4088 1777 4160 Καθάπερ

1875 4072 2019 4141 Nam
2075 4093 2133 4139 ut
2186 4084 2334 4139 visus
2383 4093 2464 4139 est
2522 4083 2665 4139 actio
2716 4093 2942 4149 naturze,
3001 4088 3214 4144 czecitas
3276 4100 3459 4146 autem

222 4176 319 4249 γὰρ
347 4179 378 4248 ἡ
405 4178 504 4249 μὲν
527 4179 725 4247 ὅρασις
758 4177 978 4246 φύσεώς
1032 4178 1183 4252 ἔστιν
1213 4179 1490 4252 ἐνέργεια,
1526 4184 1560 4252 ή
1583 4183 1777 4255 δὲ·πή-

1887 4178 2116 4250 privatio
2161 4176 2421 4231 naturalis
2471 4176 2726 4240 actionis,
2787 4178 2866 4230 sic
2913 4178 3085 4233 virtus
3144 4189 3196 4234 et
3268 4182 3462 4237 vitium

226 4286 373 4339 ρωσις
400 4271 666 4343 στέρησίς
704 4273 826 4324 ἐστι
875 4270 973 4339 τῆς
1003 4269 1243 4340 φυσικῆς
1280 4271 1598 4342 ινεργείας·
1632 4274 1775 4330 οὕτω

1886 4273 2029 4327 inter
2056 4285 2113 4324 se
2143 4266 2413 4323 contraria
2439 4276 2585 4323 sunt.
2638 4265 2824 4336 Neque
2880 4269 3023 4323 enim
3078 4271 3237 4326 aliter
3284 4274 3458 4344 gigni-

232 4361 315 4414 καὶ
340 4365 370 4432 η
398 4362 572 4434 ἀρετὴ
596 4361 735 4431 πρὸς
796 4360 895 4430 τὴν
928 4359 1130 4414 κακίαν
1155 4360 1643 4433 ἀντικαθέστηκεν.
1697 4367 1772 4419 Οὐ

1888 4375 1975 4420 tur
2034 4363 2248 4423 vitium,
2302 4359 2407 4414 nisi
2466 4358 2683 4412 virtutis
2754 4360 3021 4416 absentia.
3096 4364 3248 4418 b‘icot
3317 4366 3461 4419 enim

231 4452 327 4522 γὰρ
344 4452 489 4505 ἐστιν
520 4454 699 4514 ἄλλως
750 4452 949 4512 κακίας
983 4449 1198 4518 γένεσιν
1244 4452 1496 4521 ἐννοῆσαι
1555 4454 1586 4525 ἢ
1647 4456 1773 4525 ἀρε·
1814 4475 1820 4524 ι

1884 4458 2063 4514 ablato
2108 4452 2314 4508 lumine
2361 4454 2601 4504 tenebrae
2652 4451 3081 4521 subsequuntur,
3150 4470 3218 4510 eo
3277 4467 3460 4511 autem

219 4542 305 4609 τῆς
333 4543 591 4611 ἀπουσία.
628 4544 843 4614 Ὠσπερ
877 4542 1007 4613 γὰρ,
1038 4541 1132 4596 τοῦ
1156 4543 1331 4610 φωτὸς
1360 4544 1773 4616 ὑφαιρεθέντος,

1887 4555 2155 4619 praesente
2215 4543 2375 4597 nulla:
2401 4548 2549 4606 sunt,
2602 4541 2675 4595 ita
2719 4544 2962 4611 quandiu
3024 4553 3108 4599 est
3166 4544 3219 4599 in
3274 4556 3461 4599 natura

220 4633 417 4703 δζόφος
448 4634 887 4705 ἐπηκολούθησε,
937 4634 1205 4704 παρόντος
1230 4635 1286 4688 δὲ
1318 4636 1419 4689 οὐκ
1471 4626 1620 4709 ἔστιν
1646 4656 1660 4671 θ
1687 4639 1779 4693 οὖ-

1888 4640 2120 4700 bonunt.
2182 4636 2380 4691 malum
2436 4647 2537 4702 per
2582 4648 2640 4688 se
2716 4635 2849 4690 nihil
2891 4645 2995 4689 est.
3059 4635 3209 4689 Bono
3277 4644 3461 4690 autem

220 4741 335 4791 τως,
367 4727 470 4790 ἕως
520 4725 586 4779 ἂν
617 4728 768 4796 παρῇ
793 4725 853 4776 τὸ
886 4725 1093 4792 ἀγαθὸν
1122 4725 1180 4778 ὲν
1202 4727 1268 4795 τῇ
1303 4727 1488 4794 φύσει,
1524 4729 1776 4800 ἀνύπαρ-

1887 4730 2175 4787 recedente
2219 4731 2552 4785 contrarium
2590 4729 2913 4799 ingreditur.
2965 4728 3102 4783 Cum
3139 4728 3302 4798 igitur
3326 4728 3463 4782 lihe-

222 4819 337 4870 κτὸν
362 4822 479 4872 ἐστι
509 4818 635 4871 καθ’
658 4817 859 4887 ἑαυτὴν
907 4818 940 4890 ᾐ
970 4817 1165 4897 κακία.
1206 4816 1269 4874 Ἡ
1302 4818 1359 4872 δὲ
1401 4821 1494 4873 τοῦ
1535 4822 1778 4893 κρείττο-

1887 4838 1959 4877 ΠΒ
1990 4823 2285 4897 voluntatis
2330 4822 2433 4877 hoc
2463 4822 2739 4892 pr0prium
2775 4821 2867 4886 sit,
2909 4829 2968 4874 ut
3017 4820 3283 4874 arbitratu
3336 4834 3458 4881 suo.

221 4926 301 4973 νος
334 4911 681 4982 ἀναχώρησις
706 4909 800 4961 τοῦ
827 4910 1082 4961 ἐναντίου
1114 4910 1326 4976 γίνεται
1357 4911 1593 4980 γένεσις.
1619 4913 1780 4971 Ἐπεὶ

1864 4899 2023 4984 ’ρυοά
2057 4892 2240 4985 magis,
2266 4914 2417 4976 libet,
2449 4913 2845 4982 complectatur
2879 4913 3039 4977 Deus,
3085 4910 3177 4980 qvi
3226 4910 3453 4963 liberam

216 5002 300 5055 οὖν
324 5002 479 5056 τοῦτο
529 5005 634 5073 τῆς
667 5001 1152 5068 αὐτεξουσιότητός
1200 5005 1316 5055 ἐστι
1368 5005 1429 5057 τὸ
1466 5005 1685 5077 ἰδίωμα,
1718 5008 1779 5061 τὸ

1884 5007 1979 5062 tibi
2030 5015 2284 5063 naturam
2338 5005 2550 5070 tribuit,
2608 5014 2826 5060 tuorum
2878 5021 2986 5059 non
3056 5014 3140 5058 est
3195 5002 3458 5056 malorum

220 5096 328 5147 κατ’
357 5097 605 5161 ἐξουσίαν
632 5093 919 5165 αἱρεῖσθαι
946 5092 1009 5146 τὸ
1037 5093 1396 5164 καταθύμιον,
1453 5097 1551 5167 οὐχ
1581 5098 1607 5150 ὁ
1644 5099 1779 5162 Θεός

1925 5108 2097 5161 uctor,
2125 5099 2219 5153 sed
2251 5096 2528 5151 temeritas
2562 5105 2673 5163 tua,
2706 5113 2826 5167 quae
2883 5094 3196 5150 melioribus
3245 5092 3462 5149 omissis
3500 5140 3514 5180 ί

214 5200 290 5238 σοι
336 5186 444 5241 τῶν
477 5187 769 5258 παρόντων
803 5187 951 5239 ἐστὶν
976 5186 1152 5249 αἴτιος
1198 5186 1408 5252 κακῶν,
1472 5190 1771 5245 ἀδέσποτόν

976 5186 1152 5249 αἴτιος
1198 5186 1408 5252 κακῶν,
1472 5190 1771 5245 ἀδέσποτόν
1883 5193 2154 5250 deteriora
2186 5194 2563 5262 consequitur.

213 5291 264 5328 τε
296 5279 385 5332 καὶ
448 5280 642 5336 ἀνετόν
699 5296 781 5333 σοι
834 5280 1253 5337 κατασκευάσας
1287 5277 1387 5348 τὴν
1431 5277 1620 5350 φύσιν,
1684 5282 1799 5338 ἀλλ’
1843 5278 2161 5359 saccum,
2211 5283 2274 5337 τὸ
2335 5286 2516 5356 χεῖρον
2549 5282 2672 5340 ἀντὶ
2721 5283 2815 5337 τοῦ
2857 5285 3166 5354 κρείττονος
3235 5280 3462 5352 προελο·

211 5374 360 5448 μένη-

615 5464 719 5521 Ἐκ
752 5463 862 5517 τοῦ
887 5464 1075 5519 αὐτοῦ
1116 5465 1324 5533 λόγου.

2385 5463 2466 5516 Ea;
2497 5464 2679 5521 eadem
2708 5466 2963 5521 oratione.

272 5558 395 5614 Ὅτι
424 5558 529 5629 μὲν
563 5558 982 5625 ἐκτραπῄσεται
1039 5554 1135 5610 τοῦ
1185 5554 1395 5623 ἀγαθοῦ
1453 5556 1513 5609 τὸ
1558 5555 1774 5628 ὀνθρὼ-

1957 5553 2239 5609 Hominem
2267 5570 2296 5609 a
2323 5555 2465 5609 bono
2492 5572 2835 5611 recessurum
2862 5572 2970 5610 non
2988 5557 3271 5629 ignorabat
3296 5560 3461 5626 Deus,

206 5665 377 5716 πινον,
431 5652 534 5703 οὐκ
593 5649 865 5718 ἠγνόησεν
909 5648 936 5700 ὁ
985 5648 1162 5701 πάντα
1217 5648 1649 5717 ἐμπερικρατῶν
1706 5653 1771 5719 τῇ

1883 5648 1975 5718 qui
2025 5647 2254 5701 scientia
2308 5662 2406 5701 sua
2451 5656 2647 5701 cuneta
2695 5650 3135 5719 comprehendit,
3182 5662 3237 5707 et
3281 5651 3463 5708 futura

208 5745 475 5814 γνωστικῇ
522 5740 774 5809 δυνάμει,
829 5741 924 5792 καὶ
957 5740 1018 5792 τὸ
1057 5739 1259 5809 ἐφεξῆς
1300 5740 1380 5812 τῷ
1412 5743 1773 5813 παρῳχηκὸτι

1881 5741 2113 5814 perinde
2188 5748 2350 5812 atque
2401 5741 2690 5812 praesentia
2761 5752 3076 5799 contuetur.
3135 5744 3331 5800 Verum
3405 5756 3463 5801 ut

492 5834 761 5897 PATROL.
808 5830 929 5896 Gn.
978 5834 1220 5899 CXXX.
1998 5928 2005 5931 ι
