3994 6204
454 306 584 370 2ὓ3

1725 297 2111 361 EUTHYMII
2152 297 2510 361 ZIGABENI

3633 308 3746 367 204

447 420 772 473 σάιευεεευῐη
792 413 974 485 ,ίρείυε
1006 411 1072 467 ad
1101 411 1420 476 malum,sic
1444 410 1693 480 ejusdem
1743 410 1978 467 reditum
2003 410 2069 465 ad

2184 407 2318 462 κατὰ
2363 408 2424 462 τδ
2449 407 2565 463 ἴσον
2599 407 2810 479 βλέπων
2831 424 2846 439 ·
2877 406 2994 462 ἀλλ’
3038 407 3227 480 ὥσπερ
3253 409 3352 481 τὴν
3377 419 3746 487 παρατροπὴν

451 503 1029 574 bonum'providebat.
1052 502 1246 558 Utrum
1271 500 1433 571 igitur
1455 499 1650 555 melius
1669 499 1792 566 fuit,
1813 507 2064 554 naturam

471 603 737 658 nostram,
769 608 928 662 quam
959 607 988 644 a
1013 591 1156 646 bono
1185 589 1580 645 d—eclinaturam
1610 591 1926 662 prospiciat,
1948 608 2066 646 om-

450 687 606 742 -nino
629 702 734 741 non
759 699 1069 754 procreare,
1081 699 1154 738 an
1176 695 1511 751 procreatam
1536 693 1698 754 atque
1713 694 2064 756 aegrotantem

472 779 539 834 ad
564 779 844 849 pristinam
863 777 1090 847 gratiam
1114 791 1369 830 revocare
1393 792 1490 846 per
1507 777 1918 846 paenitentiam?
1945 777 2064 831 Jam

471 877 698 940 propter
770 867 1050 922 molestias
1123 879 1180 922 et
1239 867 1607 934 incommoda,
1656 883 1778 939 quae
1837 869 2058 924 caducae

473 960 722 1029 corporis
757 969 971 1014 natura:
993 960 1321 1030 contingunt
1365 961 1702 1026 necessario,
1754 960 1920 1015 Deum
1974 977 2064 1015 ar-

472 1049 666 1104 bitrari
726 1050 995 1103 malorum
1043 1049 1208 1104 etiam
1280 1049 1618 1114 effectorem,
1667 1057 1762 1104 aut
1835 1048 2066 1104 hominis

466 1158 580 1197 non
629 1157 751 1196 esse
808 1151 1106 1196 creatorem
1167 1140 1504 1203 existimare,
1560 1156 1630 1196 ne
1690 1141 1851 1194 simul
1899 1141 2062 1194 etiam

451 1249 684 1296 eorum,
718 1247 836 1301 quae
865 1247 963 1286 nos
998 1240 1203 1301 angunt
1283 1240 1336 1286 et
1378 1231 1643 1296 cruciant,
1693 1241 1882 1284 auctor
1921 1231 2067 1300 judi-

459 1334 649 1386 cetur,
683 1323 846 1376 nimis
872 1323 1088 1392 angusti
1154 1337 1218 1376 ac
1259 1323 1527 1377 dementis
1556 1322 1722 1376 animi
1750 1333 1853 1386 est,
1891 1323 2067 1376 homi-

463 1430 722 1483 .numque
774 1414 978 1468 malum
1034 1422 1088 1468 et
1151 1413 1355 1467 bonum
1412 1428 1578 1468 sensu
1625 1414 2064 1484 dijudicantium,

467 1509 563 1576 .qui
596 1507 866 1572 nesciunt,
898 1505 952 1560 id
993 1505 1167 1560 solum
1201 1521 1324 1561 esse
1360 1515 1570 1561 naturae
1603 1515 1808 1560 nostra:
1833 1507 2062 1572 bonum,

467 1598 621 1668 quod
657 1613 850 1653 sensus
900 1613 1011 1652 non
1069 1597 1328 1668 percipit,
1377 1597 1544 1666 idque
1603 1613 1794 1652 rursus
1839 1596 2064 1662 malum,

477 1689 620 1756 quod
653 1703 683 1740 a
722 1703 852 1742 vero
880 1686 1025 1741 bono
1060 1687 1299 1741 alienum
1328 1699 1432 1742 est.
1481 1685 1668 1742 Rebus
1715 1698 1895 1742 autem
1949 1701 2066 1741 mo-

477 1779 631 1832 lestis
658 1777 988 1849 jucundisve
1019 1777 1223 1832 bonum
1251 1792 1282 1832 a
1305 1778 1449 1832 malo
1477 1778 1811 1846 distinguere
1861 1779 2070 1832 anima-

478 1872 611 1926 lium
672 1880 755 1926 est
805 1869 1034 1924 rationis
1085 1869 1422 1940 expertium,
1483 1871 1538 1924 in
1587 1885 1733 1939 qua},
1808 1870 2066 1940 quoniam

480 1974 720 2016 mentem
773 1962 1270 2033 cogitationemque
1339 1976 1450 2016 non
1501 1961 1725 2028 habent,
1779 1963 1892 2017 veri
1939 1961 2067 2017 boni

480 2054 728 2124 cognitio
775 2068 882 2108 non
955 2053 1120 2109 cadit.

741 2343 873 2398 Item
905 2344 968 2397 de
1000 2340 1204 2412 api/icio
1237 2340 1350 2407 Dei,
1371 2341 1539 2395 sancti
1571 2339 1817 2395 Maximi.

555 2500 705 2554 Mens
733 2499 967 2568 primum
1018 2498 1289 2552 inﬁnitam
1344 2498 1601 2552 omnibus
1658 2497 1712 2550 in
1767 2499 1929 2553 rebus
1976 2497 2072 2552 Dei

485 2591 922 2661 magnitudinem
973 2589 1241 2660 cogitans,
1292 2598 1347 2642 et
1399 2589 1619 2660 pelagus
1673 2588 1800 2642 illud
1857 2589 1911 2643 in
1965 2603 2074 2658 quo

486 2682 694 2735 nullum
725 2679 930 2749 reperit
985 2680 1210 2760 vadum,
1262 2679 1582 2733 admiratur.
1639 2679 1844 2734 Deinde
1887 2679 2077 2734 obstu-

489 2773 686 2842 pescit,
743 2772 1016 2842 quomodo
1068 2787 1252 2826 rerum
1321 2771 1568 2825 omnium
1640 2772 1931 2827 essentiam
2008 2786 2076 2826 ex

486 2864 661 2917 nihilo
708 2863 1031 2933 procrearil.
1089 2861 1383 2916 Facessant
1435 2862 1565 2915 hinc
1617 2862 1812 2929 Graeci,
1869 2861 1960 2931 qui
2009 2876 2077 2916 ex

487 2953 660 3007 nihilo
691 2959 890 3020 negant
933 2950 1229 3019 quidquam
1273 2950 1408 3004 ﬁeri.
1441 2950 1570 3016 Nos,
1617 2951 2076 3020 quemadmodum

488 3043 902 3116 magniﬁcentiae
931 3042 1130 3097 divina:
1175 3043 1358 3097 nullus
1399 3051 1484 3098 est
1524 3044 1812 3108 terminus,
1865 3043 1940 3098 ita
1984 3059 2075 3100 sa-

483 3138 709 3208 pientia:
768 3133 1137 3206 potentiaeque
1183 3133 1394 3188 nullum
1439 3149 1561 3189 esse
1610 3133 1772 3190 ﬁnem
1821 3133 2079 3191 dicimus.

1145 3335 1424 3406 Ejusdem.

561 3436 756 3486 Eurum
797 3448 919 3502 qua:
954 3429 1095 3484 facta
1125 3439 1252 3484 sunt
1293 3443 1322 3482 a
1370 3428 1500 3491 Deo,
1554 3427 1750 3497 partim
1787 3427 1997 3483 ratione
2026 3441 2081 3487 et

485 3536 672 3581 mente
731 3523 959 3594 praedita
1037 3530 1188 3589 sunt,
1245 3521 1299 3574 in
1334 3535 1505 3590 eaque
1557 3529 1670 3574 tum
1727 3520 1921 3587 virtus,
1986 3527 2082 3575 aut

481 3618 703 3681 vitium,
740 3626 851 3671 tum
885 3614 1136 3680 scientia,
1178 3621 1272 3667 aut
1318 3612 1622 3681 ignorantia
1672 3611 1851 3678 cadit;
1882 3613 2079 3683 partim

489 3709 702 3762 diversa
751 3715 881 3761 sunt
933 3719 1164 3775 corpora
1197 3719 1262 3757 ex
1310 3702 1621 3766 contrariis,
1667 3719 1865 3773 nempe
1913 3712 2077 3773 terra,

490 3817 674 3869 aqua,
735 3813 886 3865 aere,
951 3796 1182 3868 igneque
1237 3805 1542 3865 compacta.
1595 3794 1662 3850 Et
1713 3796 1815 3850 alia
1861 3797 2077 3867 quidem

490 3901 621 3945 sunt
665 3889 912 3960 corporis
956 3887 1306 3956 materizeque
1357 3901 1580 3956 prorsus
1627 3888 1895 3958 expertia,
1948 3889 2078 3946 licet

488 3981 734 4050 quaedam
771 3995 838 4034 ex
890 3978 977 4033 his
1023 3978 1133 4033 sint
1198 3993 1322 4031 eum
1371 3979 1691 4048 corporibus
1737 3981 2019 4052 conjuncta
2059 3999 2075 4037 :

485 4075 591 4127 alia
623 4088 688 4127 ex
723 4072 950 4127 materia
981 4079 1036 4124 et
1067 4068 1240 4124 forma
1269 4080 1482 4126 tantum
1524 4081 1804 4128 constant.

1155 4159 1435 4230 Ejusdem.

563 4255 677 4320 Qua
713 4255 779 4308 de
812 4269 971 4308 causa
1008 4254 1153 4309 Deus
1207 4270 1386 4309 rerum
1439 4256 1851 4312 universitatem
1906 4258 2076 4314 fabri-

2172 499 2461 564 ὲθεάσατο,
2490 499 2632 552 οὓτω
2660 498 2756 552 καὶ
2797 499 2898 564 τὴν
2927 499 3239 569 ἀνάκλησιν
3262 502 3428 556 αὐτοῦ
3465 505 3630 559 πάλιν
3645 507 3746 577 τὴν

2169 591 2304 661 πρὸς
2329 593 2390 644 τδ
2417 591 2624 660 ἀγαθὸν
2663 593 2988 660 κατενόησε.
3024 592 3094 645 Τί
3123 585 3218 646 οὖν
3241 594 3472 664 ἄμεινον
3499 590 3592 667 ἦν,
3635 614 3738 651 κα-

2169 685 2326 738 θόλου
2383 683 2459 754 μὴ
2515 685 2748 752 ἀγαγεῖν
2788 684 2892 754 τὴν
2935 683 3101 752 φύσιν
3153 685 3313 753 ἡμῶν
3376 688 3458 750 είς
3507 687 3746 756 γένεσιν,

2167 775 2358 848 ἐπειδὴ
2392 777 2651 846 προεώρα
2674 775 2768 828 τοῦ
2822 775 2990 829 καλοῦ
3016 776 3500 847 διαμαρτήσεσθαι
3529 780 3622 832 τὸν
3651 798 3750 849 γε-

2167 868 2542 939 νησόμενον,ἢ
2577 869 2856 936 ἀγαγόντα
2889 872 2984 922 καὶ
3017 873 3380 939 πνσσηκυῖαν
3414 872 3583 925 πάλιν
3606 875 3750 943 πρὸς

2168 963 2268 1027 τὴν
2300 958 2359 1022 ἐξ
2390 959 2568 1028 ἀρχῆς
2600 959 2766 1028 χάριν
2798 959 2888 1013 διὰ
2913 959 3208 1029 μετανοίας
3245 959 3696 1020 ἀνακαλέσασθαι
3726 981 3744 1030 ;

2169 1049 2242 1103 T'o
2260 1049 2317 1102 δὲ
2353 1049 2440 1102 διά
2477 1050 2579 1112 τὰς
2607 1049 2934 1118 σωματικὰς
2967 1050 3294 1121 ἀλγηδόνας,
3331 1053 3392 1106 αἶ
3418 1053 3495 1124 τῷ
3528 1056 3746 1126 ῥευστῷ

2169 1140 2267 1209 τῆς
2300 1139 2515 1207 φύσεως
2551 1139 2674 1193 κατ’
2706 1140 2954 1210 ἀνάγκην
3005 1141 3492 1212 ὲπισυμϐαἱνουσι,
3552 1149 3749 1198 κακῶν

2170 1230 2405 1300 ποιητὴν
2462 1228 2553 1282 τδν
2597 1229 2729 1282 Θεὸν
2763 1229 3137 1303 όνομάζειν,ἢ
3181 1231 3318 1302 μηδὲ
3361 1233 3498 1296 ὅλως
3529 1233 3752 1304 ἀνθρώ-

2171 1339 2276 1374 που
2305 1321 2535 1391 κτίστην
2561 1322 2725 1374 αὑτὸν
2763 1323 2994 1386 οἴεσθαι,
3047 1323 3123 1386 ὡς
3164 1325 3233 1377 ἂν
3268 1324 3342 1394 μὴ
3390 1326 3484 1377 καὶ
3510 1324 3620 1378 τῶν
3655 1329 3751 1379 ἀλ-

2171 1414 2445 1482 γυνόντων
2478 1417 2628 1485 ἡμᾶς
2688 1415 2862 1478 αἴτιος
2898 1417 3198 1482 ὑπονοοῖτο,
3246 1417 3406 1472 τοῦτο
3445 1419 3543 1489 τῆς
3577 1421 3752 1489 ἔσχα-

2167 1521 2270 1574 της
2313 1506 2684 1576 μικροψυχίας
2741 1507 2858 1561 ἐστὶ
2893 1508 3001 1562 τῶν
3046 1511 3111 1579 τῇ
3172 1509 3423 1578 αἰσθήσει
3467 1512 3527 1564 τὸ
3577 1511 3753 1564 καλὸν

2170 1601 2267 1651 καὶ
2289 1599 2352 1652 τὸ
2393 1599 2563 1652 κακὸν
2591 1598 3004 1670 διακρινόντων,
3025 1602 3075 1655 οἳ
3104 1603 3204 1655 οὐκ
3227 1604 3432 1670 ἴσασιν,
3463 1605 3543 1658 ὅτι
3567 1607 3754 1658 ἑκεῖω

2169 1691 2235 1760 τῇ
2269 1688 2431 1758 φύσει
2464 1691 2628 1760 μόνον
2658 1692 2808 1743 ἐστὶν
2839 1692 3064 1760 ἀγαθὸν,
3095 1686 3156 1746 οὗ
3187 1694 3443 1765 αἴσθησις
3471 1696 3572 1750 οὐκ
3606 1698 3749 1765 ἐφά-

2171 1798 2387 1847 πτεται,
2433 1783 2531 1838 καὶ
2561 1784 2718 1852 μόνον
2750 1785 2931 1838 ἐκεῖνο
2983 1785 3175 1851 κακὶν,
3233 1787 3268 1857 ἠ
3329 1786 3424 1840 τοῦ
3486 1788 3753 1860 ἀληθινοῦ

2173 1878 2343 1932 καλοῦ
2364 1877 2748 1948 ἀλλοτρίωσις.
2785 1879 2975 1943 Πόνοις
3021 1879 3078 1933 δὲ
3106 1881 3200 1933 καὶ
3232 1880 3445 1950 ἡδοναῖς
3473 1881 3534 1934 τὸ
3584 1881 3755 1936 καλὸν

2171 1973 2269 2026 καὶ
2294 1970 2354 2024 τὸ
2382 1969 2456 2041 μὴ
2488 1971 2653 2023 καλὸν
2678 1969 2887 2041 κρίνειν
2923 1973 3018 2042 τῆς
3067 1973 3267 2041 ἀλόγου
3315 1973 3528 2042 φύσεώς
3597 1976 3756 2028 ἐστιν

2175 2063 2330 2128 ἴδιον,
2379 2062 2465 2130 ἐφ’
2509 2056 2644 2132 ὧνή
2695 2063 2789 2116 τοῦ
2821 2059 3040 2134 ἀληθῶς
3067 2064 3235 2118 καλοῦ
3278 2067 3629 2136 κατανόησις,
3659 2068 3755 2120 διὰ

2171 2153 2235 2206 τὸ
2276 2155 2350 2223 μὴ
2399 2154 2648 2223 μετέχειν
2696 2153 2834 2206 αὐτὰ
2865 2153 2956 2206 νοῦ
2991 2155 3087 2207 καὶ
3113 2155 3375 2222 διανοίας,
3426 2156 3614 2229 χώραν
3649 2161 3754 2213 οὐκ

2177 2241 2314 2311 ἔχει.

2178 2335 2306 2388 Ἔτι
2339 2333 2472 2403 περὶ
2507 2332 2618 2402 τῆς
2647 2335 3250 2471 θείαςὲηιηουργιας,
3283 2338 3390 2393 τοῦ
3414 2339 3589 2409 ἁγίου
3626 2343 3758 2395 Μα-

2867 2425 3010 2471 μου.

2867 2425 3010 2472 μου.

2246 2495 2474 2566 Πρῶτον
2500 2495 2600 2563 μὲν
2618 2495 2936 2566 Θαυμάζειό
2968 2495 3093 2561 νοῦς
3130 2498 3230 2568 τὴν
3268 2498 3422 2553 Θείαν
3453 2500 3759 2574 ἐννοοῦμε-

2179 2604 2269 2649 νος
2299 2586 2445 2640 κατὰ
2475 2590 2655 2641 πάντα
2701 2589 2962 2659 ἀπειρίαν
2996 2593 3091 2642 καὶ
3119 2590 3184 2642 τὸ
3236 2592 3542 2646 ἁνέκὸατον
3573 2596 3761 2647 ἐκεῖνο

2178 2679 2423 2747 πέλαγος
2446 2695 2460 2710 ’
2488 2679 2748 2752 δεύτερον
2778 2680 2834 2734 δὲ
2869 2674 3257 2753 ἐκπλήττεται,
3297 2685 3414 2748 πῶς
3452 2689 3515 2739 ἑκ
3547 2686 3642 2738 τοῦ
3675 2691 3762 2758 μὴ

2176 2771 2328 2834 ὄντος
2357 2771 2456 2841 τὴν
2473 2770 2582 2824 τῶν
2605 2772 2775 2824 ὄντων
2795 2772 2985 2826 οὐσίαν
3019 2776 3099 2836 είς
3128 2775 3189 2827 τὸ
3214 2771 3356 2829 εἶναι
3402 2778 3758 2847 παρήγαγεν,

2178 2862 2444 2932 Ἕλληνες
2473 2865 2571 2931 μὲν
2603 2861 2698 2916 οὖν
2733 2864 3072 2934 ὲρῤἐτωσαν,
3107 2866 3280 2936 μηδὲν
3331 2867 3392 2932 ἐξ
3439 2869 3540 2922 οὐκ
3579 2870 3763 2926 όντων

2177 2953 2433 3023 γενέσθαι
2465 2955 2725 3023 λέγοντες
2749 2972 2764 2986 ·
2801 2957 2965 3026 ἡμεῖς
2992 2957 3050 3012 δέ
3079 2977 3284 3028 φαμεν,
3317 2959 3394 3012 ὅτι
3423 2961 3616 3033 ὥσπερ
3653 2964 3764 3033 τῆς

2182 3046 2577 3118 μεγαλωσύνης
2606 3049 2703 3102 τοῦ
2733 3050 3097 3118 πεποιηκότος
3125 3053 3227 3106 οὐκ
3269 3053 3388 3106 ἔστι
3417 3056 3621 3126 πέρας,
3655 3058 3762 3110 οὖ-

2180 3155 2291 3202 τως
2326 3139 2448 3193 οὐδὲ
2487 3143 2587 3212 τῆς
2631 3141 2826 3211 σοφίας
2863 3143 2960 3196 καὶ
3000 3142 3286 3216 δυνάμεως
3315 3149 3486 3203 αὐτοῦ
3513 3151 3763 3223 κατάλη-

2183 3231 2288 3300 εις-

2782 3331 2897 3384 Τοῦ
2931 3331 3139 3388 αὐτοῦ.

2257 3417 2381 3473 Τῶν
2401 3418 2509 3474 ὑπὸ
2545 3420 2644 3474 τοῦ
2693 3421 2832 3475 Θεοῦ
2863 3427 3168 3493 γεγονότων
3197 3428 3264 3481 τὰ
3299 3428 3400 3498 μέν
3426 3430 3533 3484 είσι
3562 3430 3771 3499 λογικὰ

2182 3511 2278 3565 καὶ
2310 3512 2495 3583 νοερὰ,
2524 3514 2619 3566 καὶ
2648 3514 2759 3567 τῶν
2791 3516 3057 3571 ἐναντίων
3085 3518 3335 3584 δεκτικὰ,
3373 3516 3487 3574 οἷον
3550 3523 3770 3592 ἀρετῆς

2182 3604 2276 3656 καὶ
2316 3605 2537 3668 κακίας,
2564 3604 2819 3675 γνώσεως
2869 3611 2961 3662 καὶ
2990 3611 3267 3678 ἀγνωσίας
3287 3629 3304 3644 ο
3333 3617 3401 3666 τὰ
3429 3614 3485 3666 δὲ
3526 3617 3772 3684 σώματα

2180 3693 2417 3767 διάφορα
2448 3698 2511 3750 ἐκ
2537 3698 2645 3751 τῶν
2685 3699 2946 3754 ἐναντίων
2968 3702 3300 3770 συνεστῶτα,
3344 3705 3589 3757 τουτέστι
3625 3711 3770 3776 γῆς,

2183 3785 2368 3857 ἀέρος,
2404 3789 2620 3857 ὕδατος,
2654 3792 2848 3863 πυρός.
2903 3793 3015 3846 Καὶ
3048 3794 3116 3848 τὰ
3153 3795 3253 3866 μέν
3303 3795 3440 3850 εἰσιν
3480 3797 3772 3870 ἀσώματα

2181 3880 2364 3951 πάντη
2393 3882 2489 3934 καὶ⁵
2528 3882 2688 3950 ἀῦλα,
2719 3885 2767 3937 εί
2807 3885 2902 3938 καί
2940 3903 3066 3941 τινα
3131 3889 3336 3942 τούτων
3393 3890 3771 3955 συνέζευκται

2182 3971 2440 4041 σώματι·
2473 3973 2540 4028 τὰ
2562 3974 2619 4028 δὲ
2649 3976 2708 4042 ἐξ
2744 3976 2877 4048 ὕλης
2926 3980 3021 4033 καὶ
3072 3982 3245 4046 εἴδους
3297 3982 3454 4053 μόνον
3487 3984 3600 4055 ἔχει
3655 3989 3772 4058 τὴν

2185 4079 2469 4120 συστασιν.

2789 4160 2905 4217 Τοῦ
2945 4165 3153 4220 αὐτοῦ.

2253 4247 2334 4300 Δι’
2368 4250 2434 4319 ῆν
2469 4249 2571 4319 μὲν
2600 4251 2784 4306 αἰτίαν
2808 4255 2835 4308 ό
2860 4255 2994 4320 Θεὸς
3021 4257 3434 4331 ἐδημιούργησε
3467 4265 3774 4334 ζητητέονο

491 4362 646 4402 catus
678 4349 766 4411 sit,
794 4347 918 4401 licet
947 4347 1295 4418 investigare.
1323 4347 1454 4402 Nam
1484 4349 1728 4405 bonitate
1769 4353 2075 4421 compulsi:

2184 4337 2255 4390 δι’
2281 4338 2601 4410 ἀγαθότητα
2630 4343 2761 4415 γὰρ,
2809 4346 2896 4401 ἵνα
2949 4348 3171 4404 πλείονα
3202 4354 3288 4423 εἴη
3321 4355 3391 4407 τὰ
3429 4358 3778 4426 εὐεργετοῦ-

491 4449 684 4493 cuucla
739 4439 1071 4509 procreavit,
1135 4455 1244 4509 quo
1293 4439 1599 4511 benignitas
1645 4443 1764 4513 ejus
1830 4443 1885 4497 in
1927 4445 2075 4514 plura

2190 4448 2330 4501 μενα
2359 4433 2643 4502 ἀναλόγως
2682 4438 2848 4491 αὑτοῦ
2877 4443 3173 4512 μετέχοντα
3193 4461 3207 4476 ·
3239 4446 3351 4509 πῶς
3375 4447 3429 4500 δὲ
3462 4451 3776 4523 ἐδημιούρ-

490 4545 611 4584 sese
646 4529 1000 4594 diﬁunderet,
1035 4530 1400 4600 omnibusque
1449 4547 1546 4601 pro
1585 4547 1685 4586 suo
1728 4534 1924 4604 cuique
1967 4551 2083 4592 mo-

489 4621 620 4675 dulo
653 4621 1110 4676 communicaret.
1143 4621 1428 4689 Quomodo
1467 4633 1648 4677 autem
1683 4624 1822 4689 haec,
1869 4636 1961 4680 aut
1988 4642 2086 4681 cur

490 4731 596 4770 non
630 4725 789 4771 attica
821 4715 1014 4770 fecerit
1062 4715 1339 4786 inquirere
1363 4714 1514 4770 nefas
1542 4727 1644 4770 est.
1675 4715 1882 4772 Etenim
1907 4734 1970 4774 ex
2004 4736 2091 4776 re-

491 4813 592 4865 bus
622 4810 823 4865 divinis
855 4809 970 4864 alia:
999 4807 1391 4879 comprehendi
1411 4807 1481 4861 ab
1504 4807 1816 4866 hominibus
1833 4819 2086 4878 possunt,

491 4903 609 4958 alize
631 4903 874 4957 minime.
899 4901 1157 4956 Petulaus
1185 4905 1354 4967 enim,
1372 4900 1550 4970 inquit
1573 4899 1678 4964 ille,
1697 4909 1746 4955 et
1769 4902 1912 4955 nullo
1941 4902 2087 4972 freno

491 4996 722 5050 cohibita
755 4996 1088 5065 investigatio
1119 4995 1356 5048 homines
1389 4994 1495 5063 fere
1523 4995 1817 5067 puecipitcs
1845 4997 1980 5065 agit.

1172 5085 1446 5155 Ejusdem.

563 5181 808 5246 antuor
877 5195 939 5234 ex
992 5177 1191 5234 divinis
1274 5177 1718 5248 proprietatibus,
1796 5195 1895 5250 per
1954 5195 2091 5251 quas

508 5275 674 5323 mima
695 5271 1021 5334 consistunt,
1063 5278 1416 5334 rcguntur,et
1441 5279 1853 5334 conservantur,
1875 5286 2086 5327 summa

496 5364 828 5431 ιηιιιίειιὶιτιιο
855 5363 1018 5425 Deus,
1069 5374 1191 5414 cum
1223 5359 1512 5414 essentiam
1552 5363 1760 5416 ratione
1799 5373 2088 5433 menteque

498 5454 775 5521 ιιτ.ι·ο1ιιοιιι
822 5460 1156 5523 procrearet,
1207 5450 1647 5516 communicavit,
1695 5467 1838 5516 esse,
1874 5469 2091 5523 semper

493 5559 638 5606 ese,
672 5544 992 5609 bonitatem,
1038 5553 1092 5597 et
1125 5541 1467 5612 sapientiam.
1523 5540 1727 5595 Horum
1765 5541 1870 5595 duo
1904 5543 2092 5598 tribuit

499 5635 768 5698 ossi-tiliae,
805 5637 1065 5690 nimirum
1099 5643 1159 5689 ut
1186 5645 1352 5700 esset,
1384 5641 1439 5688 et
1491 5649 1708 5702 semper
1752 5643 1918 5689 esset.
1973 5634 2088 5690 Duo

498 5723 707 5792 tcliqua
793 5738 990 5793 nempe
1056 5724 1355 5778 bonitatem
1415 5734 1464 5778 et
1545 5723 1890 5793 sapientiam,
1949 5737 2086 5795 apta:

2187 4539 2346 4591 γησε,
2386 4526 2482 4578 καὶ
2513 4524 2602 4578 διὰ
2633 4526 2784 4599 τίμὴ
2833 4531 3120 4600 πρότερον,
3163 4532 3226 4586 οὐ
3249 4533 3518 4605 ζητητέον
3540 4551 3554 4565 ·
3594 4541 3776 4606 avsa-

2187 4614 2452 4687 ερεύνητα
2503 4619 2634 4690 γάρ.
2680 4622 2826 4675 Διότι
2857 4623 2966 4675 τῶν
3007 4624 3167 4682 Θείων
3216 4627 3283 4681 τά
3312 4627 3413 4698 μὲν
3453 4630 3658 4701 ληπτὰ,
3697 4637 3788 4689 τὰ

2187 4707 2245 4760 δὲ
2313 4709 2535 4780 ἄληπτα
2586 4717 2702 4774 τοῖς
2777 4715 3108 4786 ἀνθρώποις.
3166 4721 3388 4788 Θεωρία
3450 4723 3597 4795 γὰρ,
3656 4746 3786 4800 φη-

2188 4803 2313 4949 ἓν,
2361 4803 2737 4875 ἀχαλίνωτος
2796 4809 2952 4880 τάχα
2995 4811 3071 4867 ἂν
3115 4811 3214 4867 καί
3273 4814 3427 4870 κατὰ
3475 4819 3790 4888 κρημνῶν

2237 4910 2386 4949 σεω.

2237 4910 2386 4950 σεω.

2765 5077 2875 5132 Τοῦ
2895 5079 3107 5136 αὐτοῦ.

2259 5169 2513 5242 Τέσσαρα
2573 5171 2684 5225 τῶν
2723 5169 2884 5226 Θείωι
2935 5172 3248 5243 ίδιωμάτων
3305 5173 3629 5242 συνεκτικὰ,
3673 5181 3794 5234 καὶ

2191 5266 2562 5334 φρουρητικά,
2601 5264 2695 5316 καὶ
2738 5263 3078 5316 διασωστικὰ
3103 5265 3214 5319 τῶν
3247 5265 3421 5318 ὄντων
3451 5266 3518 5319 δι’
3575 5269 3791 5338 ἄκραν

2192 5357 2509 5427 ἀγαθόιητα
2548 5355 2915 5426 ἐκοινώνησεν
2950 5359 2977 5410 ό
3010 5357 3166 5425 Θεὸς,
3200 5359 3548 5428 παραγαγὼν
3590 5362 3674 5423 είς
3709 5365 3802 5417 τὸ

2193 5443 2458 5518 εἶναιτὴν
2489 5446 2716 5516 λογικὴν
2743 5449 2842 5500 καὶ
2875 5449 3071 5518 νοερὰν
3106 5449 3302 5501 οὐσίαν
3333 5466 3346 5480 ·
3380 5449 3442 5501 τὸ
3466 5448 3548 5512 δν,
3583 5451 3644 5503 τὸ
3681 5453 3809 5510 ἀεὶ

2191 5539 2271 5604 ὃν,
2312 5541 2409 5610 τὴν
2437 5540 2772 5609 ἀγαϐότητα,
2836 5543 2929 5593 καὶ
2961 5540 3062 5610 τὴν
3097 5542 3311 5609 σοςίαν.
3361 5541 3583 5596 Τούτων
3609 5543 3664 5596 δὲ
3705 5548 3813 5603 τὰ,

2191 5634 2286 5686 δύο
2320 5635 2419 5703 μὲν
2470 5635 2538 5703 τῇ
2595 5633 2755 5705 οὐσίᾳ
2807 5634 3075 5703 παρέσχε,
3112 5635 3173 5686 τὸ
3207 5633 3265 5686 δν
3303 5634 3397 5688 καὶ
3425 5636 3488 5688 τὸ
3531 5637 3619 5689 ἀεὶ
3659 5637 3732 5688 6-1
3785 5656 3807 5672 ο

2192 5727 2260 5779 τὰ
2291 5725 2384 5778 δύο
2409 5725 2463 5779 δὲ
2507 5729 2571 5796 τῇ
2607 5728 2859 5797 γνωμικῇ
2898 5726 3194 5796 ἀπένειμεν
3225 5727 3815 5801 ἑπιτηδειότητι,τὴν
