3994 6204
276 343 378 406 205
1222 331 1599 398 PANOPLIA
1640 275 2100 390 DOGMATIEA.
2143 351 2213 360 —
2251 324 2399 386 TIT.
2445 323 2537 386 VI.
3410 314 3516 377 ξοδ

271 451 587 524 ἀγαθᾶτητα
616 448 711 504 καὶ
742 447 843 520 τὴν
878 447 1096 519 σοφίαν,
1131 447 1218 502 ἵνα
1273 447 1419 516 άπερ
1482 443 1633 498 ἐστὶν
1675 439 1840 503 αὐτὸς
1870 490 1873 498 γ

1992 435 2112 492 mimi
2153 436 2381 510 largitus
2429 445 2512 490 est
2555 432 2880 494 hahitudini,
2931 439 2990 486 ut
3029 445 3148 501 qua:
3188 444 3285 501 per
3329 445 3518 485 esseu-

273 546 390 602 κατ’
415 545 630 610 οὐσίαν,
665 541 896 611 γένηται
927 541 960 611 ἡ
1000 538 1180 603 κτίσις
1211 537 1355 594 κατὰ
1391 537 1710 608 μετουσίαν.
1739 533 1840 587 Διὰ

1995 545 2081 584 am
2138 529 2252 599 ipse
2307 541 2412 595 cst,
2465 541 2654 582 eorum
2721 541 2808 579 res
2871 531 3168 594 procreata)
3225 520 3520 592 participes

270 639 438 693 ταῦτα
502 635 602 689 καὶ
662 633 786 689 κατ’
832 635 1021 687 εἰκόνα
1074 631 1233 699 Θεοῦ,
1275 635 1372 686 καὶ
1415 629 1538 684 καθ’
1578 628 1842 700 ὁμοίωσιν

1992 629 2162 675 crent.
2194 621 2561 685 Quamobrem
2611 618 2770 672 homo
2814 615 2989 670 factus
3037 628 3156 669 esse
3202 613 3401 667 dicitur
3453 611 3518 664 ad

271 733 296 785 ὁ
324 729 618 800 ἄνθρωπος
650 711 1130 796 δημιουργηθῆναι
1169 724 1426 792 λέγεται·
1482 721 1602 776 κατ’
1659 720 1848 773 εἰκόνα

1992 711 2236 782 uaginem
2300 721 2354 765 et
2385 710 2451 764 ad
2485 706 2891 776 similitudinem
2935 704 3049 760 Dei.
3101 705 3180 759 Ad
3229 703 3521 774 imaginem

275 819 394 890 μὲν,
421 797 496 880 ὧς
516 815 671 879 ὄντος
703 815 802 877 ὢν,
846 815 942 869 καὶ
982 814 1070 868 ἀεὶ
1103 812 1258 877 ὄντος
1299 815 1389 867 ἀεὶ
1422 812 1518 876 ὢν,
1563 812 1613 864 εί
1645 810 1740 865 καὶ
1771 810 1846 880 μὴ

1992 803 2190 870 uideni,
2218 800 2470 873 quoniam
2508 817 2569 856 ex
2601 816 2686 865 eo,
2716 801 2807 870 qui
2842 809 2943 861 est,
2966 797 3176 853 exsistit
3214 813 3229 851 :
3269 805 3324 851 et
3360 811 3423 848 ex
3459 809 3524 850 eo

275 883 529 980 άνάρχως
571 906 760 970 αὐτὸς,
800 903 920 960 ἀλλ’
969 904 1374 974 ἆτελευτήτωςο
1412 901 1538 956 καθ’
1583 900 1844 971 ὁμοίωσιν

1992 895 2041 949 ui
2096 909 2312 963 semper
2359 903 2462 958 est,
2519 907 2735 962 semper
2790 890 3021 945 exsistit.
3072 883 3329 954 Quamvis
3377 887 3523 941 enim

274 1005 350 1068 δὲ,
387 1003 462 1066 ὡς
495 1001 707 1070 ἀγαθοῦ
734 999 970 1069 ἀγαθὸς,
1016 999 1110 1052 καὶ
1141 999 1311 1068 σοφοῦ
1338 998 1524 1065 σοφὸς,
1577 990 1672 1049 τοῦ
1704 993 1853 1047 κατὰ.

1992 1001 2060 1040 on
2117 984 2237 1039 sine
2290 981 2561 1054 principio
2625 981 2715 1045 sit,
2803 995 3080 1048 nunquam
3161 987 3341 1030 tamen
3405 990 3536 1058 esse.

274 1097 437 1165 φύσιν
479 1097 509 1148 ὀ
547 1068 689 1147 κατά
747 1068 931 1162 χάριν.
975 1091 1134 1146 Ἀλλὰ
1191 1089 1314 1144 κατ’
1353 1090 1538 1144 εἰκόνα
1589 1087 1689 1160 μέν
1739 1088 1850 1140 εἰσι

1993 1077 2187 1132 esinct.
2215 1076 2295 1130 Ad
2344 1073 2758 1130 similitudinem
2805 1088 2952 1137 vero,
3006 1071 3261 1140 (muniam
3305 1086 3331 1122 a
3382 1068 3526 1122 bono

275 1159 481 1249 iam,
523 1183 714 1246 ἁπλῶς
742 1159 1053 1252 άνθρωποι,
1089 1179 1501 1251 καθ’ὁμοίωσιν
1523 1179 1577 1233 δὲ
1613 1178 1770 1248 μόνοι
1796 1178 1848 1230 οί

1992 1183 2147 1232 onus,
2177 1177 2231 1222 et
2254 1183 2286 1221 a
2318 1168 2562 1236 sapiente
2595 1167 2832 1237 sapiens,
2867 1165 2994 1220 licet
3031 1164 3120 1218 ille
3151 1165 3221 1216 sit
3259 1159 3526 1230 ejusmodi

277 1275 477 1344 ἁγαθοὶ
509 1276 601 1328 καὶ
632 1273 810 1343 σοφοί.

1993 1272 2053 1312 cr
2105 1265 2380 1321 naturam,
2447 1257 2564 1326 ipse
2631 1264 2812 1310 autem
2872 1270 2970 1325 per
3020 1254 3270 1325 gratiam.
3332 1252 3527 1305 Verum

1955 1364 2078 1403 cum
2105 1363 2299 1402 omnes
2331 1348 2532 1418 pariter
2558 1347 2804 1403 homines
2837 1346 2904 1401 ad
2935 1347 3223 1416 imaginem
3257 1343 3390 1408 sint,
3431 1342 3530 1397 soli

1956 1441 2086 1496 boni
2115 1441 2498 1512 sapientesque
2545 1451 2671 1496 sunt
2701 1442 2766 1496 ad
2809 1439 3246 1496 similitudinem.

889 1520 1003 1574 Τοῦ
1055 1519 1266 1574 αὐτοῦ.

350 1617 513 1669 Πᾶσα
550 1615 750 1682 λογικὴ
780 1615 876 1667 καὶ
919 1613 1083 1683 νοερὰ
1116 1612 1275 1666 οὐσία
1291 1613 1546 1684 διῄρηται
1581 1613 1662 1678 εἵς
1678 1615 1851 1687 τετὴν

281 1706 584 1776 ἀγγελικὴν
639 1705 734 1758 καὶ
764 1705 865 1774 τὴν
913 1705 1265 1774 ἀνθρωπίνην
1296 1705 1460 1772 φύσιν
1487 1718 1500 1732 ’
1560 1705 1656 1758 καὶ
1688 1706 1721 1772 ἡ
1754 1705 1853 1774 μὲν

2626 1531 2901 1601 Ejusdem.

2031 1624 2281 1680 Essentia
2306 1624 2504 1689 omnis,
2545 1638 2665 1692 qua:
2699 1622 2906 1677 ratione
2961 1637 3025 1676 ac
3070 1631 3254 1676 mente
3312 1619 3536 1688 praedita

1962 1729 2067 1785 est,
2104 1719 2160 1772 in
2187 1717 2485 1789 angelicam
2524 1726 2776 1771 naturam
2818 1714 3080 1770 dividitur
3133 1724 3187 1769 et
3214 1715 3533 1769 humanam.

280 1800 555 1869 ἁγγελικὴ
598 1800 854 1870 διῄρηται
912 1800 1074 1852 πάλιν
1109 1801 1190 1863 εἰς
1227 1797 1320 1851 δύο
1361 1800 1659 1861 καθολικὰς
1713 1799 1856 1867 γνὼ-

1992 1808 2215 1881 ιηεειίοο
2245 1823 2462 1862 rursum
2513 1806 2567 1860 in
2600 1809 2734 1860 duas
2767 1803 2934 1859 veluti
2977 1805 3179 1859 classes
3237 1817 3546 1874 gregesque,

282 1911 390 1961 μας
434 1891 532 1945 καὶ
558 1893 796 1958 ἀγέλας,
828 1892 909 1953 εἰς
971 1889 1133 1959 ἁγίας
1198 1907 1258 1942 τε
1307 1891 1574 1962 Δυνάμεις
1630 1889 1725 1943 καὶ
1774 1890 1855 1951 είς

1992 1898 2354 1964 ecernitur,in
2377 1906 2592 1952 sanctas
2615 1895 2941 1958 Potestates,
2967 1903 3020 1950 et
3044 1893 3411 1949 exsecrandos
3434 1898 3542 1948 dte-

278 1988 502 2052 ὲναγεῖς
559 1983 858 2052 δαίμονας·
897 1983 930 2048 ἠ
971 1983 1027 2035 δὲ
1061 1979 1381 2052 ἀνθρωπίνη
1421 1983 1585 2038 πάλιν
1649 1984 1730 2046 είς
1761 1981 1855 2037 δύο

1992 2007 2168 2048 tones.
2188 1990 2432 2045 Humana
2451 1992 2580 2044 item
2603 1998 2820 2044 secatur
2838 1987 2892 2042 in
2913 1992 3048 2043 duas
3060 1997 3264 2058 partes,
3289 1985 3340 2040 iu
3364 1985 3541 2041 homi-

279 2074 585 2139 καθολικάς
613 2075 841 2145 γνώμας
869 2075 964 2128 καὶ⁷
990 2073 1214 2143 ἀγέλας,
1262 2077 1342 2139 είς
1370 2073 1615 2139 εὐσεϐεῖς
1645 2075 1739 2129 καὶ
1773 2076 1856 2138 είς

1992 2100 2061 2141 es
2091 2085 2210 2154 pios
2259 2092 2311 2138 et
2347 2082 2559 2152 impios.

281 2171 528 2233 ἀσεϐεῖς.

890 2259 1004 2314 Τοῦ
1047 2259 1256 2314 αὐτοῦ.

349 2345 564 2424 Νοερὸν
588 2355 692 2426 μέν
713 2353 833 2407 ἐστι
873 2353 936 2406 τὸ
983 2352 1167 2419 νοοῦν,
1218 2353 1408 2423 νοητὸν
1440 2353 1496 2408 δὲ
1537 2353 1850 2424 νοούμενον.

281 2445 469 2517 Τροξὴ
492 2446 548 2498 δέ
600 2463 724 2498 τινα
763 2444 855 2499 τοῦ
907 2446 1155 2510 νοοῦντος
1211 2445 1410 2518 τρόπον
1446 2447 1509 2500 τὸ
1547 2446 1858 2518 νοούμενον.

2607 2257 2888 2330 Ejusdem.

2029 2351 2345 2421 lntclligens
2371 2349 2572 2405 dicitur
2610 2350 2684 2414 id,
2718 2348 2862 2418 quod
2896 2357 3081 2403 mente
3109 2349 3296 2404 utitur.
3335 2347 3543 2403 Intelli-

1961 2443 2106 2514 gitur
2131 2441 2369 2509 id,quod
2394 2449 2577 2493 mente
2624 2435 3137 2507 comprehenditur.
3184 2435 3542 2506 lntelligentis

285 2537 443 2592 Οῦτω
471 2539 577 2608 μὲν
615 2533 710 2592 οῦν
731 2537 971 2611 κυρίωςο,
1001 2539 1250 2610 λέγονται
1281 2538 1338 2593 δὲ
1373 2538 1473 2593 καὶ
1503 2537 1736 2606 ἐναλλὰξ
1758 2557 1860 2595 κα-

1992 2535 2117 2590 ibus
2145 2531 2544 2602 quodammodo
2577 2539 2662 2585 est
2712 2529 2789 2592 id,
2835 2531 2978 2600 quod
3012 2529 3196 2584 animo
3250 2539 3543 2598 menteque

285 2631 697 2702 ταχρῃστικῶς.

879 2811 994 2868 Τοῦ
1021 2796 1229 2868 αὖτοῦ.

355 2905 640 2977 Ζητητέον
667 2906 782 2967 τοῖς
821 2905 1266 2976 σπουδαιοτέροις
1301 2905 1424 2960 τίνα
1464 2905 1702 2978 καθήκει
1724 2910 1864 2964 νοεῖν

1964 2625 2366 2697 percipitur.lta
2384 2623 2603 2694 quidem
2625 2621 2844 2693 proprie
2864 2638 2879 2688 ;
2897 2621 3122 2687 abusive
3158 2632 3340 2678 autem
3367 2636 3544 2676 enun-

1968 2720 2172 2775 tiantur
2201 2717 2391 2773 ordine
2422 2726 2650 2772 mutato.

2010 2869 2012 2872 ν
2564 2873 2572 2880 ,
2615 2807 2890 2878 Ejusdem.

2041 2909 2086 2960 A
2141 2905 2570 2962 studiosiorihus
2613 2912 2699 2958 est
2769 2901 3233 2972 investigandum,
3295 2915 3546 2970 quamam

290 2994 521 3052 εἶναιτὰ
550 2997 712 3066 ἔργα,
741 2988 818 3049 ὧν
848 2996 1049 3066 ἤρξατο
1094 2997 1196 3066 τῆς
1228 2999 1495 3064 γενέσεως
1523 2998 1551 3050 ὁ
1585 2998 1739 3065 Θεὸς,
1768 3001 1866 3054 καὶ

1992 3001 2084 3055 int
2123 2999 2228 3054 illa:
2255 3013 2362 3063 res,
2397 3011 2534 3067 quas
2561 2996 2740 3050 facere
2773 2995 2941 3064 coepit
2983 2994 3148 3059 Deus,
3175 3001 3231 3048 et
3251 3008 3370 3063 quae
3421 3009 3544 3047 rur-

291 3090 412 3142 τίνα
464 3087 640 3142 πάλιν
668 3081 744 3141 ὧν
783 3087 886 3140 οὐκ
914 3088 1142 3160 ἤρξατο.
1173 3087 1238 3140 Ei
1268 3087 1378 3160 γὰρ
1419 3088 1639 3143 πάντων
1697 3089 1864 3143 κατέ-

1992 3111 2091 3152 :um
2125 3094 2230 3149 illae
2277 3108 2415 3162 quas
2462 3107 2743 3161 nunquam
2799 3090 2984 3160 cmpit.
3013 3089 3150 3145 Nam
3209 3089 3251 3145 si
3281 3089 3552 3160 requievit,

292 3199 466 3235 παυσε
489 3183 602 3236 τῶν
633 3181 811 3252 ἔργων
833 3173 909 3236 ὧν
932 3180 1136 3252 ἦρξατο
1171 3181 1415 3251 ποιῆσαι,
1442 3181 1598 3253 δῆλον
1625 3184 1701 3246 ὡς
1726 3183 1868 3236 ἐκεί-

298 3293 403 3327 νων
436 3274 501 3326 οὐ
527 3273 903 3339 κατέπαυσεν,
956 3266 1031 3326 ὧν
1073 3273 1173 3328 οὒκ
1211 3272 1417 3344 ἡρξατο
1479 3275 1724 3345 ποιῆσαι.
1777 3274 1869 3344 Μή

297 3383 424 3418 ποτε
488 3361 588 3419 οὖν
638 3364 776 3434 ἔργα
813 3363 914 3434 μὲν
983 3364 1098 3418 θεῖα
1167 3365 1436 3436 χρονικῶς
1478 3367 1731 3437 ἡργμένα
1773 3367 1870 3422 τοῦ

300 3454 568 3510 sinister.
606 3456 786 3508 πάντα
827 3455 896 3507 τὰ
917 3453 1012 3508 τοῦ
1075 3452 1218 3510 εἶναι
1274 3458 1590 3527 μετέχοντα,
1645 3454 1756 3513 οἷον
1814 3462 1870 3514 αἱ

298 3548 544 3618 διάφοροι
569 3546 682 3599 τῶν
718 3545 888 3601 ὄντων
917 3547 1119 3602 οὐσίαι·
1159 3548 1221 3602 τὸ
1255 3549 1362 3620 γὰρ
1420 3549 1496 3622 μὴ
1549 3551 1610 3605 ὃν
1659 3551 1874 3622 ἔχουσιν

302 3642 479 3694 αὐτῶν
539 3639 637 3694 τοῦ
670 3634 812 3693 εἶναι
849 3641 1241 3713 πρεσϐύτερον.
1291 3639 1400 3699 Ἦν
1449 3647 1558 3716 γάρ
1612 3663 1744 3699 ποτε
1785 3647 1874 3700 ὅτε

297 3733 396 3784 οἰκ
422 3727 515 3801 ἦν.
555 3729 739 3800 Ἔργα
767 3728 822 3783 δὲ
853 3731 988 3784 Θεοῦ
1017 3733 1116 3785 οὑκ
1141 3733 1393 3804 ἡργμένα
1427 3734 1718 3804 χρονικῶς,
1744 3736 1874 3790 ὅντα

307 3821 565 3890 μεθεκτὰ,
604 3818 681 3875 ὧν
714 3822 856 3875 κατὰ
889 3823 1048 3894 χάριν
1082 3826 1374 3892 μετέχουσι
1407 3827 1475 3880 τὰ
1527 3826 1657 3879 ὄντα
1716 3826 1869 3895 μετέ-

309 3933 488 3983 κοντα,
515 3911 631 3968 οἷον
667 3917 702 3985 ἡ
741 3916 1016 3986 ἁγαθότης
1062 3917 1155 3970 καὶ
1191 3918 1298 3970 πᾶν
1322 3919 1376 3971 εἴ
1409 3936 1462 3973 τι
1499 3919 1575 3990 τῷ
1603 3921 1701 3988 τῆς
1739 3921 1880 3988 ἀγα-

310 4008 526 4078 θότητος
551 4008 945 4078 ἐμπεριέχεται
980 4007 1124 4079 λόγῳ
1152 4027 1166 4042 ·
1205 4012 1303 4062 καὶ
1331 4011 1520 4074 ἅπλῶς
1551 4014 1701 4065 πᾶσα
1739 4011 1874 4082 ζωὴ,

313 4103 397 4152 καὶ
417 4099 720 4160 ἀθανασία,
753 4099 847 4154 καὶ
882 4099 1150 4170 ἁπλότης,
1182 4105 1278 4155 καὶ
1311 4103 1567 4172 ἀτρεψία,
1602 4106 1696 4157 καὶ
1721 4105 1877 4158 ἀπει-

314 4189 412 4255 ρία,
445 4189 541 4241 καὶ
564 4190 669 4242 ὅσα
702 4191 829 4259 περὶ
876 4189 1011 4242 Θεὸν
1065 4191 1342 4255 οὐσιωδῶς
1378 4193 1685 4264 θεωρεῖται,
1725 4196 1882 4250 ἅτινα

314 4276 395 4326 καὶ
425 4277 568 4348 ἔργα
603 4275 740 4328 Θεοῦ
779 4277 910 4342 είσι,
942 4278 1036 4330 καὶ
1065 4279 1164 4332 οὐκ
1199 4280 1452 4350 ὴργμένα
1478 4283 1770 4352 χρονικῶς.
1802 4285 1878 4337 Οὐ

315 4365 410 4437 γάρ
438 4384 572 4420 ποτε
601 4367 977 4439 πρεσϐύτερον
1001 4370 1204 4438 ἀρετῆς
1233 4371 1294 4424 τὸ
1316 4372 1416 4424 οὐκ
1444 4368 1536 4443 ἧν,
1567 4374 1691 4427 οὐδέ
1734 4391 1880 4439 τινος

1975 3187 2046 3242 ab
2087 3186 2364 3250 omnibus,
2396 3199 2533 3254 quas
2585 3181 2753 3253 erepit
2794 3181 2996 3248 facere,
3039 3181 3108 3236 ab
3144 3181 3251 3236 illis
3302 3182 3551 3252 profecto

1973 3293 2111 3350 quas
2171 3280 2350 3332 lacere
2400 3290 2679 3344 nunquam
2743 3275 2929 3344 coapit,
2981 3273 3191 3343 quievit
3245 3289 3548 3343 nunquam.

1976 3369 2184 3436 Quibus
2213 3368 2374 3439 igitur
2405 3367 2741 3436 impertitum
2773 3376 2876 3430 est,
2910 3373 2970 3420 ut
3001 3366 3132 3430 sint,
3169 3381 3248 3422 ea:
3291 3368 3555 3435 temporis

1978 3461 2180 3517 habent
2205 3457 2441 3526 initiu'm,
2473 3458 2660 3528 quales
2690 3468 2818 3514 sunt
2865 3459 3031 3513 variae
3086 3473 3267 3513 rerum
3323 3468 3554 3524 natura-,

1980 3553 2182 3622 quibus
2251 3551 2430 3623 ipsum
2493 3550 2728 3606 nihilum
2789 3560 2871 3605 est
2907 3551 3204 3621 antiquius.
3239 3550 3369 3605 Fuit
3407 3553 3555 3606 enim

1981 3643 2295 3712 aliquando,
2333 3657 2456 3695 cum
2485 3641 2612 3710 ipsa:
2635 3656 2743 3696 non
2792 3650 2996 3698 essent.
3056 3642 3342 3710 Temporis
3370 3652 3556 3696 autem

1983 3731 2314 3801 principium
2386 3746 2496 3785 non
2583 3733 2808 3796 habent,
2872 3748 2995 3800 qua:
3058 3733 3556 3796 communicantur,

1981 3837 2212 3891 quarum
2246 3821 2362 3876 alim
2393 3837 2478 3876 res
2510 3837 2595 3891 per
2638 3823 2861 3891 gratiam
2889 3821 3179 3891 participes
3205 3833 3356 3888 sunt,
3385 3825 3559 3891 qualis

1982 3924 2066 3970 est
2097 3913 2328 3977 bonitas,
2357 3923 2410 3967 et
2447 3915 2710 3982 quidquid
2759 3913 3016 3969 bonitatis
3045 3915 3257 3970 ratione
3307 3930 3561 3985 compre-

1987 4007 2265 4070 henditur,
2301 4015 2355 4060 et
2382 4007 2563 4060 omnis
2597 4007 2726 4070 vita,
2758 4015 2814 4061 et
2861 4005 3264 4074 immortalitas,
3321 4018 3376 4063 et
3437 4007 3564 4063 sint.

1986 4099 2222 4170 plicitas,
2274 4107 2328 4152 et
2379 4097 2812 4163 immurahilitas,
2852 4106 2908 4152 et
2973 4097 3238 4166 inﬁnitas,
3307 4110 3363 4156 et
3415 4116 3564 4171 qua:-

1985 4207 2204 4262 cunque
2233 4193 2284 4246 in
2318 4193 2410 4246 Dei
2442 4192 2679 4247 essentia
2715 4191 3152 4257 considerantur,
3181 4210 3302 4264 quae
3348 4195 3564 4250 nullum

1987 4281 2194 4358 habent
2211 4283 2422 4337 initium
2454 4283 2738 4352 temporis.
2772 4283 3062 4353 Nunquam
3079 4284 3227 4339 enim
3247 4295 3341 4341 aut
3365 4289 3571 4344 th'tute

1989 4382 2086 4431 aut
2121 4375 2227 4431 ulla
2277 4391 2464 4430 carum
2499 4391 2704 4439 rerum,
2761 4390 2882 4445 qua:
2925 4386 3364 4435 commemoratae
3417 4388 3566 4447 sunt,

317 4457 464 4509 ἀλλον
495 4459 606 4510 τῶν
635 4459 968 4529 εἰρημένων.
1013 4460 1126 4514 Οὐκ
1149 4456 1218 4532 ἦν
1251 4462 1358 4532 γάρ
1389 4479 1542 4530 ποτε,
1570 4464 1659 4518 ὅτε
1685 4467 1787 4522 οὐκ
1808 4462 1873 4538 ἦν

1992 4467 2164 4537 ipsum
2195 4465 2422 4520 nihilum
2464 4465 2568 4520 l'uit
2598 4467 2892 4537 antiquius.
2927 4465 3216 4536 Nunquam
3241 4469 3387 4524 enim
3442 4469 3567 4533 fuit,

319 4546 501 4609 ταῦτα,
531 4547 746 4619 ἄναρχά
777 4567 836 4601 τε
859 4549 987 4603 ὄντα
1009 4553 1300 4630 χρονικῶς,
1327 4556 1420 4607 καὶ
1451 4556 1615 4623 μόνον
1639 4557 1732 4613 τὸν
1745 4559 1878 4614 Θεὸν

326 4637 504 4705 ἔχοντα
523 4637 621 4692 τοῦ
648 4635 791 4694 εἶναι
827 4641 1206 4712 μονιμώτατον
1246 4645 1430 4710 etate;
1459 4649 1784 4723 γεννήτορά.
1803 4650 1883 4706 Τά

332 4729 504 4793 μέντοι
542 4731 798 4800 ἠργμένα
855 4734 1122 4803 χρονικῶς
1170 4737 1266 4789 καὶ
1311 4739 1438 4804 εἰσὶ,
1495 4740 1592 4793 καὶ
1637 4739 1886 4810 λέγονται

331 4819 443 4874 τοῦθ
473 4823 631 4892 ὅπερ’
671 4824 919 4890 καὶεῑσὶ,
955 4827 1052 4880 καὶ
1087 4829 1364 4897 λέγονται.

923 5009 1033 5068 Τοῦ
1062 5016 1253 5070 αὐτοῦ

401 5100 545 5155 Πᾶσα
580 5104 614 5174 ἡ
643 5104 808 5175 νοερὰ
843 5106 1003 5160 οὐσία
1048 5108 1145 5160 καὶ
1177 5109 1209 5178 ἡ
1242 5109 1537 5183 αίσοητικὴ
1579 5097 1772 5168 ἔλαϐον
1796 5114 1891 5168 δυ-

345 5191 518 5260 νάμεις
563 5199 714 5267 παρὰ
744 5199 838 5252 τοῦ
876 5200 1161 5264 κτίσαντος
1209 5203 1604 5275 άντιληπτικὰς
1655 5206 1764 5260 τᾶν
1809 5207 1896 5260 ὃν·

349 5297 464 5334 των·
492 5289 523 5356 ἡ
555 5290 654 5358 μὲν
687 5292 848 5363 νοερὰ
869 5293 966 5356 τὰς
993 5295 1229 5365 νοήσεις,
1266 5297 1299 5368 ἡ
1332 5297 1388 5350 δὲ
1447 5297 1742 5369 αἰσθητικὴ
1794 5301 1894 5364 τὰς

355 5374 624 5448 αἰσθήσεις.

928 5563 1039 5620 Τοῦ
1078 5567 1289 5622 αὐτοῦ.

429 5646 479 5701 ’0
514 5651 608 5718 μὲν
639 5654 1052 5729 δημιουργήσας
1090 5658 1224 5723 Θεὸς
1287 5662 1580 5733 μετέχεται
1625 5666 1811 5736 μόνον,
1861 5669 1895 5738 ἠ

365 5737 411 5789 δὲ
439 5742 598 5809 κτίσις
630 5749 776 5804 πᾶσα
830 5749 924 5803 καὶ
981 5751 1221 5822 μετέχει,
1262 5754 1358 5810 καὶ
1397 5758 1741 5826 μεταδίδωσι.
1787 5737 1896 5816 Καί

1983 4576 2109 4617 cum
2133 4562 2214 4616 bat
2267 4575 2377 4614 non
2409 4567 2594 4614 essent
2650 4575 2790 4628 quin,
2814 4566 3075 4628 quantum
3113 4560 3181 4615 ad
3210 4569 3420 4630 tempus
3445 4576 3570 4631 per-

1991 4654 2147 4720 tinet,
2197 4655 2316 4708 sine
2397 4652 2664 4722 principio
2691 4660 2838 4715 sunt,
2888 4660 2943 4706 et
2965 4651 3034 4706 ab
3070 4651 3220 4706 omni
3258 4652 3569 4706 mternitate

1990 4747 2164 4804 solum
2193 4747 2362 4801 Deum
2388 4745 2595 4798 habent
2624 4753 2926 4806 auctorem,
2971 4752 3030 4797 ut
3054 4742 3185 4797 sint.
3210 4741 3346 4796 Nam
3365 4759 3485 4811 quae
3511 4743 3566 4798 in

1995 4848 2235 4909 tempore
2261 4844 2546 4907 coeperunt
2565 4850 2705 4899 esse,
2725 4844 2779 4889 ct
2795 4843 2942 4902 sunt,
2963 4845 3017 4890 et
3033 4835 3290 4890 dicuntur
3319 4834 3372 4889 id
3391 4834 3566 4904 ipsum

1993 4933 2136 5002 quod
2169 4941 2316 4996 sunt,
2350 4930 2696 4984 ctdicuntur.

2621 5020 2900 5090 Ejusdem.

2062 5115 2283 5169 Naturae
2310 5122 2418 5169 tam
2439 5113 2820 5184 intelligentes,
2837 5128 2998 5183 quam
3019 5121 3320 5170 sentientes
3342 5125 3572 5182 accepe-

1999 5216 2126 5262 runt
2145 5222 2176 5260 a
2193 5221 2374 5260 rerum
2402 5205 2644 5260 omnium
2672 5216 3019 5274 procreatore
3043 5205 3348 5272 facultates,
3368 5205 3571 5274 quibus

1999 5313 2087 5354 res
2130 5295 2272 5367 ipsas
2325 5297 2872 5366 comprehenderent,
2933 5297 3302 5367 intelligentes
3329 5297 3572 5366 quidem.

1999 5398 2238 5446 mentem
2277 5397 2333 5442 et
2390 5387 2799 5459 cogitationem,
2837 5390 3140 5446 sentientes
3187 5398 3370 5446 autem
3421 5391 3575 5461 ipsos

2001 5494 2195 5537 sensus

2674 5571 2951 5641 Ejusdem.

2064 5664 2384 5734 Procreator
2415 5662 2556 5720 Deus
2581 5664 2806 5734 largitur
2841 5669 3239 5731 tantummodo.
3270 5667 3378 5726 Res
3394 5679 3579 5727 autem

2001 5773 2192 5815 omnes
2205 5765 2502 5830 procreatae
2517 5766 2572 5814 et
2587 5757 2937 5831 accipiunt,et
2949 5759 3274 5835 largiuntur.
3290 5764 3579 5836 Accipiunt
