3994 6204
372 343 496 409 ‘21)?

1632 319 2014 398 EUTHYMll
2052 337 2414 398 ZIGABENI

3547 341 3653 403 28

396 463 566 528 enim,
599 471 658 516 ut
679 461 812 527 sint,
834 471 888 515 et
933 460 1069 515 bene
1100 460 1228 514 sint.
1280 456 1606 528 Largiuntur
1655 466 1836 510 autem
1860 455 1974 508 aliis

2087 455 2303 525 μετέχει
2335 454 2437 526 μὲν
2459 455 2554 509 τοῦ
2589 449 2752 521 εἶναι,
2789 455 2883 510 καὶ
2916 455 3010 510 τοῦ
3040 456 3104 510 εὖ
3129 451 3291 523 εἶναι,
3326 458 3656 527 μεταδῐδωσι

395 560 630 616 tantum,
670 561 725 605 ul
757 551 896 606 bene
918 552 1045 603 sint.
1081 549 1260 618 Atque
1290 563 1354 600 ex
1391 546 1477 600 his
1503 547 1627 610 illae,
1673 560 1795 614 qua:
1848 554 1978 597 sunt

397 643 644 714 corporis
671 647 920 712 expertes
948 649 1061 694 tum
1106 638 1363 702 dicendo,
1408 645 1520 692 tum
1576 639 1809 708 agendo,
1865 644 1976 688 tum

396 735 693 806 speetando
725 732 1025 804 largiuntur
1063 730 1202 795 aliis,
1237 739 1296 785 ιιι
1326 731 1464 785 bene
1490 727 1618 784 sint.
1668 727 1798 795 Quae
1850 740 1980 781 vero

397 842 671 895 corporeae
696 831 846 885 sunt,
870 823 1000 877 dum
1029 831 1348 893 speetantur
1372 819 1653 876 duntaxat.
1679 819 1758 872 Ac
1779 828 1979 872 sanctae

396 919 613 988 quidem
647 916 751 970 illa:
779 915 1088 970 Potestates
1132 914 1444 984 splendoris
1499 911 1680 966 radios
1738 910 1879 963 inter
1921 922 1980 960 se

395 1007 638 1062 vicissim
691 1003 1101 1060 communicant
1144 1011 1200 1057 et
1260 999 1593 1070 largiuntur.
1655 994 1982 1051 Hominibus

300 1128 302 1131 -
394 1114 529 1154 vero
555 1108 666 1151 tum
695 1097 952 1150 virtutem
988 1109 1143 1148 suam
1197 1091 1538 1162 impartiunt,
1570 1089 1701 1144 dum
1741 1100 1836 1140 eos
1873 1084 1981 1137 Deo

394 1189 604 1245 similes
633 1187 907 1242 reddunt:
937 1199 1049 1240 tum
1103 1183 1436 1256 cognitionis
1488 1195 1606 1236 suae
1638 1173 1983 1233 faciuntillos

393 1279 712 1350 participes,
749 1278 877 1332 dum
936 1292 1033 1332 eos
1057 1277 1266 1332 docent
1290 1273 1498 1344 aliquid
1523 1271 1604 1326 vel
1637 1270 1704 1324 de
1750 1267 1862 1321 Deo
1892 1279 1985 1319 su-

393 1373 640 1437 blimius,
671 1371 752 1424 vel
775 1371 840 1425 de
868 1373 1031 1425 rebus
1047 1384 1276 1439 corpore
1306 1367 1617 1423 carentibus
1631 1358 1982 1432 profundius,

394 1466 484 1520 vel
524 1465 592 1519 de
641 1463 919 1532 corporeis
980 1461 1325 1531 exquisitius,
1389 1458 1472 1514 vel
1515 1456 1584 1512 de
1638 1450 1980 1524 providentia

393 1558 602 1622 verius,
637 1556 721 1609 vel
755 1555 823 1608 de
850 1553 1057 1625 judicio
1079 1553 1280 1607 clarius

1041 1641 1312 1711 Ejusdem.

456 1737 652 1791 “Rebus
666 1736 984 1806 procreatis,
1009 1743 1067 1789 ut
1084 1733 1408 1802 simpliciter
1429 1732 1559 1794 sint,
1576 1747 1676 1802 per
1690 1725 1984 1785 essentiam

2077 546 2135 599 δὲ
2157 546 2254 599 τοῦ
2284 547 2344 601 εὖ
2384 544 2524 602 εἶναι
2565 547 2747 617 μόνον.
2783 547 2924 602 Ἀλλ’
2954 549 2987 619 ἡ
3024 546 3127 617 μὲν
3166 547 3461 618 ἀσώματος
3497 549 3659 603 οὐσία

2078 639 2175 693 καὶ
2206 638 2465 709 λέγουσα,
2493 639 2590 694 καὶ
2620 641 2960 712 πράττουσα,
3023 639 3119 694 καὶ
3167 639 3525 713 θεωρουμὲνη
3561 642 3660 695 τοῦ

2080 730 2140 785 εὖ
2164 726 2305 786 εἶναι
2339 732 2700 802 μεταδίδωσιν
2725 748 2739 764 ο
2776 733 2810 804 ἡ
2847 731 2905 786 δὲ
2953 733 3244 803 σωματικὴ
3296 735 3662 806 θεωρουμένη

2085 823 2270 893 μόνον.
2303 825 2370 877 Δί
2406 824 2592 894 μέντοι
2623 825 2782 893 ἅγιαι
2819 825 3083 896 δυνάμεις
3111 824 3372 896 ἀλλήλαις
3405 827 3505 896 μὲν
3545 845 3664 897 φω-

2081 914 2280 984 τισμοῦ
2327 915 2698 984 μεταδιδόασι,
2731 917 2845 980 τοῖς
2890 915 3205 988 ἀνθρώποις
3238 917 3295 970 δὲ
3330 918 3430 988 τῆς
3459 935 3517 971 τε
3559 920 3664 972 αὐ-

2081 1003 2192 1056 τῶν
2215 1004 2439 1074 ἀρετῆς,
2495 1008 2592 1060 καὶ
2629 1005 2895 1071 θεοειδεῖς
2927 1007 3128 1071 αὐτοὺς
3159 1008 3664 1078 ὲργαζόμεναι,καὶ

2081 1093 2183 1164 τῆς
2212 1096 2269 1147 ὲν
2294 1095 2486 1159 αὑταῖς
2507 1097 2764 1166 γνώσεως
2794 1099 2853 1152 ὲν
2881 1098 2958 1169 τῷ
2987 1097 3264 1152 διδάσκειν
3295 1099 3326 1170 ἢ
3355 1101 3484 1169 περὶ
3520 1099 3662 1153 Θεοῦ

2082 1203 2134 1239 τι
2161 1185 2516 1258 ὑψηλότερον,
2549 1189 2582 1260 ἢ
2609 1191 2738 1260 περὶ
2759 1190 3070 1260 ἀσωμάτων
3103 1190 3430 1261 βαθύτερον,
3459 1191 3493 1263 ἢ
3530 1193 3668 1260 περὶ

2086 1279 2359 1349 σωμάτων
2390 1281 2812 1352 ἀκριϐέστερον,
2846 1283 2879 1354 ἤ
2907 1285 3038 1354 περὶ
3086 1283 3348 1357 προνοίας
3405 1285 3670 1357 τρανότε·

2090 1371 2255 1442 ρον,ἢ
2290 1374 2418 1444 περ)⁵
2442 1374 2682 1444 κρίσεως
2711 1375 3070 1446 σαςέστερον.

2668 1644 2779 1698 Τοῦ
2801 1644 3013 1699 αὐτοῦ.

2173 1734 2231 1788 '0
2262 1737 2360 1806 μὲν
2386 1735 2480 1789 τοῦ
2525 1734 2710 1797 ἁπλῶς
2740 1730 2880 1786 εἶναι
2912 1733 3112 1804 τρόπος
3146 1735 3271 1787 κατ’
3299 1733 3489 1789 οὐσίαν
3509 1735 3662 1788 δέδο-

394 1843 721 1883 concessum
743 1837 854 1891 est;
884 1835 942 1879 ut
960 1825 1098 1880 bene
1123 1824 1229 1878 sint
1250 1838 1346 1894 per
1365 1823 1590 1878 liberam
1615 1821 1974 1885 voluntatem;

2087 1845 2173 1882 ται
2198 1833 2265 1899 τῇ
2298 1821 2496 1899 ’λογικῇ
2522 1828 2736 1882 κτίσει·
2776 1827 2804 1878 6
2843 1826 2897 1879 δὲ
2918 1826 3010 1879 τοῦ
3030 1821 3090 1880 εὖ
3115 1822 3258 1878 εἶναι
3290 1826 3432 1879 κατὰ
3462 1828 3667 1899 προαί-

393 1931 455 1976 ut
476 1936 694 1988 semper
725 1921 870 1975 bene
887 1919 1017 1983 sint,
1065 1931 1162 1987 per
1192 1915 1442 1988 gratiam.
1491 1913 1794 1980 Quiautem
1813 1913 1880 1967 ab
1909 1928 1976 1969 eo

394 2013 672 2076 excidunt,
699 2020 772 2066 ut
799 2024 1016 2078 semper
1066 2008 1215 2064 ‘bene
1247 2007 1378 2072 sint,
1414 2006 1468 2060 in
1508 2006 1560 2061 id
1587 2006 1893 2069 incurrunt,
1919 2013 1979 2060 ut

389 2120 608 2175 semper
656 2104 855 2158 misere
890 2102 1022 2157 sint.

952 2209 1252 2267 TITULUS
1280 2209 1396 2265 VII.

387 2310 469 2363 lle
495 2310 672 2363 divina
701 2310 946 2361 humana:
977 2305 1152 2356 carnis
1199 2303 1581 2373 assumptione.
1625 2301 1973 2373 Areopagita',

601 2396 664 2432 ex
689 2377 820 2431 libro
848 2377 909 2429 de
933 2375 1120 2428 divinis
1159 2372 1497 2439 Nominibus,
1531 2388 1649 2442 cap.
1680 2372 1734 2428 1.

445 2543 681 2596 Summa
707 2539 794 2593 illa
814 2537 1078 2592 Divinilas
1105 2534 1452 2607 singulariter
1479 2543 1626 2588 amat
1673 2535 1970 2588 humanum

389 2650 582 2703 genus,
603 2632 805 2702 quippe
828 2646 950 2700 quae
983 2632 1037 2684 in
1071 2645 1178 2684 una
1204 2642 1425 2684 suarum
1461 2642 1812 2697 personarum
1848 2641 1974 2681 vere

385 2737 555 2794 atque
587 2725 796 2793 integre
826 2734 1074 2775 naturam
1125 2730 1366 2775 nostram
1421 2718 1738 2787 assumpsit,
1789 2717 1858 2771 ad
1915 2730 1976 2772 se

393 2831 673 2879 revocans,
689 2815 900 2882 sibique
921 2812 1203 2882 applicans
1224 2810 1465 2864 intimam
1488 2810 1772 2863 hominum
1793 2808 1973 2861 humi-

392 2909 623 2971 i'itatem,
662 2921 727 2960 ex
761 2919 890 2974 qua,
916 2907 1005 2972 qui
1041 2903 1268 2974 simplex
1293 2911 1397 2968 est,
1419 2900 1580 2955 Jesus
1602 2899 1970 2969 inexplicabili

395 2999 608 3053 ratione
625 2997 956 3065 compositus
976 3004 1060 3050 est
1093 3014 1106 3051 ς
1140 3004 1194 3050 et
1211 2997 1303 3065 qui
1329 3005 1568 3049 aeternus
1588 3003 1690 3058 est,
1715 2992 1974 3061 temporis

391 3090 768 3147 extensionem
800 3090 1012 3160 accepit
1047 3108 1062 3144 :
1091 3099 1144 3144 et
1183 3089 1274 3158 qui
1318 3103 1537 3142 onmem
1559 3087 1726 3140 totius
1762 3096 1972 3138 natura:

2089 1937 2275 1993 ρεσιν’
2305 1922 2334 1973 6
2369 1920 2427 1974 δὲ
2465 1918 2561 1973 τοῦ
2601 1919 2685 1972 ἀεὶ
2703 1913 2762 1972 εὖ
2792 1915 2932 1971 εἶναι
2957 1917 3100 1971 κατὰ
3130 1917 3314 1989 χάριν.
3367 1919 3431 1971 Ol
3479 1919 3670 1988 μέντοι

2084 2013 2180 2068 τοῦ
2215 2015 2302 2068 ἀεὶ
2341 2013 2400 2067 εὖ
2434 2008 2576 2068 εἶναι
2607 2012 3082 2082 ἀποτυγχάνοντες
3113 2009 3174 2063 τὸ
3241 2010 3330 2064 ἀεὶ
3385 2007 3488 2079 φεῦ
3523 2005 3668 2066 εἶναι

2083 2104 2364 2177 λαμϐάνου
2372 2121 2478 2162 σιν.

2682 2217 2932 2275 ΤΙΤΛΟΣ
2965 2218 3040 2272 Ζ¹.

2083 2317 2223 2386 Περὶ
2268 2317 2379 2384 τῆς
2422 2317 2588 2386 θείας
2634 2310 3166 2386 ἐνανθρωξιήσεως,
3202 2308 3324 2386 Δτοῦ
3354 2380 3366 2386 _
3386 2308 3671 2386 'Apspxu-

2152 2379 2424 2510 ᾆίτογᾷἐκ
2463 2379 2575 2439 τοῦ
2598 2384 2784 2452 λόγου
2819 2379 2926 2434 τοῦ
2955 2379 3088 2448 περὶ
3122 2381 3295 2436 θείων
3335 2379 3668 2448 ὀνομάτων,

2155 2474 2308 2510 uacua
2360 2496 2372 2509 .
2406 2461 2480 2509 α’.

2155 2461 2372 2527 κεφάλ.
2406 2461 2480 2509 α’.

2153 2549 2543 2618 Φιλάνθρωπον
2597 2545 2961 2616 διαφερόντως
3022 2545 3056 2614 ἡ
3113 2541 3362 2611 θεαρχία,
3418 2542 3498 2594 δτι
3555 2542 3670 2602 τοῖς

2084 2641 2205 2696 καθ’
2256 2641 2404 2710 ἡμᾶς
2451 2639 2586 2709 πρὸς
2617 2638 2874 2709 ἀλήθειαν
2905 2638 3101 2699 ὀλικῶς
3130 2638 3188 2689 ὲν
3237 2637 3336 2706 μιᾷ
3365 2634 3473 2687 τῶν
3496 2633 3669 2703 αὐτῆς

2085 2732 2434 2786 ὁποστάσεων
2480 2728 2861 2799 ἐκοινώνησεν,
2915 2729 3332 2798 ἀνακαλουμένη
3377 2730 3513 2796 πρδς
3543 2726 3672 2778 ἑαυ-

2079 2820 2198 2891 τὴν,
2251 2820 2346 2874 καὶ
2400 2817 2713 2871 ἀνατιθεῖσα
2757 2817 2857 2888 τὴν
2900 2815 3249 2886 ἀνθρωπίνην
3298 2815 3576 2883 ἐσχατιάν,
3611 2813 3670 2879 ἐξ

2083 2910 2148 2985 ἦς
2195 2911 2514 2982 ἀφθέγκτως
2546 2910 2574 2962 6
2601 2909 2810 2974 ἁπλοῦς
2853 2909 3063 2982 Ἰησοῦς
3108 2909 3390 2979 συνετέθη,
3428 2910 3520 2961 καὶ
3561 2925 3674 2961 πα-

2089 3005 2348 3074 ράστασιν
2386 3001 2572 3070 εἴληφε
2603 3002 2878 3072 ’χρονικὴν
2937 3003 2965 3054 6
3010 3000 3198 3066 ἀΐδιος,
3254 3002 3347 3053 καὶ
3397 2999 3527 3053 εἴσω
3570 2998 3672 3068 τῆς

2087 3095 2212 3150 καθ’
2247 3096 2394 3165 ἡμᾶς
2437 3095 2676 3163 ἐγεγόνει
2728 3093 2943 3162 φύσεως
2985 3094 3013 3146 6
3046 3093 3227 3162 πάσης
3258 3092 3356 3159 τῆς
3395 3090 3534 3145 κατὰ
3568 3091 3672 3159 φύ-

390 3184 639 3239 ordincm
654 3197 818 3251 supra
836 3180 1054 3235 modum
1075 3180 1326 3234 essentia:
1351 3195 1412 3232 su
1421 3188 1597 3248 perat,
1613 3178 1753 3231 intra
1775 3188 1974 3232 natura:

2092 3202 2175 3240 σιν
2231 3156 2410 3238 πάσαν
2475 3156 2687 3250 τάξεως
2739 3156 3084 3253 υπερουσίως
3151 3156 3471 3252 ἐκδεδηκὼς
3530 3156 3671 3251 μετὰ

390 3283 592 3329 nostrae
613 3273 878 3327 terminos
895 3271 1112 3341 genitus
1133 3280 1238 3338 est,
1265 3272 1337 3324 ita
1368 3279 1570 3334 tamen,
1592 3278 1650 3323 ut
1672 3283 1790 3338 qua:
1812 3268 1980 3338 ipsius

389 3377 520 3434 .nnt
555 3363 803 3435 propria,
839 3362 1256 3433 haudquaquam
1314 3371 1542 3423 mutata,
1607 3371 1700 3414 aut
1757 3359 1978 3414 confusa

389 3466 698 3511 witset'vct.

483 3565 748 3634 "Ejusdem
788 3582 848 3618 ex
880 3582 1000 3633 cap.
1039 3565 1092 3629 2,
1127 3567 1188 3618 de
1218 3564 1494 3631 conjuncta
1527 3562 1873 3630 (Lstintuqne

897 3636 1205 3690 Divimtatis
1251 3637 1474 3686 ratione.

458 3738 770 3805 Quinetiam
796 3735 867 3807 {id
885 3731 1030 3802 quod
1053 3731 1105 3783 in
1127 3729 1279 3782 omni
1312 3727 1580 3798 theologia
1602 3727 1832 3781 maxime
1857 3742 1979 3796 per-

390 3836 641 3903 spicuum
673 3832 775 3898 est)
812 3827 999 3882 divina
1024 3821 1155 3877 Jcsu
1186 3824 1239 3875 in
1264 3832 1457 3874 natura
1484 3833 1667 3876 nostra
1705 3820 1974 3880 formatio.

385 3941 488 3982 nec
502 3923 747 3979 oratione
777 3917 1190 3989 ullaexplieari,
1209 3929 1311 3969 nec
1337 3915 1404 3969 ab
1417 3915 1524 3968 ulla
1543 3925 1745 3979 mente,
1777 3928 1878 3966 nec
1910 3911 1977 3965 ab

386 4023 506 4086 ipso
521 4017 738 4084 quidem
768 4008 1272 4080 antiquissimorum
1310 4008 1628 4076 angelorum
1664 4008 1841 4076 primo
1878 4021 1974 4075 po-

385 4119 494 4162 test
512 4104 898 4176 intelligi.Nam
930 4100 1075 4172 quod
1093 4100 1386 4154 humanam
1407 4097 1698 4152 essentiam
1719 4110 1972 4166 assump-

385 4201 540 4263 serit,
571 4214 636 4254 ex
671 4195 944 4266 mysteriis
989 4196 1321 4263 accepimus.
1372 4188 1656 4254 Quomodo
1694 4197 1874 4242 autum
1906 4201 1972 4241 es

380 4291 638 4361 virgineis
667 4287 1042 4358 sanguinibus,
1081 4285 1185 4337 alia
1215 4284 1330 4352 lege
1363 4289 1559 4351 praeter
1583 4288 1834 4334 naturam
1864 4278 1975 4333 for-

383 4395 563 4439 matus
586 4381 676 4447 sit,
699 4377 1038 4448 etquomodo
1057 4390 1222 4445 super
1249 4371 1529 4428 humidam
1559 4382 1613 4426 et
1662 4369 1972 4426 instabilem

382 4490 535 4546 aqua:
561 4482 811 4526 naturam
833 4468 997 4525 siccis
1032 4467 1260 4537 pedibus
1290 4464 1489 4520 molem
1538 4478 1858 4533 corpoream
1918 4471 1974 4517 et

383 4568 620 4622 materiae
654 4563 868 4635 pondus
900 4556 1230 4616 habentibus
1265 4555 1647 4622 ambulaverit,
1681 4563 1737 4610 et
1763 4555 1974 4624 reliqua

382 4660 720 4728 oinnia,qua:
740 4665 935 4710 natura
967 4652 1345 4723 praestantiora
1374 4649 1426 4704 in
1477 4648 1598 4718 ipso
1638 4647 1768 4703 Jesu
1792 4647 1976 4702 consi-

383 4755 663 4814 derantur,
692 4748 962 4810 elIecerit,
999 4745 1338 4815 ignoramus.

562 4863 814 4933 Ejusdem
844 4875 907 4914 ex
933 4858 1251 4927 epistolam!
1283 4854 1477 4910 Gaium
1507 4855 1792 4908 medicum.

451 5015 1217 5091 Quomodohinquies,Jesus,
1248 5013 1339 5083 qui
1375 5013 1630 5068 omnibus
1667 5012 1969 5076 antecellit,

383 5132 507 5170 cum
547 5114 802 5168 omnibus
831 5125 925 5181 per
955 5109 1248 5162 essentiam
1277 5107 1606 5161 constitutus
1637 5117 1720 5160 est
1735 5106 1758 5159 ’ἒ
1783 5105 1970 5174 Neque

383 5209 558 5273 enim,
585 5217 638 5260 ut
673 5214 758 5260 est
795 5202 1078 5259 hominum
1115 5209 1322 5261 auctor,
1355 5197 1449 5252 sed
1483 5212 1540 5251 ut
1573 5205 1680 5252 tota
1728 5199 1840 5268 ipsa
1870 5198 1970 5251 ho-

382 5303 547 5356 minis
571 5298 807 5356 essentia
825 5310 952 5351 vcre
982 5293 1145 5347 homo
1163 5292 1400 5355 exsistit,
1428 5292 1593 5344 homo
1616 5291 1840 5345 dicitur.
1861 5289 1968 5345 Nos

383 5404 563 5449 autem
597 5407 706 5446 non
732 5391 972 5444 humana
999 5383 1208 5438 ratione
1227 5380 1417 5436 Jesum
1440 5379 1751 5436 deﬁnimus.
1781 5381 1968 5450 Neque

383 5485 532 5539 enim
556 5493 639 5538 est
661 5483 823 5536 homo
848 5488 1082 5536 tantum.
1103 5490 1280 5544 neque
1327 5475 1566 5529 essentia
1598 5475 1966 5545 praestantior,

385 5585 655 5647 quatenus
686 5576 847 5644 homo
877 5573 1053 5627 solum
1080 5569 1211 5635 ;sed
1245 5584 1368 5622 vere
1395 5577 1476 5621 est
1508 5567 1689 5628 homo,
1742 5566 1830 5634 qui
1859 5566 1966 5618 ixi-

386 5669 493 5724 tnie
519 5668 770 5722 homines
796 5665 1025 5730 diligens
1073 5675 1238 5729 supra
1292 5658 1563 5723 homines,
1583 5668 1640 5711 et
1665 5657 1966 5711 secundum

386 5762 660 5832 homines,
690 5773 755 5816 ex
787 5758 1068 5815 hominum
1101 5752 1363 5818 essentia,
1389 5764 1512 5805 cum
1541 5751 1786 5809 essentia
1809 5765 1963 5819 snpe-

2089 3278 2186 3346 τῆς
2232 3275 2576 3346 ἀμεταόόλου
2626 3275 2720 3328 καὶ
2767 3273 3076 3345 ἀσυγχύτου
3105 3273 3214 3327 τῶν
3262 3273 3478 3328 οίκεέων
3522 3273 3674 3345 ἱδρύ-

2091 3386 2249 3429 σεως.

2094 3569 2204 3624 Τοῦ
2233 3569 2420 3623 αὐτοῦ
2451 3568 2519 3622 ἐκ
2550 3569 2654 3623 τοῦ
2681 3567 2742 3634 ,β’
2777 3571 3107 3639 κεφαλαίου
3140 3569 3246 3623 τοῦ
3269 3572 3400 3636 περὶ
3429 3568 3666 3639 ἡνωμέ-

2325 3656 2436 3706 νης
2475 3641 2571 3693 καί
2609 3638 3062 3706 διακεκριμέγης
3091 3642 3416 3709 θεολογίας.

2171 3730 2332 3782 Ἀλλά
2387 3733 2479 3782 καὶ
2524 3730 2585 3783 τὸ
2631 3731 2810 3798 πάσης
2845 3731 3119 3799 θεολογίας
3157 3733 3570 3801 ἑκφανέςτατον,
3626 3734 3664 3802 ὴ

2087 3821 2208 3875 καθ’
2237 3823 2386 3892 ἡμᾶς
2428 3820 2602 3890 Ἰησοῦ
2635 3821 2986 3888 θεοπλαστία,
3021 3823 3114 3876 καὶ
3155 3822 3385 3894 ἄρρητός
3419 3822 3536 3874 ἐστι
3567 3821 3660 3874 λό-

2085 3931 2168 3983 γῳ
2217 3914 2401 3978 παντὶ,
2449 3915 2541 3966 καὶ
2592 3915 2866 3981 ἄγνωστος
2914 3912 2990 3985 νῷ
3039 3915 3221 3982 παντῖν
3266 3915 3358 3968 καὶ
3409 3914 3557 3984 αὐτῷ
3585 3915 3668 3987 τῷ

2085 4004 2374 4074 πρωτίστῳ
2417 4004 2526 4057 τῶν
2559 4005 2947 4074 πρεσσυτάτων
2990 4005 3262 4074 ἀγγέλων.
3316 4007 3425 4059 Καὶ
3469 4008 3531 4060 τδ
3564 4007 3666 4077 μὲν

2085 4095 2353 4163 ἀνδρικῶς
2393 4095 2559 4148 αὑτὸν
2623 4095 2952 4167 οὐσιωθῆναι
3000 4099 3281 4166 μυστικῶς
3321 4099 3667 4168 παρειλήφα-

2087 4197 2187 4248 μεν
2213 4195 2228 4209 ·
2272 4179 2578 4251 ἀγνοοῦμεν
2627 4180 2683 4234 δὲ
2735 4182 2882 4244 ὅπως
2922 4184 2985 4236 ὲκ
3033 4184 3382 4255 παρθενικῶν
3415 4185 3667 4254 αἱμάτων

2085 4271 2257 4341 ἑτέρῳ
2322 4271 2469 4342 παρὰ
2527 4273 2626 4341 τὴν
2680 4273 2845 4340 φύσιν
2900 4261 3247 4329 διεπλάττετο
3303 4275 3512 4347 θεσμῷ,
3571 4277 3672 4331 καὶ

2082 4363 2230 4426 ὅπως
2282 4363 2537 4435 ἀϐρόχοις
2578 4366 2704 4417 ποσὶ
2759 4366 3069 4436 σωματικὸν
3110 4367 3278 4436 ὄγκον
3324 4367 3507 4438 ἔχουσι
3572 4369 3672 4422 καὶ

2085 4451 2216 4524 ὕλης
2244 4453 2406 4524 βάρος
2433 4453 2726 4524 ιπορεύετο
2741 4455 2840 4526 τὴν
2863 4458 3035 4527 ὑγρὰν
3064 4457 3157 4510 καὶ
3186 4446 3416 4511 ἄστατον
3445 4458 3670 4524 οὑσῗαν,

2082 4548 2178 4600 καὶ
2210 4546 2277 4599 τὰ
2306 4545 2444 4600 ἄλλα
2471 4549 2571 4600 ὅσα
2606 4547 2702 4617 τῆς
2742 4547 3056 4619 ὑπερῳυοῦς
3085 4549 3232 4603 ἐστιν
3275 4549 3448 4620 Ἰησοῦ
3479 4565 3672 4619 φυσιο-

2075 4634 2282 4704 λογίας.

2082 4855 2191 4909 Τοῦ
2213 4856 2400 4909 αὺτοῦ
2430 4857 2497 4910 ἐκ
2545 4856 2656 4926 τῆς
2691 4859 2840 4925 πρὸς
2859 4860 3066 4982 νζᾀῖον
3098 4861 3477 4927 θεραπευτὴν
3542 4861 3679 4916 ἑπι-

2744 4945 2857 4981 στο
2903 4948 2997 4982 nc.
3196 4951 3200 4954 ι

2744 4945 2997 4998 στονιης.
3196 4951 3200 4954 ι

2149 5019 2292 5085 Πῶς,
2327 5021 2455 5091 φῂς,
2489 5020 2695 5084 Ἰησοῦς
2723 5023 2749 5074 ὁ
2783 5023 2997 5075 πάντων
3029 5022 3282 5076 ἐπέκεινα
3325 5024 3401 5076 πᾶ
3415 5024 3492 5075 τίν
3518 5027 3677 5079 ἐσ.ιν

2075 5111 2346 5173 οὐσιωδ;ἶ›ς
2382 5114 2849 5181 συντεταγμένος
2883 5116 2958 5166 UO
3006 5113 3114 5183 γὰρ
3143 5115 3217 5174 ὡς
3247 5115 3417 5177 αίτιος
3449 5117 3675 5184 ἀνθρώ-

2075 5220 2193 5256 πων
2253 5201 2472 5270 λέγεται
2516 5202 2822 5271 ἄνθρωπος,
2869 5203 2986 5256 ἀλλ’
3018 5204 3093 5266 ὡς
3144 5205 3277 5258 αὐτὸ
3321 5206 3440 5258 κατ’
3475 5206 3678 5260 οὐσίαν

2071 5293 2203 5364 ὃλην
2265 5293 2480 5364 ἀληθῶς
2518 5292 2804 5364 ἄνθρωπος
2844 5292 2942 5348 ὢν.
2985 5293 3174 5361 Ἡμεῖς
3225 5295 3280 5348 δὲ
3318 5295 3408 5348 τὸν
3455 5295 3679 5366 Ἰησοῦν

2073 5384 2174 5436 οὐκ
2207 5381 2573 5454 ἀνθρωπικῶς
2623 5380 2982 5450 ἀφορίζομεν.
3035 5382 3170 5435 Οὐδὲ
3221 5383 3330 5452 γὰρ
3377 5379 3674 5450 ἄνθρωπος

2078 5475 2257 5546 μόνον,
2303 5476 2422 5529 οὐδὲ
2471 5475 2815 5546 ὑπεροὺσιος,
2854 5469 2887 5549 ᾖ
2935 5475 3222 5545 ἄνθρωπος
3268 5476 3452 5545 μόνον,
3514 5473 3660 5528 ἀλλὰ

2075 5566 2365 5636 ἄνθρωπος
2457 5567 2679 5638 ἀληθῶς,
2736 5567 2762 5619 6
2826 5567 3198 5637 διαφερόντως
3257 5566 3673 5635 φιλάνθρωπος,

2078 5661 2216 5732 ὑπὲρ
2293 5666 2634 5734 ἀνθρώπους,
2694 5663 2787 5716 καὶ
2852 5663 2992 5716 κατά
3057 5661 3400 5732 ἀνθρώπους,
3454 5662 3518 5713 ἐκ
3569 5660 3677 5730 τῆς

2073 5751 2378 5821 ἀνθρώπων
2413 5749 2612 5816 busta;
2659 5757 2685 5807 ὁ
2730 5753 3053 5824 ὑπερούσιος
3105 5752 3456 5823 οὺσιωμένος.
3509 5749 3680 5804 Ἔστι
