3994 6204
272 342 378 405 $09

1227 341 1603 403 PANOPLIA
1647 342 2101 405 DOGMATICA.
2142 369 2210 379 —
2243 345 2392 406 TIT.
2425 346 2559 409 VII.

3414 346 3544 408 am

274 458 328 509 δὲ
369 456 529 509 οὐδὲν
574 450 736 526 ἦττον
788 452 1246 523 υπερουσιότητος
1291 455 1650 525 ὑπερπλήρης
1685 455 1714 507 ὁ
1769 456 1858 508 ἀεὶ⁸

1981 455 2077 508 -ior
2092 466 2254 523 esset,
2270 459 2563 512 essentiam
2585 455 2877 527 assumpsit
2894 457 3207 520 humanam,
3230 467 3285 512 et
3303 461 3545 513 essentia

275 538 625 616 ὐπεροὸσιος.
674 545 891 614 ’Δμὲλει
939 548 1002 612 τῇ
1036 544 1236 611 ταύτης
1289 545 1600 614 περιουσίᾳ,
1651 547 1745 598 καὶ
1778 546 1857 608 είς

275 640 468 692 οὐσίαν
528 638 747 705 ἀληθῶς
804 634 978 690 ἐλθὼν
1028 635 1171 706 ὑπὲρ
1215 634 1407 689 οὐσίαν
1459 634 1719 703 οὐσιώθη,
1764 638 1859 690 καὶ⁸

276 730 418 798 ὑπὲρ
461 728 755 799 ἄνθρωπον
803 728 1029 797 ὶνήργει
1086 727 1157 779 τὰ
1202 725 1518 797 ἀνθρώπου.
1560 728 1671 782 Καὶ
1712 728 1862 798 δηλοῖ

277 821 550 890 παρθένος
572 819 870 891 ὑπερφυῶς
907 819 1135 878 κύουσα.
1168 817 1264 871 καὶ
1305 816 1450 888 ὕδωρ
1485 818 1718 872 ἄστατον
1749 819 1859 872 ὑλι-

275 913 387 966 κῶν
425 912 522 965 καὶ
554 911 776 983 γεηρῶν
816 910 996 963 ποδῶν
1042 908 1234 978 ἀνέχον
1262 909 1452 979 βάρος,
1476 910 1571 961 καὶ
1606 911 1680 979 μὴ
1704 910 1859 963 {msi-

272 1020 389 1068 κον,
434 1002 552 1056 ἀλλ’
594 1003 869 1071 ὑπερφυεῖ
895 1002 1120 1069 δυνάμει
1156 1000 1293 1072 πρὸς
1329 1001 1389 1053 τὸ
1419 1000 1707 1069 ἀδιάχυτον
1737 1017 1862 1053 συν-

272 1097 589 1166 ιστάμενον.
621 1095 689 1147 Τί
734 1094 801 1149 ἀν
830 1111 915 1156 τις
943 1094 1011 1147 τὰ
1041 1092 1215 1146 πολλὰ
1239 1091 1533 1161 πάμπολλα
1562 1093 1692 1145 ὄντα
1719 1092 1859 1146 διέλ-

271 1188 377 1252 θοι,
411 1187 483 1241 δι’
513 1181 589 1240 ὧν
618 1188 645 1239 ὁ
675 1185 835 1249 θείως
866 1184 1010 1255 ὀρῶν
1037 1184 1178 1253 ὑπὲρ
1218 1183 1343 1237 νοῦν
1369 1183 1635 1252 γνώσεται
1666 1186 1759 1238 καὶ
1789 1184 1858 1237 τά

268 1284 365 1338 ἐπὶ
418 1285 487 1352 τῇ
559 1278 943 1351 φιλανθρωπίᾳ
985 1279 1080 1331 τοῦ
1140 1276 1319 1348 Ἰησοῦ
1373 1278 1855 1347 καταφασκόμενα,

267 1374 507 1445 δύναμιν
554 1373 898 1443 ὑπεροχικῆς
930 1370 1260 1438 ἀποφάσεως
1315 1368 1547 1438 ἔχοντας
1586 1369 1694 1422 Καὶ
1725 1368 1858 1439 γὰρ,

270 1466 361 1518 ἵνα
396 1465 716 1526 συνελόντες
758 1462 1027 1531 εἴπωμεν,
1057 1460 1179 1515 οὐδὲ
1210 1460 1497 1530 ἄνθρωπος
1536 1455 1625 1530 ἦν,
1657 1461 1757 1530 ορχ
1784 1462 1860 1523 ὡς

270 1559 348 1627 μὴ
406 1557 713 1627 ἄνθρωπος,
773 1553 891 1608 ἀλλ’
936 1553 1011 1615 ὡς
1062 1552 1125 1617 ἐξ
1177 1550 1509 1623 ἀνθρώπων,
1555 1550 1860 1623 ἀνθρώπων

268 1649 573 1711 ἐπέκεινα,
631 1646 727 1700 καὶ
780 1645 924 1716 ὑπὲρ
970 1643 1254 1715 ἄνθρωπον
1312 1642 1530 1711 ἀληθῶς
1575 1641 1860 1712 ἄνθρωπος

268 1737 535 1807 γεγονώς.
587 1738 699 1792 Καὶ
745 1737 805 1790 τὸ
846 1736 1036 1789 λοιπὸν
1079 1735 1139 1788 οὐ
1175 1733 1314 1788 κατὰ
1344 1733 1632 1803 ἄνθρωπον
1669 1734 1737 1787 τὰ
1765 1734 1859 1787 ἀν-

1964 550 2145 600 tamen
2171 561 2388 601 omnem
2420 548 2715 602 essentiam
2748 559 3064 618 superante,
3108 556 3169 600 tit
3204 548 3296 617 qui
3329 560 3546 617 semper

1962 636 2200 691 essentia
2233 637 2667 705 sitexellentior,
2693 655 2855 709 quam
2896 638 3273 709 plenissimus.
3306 638 3420 693 Hac
3456 638 3543 691 ni-
3638 704 3641 707 _

1965 726 2160 781 mirum
2175 729 2484 784 exuberans
2500 731 2849 795 excellentia,
2870 747 2991 786 cum
3014 732 3079 785 ad
3100 740 3337 785 nostram
3356 743 3547 783 essen-

1964 818 2090 870 tiam
2114 835 2239 874 vere
2264 821 2638 887 descenderet,
2664 837 2783 877 eam
2808 824 3018 877 ratione
3044 823 3219 892 ipsam
3251 820 3546 876 essentiam

1964 919 2259 977 superante
2278 912 2598 984 assumpsit,
2618 924 2668 968 et
2692 930 2780 967 res
2798 915 3065 967 humanas
3085 926 3248 982 supra
3268 912 3548 966 hominem

1963 1005 2147 1075 gessit.
2175 1003 2374 1060 Indicia
2396 1017 2543 1074 sunt,
2560 1008 2722 1078 Virgo
2741 1021 2905 1076 supra
2921 1012 3169 1058 naturam
3194 1004 3537 1072 concipiens,
3599 1029 3607 1079 ς

1962 1108 2017 1151 et
2037 1112 2173 1166 aqua
2202 1097 2468 1153 instabilis
2502 1101 2696 1168 pedum
2720 1114 2786 1151 ex
2804 1097 3027 1151 materia
3082 1094 3443 1149 constantiam
3492 1102 3549 1146 et

1966 1195 2304 1241 tcrrenorum
2354 1192 2567 1258 pondus
2616 1192 2898 1244 sustinens
2925 1200 2979 1243 et
3026 1187 3161 1242 nihil
3195 1187 3418 1249 cedens,
3449 1186 3547 1238 sed

1964 1277 2204 1345 potentia
2236 1285 2482 1332 naturam
2516 1296 2669 1350 aquae
2695 1282 2949 1335 vincente
2980 1280 3044 1333 ad
3068 1279 3292 1333 solidam
3317 1294 3375 1331 se
3408 1276 3548 1329 redi-

1963 1383 2097 1438 gens
2142 1368 2477 1425 ﬁrmitatem.
2506 1373 2642 1439 Quis
2658 1389 2717 1428 ea
2749 1390 2859 1442 prae
2880 1372 3230 1427 multitudine
3257 1382 3550 1439 persequa-

1963 1470 2070 1523 tur,
2096 1476 2158 1515 ex
2178 1464 2498 1535 quibus,qui
2518 1464 2699 1519 divine
2718 1465 3094 1532 cernit,supra
3133 1460 3547 1530 intelligentiam

1924 1622 1927 1623 ν
1965 1550 2248 1622 intelliget,
2272 1555 2360 1608 illa
2389 1557 2573 1621 etiam,
2604 1573 2724 1625 qua:
2755 1557 2823 1611 de
2858 1555 3201 1610 humanitate
3242 1552 3370 1607 Jesu
3407 1550 3549 1604 aliir-

1964 1653 2202 1708 mantur,
2247 1646 2718 1702 excellentissima:
2771 1646 3074 1717 negationis
3118 1644 3223 1699 vim
3264 1642 3549 1697 obtinere?

1967 1734 2145 1804 Atque
2202 1746 2262 1790 ut
2292 1752 2482 1792 eorum
2542 1755 2810 1794 summam
2871 1737 3056 1808 paucis
3097 1736 3546 1804 complectamur.

268 1830 565 1900 θρώπινα,
636 1828 775 1883 ἀλλά
833 1826 1201 1898 ἀνδρωθέντος
1262 1824 1424 1889 Θεοῦ,
1485 1824 1683 1894 καινήν
1743 1841 1865 1877 τινα

1981 1841 2146 1895 neque
2166 1828 2330 1885 homo
2359 1838 2495 1895 erat,
2524 1845 2633 1885 non
2685 1831 2828 1900 quod
2854 1845 2963 1884 non
3022 1837 3167 1883 esset
3227 1829 3410 1890 homo,
3454 1825 3550 1878 sed

266 1921 371 1989 τὴν
393 1919 726 1990 Θεανδρικὴν
770 1916 1052 1987 ἐνέργειαν
1080 1917 1214 1985 ἡμῖν
1241 1913 1722 1983 πεπολιτευμένος.

1972 1920 2117 1988 quod
2150 1937 2213 1976 ex
2244 1923 2580 1988 hominibus,
2605 1924 2968 1991 praestantius,
3002 1938 3162 1992 quam
3194 1920 3464 1982 homines,
3495 1924 3551 1970 ct

265 2026 437 2082 supra
470 2012 749 2067 hominem
767 2026 895 2066 vere
934 2010 1099 2064 homo
1146 2008 1321 2063 factus
1371 2015 1476 2072 est,
1518 2014 1573 2061 et
1622 2006 1884 2078 deinceps
1940 2025 2120 2081 neque
2147 2014 2387 2070 divinam
2432 2025 2491 2071 ut
2531 2016 2691 2081 Deus,
2722 2031 2901 2086 neque
2940 2015 3234 2070 humanam
3280 2022 3337 2067 ut
3364 2012 3548 2073 homo,

266 2105 369 2159 sed
395 2105 546 2175 (Deo
573 2104 797 2159 homine
820 2100 1007 2171 facto)
1042 2114 1237 2156 novam
1286 2098 1576 2169 quamdam
1606 2113 1673 2153 ex
1713 2098 1895 2155 divina
1940 2101 2288 2176 humanaque
2323 2108 2535 2165 ratione
2582 2108 2901 2179 permistam
2960 2106 3229 2163 actionem
3263 2103 3548 2159 nobiscum

267 2213 503 2253 versans
525 2196 798 2251 exhibuit.

347 2292 461 2346 Τοῦ
489 2291 679 2346 αὐτοῦ
704 2292 775 2345 ἐκ
802 2288 921 2345 τῶν
948 2287 1310 2361 θεολογικῶν
1341 2288 1801 2357 στοιχειώσεων.

349 2385 515 2440 Ἐπεὶ
538 2386 598 2440 δὲ
630 2384 724 2439 καὶ
752 2385 855 2448 ἕως
886 2383 1104 2455 φύσεως
1143 2385 1249 2437 ὑπὸ
1295 2382 1704 2453 φιλανθρωπίας
1737 2383 1862 2452 ὲλή-

270 2479 423 2541 λυθε,
478 2478 579 2531 καὶ
628 2477 849 2548 ἀληθῶς
892 2477 1156 2546 οὐσιὼθη,
1208 2476 1302 2529 καὶ
1338 2475 1477 2546 ἀνὴρ
1517 2477 1545 2529 ὁ
1595 2474 1859 2546 ὑπέρθεος

271 2568 655 2638 ἐχρημάτισεν
715 2568 867 2638 (ἵλεω
906 2568 962 2621 δὲ
992 2568 1079 2636 εἴη
1110 2567 1248 2635 πρὸς
1288 2566 1443 2636 ἡμῶν
1472 2566 1541 2618 τά
1566 2564 1707 2634 ὑπὲρ
1734 2563 1858 2618 νοῦν

2274 2294 2525 2362 Ejusdem
2550 2291 2615 2347 ex"
2646 2289 2947 2364 theologicis
2970 2292 3252 2346 elementis.

2040 2382 2147 2438 Sed
2187 2385 2445 2453 quoniam
2484 2400 2583 2440 suo
2612 2400 2737 2456 erga
2783 2400 2881 2441 nos
2939 2398 3124 2437 amore
3181 2381 3440 2436 incitatus
3483 2383 3550 2436 ad

1967 2486 2210 2531 nostram
2242 2493 2414 2548 usque
2445 2487 2697 2533 naturam
2725 2478 2891 2541 venit,
2915 2487 2970 2534 et
2987 2476 3079 2546 qui
3126 2478 3371 2531 Summus
3411 2475 3553 2528 Deus

1966 2576 2069 2633 est,
2099 2584 2228 2624 vere
2265 2570 2441 2626 iactus
2467 2579 2523 2625 et
2552 2581 2781 2625 vocatus
2820 2578 2903 2625 est
2926 2569 3092 2623 homo
3128 2566 3391 2638 (prepitia
3415 2568 3549 2629 sint,

272 2662 365 2714 καὶ
393 2662 555 2729 λόγον
586 2660 944 2732 ὑμνούμενα),
965 2661 1067 2714 κάν
1086 2659 1293 2721 τούτοις
1321 2657 1436 2728 ἔχει
1465 2657 1525 2711 τὸ
1579 2657 1859 2728 ὑπερφυὲς

1981 2675 2085 2729 luas
2143 2668 2380 2716 mentem
2426 2662 2768 2717 etrationem
2828 2660 3139 2732 superantia
3172 2675 3201 2713 a
3230 2660 3388 2714 nobis
3407 2657 3551 2713 cele-

273 2753 371 2807 καὶ
405 2752 763 2823 ὑπερούσιον,
818 2752 880 2805 οὐ
916 2752 1096 2822 μόνον,
1205 2748 1583 2812 ἀναλλοιώτως
1610 2746 1862 2818 ἡμῖνκαὶ

1981 2754 2251 2821 arantur),
2288 2753 2341 2807 in
2368 2754 2453 2808 his
2471 2769 2690 2825 quoque
2719 2754 2799 2808 vis
2822 2754 2941 2824 ejus
2974 2760 3168 2807 natura
3204 2750 3553 2818 essentiaque

275 2844 613 2913 ἀσυγχύτως
668 2843 1039 2913 κεκοινώνηκε
1106 2840 1273 2911 μηδὲν
1331 2839 1611 2903 πεπονθὼς
1671 2842 1751 2903 εἰς
1802 2838 1865 2892 τὸ

1981 2842 2254 2897 sublimior
2276 2844 2508 2900 exsistit.
2530 2845 2647 2901 Non
2670 2846 2843 2901 solum
2862 2845 2988 2915 quia
3006 2845 3138 2899 nihil
3159 2851 3378 2914 propter
3397 2841 3551 2895 inex-

276 2935 639 3005 ὑπερπλῆρες
668 2932 836 2988 αὐτοῦ
891 2933 1029 3004 πρὸς
1068 2933 1170 3001 τῆς
1208 2930 1521 2999 ἀφθέγκτου
1563 2929 1866 2994 κενώσεως,

1981 2935 2279 3005 plieabilem
2334 2937 2757 2992 exinanitionem
2793 2937 2849 2991 in
2885 2937 3219 2992 exuberante
3251 2949 3345 2988 sua
3374 2932 3550 3002 pleni-

278 3027 393 3079 ἀλλ’
419 3029 507 3079 ὅτι
538 3026 642 3079 καὶ
684 3026 747 3078 τὸ
788 3025 1007 3079 πάντων
1041 3023 1247 3077 καινῶν
1292 3023 1612 3077 καινότατον
1656 3025 1713 3076 ὲν
1751 3025 1864 3086 τοῖς

1981 3027 2160 3082 tudine
2182 3042 2497 3097 perpessus,
2522 3044 2580 3085 se
2600 3029 2757 3084 nobis
2783 3030 2902 3085 sine
2926 3027 3308 3083 immutatione
3340 3033 3396 3079 et
3419 3038 3556 3078 con—

278 3118 535 3182 tpuztxoi;
596 3116 755 3185 ἡμῶν
807 3114 1091 3186 ὑπερφυὴς
1141 3110 1246 3185 ἦν,
1302 3114 1360 3166 ὲν
1419 3115 1533 3176 τοῖς
1592 3114 1713 3167 κατ’
1776 3114 1866 3165 οὗ·

1981 3115 2184 3172 Γυεὶοιιο
2233 3119 2676 3183 communicavit,
2707 3134 2899 3174 verum
2944 3119 3106 3174 etiam
3134 3116 3313 3189 (quod
3368 3130 3551 3169 rerum

278 3209 405 3260 σίαν
472 3206 828 3276 ύπερούσιος,
882 3206 1064 3261 πάντα
1117 3205 1278 3277 ἡμῶν
1307 3204 1447 3275 ὑπὲρ
1496 3206 1645 3275 ἡμᾶς
1696 3204 1865 3275 ὑπερ-

281 3302 447 3369 έχων.

1970 3208 2215 3262 omnium
2236 3208 2634 3264 admirabilium
2656 3211 2984 3265 cstmaxime
3011 3207 3358 3277 admirabile)
3391 3206 3442 3259 in
3465 3206 3551 3267 iis,

1971 3315 2092 3369 quae
2118 3300 2387 3355 naturalia
2412 3310 2562 3366 sunt,
2579 3315 2741 3371 supra
2770 3310 3019 3354 naturam
3036 3298 3158 3363 fuit,
3176 3298 3471 3365 iniis,quae
3484 3294 3557 3348 ad

280 3398 582 3452 essentiam
644 3406 939 3467 pertinent,
965 3411 1129 3467 super
1178 3400 1496 3461 essentiam,
1545 3394 1725 3451 omnia
1771 3408 1893 3465 quae
1940 3408 2123 3453 nostra
2150 3407 2299 3461 sunt,
2324 3413 2388 3453 ex
2418 3399 2595 3465 nobis,
2624 3408 2679 3454 et
2711 3414 2872 3469 supra
2903 3412 3003 3453 nos
3027 3395 3311 3453 excellenti
3344 3392 3554 3449 ratione

282 3495 600 3565 possidens.

290 3608 403 3663 τοῦ
430 3608 630 3663 αὐτοῦ
648 3607 718 3661 ὲκ
747 3607 853 3662 τοῦ
896 3608 1082 3677 λόγου
1110 3607 1217 3661 τοῦ
1240 3607 1373 3674 περὶ
1408 3605 1515 3675 τῆς
1544 3606 1870 3674 ἐκκλησια-

805 3678 1020 3746 στικῆς
1043 3678 1370 3745 ἱεραρχίας.
1445 3690 1455 3699 '

372 3770 437 3822 Ἦ
466 3770 523 3823 δὲ
565 3769 666 3838 τῆς
690 3767 986 3837 θεαρχικῆς
1013 3766 1350 3836 ἀγαθότητος
1384 3768 1718 3836 ἀπειροτατη
1748 3766 1869 3834 φιλ-

292 3859 578 3932 ανθρωπία
634 3860 694 3912 ὲν
730 3856 920 3927 ἀληθεί
970 3857 1184 3925 μεθέξει
1233 3856 1343 3909 τῶν
1380 3856 1503 3910 καθ’
1537 3858 1681 3926 ἡμᾶς
1715 3873 1871 3924 γενο-

297 3955 430 4023 μένη
459 3950 856 4021 ἀναμαρτήτῳ,
885 3949 979 4003 καὶ
1015 3949 1150 4019 πρὸς
1194 3948 1257 4001 τὸ
1282 3946 1538 4000 ταπεινὸν
1570 3947 1727 4017 ἡμῶν
1756 3948 1871 4001 ἐνο-

296 4044 586 4114 ποιηθεῖσα
615 4040 757 4111 μετά
784 4040 883 4109 τῆς
901 4040 1009 4092 τῶν
1029 4039 1248 4093 οἰκείων
1275 4039 1586 4108 ἀτυγχύτου
1617 4039 1875 4095 καὶιάλω-

296 4136 457 4204 δήτου
503 4134 790 4196 παντελῶς
832 4133 1019 4200 ἕξεως,
1071 4133 1169 4201 τὴν
1202 4132 1338 4202 πρὸς
1380 4130 1550 4200 αὐτὴν
1584 4132 1717 4200 ἡμῖν
1745 4148 1874 4184 κοι-

300 4232 509 4292 νωνίαν,
541 4228 620 4289 ὼς
655 4226 943 4297 ὁμογενέσι
985 4224 1171 4277 λοιπὸν
1221 4222 1555 4293 ἐδωρήσατο,
1612 4223 1709 4275 καὶ
1764 4220 1873 4275 τῶν

299 4320 507 4373 οἰκείων
531 4316 773 4382 ἀνέδειξε
813 4315 1075 4387 μετόχους
1104 4315 1307 4369 καλῶν.

316 4430 409 4485 Ἐκ
432 4429 545 4485 τοῦ
582 4431 774 4499 λόγου
815 4428 923 4483 τοῦ
943 4428 1075 4497 περὶ
1106 4426 1213 4494 τῆς
1234 4426 1519 4495 οὐρανίου
1545 4424 1865 4494 ιεραρχίας.
1901 4435 1950 4493 ι)

378 4520 687 4576 Ἀνανεύσω
734 4520 792 4573 δὲ
843 4518 939 4573 καὶ
971 4518 1112 4589 πρὸς
1152 4517 1251 4580 τὰς
1302 4516 1615 4588 ὑπερτάτας
1641 4516 1750 4569 τῶν
1782 4514 1871 4566 λο-

310 4616 432 4682 γίων
459 4612 788 4681 θεοφανειας
811 4627 825 4643 ·
859 4610 1118 4683 ὸρῶυγὰρ
1142 4611 1227 4665 ὃτι
1274 4608 1371 4662 καὶ
1394 4610 1558 4671 αὐτὸς
1594 4606 1800 4678 Ἰησοῦς
1834 4608 1868 4676 ἡ

313 4706 409 4759 τῶν
453 4703 875 4775 ὑπερουρανίων
916 4700 1115 4755 οὐσιῶν
1164 4700 1490 4770 ὑπερούσιος
1519 4698 1688 4761 αἰτία,
1737 4695 1877 4767 πρὸς

315 4801 369 4851 τὸ
399 4802 522 4855 καθ’
563 4800 712 4870 ἡμᾶς
754 4796 1109 4868 ἀμεταϐόλως
1150 4792 1447 4864 ἐληλυθὼς,
1488 4793 1587 4845 οὐκ
1614 4789 1871 4858 ἀποπηδᾷ

315 4890 402 4959 τῆς
456 4890 555 4944 ὑπ’
610 4889 780 4943 αὐτοῦ
823 4888 1118 4959 ταχθείσης
1166 4889 1260 4939 καὶ
1304 4886 1615 4953 αἱρεθείσης
1664 4884 1874 4951 ἀνθρω-

319 4982 609 5054 torpentia;
672 4980 957 5047 εὐταξίας,
1012 4977 1130 5031 ἀλλ’
1186 4976 1456 5039 εὐπειθῶς
1513 4973 1875 5028 ὑποτάττεται

319 5077 421 5138 ταῖς
462 5075 557 5129 τοῦ
609 5074 824 5145 Πατρὸς
871 5073 966 5126 καὶ
1010 5070 1147 5125 Θεοῦ
1195 5070 1263 5124 δι’
1299 5067 1565 5139 ’ἀγγέλων
1605 5063 1876 5119 διατυπὼ-

326 5181 474 5221 σαπν.

330 5277 440 5332 Ἔτι
472 5279 602 5345 περὶ
637 5276 748 5345 τῆς
783 5271 1530 5345 θείαςίὲνανθρωπήοεως,
1571 5268 1677 5345 τοῦ
1699 5268 1879 5345 μεγά;

384 5353 489 5401 λου
526 5337 859 5415 Γ
878 5337 995 5415 τοῦθ
1013 5337 1420 5415 Θεολόγου-ἐκ-
1431 5340 1748 5415 τούᾼλόγου
1766 5337 1878 5415 τοῦ

389 5420 469 5479 εἰς
501 5407 587 5498 εἰς’
607 5407 885 5487 fert-ialm
909 5414 1013 5469 τοῦ
1044 5407 1263 5482 Κυρίου
1301 5410 1469 5479 ἡμῶν
1518 5407 1722 5476 Ἰησοῦ
1756 5408 1879 5473 Χρι·

394 5502 554 5543 στου.

407 5576 547 5629 Ἐπεὶ
588 5578 646 5630 δὲ
680 5576 867 5663 φθόνῳ
895 5575 1167 5641 διαϐόλου,
1202 5573 1297 5626 καὶ⁸
1349 5572 1604 5641 γυναικὸς
1648 5569 1880 5640 ἐπηρείᾳ

340 5665 397 5733 ἦν
432 5684 485 5719 τε
531 5669 731 5722 ἔπαθεν
780 5666 856 5731 ὡς
893 5668 1247 5735 ἁπαλωτέρα,
1284 5666 1375 5718 καὶ
1418 5666 1481 5734 ἣν
1530 5663 1881 5734 προσήγαγεν

345 5773 407 5820 ως
448 5761 780 5833 πιθανωτέρα
813 5759 936 5832 (φεῦ
976 5764 1071 5832 τῆς
1104 5759 1241 5831 ἐμῆς
1281 5758 1559 5821 ἀσθενείας
1590 5757 1602 5809 !
1643 5754 1750 5827 ἐμὴ
1775 5754 1880 5824 γὰρ

2112 3607 2364 3675 Ejusdem
2394 3622 2457 3659 ex
2478 3606 2606 3659 libro
2627 3606 2688 3658 de
2717 3604 3065 3659 ecclesiastica
3090 3604 3410 3658 Itierarcln’a.

2050 3764 2268 3818 Inﬁnita
2312 3763 2510 3817 divinae
2543 3761 2801 3817 bonitatis
2860 3774 2985 3829 erga
3031 3773 3205 3830 genus
3253 3758 3552 3814 humanum

1978 3855 2357 3912 benevolentia
2378 3868 2506 3907 vere
2527 3868 2646 3921 quae
2691 3863 2875 3906 nostra
2908 3860 3055 3914 sunt,
3097 3864 3381 3904 assumens
3431 3849 3555 3903 sine

1978 3952 2225 4015 peccato,
2250 3958 2415 4011 seque
2436 3941 2727 3995 humilitati
2756 3948 2955 3994 nostra:
2980 3938 3339 4008 conjungens,
3362 3948 3415 3992 et
3433 3955 3557 4008 quae

1972 4032 2189 4104 propria
2225 4032 2394 4102 ipsius
2436 4037 2584 4095 sunt,
2618 4029 2738 4085 sine
2792 4029 2898 4084 ulla
2952 4043 3178 4099 prorsus
3234 4029 3554 4084 confusione

1972 4124 2462 4192 imminutioneque
2491 4114 2752 4186 retinens,
2786 4119 2943 4176 nobis
2976 4122 3085 4192 jam
3121 4128 3181 4174 ut
3210 4120 3453 4190 cognatis
3499 4135 3559 4173 se

1972 4214 2416 4279 communicavit,
2459 4222 2515 4269 et
2563 4226 2663 4267 nos
2710 4210 2975 4267 bonorum
3006 4225 3228 4265 suorum
3267 4210 3559 4279 participes

1980 4307 2130 4362 fecit.

2218 4419 2465 4489 Ejusdem
2488 4433 2551 4471 ex
2567 4417 2697 4471 libro
2713 4419 2776 4472 de
2789 4416 2979 4471 caelesti
2993 4417 3311 4471 Itierarcltia.

2050 4507 2274 4571 Verum,
2297 4517 2357 4560 ut
2377 4522 2619 4562 summas
2647 4508 2776 4561 item
2807 4522 2873 4561 ac
2907 4506 3127 4562 divinas
3168 4521 3337 4562 sacrm
3367 4505 3557 4577 Scrip-

1977 4610 2111 4656 tura:
2154 4598 2648 4655 demonstrationes
2669 4598 3121 4668 contemplemur,
3172 4598 3329 4653 video
3377 4598 3551 4666 ipsum

1977 4693 2142 4747 etiam
2173 4689 2382 4755 Jesum,
2409 4689 2499 4758 qui
2529 4687 2840 4745 sublimium
2866 4690 3224 4743 essential-um
3247 4696 3329 4742 est
3353 4698 3542 4741 auctor

1976 4782 2215 4839 essentia
2235 4780 2548 4845 sublimior,
2571 4794 2694 4833 cum
2712 4778 2779 4833 ad
2810 4794 2911 4833 nos
2933 4780 3053 4833 sine
3074 4780 3180 4833 ulla
3203 4779 3285 4833 sui
3312 4793 3557 4832 comnm-

1980 4876 2181 4930 tatione
2204 4873 2461 4937 venisset,
2485 4888 2516 4926 a
2538 4872 2653 4941 lege
2683 4879 2846 4939 atque
2892 4870 3083 4925 ordine
3104 4868 3307 4925 homini
3328 4884 3563 4937 congru-

1978 4976 2127 5030 ente,
2154 4980 2314 5035 quem
2342 4964 2457 5033 ipse
2486 4968 2751 5018 statuerat
2770 4969 2828 5016 et
2862 4961 3117 5031 elegerat,
3143 4974 3250 5014 non
3282 4959 3558 5019 recedere,

1980 5059 2074 5113 sed
2094 5057 2270 5112 Patris
2313 5065 2369 5109 et
2391 5054 2485 5109 Dei
2502 5052 2791 5118 mandatis,
2820 5066 2938 5123 qua:
2953 5066 3049 5123 per
3070 5050 3290 5122 angelos
3315 5050 3562 5105 dederat.

1981 5150 2275 5204 summisse
2302 5148 2701 5215 obtemperare.

1981 5262 2006 5318 1
2012 5272 2113 5316 tem
2128 5263 2191 5314 de
2205 5262 2380 5314 divina
2394 5260 2639 5314 humana!
2655 5260 2829 5311 carnis
2849 5257 3215 5323 assumptione.
3235 5255 3414 5323 tungni
3430 5254 3567 5305 Gre-

2052 5333 2183 5399 gorii
2203 5331 2440 5399 Tlteologi
2460 5346 2522 5384 ea:
2545 5332 2780 5384 aratione
2812 5328 2868 5380 in
2883 5324 3020 5378 diem
3057 5326 3306 5380 Natalem
3346 5324 3562 5378 Domini

2056 5402 2216 5455 nostri
2250 5399 2378 5453 Jesu
2401 5399 2613 5454 Christi.

2069 5560 2174 5615 Seu
2212 5565 2562 5630 posteaquam
2613 5556 2815 5611 invidia
2864 5554 3066 5609 diaboli
3126 5562 3181 5609 et
3223 5552 3568 5607 fraudulenta

2001 5654 2143 5707 illius
2172 5653 2427 5721 vi,qttam
2456 5649 2647 5704 mulier
2672 5658 2727 5703 ut
2760 5658 2813 5703 et
2834 5648 3157 5701 imbecillior
3190 5662 3440 5716 perpessa
3467 5654 3569 5707 cst,

1988 5757 2042 5802 et
2089 5750 2153 5801 ad
2194 5740 2820 5816 persuadentlumaptior
2841 5738 3076 5795 obtrusit
3108 5739 3223 5793 viro
3251 5739 3319 5808 (ο
3344 5738 3565 5793 inﬁrmi-
