4024 6208
458 320 560 385 2H

1706 311 2019 375 EUTHYM
2028 308 2089 372 II
2128 315 2493 381 ZIGABENI

3621 324 3733 393 212

462 442 627 489 tatem
644 445 819 488 meam
839 433 853 486 ι
874 443 992 487 mea
1009 428 1155 486 enim
1175 434 1258 485 est
1272 424 1433 498 primi
1461 424 1703 497 parentis
1726 419 2035 491 inﬁrmitas)

2139 430 2289 501 ήτοῢ
2319 431 2711 503 προπάτορος),
2754 436 2855 506 τῆς
2888 435 2990 506 μὲν
3038 437 3259 508 ἐντολῆς
3298 438 3598 496 ἐπελάθετο
3627 438 3733 509 τῆς

460 525 723 592 mandati,
747 525 892 596 quod
929 530 1215 594 acceperat
1245 520 1361 591 ipse
1391 519 1593 577 oblitus
1612 526 1719 586 est,
1766 527 1821 574 et
1849 531 2034 571 amaro

458 616 835 687 pomigustatu
872 622 1185 683 superatus,
1220 610 1387 665 simul
1421 617 1476 665 et
1502 624 1531 666 a
1554 609 1703 681 ligno
1752 608 1897 675 vitae,
1930 615 1983 664 et
2006 620 2035 659 a

322 696 325 697 ⁷
415 703 419 706 ’
459 706 735 773 paradiso,
776 712 833 759 et
865 719 894 757 a
930 702 1039 756 Deo
1091 709 1348 770 tanquam
1402 701 1557 756 exsul
1612 699 1944 765 extruditur,
1981 711 2036 755 et

374 840 378 847 .
458 795 699 866 pelliceis
716 794 962 853 induitur
980 791 1337 857 vestimentis,
1356 792 1622 848 crassiore
1640 792 1899 855 nimirum
1917 807 2037 846 car-

374 906 375 909 η
460 901 551 953 ne,
581 900 703 955 quae
730 892 963 939 mortem
991 884 1219 949 subiret,
1252 892 1305 939 et
1330 882 1549 956 spiritui
1581 892 1928 954 repugnaret.
1963 884 2039 938 Ac

459 977 697 1047 primum
731 975 949 1045 quidem
983 977 1230 1047 agnoscit
1262 975 1659 1046 turpitudinem
1678 984 2038 1044 suam,atque

457 1070 581 1125 ideo
615 1083 675 1123 sc
706 1066 803 1122 Dei
858 1078 1213 1137 conspectum
1246 1068 1459 1138 fugiens
1492 1068 1801 1124 abscondit.
1830 1066 1927 1123 Hic
1960 1077 2040 1123 ta-

458 1174 583 1214 men
608 1160 852 1223 lucratur
869 1169 1122 1225 mortem,
1143 1173 1418 1228 perquam
1448 1167 1732 1228 peccatum
1755 1156 2036 1212 abscindi-

459 1264 565 1319 tur,
592 1268 660 1307 ne
680 1251 901 1308 miseria
927 1252 998 1307 sit
1030 1251 1377 1317 immortalis,
1411 1259 1466 1305 et
1493 1265 1616 1305 cum
1638 1250 1915 1319 supplicio
1943 1251 2039 1305 be-

456 1345 715 1400 neﬁcium
756 1346 1105 1414 conjunetum
1153 1353 1429 1399 cernatur.
1464 1342 1576 1398 ilac
1615 1342 1762 1397 enim
1825 1343 2038 1397 ratione

459 1439 619 1503 Deus,
649 1446 710 1493 ut
736 1438 869 1491 mihi
904 1436 1122 1506 quidem
1188 1434 1512 1505 persuadeo,
1551 1436 1726 1505 punit.
1767 1434 2037 1490 Caeterum

455 1546 581 1587 cum
596 1529 760 1585 variis
776 1529 1157 1585 occasionibus
1190 1538 1353 1597 atque
1368 1528 1722 1597 temporibus
1738 1527 2037 1584 humanum

456 1640 630 1695 genus
660 1624 954 1681 multorum
980 1632 1348 1691 peccatorum,
1389 1636 1509 1690 quae
1527 1621 1615 1675 illa
1645 1620 1864 1674 malitiae
1884 1619 2038 1674 radix

458 1712 778 1781 protulerat,
830 1710 1017 1764 multis
1072 1708 1268 1772 modis,
1332 1722 1532 1776 nempe
1567 1709 1834 1770 oratione,
1898 1707 2035 1773 lege,

457 1803 759 1874 prophetis,
816 1799 1115 1867 beneﬁciis,
1178 1801 1360 1864 minis,
1414 1798 1609 1870 plagis,
1667 1798 2037 1864 eluvionibus,

458 1898 746 1961 incendiis,
792 1896 968 1961 bellis,
1018 1895 1283 1958 victoriis,
1341 1893 1610 1957 cladibus,
1662 1891 1924 1961 prodigiis
1971 1907 2033 1945 ex

454 1990 615 2058 etelo,
632 2004 697 2046 ex
714 2004 857 2055 aere,
879 2005 943 2045 ex
964 1997 1124 2051 terra,
1154 2003 1219 2042 ex
1240 1986 1397 2052 mari,
1422 1986 1711 2055 insperatis
1730 1984 2035 2049 hominum,

454 2082 755 2149 civitatum,
791 2082 1031 2154 gentium
1070 2080 1468 2141 eversionibus,
1499 2078 1700 2149 quibus
1735 2076 2039 2133 rationibus

460 2175 596 2229 nihil
625 2174 771 2229 aliud
803 2177 1085 2244 agebatur,
1121 2172 1228 2226 nisi
1264 2182 1323 2225 ut
1384 2171 1587 2225 malitia
1638 2180 2036 2233 contereretur,

454 2265 656 2321 frustra
673 2268 830 2337 prius
860 2274 1007 2323 esset
1054 2264 1392 2319 admonitum
1454 2272 1508 2317 et
1542 2262 1959 2330 reprehensum,
1984 2271 2040 2315 et

455 2359 754 2429 majoribus
770 2359 1030 2428 peccatis,
1048 2367 1102 2417 ut
1124 2352 1656 2409 mutuishomicidiis
1680 2395 1694 2418 ,
1730 2355 2038 2418 adulteriis,

452 2450 945 2521 perjuriis,i_nsan_is
976 2448 1259 2509 hominum
1286 2446 1567 2511 amoribus
1618 2454 1672 2501 et
1703 2447 1719 2514 (
1744 2446 1887 2515 quod
1917 2460 2037 2500 om-

452 2545 603 2601 nium
634 2545 907 2605 malorum
963 2540 1345 2613 gravissimum
1407 2541 1566 2606 erat)
1619 2537 2035 2597 simulacrorum

450 2639 622 2702 cultu,
655 2651 766 2708 quo
808 2635 1059 2699 homines
1114 2633 1364 2704 neglecto
1406 2633 1765 2686 Procreatore
1822 2631 1889 2684 ad
1948 2644 2039 2685 res

450 2740 763 2799 procreatas
784 2727 1043 2785 colendas
1100 2737 1155 2784 et
1179 2724 1488 2789 adorandus
1518 2740 1577 2778 se
1622 2725 2036 2787 convertebant,

448 2825 906 2893 obstringeretur,
966 2820 1335 2891 gravioraque,
1376 2819 1489 2888 jam
1527 2816 1798 2887 ejusmodi
1864 2815 2037 2872 morbi

447 2914 691 2971 remedia
711 2913 1214 2979 medicamentaque
1264 2908 1632 2978 requirerent,
1661 2908 1865 2977 majora
1919 2922 2040 2979 gra-

428 3005 709 3075 vioraque
740 3013 868 3065 sunt
890 3002 1153 3063 adhibita.
1208 3000 1387 3071 Ipsum
1449 3000 1596 3054 enim
1651 3000 1746 3055 Dei
1766 3000 2034 3060 Verbum.

2138 523 2405 595 δοθείσης,
2456 525 2551 579 καὶ
2588 525 2793 599 ἡττήθη
2841 528 2943 599 τῆς
2998 531 3202 598 πικρᾶς
3261 531 3507 599 γεύσεως
3536 546 3554 564 ο
3586 532 3728 602 ὁμοῦ

2138 615 2195 669 δὲ
2242 615 2337 670 τοῦ
2375 617 2476 688 τῆς
2521 619 2681 689 Cum;
2710 618 2892 686 ξύλου,
2943 619 3039 674 καὶ
3086 620 3181 674 τοῦ
3208 622 3589 691 παραδείσου,
3632 622 3731 676 καὶ

2138 710 2233 764 τοῦ
2259 708 2400 764 Θεοῦ
2426 710 2514 764 διὰ
2558 711 2659 782 τὴν
2680 713 2881 766 κακίαν
2915 712 3190 784 ὲξόριστος
3214 714 3445 784 γίνεται,
3478 714 3574 769 καὶ
3600 716 3731 778 τοὺς

2140 804 2504 875 δερματίνους
2550 803 2914 874 ἀμφιέννυται
2952 806 3206 876 χιτῶνας,
3241 809 3374 871 τσως
3415 807 3514 879 τὴν
3547 825 3735 877 παχυ-

2139 896 2305 965 τέραν
2336 898 2540 968 σάρκα,
2567 895 2663 952 καὶ
2689 895 2917 967 θνητὴν,
2946 899 3042 952 καὶ
3074 898 3393 954 ἀντίτυπον.
3425 901 3533 952 Καὶ
3566 900 3731 953 τοῦτο

2108 1016 2111 1017 ν
2141 987 2359 1059 πρῶτον
2387 986 2652 1055 γινώσκει
2689 988 2790 1060 τὴν
2825 989 2961 1043 ἰδίαν
2994 989 3279 1060 αἰσχύνην,
3325 991 3420 1044 καὶ
3450 991 3558 1043 ἀπὸ
3588 991 3729 1043 Θεοῦ

2141 1078 2470 1151 κρύπτεται.
2507 1080 2793 1151 Κερδαίνει
2833 1081 3014 1151 μέντοι
3040 1081 3322 1136 κάνταῦθα
3356 1083 3447 1135 τὸν
3475 1083 3729 1145 θάνατον,

2143 1179 2327 1234 καὶτὸ
2355 1179 2687 1251 διακοπῆναι
2729 1181 2831 1249 τὴν
2876 1179 3176 1251 ἁμαρτίαν,
3223 1181 3312 1235 ίνα
3354 1179 3428 1251 μὴ
3458 1181 3733 1235 ἀθάνατον

2138 1268 2173 1345 ᾖ
2207 1272 2269 1326 τδ
2314 1274 2485 1327 κακόν
2510 1288 2526 1303 ·
2564 1274 2657 1328 καὶ
2699 1276 2911 1342 γίνεται
2954 1272 3337 1344 φιλανθρωπία
3380 1274 3421 1343 η’
3460 1273 3731 1343 τιμωρία.

2141 1365 2299 1421 Οὕτω
2335 1366 2444 1438 γὰρ
2475 1365 2733 1437 πείθομαι
2764 1364 3015 1429 κολάζειν
3039 1365 3193 1420 Θεόν.
3232 1364 3455 1427 Πολλοῖς
3489 1365 3547 1418 δὲ
3599 1376 3733 1417 παι-

2140 1459 2353 1523 δευθεὶς
2396 1460 2665 1529 πρότερον
2713 1457 2837 1513 ἀντὶ
2877 1457 3091 1511 πολλῶν
3132 1457 3241 1510 τῶν
3289 1457 3733 1526 ἁμαρτημάτων,

2141 1549 2218 1607 ὧν
2264 1554 2298 1623 ή
2348 1553 2447 1621 τῆς
2492 1552 2694 1615 κακίας
2747 1552 2870 1622 ῥίζα
2907 1550 3212 1618 ἐϐλάστησε
3259 1549 3401 1603 κατὰ
3436 1548 3735 1617 διαφόρους

2142 1644 2323 1707 αἰτίας
2366 1644 2460 1696 καὶ
2491 1641 2743 1713 χρόνους,
2784 1640 2949 1711 λόγῳ,
2991 1641 3164 1710 νόμῳ,
3209 1641 3535 1710 προφήταις,
3572 1639 3736 1708 εὐερ-

2071 1734 2377 1829 Βγεσίαις,
2432 1734 2707 1798 ἀπειλαῖς,
2764 1731 3025 1803 πληγαῖς,
3083 1730 3290 1793 ὕδασιν,
3353 1730 3758 1801 ἑμιιτρησμοζς,⁴

2143 1827 2422 1896 πολέμοις,
2470 1826 2666 1889 νίκαις,
2703 1825 2916 1895 ἥτταις,
2953 1823 3203 1894 σημείοις
3242 1823 3299 1889 ἐξ
3328 1822 3587 1894 οὐρανοῦ,
3632 1838 3733 1889 ση-

2145 1917 2318 1988 μείοις
2375 1915 2436 1982 ἐξ
2495 1917 2683 1988 ἀέρος,
2739 1919 2801 1970 ἐκ
2856 1916 2980 1986 γῆς,
3030 1916 3096 1967 ὲκ
3145 1914 3438 1984 Θαλάττης,
3495 1913 3752 1983 ἀνδριῖιν,’

2142 2010 2373 2073 πόλεων,
2419 2008 2591 2062 ἐθνῶν
2623 2008 2966 2072 ἀνελπίστοις
3001 2007 3346 2079 μεταϐολαῖς,
3386 2006 3475 2072 ὑφ’
3508 1999 3583 2058 ὦν
3630 2005 3732 2056 ἐκ·

2139 2102 2394 2172 τριὸῆναι
2443 2100 2541 2170 τὴν
2594 2100 2791 2152 κακίαν
2841 2099 2903 2151 τὸ
2954 2097 3393 2167 σπουδαζόμενον
3442 2091 3535 2164 ἦν,
3578 2093 3730 2157 τέλος

2145 2193 2504 2263 ἰσχυροτέρου
2549 2192 2723 2245 δεῖται
2771 2191 3067 2262 φαρμάκου
3112 2193 3205 2243 ἐπὶ
3247 2189 3576 2256 δεινοτέροις
3615 2190 3731 2249 τοῖς

2141 2283 2600 2355 ἀρρωστήμασιν,
2618 2280 3055 2350 ἀλληλοφονίαις,
3083 2279 3372 2350 μοιχείαις,
3392 2275 3729 2346 ἐπιορκίαις,

2141 2376 2558 2445 ἀνδρομανίαις,
2589 2374 2649 2427 τὸ
2688 2373 2906 2427 πάντων
2958 2372 3188 2442 ἔσχατον
3220 2371 3332 2424 τῶν
3375 2369 3586 2434 κακῶν,
3634 2368 3735 2420 καὶ

2141 2469 2378 2538 πρῶτον,
2442 2464 2943 2534 εἰδωλολατρείαις,
3004 2464 3097 2517 καὶ
3150 2465 3215 2534 τῇ
3275 2462 3566 2532 μεταθέσει
3626 2459 3731 2528 τῆς

2141 2562 2569 2629 προσκυνήσεως
2589 2558 2699 2611 ἀπὸ
2720 2555 2814 2610 τοῦ
2836 2556 3201 2626 πεποιηκότος
3227 2554 3320 2609 ἐπὶ
3340 2555 3408 2606 τὰ
3425 2552 3731 2621 κτίσματα.

2141 2654 2331 2707 Ταῦτα
2365 2652 2553 2723 ἐπειδὴ
2588 2652 2836 2721 μείζονος
2876 2651 3046 2702 ἐδεῖτο
3078 2648 3172 2702 τοῦ
3202 2646 3568 2717 βοηθήματος,
3604 2644 3737 2714 μεί-

2142 2747 2294 2811 ζονος
2350 2745 2444 2797 καὶ
2500 2744 2780 2812 τυγχάνει.
2831 2740 2904 2794 Τὸ
2944 2741 3001 2794 δὲ
3051 2737 3120 2811 ἦν
3170 2741 3334 2802 αὐτὸς
3389 2741 3417 2791 6
3455 2738 3550 2791 τοῦ
3591 2735 3735 2789 Θεοῦ

2140 2839 2311 2906 Λόγος
2338 2840 2365 2890 6
2406 2835 2759 2906 προαιὼνιος,
2792 2836 2820 2886 6
2858 2834 3089 2904 ἀόρατος
3136 2833 3233 2885 καὶ
3271 2828 3669 2900 ἀπερίληπτος,
3699 2827 3736 2879 6

2142 2928 2455 2999 ἀσώματος,
2493 2926 2590 2980 καὶ
2629 2926 2698 2979 τὰ
2733 2925 2881 2993 ἑξῆς,
2925 2926 2958 2994 ή
3004 2922 3434 2999 ἀπαράλλακτος
3473 2919 3666 2984 εἰκὼν,
3699 2919 3734 2971 6

2142 3020 2238 3074 τοῦ
2267 2997 2489 3090 ήῐΙατρὸς
2538 3018 2665 3088 ὄρος
2706 3018 2799 3070 καὶ
2845 3016 3018 3085 Λόγος
3067 3017 3161 3067 ἐπὶ
3209 3014 3309 3083 τὴν
3354 2997 3489 3065 ἰδίαν
3535 3011 3733 3063 εἰκόνα

447 3098 594 3168 quod
623 3105 708 3154 εει
725 3106 852 3155 ante
882 3095 1102 3161 sarcula,
1122 3094 1269 3164 quod
1293 3092 1681 3163 comprehendi
1712 3107 1819 3146 non
1840 3102 2035 3162 potest,

2144 3113 2332 3182 χωρεῖ,
2375 3109 2472 3163 καὶ
2517 3109 2701 3179 σάρκα
2735 3109 2893 3179 φορεῖ
2938 3106 3028 3160 διὰ
3061 3106 3160 3177 τὴν
3200 3107 3400 3176 σάρκα,
3437 3107 3535 3157 καὶ
3574 3104 3731 3175 ψυχῇ

447 3189 591 3260 quod
615 3203 817 3260 corpus
844 3204 955 3244 non
988 3188 1151 3243 habet
1174 3188 1266 3257 (et
1288 3201 1407 3256 quae
1421 3186 1769 3255 sequuntur),
1793 3184 1907 3255 ipsa
1937 3183 2035 3239 Dei

447 3288 627 3357 imago
665 3282 1150 3347 incommutabilis,
1213 3281 1389 3336 Patris
1453 3280 1699 3337 deﬁnitio
1752 3290 1808 3335 et
1862 3279 2028 3344 ratio,

434 3378 765 3451 imaginem,
802 3392 966 3446 quam
998 3375 1201 3431 homini
1228 3375 1603 3445 impresserat,
1631 3374 1746 3443 ipse
1779 3374 2033 3443 suscipit,

445 3483 502 3529 et
534 3479 757 3543 propter
779 3484 1023 3536 carnem,
1057 3483 1277 3523 carnem
1330 3471 1490 3537 gerit,
1525 3476 1580 3521 et
1605 3467 1788 3522 animo
1825 3468 2035 3522 ratione

445 3565 675 3637 praedito
694 3579 792 3637 pro
814 3564 985 3619 salute
1004 3562 1170 3616 animi
1224 3561 1331 3615 mei
1347 3560 1754 3627 commiscetur,
1787 3568 1846 3615 ut
1870 3561 2034 3616 simili

446 3659 679 3714 similem
704 3665 918 3728 purget,
945 3657 996 3709 in
1024 3656 1279 3709 omnibus
1305 3653 1565 3722 denique,
1593 3666 1820 3723 peccato
1848 3661 2033 3709 tamen

445 3747 774 3817 excepto,tit
798 3748 979 3807 homo.
1006 3746 1083 3800 Ex
1110 3745 1347 3817 Virgine,
1374 3744 1532 3814 cujus
1549 3744 1791 3798 animum
1824 3753 1880 3799 et
1909 3761 2034 3800 car-

446 3856 570 3896 nem
587 3839 822 3909 Spiritus
837 3855 902 3894 an
913 3847 962 3895 te
976 3846 1317 3909 purgaverat.
1333 3838 1599 3899 nascitur.
1616 3841 1851 3898 Decebat
1866 3841 2032 3908 enim,

445 3944 508 3990 nt
526 3945 580 3990 et
602 3935 893 3989 liberorum
926 3935 1201 4002 susceptio
1252 3934 1635 4003 honoraretur,
1660 3945 1715 3992 et
1744 3937 1820 3991 illi
1852 3947 2035 3992 tamen

450 4030 506 4083 in
534 4032 741 4084 honore
764 4026 1049 4097 virginitas
1076 4027 1442 4082 anteferretur
1467 4037 1664 4098 ;atque
1690 4029 1765 4083 ita
1794 4030 2033 4084 humana

446 4123 624 4177 forma
647 4130 926 4188 assumpta
939 4118 1005 4173 ad
1030 4134 1133 4194 nos
1154 4122 1497 4191 progreditur
1525 4136 1692 4175 unum
1716 4137 1783 4176 ex
1818 4122 2035 4179 duobus

444 4210 761 4275 contrariis,
788 4224 955 4265 carne
978 4219 1033 4263 et
1056 4210 1271 4279 spiritu,
1308 4219 1588 4274 constans,
1643 4226 1877 4280 quorum
1943 4214 2035 4272 hic

425 4302 782 4358 'divinitatem
821 4302 1115 4369 tribuebat,
1146 4302 1234 4356 illa
1278 4302 1564 4358 divinitate
1595 4305 1933 4363 aliiciebatur
1962 4311 2034 4380 (o

446 4412 642 4450 novam
672 4395 998 4454 mistioueml
1039 4411 1071 4450 o
1100 4394 1539 4465 coniunctionem
1573 4397 1947 4456 admirabilem
1974 4401 2033 4474 ί)

443 4489 560 4553 llle,
585 4488 676 4559 qui
692 4488 1265 4552 estetl‘ector.ellicitur
1288 4512 1304 4562 ;
1326 4491 1418 4564 qui
1442 4504 1656 4550 creator
1672 4504 1774 4562 est,
1794 4504 2031 4564 creatur;

441 4581 535 4651 qui
566 4583 952 4653 comprehendi
983 4600 1092 4641 non
1126 4592 1321 4655 potest,
1361 4588 1577 4644 vinculo
1598 4590 1825 4646 humani
1864 4589 2034 4645 animi

441 4676 789 4732 divinitatem
806 4686 860 4732 et
881 4679 1067 4733 carnis
1097 4680 1513 4736 crassitudinem
1565 4684 1858 4753 copulante
1880 4699 2034 4739 com-

440 4771 823 4842 prehenditur.
879 4771 979 4837 Qui
1039 4773 1175 4827 ditat
1218 4774 1386 4838 alios,
1438 4791 1645 4844 pauper
1706 4776 1789 4830 tit.
1836 4774 2031 4834 Carnis

440 4866 585 4919 enim
600 4879 732 4919 mere
755 4873 1126 4934 paupertatem
1155 4867 1521 4936 amplectitur,
1540 4877 1595 4922 ut
1613 4883 1715 4939 ego
1733 4868 2032 4926 divinitatis

2060 4443 2115 4506 D

2138 3204 2302 3274 νοερᾷ
2347 3202 2434 3256 διὰ
2463 3202 2563 3273 τὴν
2610 3200 2751 3271 ἐμὴν
2793 3198 2974 3269 ψυχὴν
3014 3198 3293 3267 μίγνυται,
3335 3198 3415 3268 τῷ
3464 3196 3639 3266 ὁμοίῳ
3667 3195 3735 3247 τ’)

2138 3296 2325 3365 ὅμοιον
2367 3292 2780 3363 άνακαθαίρων,
2820 3292 2911 3344 καὶ
2957 3294 3135 3344 πάντα
3176 3290 3409 3357 γίνεται,
3452 3286 3598 3357 πλὴν
3625 3289 3733 3356 τῆς

2137 3387 2433 3457 ἁμαρτίας,
2458 3384 2768 3457 ἄνθρωπος,
2801 3383 3028 3453 κυηθεὶς
3064 3381 3162 3451 μὲν
3191 3382 3253 3433 ὲκ
3284 3380 3382 3448 τῆς
3418 3378 3730 3447 Παρθένου,

2139 3483 2231 3535 κιί
2261 3480 2442 3551 ψυχὴν
2470 3479 2565 3533 καὶ
2598 3479 2776 3548 σάρκα
2801 3475 3283 3547 προκαθαρθείσης
3314 3473 3394 3543 τῷ
3416 3472 3729 3542 Πνεύματι.

2141 3572 2293 3626 Ἔδει
2329 3572 2438 3641 γὰρ
2492 3570 2591 3624 καὶ
2636 3569 2894 3639 γέννησιν
2929 3567 3248 3638 τιμηθῆναι,
3293 3563 3733 3635 καὶπαρθενίαν

2138 3664 2572 3736 προτιμηθῆναι.
2610 3662 2898 3733 Προελθὼν
2925 3661 2983 3713 δὲ
3017 3660 3150 3724 Θεὸς
3183 3660 3321 3727 μετὰ
3354 3659 3453 3727 τῆς
3477 3656 3729 3727 προσλή-

2137 3760 2305 3829 ψεως,
2342 3758 2400 3810 ἓν
2440 3759 2503 3811 ὲκ
2541 3756 2639 3810 δύο
2680 3754 2789 3808 τῶν
2821 3754 3106 3815 ἐναντίων,
3158 3752 3363 3822 σαρκὸς
3420 3751 3517 3802 καὶ
3556 3747 3731 3800 πνεύ-

2143 3868 2335 3923 ματος,
2363 3844 2439 3904 ὧν
2468 3848 2529 3902 τὸ
2559 3848 2659 3917 μὲν
2704 3846 2925 3907 ὲθέωσε,
2955 3844 3016 3898 τὸ
3047 3843 3104 3897 δὲ
3137 3843 3343 3908 ὲθεώθη
3376 3842 3444 3912 (ὣ
3476 3843 3575 3910 τῆς
3600 3857 3733 3892 και-

2136 3944 2234 4015 νῆς
2263 3940 2485 4014 μίξεως,
2517 3940 2679 4008 ὣτῆς
2706 3938 3013 4009 παραδόξου
3047 3937 3296 4006 κράσεως
3317 3938 3381 4004 ί),
3417 3935 3446 3986 6
3476 3933 3553 3991 ῶν
3582 3934 3733 4001 γίνε-

2135 4052 2249 4100 ται,
2273 4036 2366 4088 καί.
2397 4036 2424 4087 6
2449 4035 2702 4093 ἄκτιστος
2740 4029 3004 4095 κτίζεται,
3042 4027 3139 4082 καὶ
3163 4030 3191 4080 6
3220 4028 3503 4098 ἀχώρητος
3524 4026 3730 4095 χωρεῖ-

2137 4144 2229 4181 ται
2271 4126 2362 4179 διὰ
2409 4126 2579 4196 μέσης
2616 4124 2795 4194 ψυχῆς
2842 4125 3038 4193 νοερᾶς
3072 4119 3467 4191 μεσιτευούσης
3507 4118 3729 4187 θεότητι

2139 4224 2236 4274 καὶ
2282 4217 2490 4290 σαρκὸς
2527 4216 2825 4285 παχύτητι,
2872 4217 2969 4270 καὶ
3008 4218 3035 4268 6
3067 4212 3371 4275 πλουτίζων
3412 4210 3729 4280 πτωχεύειο

2140 4311 2413 4381 πτωχεύει
2451 4308 2560 4378 γὰρ
2600 4309 2699 4378 τὴν
2741 4308 2884 4378 ἐμὴν
2926 4309 3130 4377 σάρκα,
3180 4306 3247 4358 ἶν’
3282 4303 3397 4374 ἐγὼ
3427 4303 3730 4373 πλουτήσω

2139 4406 2238 4477 τὴν
2268 4402 2434 4457 αὐτοῦ
2470 4400 2731 4470 θεότητα.
2773 4402 2883 4467 Καὶ
2912 4403 2941 4455 6
2980 4401 3197 4473 πλήρης
3218 4398 3506 4453 κενοῦταν
3540 4398 3731 4451 κενοῦ-

2141 4516 2232 4552 ται
2270 4499 2378 4567 γὰρ
2406 4496 2506 4567 τῆς
2545 4494 2747 4551 ἑαυτοῦ,
2770 4494 2930 4565 δόξης
2978 4495 3072 4547 ἐπὶ
3120 4492 3340 4563 μικρὸν,
3380 4492 3448 4546 ἵν’
3481 4491 3595 4559 ἐγὼ
3623 4492 3731 4560 τῆς

2137 4589 2350 4646 ἐκείνου
2396 4586 2702 4659 μεταλάϐωι
2733 4585 3091 4657 πληρώσεως,
3147 4586 3262 4656 Τίςι
3287 4588 3316 4640 6
3361 4584 3595 4651 πλοῦτος
3626 4587 3729 4656 τῆς

2136 4684 2513 4754 ἀγαθότητος;
2545 4680 2610 4734 Τί
2650 4682 2711 4743 τὸ
2742 4680 2873 4751 περὶ
2902 4681 3003 4751 ἐμὲ
3026 4681 3185 4734 τοῦτο
3205 4681 3541 4751 μυστήριονς
3573 4682 3730 4735 Mss-

2135 4776 2330 4835 ἔλαϐον
2357 4776 2462 4845 τῆς
2493 4775 2722 4838 εἰκόνος,
2751 4774 2847 4828 κα)⁵
2890 4774 2993 4827 οὐκ
3029 4772 3295 4843 ὲφὰλαξα.
3348 4772 3728 4842 Μεταλαμϐά-

2138 4888 2222 4925 νει
2245 4870 2348 4941 τῆς
2388 4868 2536 4938 ὲμῆς
2574 4867 2800 4937 σαρκὸς,
2832 4867 2919 4921 ίνα
2944 4868 3042 4920 καὶ
3070 4866 3172 4936 τὴν
3198 4866 3385 4920 εἰκόνα
3426 4864 3599 4935 σώσῃ,
3627 4866 3728 4917 καὶ

442 4958 563 5026 ejus
583 4958 799 5015 divitias
843 4971 1119 5020 assequar.
1179 4958 1283 5025 Qui
1309 4960 1500 5027 plenus
1550 4969 1654 5026 est,
1692 4961 2028 5029 exinanitur,

2139 4964 2239 5034 τὴν
2283 4963 2467 5033 σάρκα
2517 4960 2843 5031 ἀθανατίσῃ.
2900 4960 3175 5030 Δευτέραν
3223 4961 3472 5011 κοινωνεί
3528 4975 3727 5013 κοινω-

442 5065 738 5120 parumper
766 5051 915 5105 enim
934 5051 1160 5121 gloriam
1194 5065 1346 5105 suam
1369 5051 1504 5106 sinit
1532 5052 1830 5121 exhauriri,
1856 5064 2027 5127 utego

2140 5056 2259 5112 νίαν
2288 5054 2427 5109 πολὺ
2464 5054 2566 5123 τῆς
2610 5054 2887 5125 προτέρας
2927 5050 3390 5122 παραδοξοτέραν,
3445 5049 3557 5116 ὅσῳ
3597 5048 3723 5101 τότε

442 5142 799 5209 plenitudinis
820 5141 940 5211 ejus
969 5143 1241 5212 particeps
1258 5142 1747 5208 etliciar.0u:enam
1775 5156 1905 5202 sunt
1944 5151 2027 5204 tm

2139 5150 2242 5221 μὲν
2280 5146 2374 5203 τοῦ
2402 5147 2717 5217 κρείττονος
2756 5144 3052 5214 μετέδωκε,
3084 5142 3182 5197 νῦν
3211 5142 3268 5195 δὲ
3311 5139 3725 5212 μεταλαμὸάνει

437 5234 703 5291 bonitatis
738 5234 942 5291 divitia:
971 5235 993 5288 ?
1021 5232 1307 5300 Quodnam
1358 5233 1503 5290 circa
1559 5252 1646 5292 me
1703 5241 2021 5309 mysterium

2139 5242 2226 5299 τοῦ
2256 5241 2520 5313 χείρονος.

440 5338 663 5398 apparet
698 5326 1647 5400 1Egoimaginem,cujuspartieeps
1671 5331 1843 5388 factus
1895 5349 2069 5400 eram,
2112 5353 2219 5392 non
2239 5333 2809 5392 servaviJllecarnem
2863 5344 3038 5386 meam
3088 5330 3408 5401 suscipit,ut
3443 5325 3723 5395 ctimagi~

439 5436 564 5475 nem
611 5431 816 5488 servet,
851 5431 906 5477 et
933 5435 1153 5477 carnem
1188 5422 1377 5477 reddat
1400 5423 1786 5480 immortalem.
1836 5429 2079 5485 Alteram
2138 5431 2240 5484 init
2296 5428 2611 5484 societatem
2644 5426 2824 5495 priore
2877 5426 3135 5480 societate
3173 5402 3242 5478 co
3292 5421 3513 5491 quidem
3554 5421 3720 5492 longe

436 5513 922 5580 admirabiliorem,
954 5514 1101 5585 quod
1134 5516 1188 5571 in
1222 5516 1428 5585 priore,
1462 5519 1810 5586 prmstantius
1837 5522 1979 5589 quod
2019 5532 2159 5591 erat,
2184 5520 2610 5577 communicavit
2636 5535 2651 5584 ;
2690 5519 2743 5573 in
2768 5518 3091 5589 posteriore,
3126 5516 3271 5590 quod
3297 5516 3542 5575 deterius
3570 5526 3714 5573 erat,

436 5606 668 5676 accepit.

808 5702 1063 5771 Ejusdem
1105 5705 1158 5758 in
1186 5703 1383 5759 Sancta
1405 5706 1654 5761 Lumina.

505 5790 641 5846 Nam
664 5792 791 5862 quia
814 5792 1031 5848 malitia:
1051 5792 1326 5863 inventor,
1351 5795 1443 5864 qui
1472 5796 1809 5854 seinvietum
1832 5800 2021 5855 existi-

2143 5709 2259 5763 Τοῦ
2290 5708 2477 5762 αὐτοῦ
2518 5708 2587 5760 ἑκ
2618 5706 2724 5762 τοῦ
2757 5706 2942 5777 λόγου
2972 5706 3080 5760 τοῦ
3112 5708 3199 5774 εις
3250 5706 3320 5762 τὰ
3350 5707 3491 5777 ἅγια
3520 5706 3715 5763 didita.

2219 5800 2437 5871 Ἐπειδὴ
2483 5801 2592 5871 γὰρ
2623 5798 2762 5869 ᾤετο
2808 5800 3077 5871 ἀήττητος
3131 5796 3272 5857 ιῐναι
3312 5804 3414 5874 τῆς
3453 5800 3651 5866 κακίας
3680 5802 3718 5855 6
