4024 6208
486 276 595 347 215

1720 282 2099 345 EUTHYMII
2148 283 2512 345 ZIGABENI

3644 281 3752 346 216

483 408 576 454 no,
605 391 866 447 molestiis
890 391 1147 447 adeetum
1166 406 1311 456 esse,
1342 393 1699 460 lacrymasse,
1722 391 2047 453 calunmias,

2158 410 2258 457 σιν,
2298 393 2502 464 βρῶσίν
2547 412 2602 446 τε
2674 394 2768 447 καὶ
2805 393 2979 458 πόσιν,
3038 390 3131 445 καὶ
3164 391 3351 457 κόπον,
3408 390 3502 444 καὶ
3549 391 3743 457 ὔπνον,

480 483 766 552 judicium,
799 498 1017 537 crucem
1074 497 1137 536 ac
1169 490 1398 535 mortem
1426 482 1593 535 fuisse
1625 496 1966 551 perpessum,
1996 480 2049 531 in

482 577 842 646 scpulcroque
895 576 1152 645 positum.
1214 575 1338 631 llaec
1391 576 1562 642 enim,
1621 591 1743 647 qua:
1794 573 2050 646 mysterio

482 670 1045 739 comprehenduntur,
1073 668 1286 722 animos
1312 684 1524 731 eorum,
1573 668 1667 737 qui
1723 674 1850 723 sunt
1903 665 2054 718 inﬁr-

484 763 685 817 miores
723 764 773 815 in
812 762 933 827 ﬁde,
987 762 1275 815 debilitant
1330 761 1767 832 infriuguntque,
1831 773 1899 812 ne
1942 757 2049 819 illa,

483 867 603 919 quae
626 851 883 918 deinceps
921 860 1251 919 sequuntur,
1307 861 1525 919 pr0ptcr
1584 865 1668 915 ea,
1725 864 1845 917 qua:
1908 847 2053 901 dicta

388 948 391 951 ’
482 950 629 1003 sunt,
665 941 981 1009 suscipiant.
1014 941 1148 995 Nam
1186 941 1294 996 Deo
1323 942 1543 1012 dignam
1576 957 1639 996 ex
1677 940 1866 994 inferis
1906 936 2053 992 exci-

486 1034 742 1084 tationem
791 1032 918 1086 ideo
941 1050 1049 1088 non
1082 1034 1411 1099 concedunt,
1442 1049 1511 1087 ne
1544 1041 1772 1087 mortem
1808 1030 1918 1084 Deo
1972 1030 2054 1081 in-

481 1119 698 1190 digi-am
731 1123 1039 1179 admittant.
1075 1126 1188 1196 Ego
1223 1141 1351 1180 vero
1374 1126 1505 1179 illud
1528 1124 1661 1178 mihi
1689 1121 2055 1193 priusfacien-

481 1211 609 1264 dum
634 1222 782 1281 puto,
821 1222 875 1267 ut
903 1216 1175 1284 paulisper
1200 1232 1229 1270 a
1284 1230 1463 1270 crassa
1486 1215 1666 1268 carnis
1725 1210 2053 1266 hebetudine

481 1303 761 1369 recedam,
810 1312 865 1358 et
905 1306 1193 1359 honestum
1224 1306 1401 1375 ipsum
1439 1321 1536 1373 per
1574 1319 1634 1358 se
1683 1303 2050 1365 considerem,

481 1397 875 1465 ostendamque
897 1412 1004 1450 non
1035 1411 1154 1449 esse
1184 1395 1473 1465 ejusmodi,
1510 1404 1567 1449 ut
1593 1394 1679 1448 his
1706 1394 1870 1456 notis,
1932 1391 2054 1461 qui-

480 1487 582 1540 bus
614 1501 799 1540 earum
826 1495 1053 1556 utraque
1085 1486 1443 1540 describatur.
1507 1484 1790 1539 Neminem
1842 1498 2051 1545 eorum,

480 1578 572 1647 qui
595 1578 709 1632 sani
760 1585 906 1643 sunt,
971 1587 1292 1646 negaturum
1361 1577 1634 1639 existimo,
1696 1591 1861 1629 unum
1923 1576 2055 1629 illud

479 1667 703 1721 omnino
725 1682 844 1721 esse
891 1666 1147 1732 dedecus,
1196 1682 1424 1731 eamque
1448 1683 1607 1721 unam
1640 1666 2051 1736 turpitudinem,

480 1772 601 1825 quae
636 1757 751 1811 vitii
800 1756 1044 1811 fmditate
1073 1757 1353 1822 delinitur,
1398 1772 1425 1809 a
1458 1772 1561 1825 qua
1611 1756 1874 1825 quidquid
1924 1757 2053 1809 alie-

482 1863 611 1901 num
644 1848 733 1911 sit,
766 1847 820 1902 id
872 1850 938 1902 ab
978 1849 1130 1902 omni
1181 1858 1447 1902 remotum
1492 1863 1613 1903 esse
1671 1848 1937 1902 dedecore
1990 1862 2054 1902 ac

484 1938 819 2007 turpitudine
855 1955 870 1990 :
904 1939 1076 1993 Deum
1099 1954 1225 1993 vero
1257 1949 1454 1994 cuncta
1488 1940 1700 2003 decere,
1735 1955 1853 2008 qua:
1884 1940 1938 1993 in
1961 1955 2049 1993 rc-

481 2029 640 2093 eione
679 2037 977 2084 cernuntur
1002 2031 1326 2085 honestatis.
1362 2031 1492 2095 Quae
1525 2046 1646 2085 cum
1678 2032 1747 2086 ita
1774 2031 1905 2093 sint,
1960 2041 2054 2084 aut

482 2122 673 2175 \itium
700 2137 821 2177 esse
883 2122 1286 2188 demonstrent,
1338 2124 1510 2187 nasci,
1577 2124 1796 2184 nutriri.
1847 2124 2052 2192 augeri,

480 2213 546 2267 ad
582 2225 790 2267 natura:
838 2212 1229 2283 perfectionem
1275 2214 1551 2284 progredi,
1594 2215 1751 2277 mori,
1816 2215 2055 2269 revivis-

478 2318 603 2357 cere
634 2320 647 2356 :
682 2313 775 2357 aut
804 2303 849 2359 si
904 2320 1024 2373 qua:
1053 2305 1192 2359 dicta
1256 2313 1404 2371 sunt,
1449 2319 1481 2359 a
1512 2304 1644 2359 vitio
1678 2314 1882 2359 remota
1936 2320 2055 2359 esse

480 2394 807 2458 concedunt,
851 2395 1160 2451 necessario
1192 2411 1302 2450 non
1352 2411 1472 2451 esse
1520 2396 1696 2466 turpia
1763 2396 2052 2450 fateantur.

479 2485 615 2539 (lum
642 2486 805 2553 igitur
833 2485 1167 2541 declaratum
1227 2488 1319 2551 sit,
1384 2489 1613 2542 honesta
1640 2502 1780 2551 esse,
1842 2503 1960 2557 qua:
1987 2489 2056 2542 ab

481 2576 631 2630 omni
657 2576 906 2632 foeditate
938 2577 1058 2634 vitii
1081 2578 1398 2642 abhorrent,
1454 2593 1635 2633 nonne
1692 2588 1751 2632 ut
1809 2587 2057 2633 amentes

482 2670 772 2725 miserandi
802 2679 949 2737 sunt,
983 2673 1075 2741 qui
1107 2672 1335 2727 honesta
1363 2673 1473 2726 Deo
1502 2681 1753 2726 asserunt
1796 2687 1903 2726 non
1935 2687 2059 2727 con-

480 2757 800 2813 venire?At
826 2759 1084 2824 humana,
1116 2761 1382 2829 inquient,
1438 2771 1629 2815 natura
1692 2761 1900 2831 exiguis
1950 2771 2059 2816 ter-

478 2848 641 2905 minis
675 2850 1163 2915 circumscribitur,
1229 2851 1371 2906 Deus
1415 2863 1594 2907 autcm
1639 2864 1723 2908 est
1784 2854 2053 2909 inﬁnitus.

482 2940 732 3006 Quonam
786 2944 950 3014 igitur
977 2954 1136 3014 pacto
1164 2948 1307 3015 quod
1364 2948 1632 3002 inﬁnitum
1699 2958 1800 3015 est,
1862 2951 2058 3005 indivi-

2157 485 2465 556 καὶ“λύπην
2485 528 2498 552 ,
2532 487 2624 540 καλ⁸
2652 486 2884 557 δάκρυον
2907 526 2921 551 ,
2968 482 3332 551 συκοφαντίαν
3367 499 3425 534 τε
3460 481 3555 535 καὶ
3585 480 3747 534 δικι-

2158 578 2401 646 στήριον,
2440 577 2673 646 σταυρὸν
2706 575 2804 629 καὶ
2841 575 3094 639 θάνατον,
3128 575 3222 626 καὶ
3260 572 3359 642 τὴν
3397 573 3454 624 ὲν
3489 571 3746 641 μνημείῳ

2157 670 2325 722 eam.
2360 669 2543 721 Ταῦτα
2581 668 2689 739 γὰρ
2721 664 3384 738 συμπαραλαμϐανόμενα
3414 664 3494 733 τῷ
3527 680 3744 732 μυστη-

2158 762 2277 829 ρίῳ,
2302 760 2566 828 ἀμϐλύνει
2599 778 2718 823 πως
2746 759 2853 812 τῶν
2885 757 3387 829 μικροψυχωτέρων
3407 755 3507 825 τὴν
3530 754 3741 817 πίστιν,

2154 849 2227 912 ὡς
2264 850 2395 919 μηδὲ
2422 849 2492 901 τὰ
2521 848 2720 918 ἐφεξῆς
2748 848 2857 900 τῶν
2888 847 3197 916 λεγομένων
3246 844 3334 898 διά
3386 843 3457 897 τά
3488 850 3747 912 προειρη-

2160 941 2296 1010 μένα
2355 938 2895 1010 συμπαραδέχεσθαι.
2959 939 3033 991 Τὸ
3092 936 3202 1006 γὰρ
3270 936 3577 1005 θεοπρεπὲς
3639 934 3744 1002 τῆς

2156 1035 2220 1086 ὲκ
2268 1033 2475 1101 νεκρῶν
2519 1030 2872 1093 ἀναστάσεως
2931 1030 3017 1084 διά
3068 1030 3129 1081 τὸ
3180 1029 3307 1099 περὶ
3358 1028 3447 1080 τὸν
3508 1025 3744 1079 θάνατον

2156 1123 2404 1193 ἀπρεπὲς
2452 1124 2511 1175 ού
2566 1123 2902 1192 προσίενται.
2965 1120 3106 1189 Ἐγὼ
3153 1121 3211 1174 δὲ
3255 1120 3530 1190 πρότερον
3580 1113 3742 1182 οἶμαι

2155 1215 2267 1268 δεῖν
2312 1215 2508 1283 μικρὸν
2542 1215 2640 1282 τῆς
2679 1213 2953 1282 σαρκικῆς
2988 1196 3299 1280 παχύτητος
3341 1209 3433 1261 τὸν
3475 1207 3743 1276 λογισμὸν

2156 1288 2594 1377 ἀποστήσαντας,
2624 1304 2754 1359 αὐτὸ
2781 1304 2840 1357 τὸ
2870 1304 3035 1357 καλὸν
3066 1304 3149 1372 ἐφ’
3184 1302 3404 1366 ἑαυτοῦ,
3438 1301 3534 1355 καὶ
3565 1299 3628 1352 τὸ
3665 1298 3743 1369 μὴ

2155 1398 2396 1452 τοιοῦτον
2435 1398 2769 1466 κατανοῆσαι
2817 1396 2994 1456 ποίοις
3039 1395 3421 1463 γνωρίσμασιν
3475 1390 3747 1458 ἑκάτερον

2156 1488 2361 1541 τούτων
2392 1484 2892 1555 καταλαμϐάνεται.
2927 1483 3132 1536 Οὐδένα
3157 1482 3266 1552 γάρ
3297 1483 3550 1551 ἀντερεῖν
3582 1474 3743 1547 οἶμαι

2158 1580 2266 1631 τῶν
2293 1578 2687 1648 λελογισμένων
2710 1579 2793 1630 ὅτι
2822 1579 2879 1629 ἓν
2909 1576 3050 1629 κατά
3085 1574 3246 1643 φύσιν
3276 1572 3435 1642 μόνον
3464 1570 3574 1624 τῶν
3603 1570 3750 1623 πάν-

2157 1688 2265 1724 των
2297 1670 2520 1741 αίσχρόν
2552 1671 2691 1734 ἐστι,
2728 1668 2788 1722 τὸ
2822 1669 2963 1723 κατά
2993 1666 3196 1721 κακίαν
3229 1664 3423 1725 πάθος.
3455 1663 3528 1715 Τὸ
3558 1662 3613 1714 δὲ
3643 1677 3747 1714 κα-

2158 1762 2283 1824 κίας
2323 1761 2475 1823 ἐκτὸς
2512 1760 2710 1821 παντὸς
2744 1759 2965 1829 αἴσχους
2990 1758 3139 1811 ἐστὶν
3173 1756 3480 1824 ἀλλότριον.
3525 1752 3745 1821 Πρέπει

2154 1855 2210 1907 δὲ
2250 1853 2368 1925 Θεῷ
2392 1855 2500 1907 πᾶν
2529 1854 2556 1905 ὅ
2582 1870 2633 1904 τι
2662 1869 2765 1921 περ
2792 1854 2856 1905 ἂν
2908 1853 2967 1904 ὲν
3013 1854 3078 1921 τῇ
3108 1850 3201 1903 τοῦ
3250 1847 3417 1902 καλοῦ
3450 1847 3745 1916 θεωρεῖται

2154 1947 2407 2019 χώρᾳ.⁹11
2432 1945 2612 1998 τοίνυν
2643 1946 2979 2011 δειξάτωσαν
3012 1944 3207 1996 κακίαν
3238 1936 3378 1992 εἶναι
3404 1939 3504 2006 τὴν
3539 1942 3745 2007 γέννη-

2158 2056 2265 2101 σιν,
2287 2036 2385 2107 τὴν
2407 2035 2735 2106 ἀνατροφὴν,
2756 2035 2855 2105 τὴν
2878 2033 3126 2101 αΰξησιν,
3159 2032 3262 2099 τὴν
3292 2028 3430 2099 πρὸς
3452 2026 3512 2079 τὸ
3534 2027 3745 2079 τέλειον

2156 2131 2252 2198 τῆς
2281 2128 2496 2198 φύσεως
2532 2126 2756 2198 πρόοδον
2778 2166 2792 2191 ,
2826 2125 2925 2195 τὴν
2962 2122 3055 2176 τοῦ
3094 2123 3328 2176 Θανάτου
3363 2121 3596 2187 πεῖραν,
3638 2116 3745 2186 τὴν

2159 2224 2222 2275 ὲκ
2263 2220 2356 2273 τοῦ
2402 2219 2634 2272 Θανάτου
2663 2216 2941 2280 ἐπάνοδον,
2972 2216 3028 2284 ἢ,
3061 2218 3109 2266 εἰ
3139 2212 3243 2276 ἐξω
3272 2209 3471 2271 κακίας
3504 2207 3644 2261 εἶναι
3671 2208 3746 2260 τὰ

2158 2314 2425 2384 εἰρημένα
2458 2310 2813 2375 συντίθενται,
2850 2307 3002 2361 οὐδὲν
3033 2305 3257 2374 αἰσχρὸν
3282 2298 3505 2355 εἶναιτὸ
3535 2299 3745 2360 κακίας

2158 2406 2435 2475 ἀλλότριον
2467 2404 2525 2467 ἐξ
2557 2402 2803 2469 ἀνάγκης
2833 2398 3255 2469 ὁμολογήσουσι.
3293 2390 3479 2447 Καλοῦ
3509 2389 3568 2442 δὲ
3604 2389 3748 2441 πάν-

2159 2516 2265 2563 τως
2295 2496 2755 2566 ἀναδεικνυμένου
2787 2492 2880 2546 τοῦ
2914 2492 3095 2559 πάσης
3122 2487 3483 2557 αἰσχρότητος
3515 2483 3611 2535 καὶ
3640 2498 3747 2533 κα-

2161 2592 2286 2654 κίας
2305 2588 2754 2659 ἀπηλλαγμένου,
2784 2584 2902 2646 πῶς
2930 2583 3031 2635 οὐκ
3062 2580 3284 2633 ὲλεεινοὶ
3305 2578 3402 2647 τῆς
3429 2573 3659 2642 ἀλογίας
3688 2571 3746 2623 οἱ

2161 2686 2222 2736 τὸ
2276 2681 2448 2733 κακὸν
2509 2680 2581 2749 μὴ
2639 2677 2868 2746 πρέπειν
2926 2673 3021 2725 ἐπὶ
3072 2673 3208 2723 Θεοῦ
3262 2665 3744 2738 δογματίζοντες;

2173 2773 2338 2828 Ἀλλά
2400 2771 2616 2842 μικρὸν,
2672 2771 2840 2838 φησι,
2894 2769 2989 2819 καὶ
3043 2761 3485 2830 εύπερίγραπτον
3538 2758 3571 2826 ἠ
3641 2756 3746 2807 ἀνσ-

2163 2866 2407 2938 θρωπίνη
2447 2863 2631 2932 φύσις,
2667 2861 2894 2930 ἄπειρον
2924 2858 2981 2911 δὲ
3022 2858 3054 2927 ἡ
3115 2854 3325 2921 θεότης.
3376 2851 3488 2903 Καὶ
3527 2845 3747 2938 πῶςγᾶν

2164 2937 2605 3029 περιελήφθητῷ
2640 2954 2828 3021 ἀτόμῳ
2874 2950 2935 3003 τὸ
2960 2949 3229 3018 ἀπειρονς
3282 2944 3391 2996 Καὶ
3444 2940 3529 3002 τίς
3579 2937 3747 2990 τοῦτό

480 3032 588 3087 duo
616 3035 941 3103 corpusculo
973 3037 1369 3093 concludatur?
1403 3039 1603 3109 Ecquis
1658 3040 1808 3105 dicit,
1865 3041 2048 3095 inlini-

2160 3066 2346 3119 φησιν,
2408 3048 2592 3115 ὅτιτῇ
2648 3044 2964 3116 περιγραφῇ
3017 3040 3116 3107 τῆς
3176 3034 3412 3106 σαρκὸς,
3473 3030 3739 3098 καθάπερ

482 3135 591 3178 tam
614 3124 917 3181 divinitatis
984 3128 1090 3182 vim
1157 3144 1321 3184 carne
1366 3140 1620 3200 tanquam
1682 3148 1811 3187 vase
1872 3133 2053 3203 aliquo

478 3216 947 3288 circumscriptam
978 3218 1167 3286 fuisse,
1241 3237 1364 3276 cum
1396 3239 1466 3277 ne
1494 3224 1547 3276 in
1581 3234 1773 3279 natura
1828 3226 2048 3295 quidem

477 3318 665 3365 nostra
703 3325 858 3365 mens
891 3311 1008 3381 ipsa
1029 3315 1211 3368 carnis
1238 3314 1485 3370 terminis
1516 3318 2052 3373 circumscribatur?

478 3404 611 3458 Nam
668 3404 917 3474 corporis
948 3406 1120 3460 moles
1187 3409 1419 3478 prepriis
1472 3411 1719 3479 partibus
1775 3412 2051 3477 delinitur,

477 3495 694 3550 animus
713 3503 894 3549 autem
921 3496 1120 3550 mentis
1153 3496 1607 3568 cogitationisque
1638 3499 1879 3554 motibus
1901 3516 2053 3555 com-

477 3602 664 3643 means
700 3602 796 3656 per
829 3602 1029 3643 omnes
1053 3604 1142 3644 res
1199 3600 1513 3658 procreatas
1563 3591 1827 3660 ad_ccelos
1882 3608 2055 3662 usque

432 3731 435 3734 .
477 3679 820 3744 conscendit,
848 3679 915 3735 ad
946 3679 1163 3734 inﬁmas
1193 3682 1360 3736 maris
1381 3690 1562 3751 partes
1584 3691 1856 3753 penetrat,
1894 3684 2053 3755 longe

479 3775 694 3840 lateque
725 3787 825 3841 per
849 3780 1020 3827 totum
1051 3772 1242 3827 orbem
1281 3784 1562 3845 evagatur,
1588 3784 1643 3829 et
1677 3776 1745 3830 ad
1795 3792 1880 3841 ea,
1934 3794 2055 3843 qua:

476 3864 578 3919 sub
607 3873 747 3919 terra
768 3872 896 3920 sunt
913 3864 1123 3919 accedit
1149 3866 1367 3921 solertia
1394 3881 1513 3930 sua,
1545 3867 1843 3935 quinetiam
1865 3884 2051 3923 eorum

477 3972 601 4021 qua
631 3973 795 4024 supra
824 3960 993 4015 caelos
1013 3967 1301 4030 geruntur,
1356 3960 1767 4032 intelligentiam
1816 3962 2057 4031 plerum-

476 4066 584 4119 que
624 4052 998 4119 consequitur,
1059 4066 1159 4105 nec
1192 4051 1431 4120 pondere
1463 4053 1708 4122 corporis
1731 4054 2049 4122 impeditur.

476 4142 640 4207 Quod
659 4144 703 4196 si
728 4143 945 4197 animus
975 4142 1233 4208 hominis,
1252 4152 1461 4197 natura:
1484 4144 1811 4198 necessitate
1839 4146 2053 4214 corpori

476 4232 826 4300 coniunctus,
857 4231 1057 4301 ubique
1081 4241 1184 4296 est,
1214 4231 1343 4301 quid
1379 4233 1521 4301 cogit
1556 4246 1656 4287 nos
1684 4233 1889 4299 dicere,
1922 4248 2055 4301 .car-

479 4326 567 4380 nis
593 4334 791 4379 natura
821 4324 1164 4379 divinitatem
1199 4324 1522 4395 praepediri?
1567 4341 1667 4380 cur
1709 4341 1819 4382 non
1872 4329 2054 4398 potius

476 4429 668 4472 eorum
692 4415 961 4486 exemplo.
1003 4430 1125 4485 quae
1174 4415 1334 4469 nobis
1393 4429 1654 4471 concessa
1692 4427 1844 4480 sunt,
1902 4418 2045 4488 quod

476 4505 718 4562 divinam
746 4504 937 4559 deceat
972 4502 1409 4572 dispositionem,
1455 4504 1781 4574 conjicimus
1815 4515 1871 4560 et
1901 4506 2052 4576 cogi-

479 4595 696 4652 tamus?
727 4594 882 4650 Sicut
913 4595 1057 4650 enim
1092 4593 1144 4648 in
1165 4594 1388 4652 lucerna
1417 4597 1697 4650 materiam
1728 4597 2050 4668 circumple-

479 4702 610 4743 xum
644 4687 827 4757 ignem
889 4686 1206 4756 aspicimus,
1258 4703 1495 4757 eumque
1542 4702 1570 4740 a
1628 4689 1878 4753 materia,
1928 4704 2050 4758 qua:

480 4779 658 4849 ipsum
694 4777 934 4848 attingit,
964 4777 1175 4832 ratione
1210 4778 1619 4850 distinguimus,
1678 4795 1800 4849 qua:
1867 4792 2047 4836 tamen

477 4886 537 4925 re
568 4873 691 4940 ipsa
717 4869 977 4940 distingui
1010 4886 1115 4923 non
1143 4879 1393 4940 possunt,
1431 4880 1491 4925 ut
1514 4869 1726 4925 ﬂamma
1778 4886 1875 4941 per
1923 4886 1980 4927 se
2018 4887 2049 4926 a

487 4963 712 5016 materia
747 4963 998 5031 seiuncta
1053 4962 1395 5028 ostendatur,
1428 4962 1524 5017 sed
1585 4972 1819 5032 utraque
1879 4979 2047 5017 unum

475 5057 599 5123 est(
626 5056 806 5109 nullus
839 5065 1021 5109 autem
1049 5055 1101 5109 id
1142 5056 1275 5109 mihi
1321 5064 1501 5110 sumat
1544 5057 1598 5110 in
1626 5056 1732 5110 hoc
1772 5057 2045 5126 exemplo,

476 5147 621 5216 quod
654 5147 795 5218 ignis
819 5157 1222 5219 corrumpatur,
1259 5148 1357 5201 sed
1406 5148 1459 5202 id
1506 5148 1680 5202 solum
1753 5149 2046 5218 accipiens,

474 5239 620 5310 quod
642 5238 986 5295 similitudini
1017 5240 1295 5305 convenit,
1329 5254 1450 5309 quae
1477 5240 1545 5293 ab
1579 5254 1643 5294 ea
1692 5249 1823 5294 sunt
1871 5240 2049 5294 aliena

476 5331 925 5402 repudiet),quid
972 5331 1245 5401 prohibet,
1294 5332 1641 5400 quineodem
1701 5333 1884 5395 modo,
1940 5346 2049 5401 quo

476 5424 756 5478 cernimus
771 5423 1042 5478 ﬂammam
1075 5426 1342 5496 attingere
1396 5424 1698 5495 subjectam
1730 5424 2038 5488 materiam,

476 5526 579 5567 nec
595 5512 651 5565 in
678 5527 741 5567 ea
785 5522 964 5567 tamen
995 5512 1220 5578 includi,
1253 5514 1366 5569 beo
1398 5512 1616 5584 dignam
1648 5511 2047 5581 cogitationem

477 5605 864 5673 suscipiamus,
898 5608 1300 5675 credamusque
1357 5615 1609 5658 naturam
1673 5605 1912 5658 divinam
1975 5603 2046 5658 ita

478 5694 735 5764 conjungi
788 5705 949 5765 atque
981 5714 1150 5753 unum
1211 5699 1324 5754 ﬁeri
1366 5715 1487 5754 cum
1546 5699 1782 5753 humana
1828 5705 2044 5762 natura,

2157 3138 2367 3207 ἀγγείῳ
2416 3136 2543 3199 τινὶ,
2590 3136 2623 3204 ὴ
2671 3132 2896 3203 ἀπειρία
2919 3132 3020 3201 τῆς
3058 3129 3308 3199 θεότητος
3362 3121 3745 3193 περιελήφθης

2159 3228 2293 3281 Οὐδὲ
2316 3226 2422 3295 γὰρ
2456 3225 2549 3279 ἐπὶ
2570 3224 2668 3287 τὶς
2693 3221 2973 3293 ἡμετέρας
2996 3221 3141 3291 ζωῆς
3171 3217 3320 3279 ἐντὸς
3348 3211 3747 3268 κατακλείεται

2157 3322 2264 3375 τῶν
2304 3320 2401 3389 τῆς
2451 3316 2653 3387 σαρκὸς
2703 3317 2844 3385 ὅρων
2889 3315 2923 3384 ἡ
2967 3312 3131 3383 νοερά
3178 3309 3362 3380 φύσις,
3408 3304 3523 3359 ἀλλ’
3566 3303 3596 3355 ὁ
3641 3301 3749 3373 μὲν

2158 3414 2321 3481 ὄγκος
2348 3410 2444 3463 τοῦ
2479 3408 2731 3479 σώματος
2758 3393 2870 3469 τοῖς
2903 3404 3125 3468 οἰκείοις
3165 3403 3356 3473 μέρεσι
3393 3399 3751 3470 περιγράφε-

2158 3522 2269 3568 ται,
2298 3504 2332 3574 ἡ
2358 3503 2415 3555 δὲ
2436 3500 2582 3571 ψυχὴ
2609 3502 2720 3562 τοῖς
2743 3498 2842 3567 τῆς
2868 3497 3107 3559 διανοίας
3137 3496 3404 3563 κινήμασι
3433 3489 3582 3559 πάσῃ
3614 3486 3746 3540 κατ’

2158 3595 2408 3662 ἐξουσίαν
2433 3590 2774 3663 ὲφαπλοῦται
2804 3593 2869 3661 τῇ
2905 3589 3101 3651 κτίσει,
3133 3588 3228 3640 καὶ
3260 3585 3454 3655 μέχρις
3486 3578 3746 3651 οὐρανῶν

2156 3683 2402 3747 ἀνιοῦσα,
2450 3684 2543 3735 καὶ
2587 3682 2698 3733 τῶν
2744 3679 3001 3733 ἀϐύσσων
3049 3674 3469 3732 ὲπιὸατεύουσα,
3517 3671 3614 3722 καὶ
3660 3668 3745 3737 τῷ

2159 3777 2350 3831 πλάτει
2385 3776 2483 3846 τῆς
2506 3774 2830 3844 οἰκουμένης
2859 3770 3225 3841 ἐπερχομένη.
3253 3765 3350 3822 καὶ
3382 3764 3519 3835 πρὸς
3540 3762 3612 3814 τά
3635 3778 3744 3813 κατ

2158 3868 2421 3937 ταχθόνια
2475 3866 2565 3919 διὰ
2623 3867 2723 3935 τῆς
2788 3859 3326 3933 πολυπραγμοσύνης
3386 3854 3739 3910 είσδύνουσα·

2159 3957 2423 4018 πολλάκις
2470 3954 2529 4008 δὲ
2577 3954 2672 4006 καὶ
2720 3952 2828 4005 τῶν
2871 3948 3288 4021 ύπερουρανίων
3320 3944 3622 4027 θαυμάτων
3678 3942 3743 3994 ὲν

2158 4048 2409 4119 περινοίᾳ
2440 4046 2673 4115 γίνεται,
2709 4044 2861 4098 οὐδὲν
2898 4042 3239 4113 βαρυνομένη
3268 4037 3347 4107 τῷ
3374 4033 3612 4105 ὲφολκίῳ
3640 4032 3741 4085 τοῦ

2158 4141 2431 4209 σώματος.
2460 4139 2521 4191 Ei
2549 4138 2605 4190 δὲ
2623 4136 2916 4207 ἀνθρώπου
2938 4133 3084 4204 ψυχὴ
3108 4131 3249 4186 κατά
3276 4130 3372 4195 τὴν
3394 4130 3489 4200 τῆς
3519 4125 3747 4195 φύσεως

2160 4231 2409 4301 ἀνάγκην
2450 4227 2875 4299 συγκεκραμένη
2913 4225 2991 4295 τῷ
3026 4222 3244 4294 σώματι
3297 4215 3573 4289 πανταχοῦ
3616 4215 3747 4269 κατ’

2159 4322 2411 4387 ἐξουσίαν
2446 4320 2692 4390 γίνεται,
2733 4318 2819 4381 τίς
2856 4318 3073 4386 ἀνάγκη
3110 4318 3174 4385 τῇ
3216 4313 3375 4385 φύσει
3402 4312 3501 4382 τῆς
3533 4310 3750 4380 σαρκος

2157 4414 2258 4483 τὴν
2287 4413 2515 4483 θεότητα
2542 4412 2721 4480 λέγειν
2743 4406 3255 4480 ὲμπεριείργεσθαι,
3283 4405 3378 4458 καὶ
3413 4403 3489 4473 μὴ
3516 4400 3606 4454 διά
3629 4401 3749 4454 τῶν

2158 4505 2422 4579 χωρητῶν
2465 4505 2596 4576 ἡμῖν
2630 4502 3055 4573 ὑποδειγμάτων
3091 4499 3398 4570 στοχασμόν
3432 4513 3554 4550 τινα
3604 4498 3749 4565 πρέ-

2159 4615 2333 4652 ποντα
2378 4598 2505 4667 περὶ
2542 4596 2641 4666 τῆς
2672 4594 2824 4658 θείας
2869 4592 3185 4664 οἰκονομίας
3227 4590 3451 4654 λαϐεἶν;
3498 4588 3590 4652 Ὠς
3628 4589 3748 4659 γὰρ

2157 4692 2219 4745 τὸ
2265 4689 2379 4761 πῦρ
2411 4690 2506 4743 ἐπὶ
2535 4688 2637 4758 τῆς
2666 4687 2950 4757 λαμπάδος
2980 4687 3173 4756 ὁρᾶται
3214 4684 3313 4753 τῆς
3365 4682 3749 4752 ὑποκειμένης

2159 4783 2656 4858 περιδεδραγμένον
2683 4782 2838 4852 ὕλης,
2866 4782 2960 4835 καὶ
2987 4780 3144 4847 λόγος
3173 4778 3269 4848 μὲν
3294 4777 3562 4847 διακρίνει
3589 4776 3652 4828 τό
3682 4792 3746 4829 τε

2158 4879 2252 4931 ὲπὶ
2282 4880 2381 4947 τῆς
2410 4876 2543 4944 ὕλης
2576 4874 2708 4945 πῦρ,
2739 4876 2837 4929 καὶ
2862 4873 2961 4945 τὴν
2980 4873 3040 4927 τὸ
3067 4871 3179 4942 πῦρ
3211 4871 3551 4938 ἐξάπτουσαν
3580 4868 3744 4937 ὓλην,

2158 4970 2307 5042 ἔργῳ
2353 4967 2409 5019 δὲ
2449 4967 2549 5020 οὐκ
2583 4965 2733 5019 ἐστιν
2768 4965 2866 5019 ἀπ’
2912 4962 3161 5033 ἀλλήλων
3197 4961 3372 5016 ταῦτα
3406 4959 3744 5028 διατεμόντα

2159 5061 2244 5128 ἐφ’
2262 5057 2475 5127 ,ἑαυτῆς
2497 5056 2668 5123 δεῖξαι
2698 5056 2796 5127 τὴν
2822 5054 2994 5125 φλόγα
3028 5054 3433 5124 διεζευγμένην
3450 5052 3549 5122 τῆς
3580 5050 3742 5118 ὕλης,

2158 5146 2277 5202 ἀλλ’
2313 5145 2373 5200 ἓν
2404 5145 2475 5198 τὰ
2504 5143 2891 5214 συναμφότερα
2923 5141 3134 5211 γίνεται
3163 5142 3295 5214 (καί
3331 5158 3423 5209 μοι
3459 5140 3652 5210 μηδεὶς
3681 5138 3743 5192 τὸ

2161 5237 2459 5306 φθαρτικὸν
2501 5233 2595 5288 τοῦ
2631 5234 2803 5305 πυρὸς
2849 5230 3447 5304 συμπαραλαμϐανέτω
3477 5229 3557 5299 τῷ
3605 5230 3744 5283 ύπο-

2158 5329 2433 5398 δείγματι,
2458 5327 2573 5381 ἀλλ’
2593 5328 2717 5382 ὅσον
2746 5326 3022 5396 εὐπρεπές
3044 5326 3163 5377 ἐστι
3191 5325 3354 5395 μόνον
3382 5325 3441 5376 ὲν
3464 5324 3531 5392 τῇ
3565 5321 3743 5375 εἰκόνι

2158 5417 2474 5487 δεξάμενος,
2504 5416 2566 5470 τὸ
2598 5416 2945 5485 ἀπεμφαῖνον
2978 5411 3348 5467 ἀποποιείσθω
3378 5411 3415 5481 ·)
3446 5411 3539 5464 τὸν
3574 5411 3744 5463 αὑτὸν

2157 5504 2391 5584 τρόπον,
2424 5511 2498 5571 ὡς
2524 5509 2745 5580 ὁρῶμεν
2773 5507 2868 5561 καὶ
2898 5506 3219 5577 ἐξημμένην
3247 5503 3340 5558 τοῦ
3369 5503 3740 5572 ὑποκειμένου

2159 5605 2256 5674 τὴν
2286 5603 2481 5674 φλόγα,
2517 5603 2609 5656 καὶ
2640 5601 2739 5654 ούκ
2767 5599 3260 5669 ἐναποκλειομένην
3288 5601 3356 5669 τῇ
3388 5596 3509 5669 ὕλῃ,
3544 5596 3599 5648 τί
3629 5612 3743 5648 κω-

2157 5697 2294 5763 λύει,
2318 5698 2415 5769 τῆς
2440 5696 2589 5761 θείας
2615 5694 2825 5765 φύσεως
2847 5694 3040 5750 ἕνωσίν
3061 5709 3183 5748 τινα
3206 5692 3299 5748 καὶ
3324 5692 3740 5763 προσεγγισμὸν
