4024 6208
292 341 385 402 2'17

1223 341 1602 405 PANOl’LlA
1648 348 2112 416 DUGMATICA.
2150 381 2219 392 —
2251 355 2402 416 TlT.
2437 358 2570 420 νη.

3420 363 3526 425 218

291 450 716 517 κατανοήσαντας
752 446 889 516 πρὸς
923 445 984 500 τὸ
1015 446 1359 516 ἀνθρώπινον
1381 493 1393 512 ,
1427 452 1526 522 τὴν
1561 451 1838 524 θεοπρεπῆ

1954 467 2006 512 ut
2033 459 2088 512 in
2116 461 2228 530 ipsa
2266 463 2659 532 conjunctione
2691 474 2854 535 atque
2889 465 3118 531 unitate,
3159 470 3408 536 quamvis
3472 475 3525 524 in

288 543 506 594 διάνοιαν
538 541 634 592 καὶ
664 541 720 591 ἐν
750 538 830 608 τῷ
862 540 1260 610 προσεγγισμῷ
1297 541 1708 608 διασώσασθαι,
1742 547 1844 599 πά-

287 649 372 701 σης
408 629 752 700 περιγραφῆς
795 629 953 691 ἐκτὸς
994 624 1135 683 εἶναι
1182 631 1242 684 τὸ
1270 633 1424 686 Θεῖον
1466 636 1842 701 πιστεύοντας,

287 721 371 772 κᾶν
396 721 448 770 ὲν
476 717 756 788 ἀνθρώπῳ
840 733 855 780 ;
900 719 960 770 El
985 719 1042 772 δὲ
1091 719 1274 786 ζητεῖς
1304 721 1414 784 πῶς
1448 729 1845 796 κατακιρνᾶται

285 811 449 874 θεότης
479 811 616 880 πρὸς
651 812 712 864 τὸ
740 812 1104 883 ἀνθρώπινον,
1134 812 1252 881 ὥρα
1287 831 1370 866 σοι
1404 816 1508 884 πρὸ
1535 817 1725 871 τούτου
1753 820 1847 889 ζη-

285 904 402 964 τεῖν,
437 902 525 964 τίς
559 903 696 972 πρὸς
724 904 823 973 τὴν
850 904 1042 972 σάρκα,
1064 905 1162 972 τῆς
1199 906 1377 974 ψυχῆς
1405 909 1437 977 ἡ
1474 913 1740 978 συμφυῖα.
1785 916 1843 967 El

281 996 325 1047 δὲ
352 997 449 1064 τῆς
477 997 578 1062 σῆς
612 996 887 1063 ἀγνοεῖται
923 996 1100 1066 ψυχῆς
1130 999 1160 1050 ὁ
1192 999 1411 1070 τρόπος,
1447 1002 1570 1055 καθ’
1600 1003 1660 1057 ὃν
1693 1005 1842 1058 ἐνοῦ-

280 1105 352 1139 tat
385 1087 471 1156 τῷ
504 1089 716 1156 σώματι
739 1127 754 1149 ,
795 1089 929 1159 μηδὲ
963 1089 1142 1142 ἐκεῖνο
1172 1091 1388 1155 πάντως
1415 1093 1527 1146 οῖου
1559 1097 1668 1148 δεῖν
1694 1098 1846 1160 ἐντὸς

266 1179 516 1264 Δγενέσθαι
545 1181 639 1248 τῆς
672 1182 772 1248 σῆς
797 1182 1176 1250 καταλήψεως.
1219 1185 1360 1237 Ἀλλ’
1400 1187 1589 1256 ὥσπερ
1617 1191 1848 1244 ἐνταῦθα

264 1274 357 1350 ικαὶ
379 1270 580 1340 ἕτερον
608 1266 747 1323 εἷναί
781 1289 835 1324 τι
862 1275 1016 1340 παρὰ
1049 1274 1109 1326 τὸ
1151 1275 1309 1344 σῶμα
1347 1277 1446 1348 τὴν
1475 1278 1654 1348 ψυχὴν
1685 1298 1848 1333 πεπιο

265 1359 594 1430 στεύκαμεν,
620 1364 683 1414 ὲκ
707 1362 805 1415 τοῦ
839 1365 1176 1432 μονωθεῖσαν
1205 1367 1302 1432 τῆς
1327 1368 1504 1438 ψυχῆς
1533 1369 1631 1440 τὴν
1664 1373 1846 1442 σάρκα

277 1455 466 1519 νεκράν
511 1469 569 1504 τε
614 1455 709 1505 καὶ
759 1454 1122 1525 ἀνενέργητον
1164 1458 1432 1526 γίνεσθαι,
1483 1463 1575 1514 καὶ
1623 1464 1717 1517 τὸν
1747 1468 1848 1534 τῆς

277 1543 514 1606 ἑνώαεως
570 1545 669 1596 οὐκ
715 1545 1155 1614 ἔπιγινώσκομεν
1204 1550 1442 1620 τρόπον·
1495 1553 1636 1606 οὕτω
1687 1557 1850 1608 κάκεῖ

276 1636 547 1703 διαφέρειν
575 1637 676 1705 μἰν
709 1637 802 1689 ἐπὶ
832 1637 892 1690 τὸ
942 1640 1525 1713 μεγαλοπρεπέστερον
1568 1645 1666 1716 τὴν
1696 1645 1847 1700 θείαν

266 1714 435 1795 ’φύσιν
475 1728 739 1804 προς-τὴν
770 1729 970 1799 Θνητὴν
1006 1733 1100 1784 καὶ
1133 1733 1396 1803 ἐπίκηρον
1429 1714 1804 1808 ὁμολογοῦμεν
1828 1780 1842 1804 ,

265 1821 353 1898 ¹τὸν
379 1821 442 1874 δὲ
468 1821 565 1890 τῆς
605 1823 962 1892 ἀνακράσεως
994 1824 1194 1894 τρόπον
1240 1828 1339 1880 τοῦ
1375 1830 1534 1882 Θείου
1577 1831 1714 1901 πρὸς
1755 1833 1847 1887 τὸν
1881 1809 1920 1861 Β

277 1913 556 1982 ἄνθρωπον
590 1915 820 1968 συνιδεῖν
859 1917 918 1968 ού
974 1917 1280 1987 χωροῦμεν.
1333 1920 1492 1973 Ἀλλὰ
1523 1923 1583 1974 τὸ
1619 1923 1719 1989 μὲν
1757 1941 1848 1992 γε-

263 2003 531 2088 ιγενῆσθαι
562 2003 696 2056 Θεὸν
728 2005 784 2056 ὲν
819 2003 1110 2075 ἀνθρώπου
1151 2007 1310 2075 φύσει
1338 2011 1425 2062 διὰ
1455 2012 1565 2064 τῶν
1597 2014 1844 2082 ἱστορου-

262 2096 452 2164 ,μὲνων
489 2095 788 2166 θαυμάτων
817 2100 922 2167 ρύκ
956 2101 1386 2170 ἀμφιϐάλλομεν,
1429 2105 1486 2155 τὸ
1517 2104 1562 2156 δ’
1593 2106 1738 2168 ὅπως
1771 2109 1848 2168 ὡς

282 2189 459 2256 μεῖζον
485 2187 519 2256 ἢ
551 2188 693 2241 κατά
720 2190 996 2260 λογισμῶν
1026 2192 1213 2259 ἔφοδον
1239 2194 1520 2266 διερευνᾷν
1550 2197 1848 2268 παραιτού-

257 2319 260 2322 .
282 2278 438 2347 μεθα.
469 2279 605 2333 Ούδὶ
630 2280 740 2350 γὰρ
766 2283 948 2336 πᾶσαν
969 2284 1069 2354 τὴν
1101 2287 1420 2354 σωματικήν
1449 2303 1506 2338 τε
1537 2287 1630 2340 καὶ
1651 2287 1848 2358 νοητὴν

281 2369 453 2422 κτίσιν
484 2368 636 2436 παρὰ
666 2370 764 2439 τῆς
795 2371 1087 2440 ἀσωμάτου
1123 2387 1183 2423 τε
1224 2375 1317 2448 και
1347 2372 1602 2424 ἀκτίττου
1631 2373 1848 2439 φύσεως

282 2459 578 2528 ὑποστῆναι
613 2461 987 2525 πιστεύοντες,
1025 2463 1086 2515 τὸ
1117 2449 1346 2531 πόθενῆ
1385 2463 1444 2515 τὸ
1473 2462 1590 2524 πῶς
1620 2467 1686 2532 τῇ
1720 2465 1848 2534 περὶ

280 2551 474 2604 τούτων
509 2551 689 2606 πίστει
721 2551 1164 2622 συνεξετάζομεν.
1209 2554 1365 2605 Ἀλλὰ
1400 2555 1461 2606 τὸ
1516 2555 1846 2624 γεγενῆσθαι

282 2642 746 2710 παραδεχόμενοι,
781 2644 1349 2715 ἀπολυπραγμόνητον
1384 2647 1476 2698 τὸν
1515 2646 1716 2716 τρόπον
1749 2649 1849 2714 τῆς

281 2729 363 2782 τοῦ
416 2731 620 2793 παντὸς
668 2731 974 2794 συστάσεως
1019 2733 1440 2802 καταλείπομεν,
1489 2734 1561 2794 ὡς
1612 2735 1850 2804 ἄρρητον

283 2822 622 2875 παντάπασιν
651 2822 782 2893 οντα
813 2823 907 2876 καὶ
944 2824 1371 2894 ἀνερμήνευτον.
1405 2824 1509 2877 Τοῦ
1538 2826 1594 2878 δὲ
1629 2827 1760 2879 Θεὸν
1790 2828 1848 2878 ὲν

285 2915 435 2984 σαρκὶ
466 2913 854 2986 φανερωθῆναι
891 2916 1020 2984 ἡμῖν
1055 2918 1083 2969 ὁ
1112 2916 1208 2980 τὰς
1237 2915 1538 2980 ἀποδείξεις
1575 2915 1849 2981 ἐπιζητῶν

287 3007 407 3074 πρὸς
434 3009 536 3068 τὰς
567 3009 846 3076 ἐνεργείας
871 3008 1134 3078 βλεπέτω.
1165 3010 1274 3060 Καὶ
1299 3011 1407 3077 γὰρ
1435 3009 1526 3060 τοῦ
1551 3009 1683 3070 ὅλως
1710 3004 1848 3061 εἶναι

286 3098 405 3148 Θεὸν
443 3098 547 3150 οὐκ
580 3099 648 3152 ἂν
677 3115 762 3162 τις
798 3099 987 3168 ἑτέραν
1017 3099 1293 3162 ἀπόδειξιν
1343 3099 1453 3167 ἔχοι
1490 3099 1628 3168 πλὴν
1657 3101 1755 3166 τῆς
1782 3101 1848 3152 δι’

287 3191 455 3244 αὐτῶν
488 3191 598 3245 τῶν
632 3191 925 3261 ἐνεργειῶν
957 3190 1287 3260 μαρτυρίας.
1319 3192 1530 3260 ’Ὠσπερ
1561 3191 1739 3244 τοίνυν
1773 3195 1852 3254 είς

288 3285 337 3334 τὸ
367 3285 476 3338 πᾶν
506 3281 841 3351 ἀφορῶντες,
869 3284 965 3337 καὶ
999 3284 1098 3345 τὰς
1126 3284 1268 3336 κατά
1298 3284 1388 3335 τὸν
1426 3284 1627 3352 κόσμον
1653 3285 1855 3336 οἰκονο-

295 3375 410 3442 μίας
439 3375 896 3439 ἐπισκοποῦντες,
929 3376 1024 3429 καὶ
1056 3375 1156 3438 τὰς
1189 3377 1513 3444 εὐεργεσίας
1543 3377 1640 3435 τὰς
1672 3376 1854 3428 θεόθεν

291 3466 420 3518 κατά
448 3467 547 3537 τὴν
574 3466 718 3537 ζωὴν
741 3466 899 3536 ἡμῶν
921 3467 1318 3536 ὲνεργουμένας
1350 3467 1706 3536 ὑπερκείσοαί
1733 3485 1855 3522 τινα

291 3557 502 3625 δύναμιν
530 3558 818 3627 ποιητικὴν
845 3559 951 3610 τῶν
977 3559 1299 3627 γινομένων,
1329 3559 1426 3610 καὶ
1454 3560 1854 3629 συντηρητικὴν

300 3648 393 3701 τῶν
427 3650 595 3703 ὄντων
628 3651 1142 3719 ωταλαμόάνομενν
1186 3649 1328 3703 οὕτω
1376 3652 1470 3704 καὶ
1506 3652 1599 3705 ἐπὶ
1638 3653 1730 3705 τοῦ
1767 3651 1856 3705 διὰ

305 3741 478 3808 σαρκὸς
497 3743 629 3812 ἡμῖν
657 3741 1061 3809 φανερωθέντος
1087 3739 1221 3792 Θεοῦ
1250 3741 1438 3810 ἱκανὴν
1459 3743 1734 3808 ἀπόδειξιν
1759 3743 1856 3810 τῆς

304 3830 598 3899 ίπιφανείας
627 3831 725 3898 τῆς
758 3832 1008 3900 θεότητος
1030 3832 1099 3886 τὰ
1121 3833 1262 3884 κατά
1290 3833 1391 3895 τὰς
1419 3833 1696 3901 ἐνεργείας
1725 3833 1854 3886 θαύ-

311 3935 434 3988 ματα
467 3923 816 3992 πεποιήμεθα
851 3923 1032 3978 πάντα
1076 3925 1186 3986 τοῖς
1229 3923 1594 3995 ίστορηθεῖσιν
1647 3926 1852 3995 ἔργοις,

308 4009 362 4061 δι’
389 4007 458 4064 ὧν
484 4015 516 4082 ὴ
542 4015 662 4066 θεία
700 4013 1161 4084 χαρακτηρίζεται
1193 4015 1351 4084 φύσις
1393 4017 1851 4086 κατανοήσαντες.

311 4101 424 4153 Θεοῦ
452 4105 507 4155 τὸ
538 4104 827 4167 ζωοποειῖν
857 4106 980 4166 τοὺς
1004 4104 1323 4175 ἀνθρώπους
1351 4121 1366 4137 ο
1401 4105 1534 4159 Θεοῦ
1565 4110 1624 4160 τὸ
1657 4124 1855 4178 συντη-

315 4198 410 4264 ρεῖν
442 4195 525 4250 διὰ
546 4197 806 4267 προνοίας
839 4196 909 4248 τὰ
940 4195 1072 4248 ὅντα
1098 4213 1113 4229 ο
1145 4196 1280 4250 Θεοῦ
1307 4198 1369 4250 τὸ
1399 4197 1602 4268 βρῶσιν
1632 4199 1727 4253 καὶ
1755 4199 1856 4252 πό-

312 4305 381 4342 σιν
412 4293 516 4353 τοῖς
549 4291 638 4344 διὰ
682 4289 883 4360 σαρκὸς
921 4289 1019 4360 τὴν
1053 4289 1198 4361 ζωὴν
1238 4291 1852 4362 εἰληχόςιχαρίζεσθαιο

309 4380 422 4435 Θεοῦ
455 4383 514 4436 τὸ
542 4383 857 4454 εὐεργετεῖν
887 4382 980 4436 τὸν
1004 4383 1279 4453 δεόμενονο
1307 4384 1443 4437 Θεοῦ
1479 4385 1539 4438 τὸ
1569 4401 1856 4456 παρατρα-

1952 552 2174 607 homine
2205 554 2346 609 Deus
2364 556 2452 619 sit,
2482 556 2627 610 nulla
2647 565 2827 610 tamen
2853 558 3364 628 circumscriptione
3398 578 3531 616 con-

1950 642 2248 696 cludatur?
2286 643 2442 708 Quod
2477 644 2521 697 si
2546 646 2769 714 quaaris,
2793 647 3068 715 quomodo
3103 646 3245 701 Deus
3269 664 3390 702 cum
3429 651 3530 703 ho-

1949 734 2097 788 mine
2121 736 2443 789 commistus
2500 736 2590 797 sit,
2647 737 2800 805 prius
2841 738 3128 793 considera
3187 739 3532 807 conjunctio-

1948 840 2072 878 ncm
2111 825 2278 878 animi
2310 842 2434 880 cum
2461 842 2624 882 carne
2657 836 2768 894 tua,
2791 829 2880 897 qui
2933 830 3154 898 quidem
3208 833 3447 894 animus,
3487 833 3530 886 si

1950 916 2252 987 intelligere
2281 934 2385 972 non
2411 929 2587 988 potes,
2624 936 2728 989 qua
2759 922 2968 974 ratione
3001 937 3126 974 cum
3155 937 3386 990 corpore
3437 939 3534 977 co-

1951 1007 2190 1076 puletur.
2219 1010 2392 1062 multo
2423 1010 2605 1064 minus
2640 1011 2893 1065 existima
2949 1023 2999 1065 te
3062 1029 3224 1081 posse
3286 1015 3531 1082 assequi,

1949 1115 2057 1168 quo
2089 1109 2248 1169 pacto
2284 1102 2424 1154 Deus
2456 1117 2578 1155 cum
2614 1102 2833 1155 homine
2857 1103 3243 1173 coniungatur.
3307 1103 3531 1170 Verum,

1950 1191 2408 1258 quemadmodum
2441 1192 2568 1246 inte
2603 1192 2780 1246 credis
2815 1193 2960 1245 aliud
2983 1193 3236 1260 quiddam
3263 1209 3384 1248 esse
3412 1194 3533 1246 ani—

1952 1297 2122 1343 mum,
2147 1299 2307 1352 quam
2335 1299 2538 1353 corpus
2567 1283 2658 1350 sit,
2683 1285 2946 1353 quoniam
2981 1299 3179 1353 corpus
3212 1285 3282 1338 ab
3343 1286 3530 1338 animo

1951 1376 2254 1442 desertum,
2296 1377 2528 1431 cadaver
2552 1378 2756 1442 evadit,
2787 1387 2950 1447 atque
2999 1379 3147 1433 iners
3205 1378 3302 1442 ﬁt,
3359 1387 3414 1432 et
3466 1380 3531 1432 ad

1952 1465 2222 1532 agendum
2249 1466 2460 1529 inutile,
2482 1467 2610 1520 licet
2629 1466 3036 1535 conjunctionis
3063 1468 3332 1520 rationem
3372 1469 3528 1538 igno~

1953 1573 2067 1621 res;
2094 1558 2174 1610 sic
2196 1559 2360 1612 etiam
2383 1557 2438 1609 in
2459 1557 2548 1610 Dei
2575 1573 2698 1611 cum
2720 1558 2937 1611 homine
2961 1559 3349 1628 conjunctione
3405 1575 3534 1612 con-

1953 1649 2168 1702 litemnr
2195 1648 2436 1701 divinam
2467 1657 2721 1702 naturam
2749 1649 2968 1703 caducae
2999 1651 3329 1718 mortalique
3355 1649 3534 1701 modis

1949 1739 2206 1793 omnibus
2271 1739 2532 1811 dignitate
2591 1747 2872 1808 praestare,
2912 1753 3016 1806 qua
3086 1739 3299 1792 ratione
3349 1750 3535 1790 autem

1950 1831 2356 1900 elliciaturipsa
2394 1831 2716 1900 eonjunctio
2747 1845 2852 1883 non
2885 1845 3178 1899 possumus
3208 1829 3532 1898 intelligere.

1950 1921 2105 1986 Quod
2143 1921 2284 1973 Deus
2315 1920 2367 1972 in
2401 1917 2637 1973 hominis
2671 1928 2864 1973 natura
2901 1921 3117 1988 genitus
3141 1921 3232 1983 sit,
3257 1935 3323 1972 ex
3363 1919 3527 1972 rebus

1951 2012 2311 2075 admirandis,
2345 2028 2466 2081 qua:
2495 2012 2625 2066 visze
2657 2012 2978 2080 scriptaeque
3011 2019 3158 2074 sunt,
3216 2025 3321 2062 non
3358 2011 3534 2062 ambi-

1949 2105 2146 2176 gimus,
2176 2103 2441 2158 rationem
2499 2115 2679 2158 autem
2719 2119 2782 2157 ac
2840 2103 3082 2167 modum,
3132 2112 3190 2155 ut
3249 2103 3534 2171 majorem,

1948 2211 2114 2266 quam
2144 2213 2174 2251 a
2205 2197 2363 2251 nobis
2400 2197 2604 2266 percipi
2639 2197 2828 2265 possit,
2884 2195 3186 2248 omittimus
3254 2195 3532 2265 indagare.

1949 2288 2136 2358 Neque
2154 2291 2324 2354 enim,
2341 2305 2467 2342 cum
2491 2304 2578 2342 res
2595 2303 2784 2342 omnes
2807 2301 3120 2355 corporeas,
3140 2294 3328 2353 etquae
3351 2294 3535 2338 mente

1949 2379 2122 2433 solum
2183 2378 2622 2447 percipiuntura
2669 2387 2862 2431 natura
2920 2376 3260 2444 incorporea,
3307 2385 3361 2427 et
3415 2389 3536 2441 qua:

1949 2478 2131 2525 creata
2165 2485 2273 2522 non
2324 2479 2428 2531 est.
2483 2477 2799 2537 procreatas
2856 2481 2980 2519 esse
3029 2465 3323 2528 credimus,
3391 2463 3536 2516 unde

1949 2570 2043 2613 aut
2071 2559 2344 2629 qumnodo
2377 2559 2530 2612 facta:
2575 2557 2707 2615 sint.
2766 2557 3191 2625 investigamus;
3251 2554 3344 2606 sed
3405 2569 3531 2606 cum

1951 2652 2216 2704 mundum
2250 2650 2417 2703 fuisse
2475 2649 2754 2704 conditum
2796 2646 3189 2714 acceperimus,
3245 2643 3534 2706 rationem,

1950 2758 2054 2809 qua
2079 2741 2330 2795 conditus
2358 2740 2524 2793 fuerit
2555 2740 2769 2792 curiose
2802 2754 2908 2790 non
2930 2737 3294 2805 exquirimus,
3326 2734 3532 2803 quippe

1950 2835 2039 2902 qui
2075 2833 2234 2902 plane
2268 2833 2526 2894 sciamus,
2561 2846 2680 2884 eam
2723 2830 2869 2881 nullo
2903 2829 3065 2880 modo
3133 2842 3293 2895 posse
3327 2824 3536 2893 percipi

1951 2934 2045 2977 aut
2072 2923 2350 2990 explicari.
2385 2921 2538 2987 Quod
2570 2932 2750 2975 autem
2795 2921 2936 2972 Deus
2961 2920 3012 2970 in
3042 2932 3208 2970 carne
3241 2917 3400 2970 nobis
3430 2932 3528 2984 ap-

1950 3017 2216 3088 paruerit,
2246 3015 2289 3069 si
2331 3015 2455 3083 quis
2479 3011 2979 3067 demonstrationes
3044 3008 3294 3076 inquirit,
3345 3007 3389 3060 is
3419 3008 3539 3073 ejus

1881 3135 1926 3196 ο
1957 3125 2121 3177 Opera
2146 3108 2465 3176 conspiciat.
2491 3106 2626 3157 Nam
2656 3113 2709 3158 et
2735 3103 2877 3172 quod
2911 3102 3051 3154 Deus
3081 3103 3197 3169 ipse
3250 3103 3341 3160 sit,
3390 3100 3540 3152 nullo

1957 3202 2065 3255 alio
2094 3199 2195 3253 nisi
2235 3214 2459 3268 operum
2517 3196 2687 3265 ipsius
2745 3193 3064 3247 testimonio
3127 3191 3538 3259 comprobatur.

1961 3294 2030 3346 Ut
2070 3291 2238 3358 igitur
2275 3304 2456 3342 rerum
2491 3285 2912 3340 universitatem
2967 3281 3269 3344 intuentes,
3323 3295 3540 3332 earum-

1955 3397 2063 3451 que
2120 3379 2550 3434 moderationem
2602 3386 2656 3429 et
2720 3373 2992 3434 ordinem,
3066 3371 3297 3438 vitaaqne
3345 3378 3542 3421 nostra:

1957 3470 2243 3527 commoda
2270 3468 2532 3523 divinitus
2569 3467 2692 3520 data
2723 3467 3164 3523 considerantes,
3190 3461 3299 3513 vim
3347 3475 3542 3528 quam-

1957 3566 2080 3620 dam
2109 3563 2292 3616 mundi
2318 3561 2649 3614 eﬂectricem
2710 3556 3284 3622 conservatricemque
3308 3568 3542 3622 cognos-

1957 3656 2156 3716 cimus,
2187 3654 2268 3708 sic
2295 3654 2347 3704 in
2379 3651 2490 3705 Deo
2522 3650 2681 3704 nobis
2715 3664 2814 3718 per
2866 3662 3085 3701 carnem
3133 3647 3399 3714 patefacto
3442 3644 3542 3696 ad-

1960 3745 2210 3800 miranda
2248 3745 2393 3797 illius
2422 3757 2586 3812 epera
2613 3741 2810 3795 similia
2841 3741 2928 3802 iis,
2957 3753 3078 3808 quae
3131 3738 3332 3805 scripta
3389 3744 3540 3796 sunt,

1956 3839 2179 3908 quibus.
2243 3844 2496 3902 tanquam
2543 3835 2688 3885 notis
2739 3839 2936 3884 natura
2980 3829 3162 3883 divina
3213 3828 3541 3888 declaratur,

1959 3930 2204 4000 locuples
2252 3927 2410 3981 nobis
2457 3923 2764 3978 divinitatis
2819 3921 2941 3989 ejus
2976 3919 3354 3974 testimonium
3405 3919 3542 3972 atie-

1957 4032 2111 4076 runt.
2139 4019 2233 4074 Dei
2280 4031 2518 4084 namque
2565 4029 2686 4068 esse
2739 4013 3146 4084 cognoscimus,
3218 4011 3551 4064 hominibus

1955 4115 2124 4168 vitam
2187 4107 2628 4175 tribuere;Dei,
2669 4121 2755 4170 ea,
2815 4119 2936 4174 qua:
2995 4112 3142 4168 sunt,
3202 4103 3554 4172 providentia»

1960 4205 2099 4260 tueri
2145 4219 2208 4258 ac
2239 4216 2566 4257 conservare
2594 4216 2610 4262 ;
2642 4199 2760 4264 Dei,
2793 4199 2979 4251 cibum
3004 4203 3059 4250 et
3089 4205 3277 4264 potum
3305 4195 3373 4249 iis
3395 4211 3552 4263 ,qnae.

1959 4299 2014 4353 in
2044 4311 2211 4351 carne
2240 4296 2402 4349 vitam
2445 4293 2670 4364 degunt,
2708 4291 2923 4362 elargiri
2949 4306 2966 4355 ;
2993 4290 3114 4352 Dei,
3169 4289 3238 4343 de
3288 4287 3560 4358 pauperi»

1956 4389 2059 4446 bus
2088 4399 2143 4442 et
2169 4387 2536 4459 indigentibus
2563 4384 2700 4438 bene
2737 4382 2934 4438 mereri
2963 4397 2980 4448 ;
3007 4381 3125 4444 Dei,
3147 4389 3396 4434 naturam
3425 4393 3566 4447 quar

310 4477 478 4529 πεῖσαν
509 4475 566 4542 ἐξ
593 4476 878 4538 ἀσθενείας
907 4476 1006 4545 τὴν
1037 4477 1200 4546 φύσιν
1230 4477 1391 4530 πάλιν
1412 4477 1481 4529 δι’
1503 4477 1690 4546 ὑγείας
1719 4479 1853 4551 πρὸς

1959 4477 2278 4534 inﬁrmitate
2307 4493 2405 4532 sua
2439 4477 2507 4532 de
2563 4487 2712 4530 recta
2765 4475 2853 4530 via
2927 4472 3243 4537 deflexerat,
3282 4473 3562 4528 reducere

306 4565 483 4636 σαυτὴν
513 4565 841 4634 ἐπανάγειν·
867 4565 1002 4619 Θεοῦ
1032 4571 1092 4619 τὸ
1127 4567 1309 4636 πάσης
1340 4568 1653 4619 ἐπιστατεῖν
1675 4570 1861 4638 ὁμοιο-

302 4659 496 4727 τρόπως
545 4663 647 4732 τῆς
707 4658 959 4726 κτίσεως,
1010 4659 1136 4730 γῆς,
1193 4659 1490 4728 θαλάσσης,
1535 4659 1717 4730 ἀέρος,
1765 4661 1861 4714 καὶ

302 4751 396 4805 τῶν
435 4753 573 4825 ὑπὲρ
615 4755 708 4807 τὸν
758 4753 898 4823 ἀέρα
941 4753 1126 4806 τόπων
1163 4765 1178 4782 ⁸
1236 4751 1372 4806 Θεοῦ
1411 4752 1474 4804 τὸ
1521 4753 1652 4822 πρὸς
1683 4752 1864 4806 πάντα

300 4846 481 4918 δςαρκῆ
523 4849 622 4918 τὴν
660 4849 892 4916 δύναμιν
945 4847 1111 4915 ἒχειν,
1157 4846 1250 4899 καὶ
1284 4849 1392 4916 πρό
1435 4862 1498 4912 γε
1538 4845 1756 4899 πάντων
1802 4845 1864 4897 τὸ

302 4934 514 4991 θανάτου
565 4937 661 4991 καὶ
705 4937 912 5007 φθορᾶς
959 4931 1102 4989 εῖναι
1148 4935 1454 5005 κρείττονα.
1506 4934 1568 4988 El
1618 4935 1717 5004 μὲν
1770 4933 1864 4986 οὖν

298 5043 428 5093 τινος
456 5031 660 5082 τούτων
704 5028 938 5081 καὶτῶν
976 5025 1235 5080 τοιούτων
1287 5025 1512 5096 ἐλλιπὴς
1561 5021 1690 5096 ἦνή
1731 5024 1862 5095 περὶ

299 5117 445 5172 αὐτὸν
471 5120 705 5191 ἱστορία,
732 5119 957 5182 εἰκότως
976 5119 1035 5172 τὸ
1055 5119 1350 5190 μυστήρ;ον
1377 5120 1409 5188 ή
1420 5117 1536 5188 μῶν
1555 5118 1606 5170 οι
1630 5117 1734 5180 ἔξω
1760 5117 1860 5186 τῆς

300 5212 518 5276 πίστεως
557 5211 1016 5282 παριγράςροντοο
1066 5212 1115 5264 εί
1160 5210 1219 5263 δὲ
1255 5210 1323 5263 δι’
1351 5203 1426 5263 ὧν
1462 5211 1664 5263 νοεῖται
1705 5207 1860 5272 Θεὸς,

301 5303 464 5355 πάντα
501 5303 557 5355 ὲν
588 5302 700 5364 τοῖς
740 5299 1065 5372 περὶαύτοῦ
1104 5300 1407 5371 διηγήμασι
1440 5300 1765 5370 καθορᾶται,
1803 5298 1859 5352 τί

298 5390 353 5446 τὸ
379 5394 666 5465 ἐμποδίζον
685 5396 755 5465 τῇ
783 5395 965 5447 πίστει
985 5393 1217 5461 ruma,
1240 5393 1392 5464 φησι,
1414 5392 1743 5463 γέννησίςςτε
1769 5391 1862 5445 καὶ

298 5479 510 5548 θάνατος
529 5485 658 5538 ῖδιον
684 5487 787 5554 τῆς
811 5485 1082 5554 σαρκικῆς
1107 5482 1220 5536 ἐστι
1251 5485 1480 5552 φύσεως.
1500 5483 1646 5552 Φημὶ
1675 5483 1856 5550 κάγώ·

296 5574 428 5628 ἀλλὰ
450 5577 509 5630 τὸ
536 5579 676 5647 πρὶς
702 5579 803 5647 τῆς
829 5578 1094 5645 γενέσεως
1123 5582 1216 5630 καὶ
1253 5577 1327 5629 τὸ
1349 5579 1490 5646 μετὰ
1515 5577 1606 5630 τὸν
1632 5577 1862 5630 θάνατον

293 5669 391 5736 τὴν
413 5671 508 5740 τῆς
542 5669 762 5739 φύσεως
793 5669 950 5739 ἡμῶν
989 5669 1246 5737 ἐκφεύγει
1278 5669 1586 5736 κοινότητα.
1627 5668 1717 5730 Εἰς
1749 5668 1859 5738 γὰρ

294 5758 520 5831 ικάτερα
541 5763 640 5833 τῆς
669 5761 1016 5832 ἀνθρωπίνης
1045 5761 1186 5832 ζωῆς
1217 5762 1282 5813 τι
1306 5760 1513 5829 πέρατα
1542 5761 1854 5828 βλέποντες,

1966 4572 2032 4627 ad
2065 4570 2377 4633 sanitatem,
2402 4576 2458 4623 et
2483 4569 2536 4622 in
2571 4567 2860 4638 pristinum
2882 4576 3082 4620 statum
3107 4581 3399 4631 revocare;
3426 4566 3540 4630 Dei,

1972 4663 2190 4718 cunctis
2215 4675 2371 4733 teque
2400 4661 2562 4715 rebus
2588 4658 2884 4730 procreatis
2905 4658 3193 4729 imperare,
3225 4669 3402 4719 terrae,
3430 4672 3558 4709 ma-

1963 4754 2028 4818 ri,
2060 4753 2191 4817 aeri,
2216 4761 2267 4807 et
2300 4753 2383 4817 iis,
2415 4767 2535 4821 quae
2557 4766 2721 4822 supra
2741 4765 2920 4805 aerem
2945 4750 3044 4804 sita
3067 4761 3228 4813 sunt;
3265 4748 3380 4808 Dei,
3415 4763 3554 4815 per-

1965 4854 2183 4916 petuam
2214 4844 2266 4898 in
2290 4845 2471 4899 omnia
2503 4851 2825 4914 potestatem
2870 4842 3092 4905 habere,
3158 4839 3553 4909 imprimisque-

1964 4953 2086 4994 esse
2113 4947 2289 4991 morte
2345 4947 2401 4992 et
2436 4936 2789 5005 corruptione
2840 4935 3200 5004 superiorem.
3261 4931 3463 4986 Horum
3495 4932 3554 4985 εἰ·

1977 5029 2108 5099 quid
2138 5029 2190 5082 in
2223 5027 2476 5092 historia,
2508 5041 2612 5096 qua
2640 5025 2749 5080 vita
2776 5026 2946 5096 ipsius
2979 5025 3328 5088 describitur,
3392 5023 3550 5078 desi-~
3599 5092 3602 5095 _

1964 5120 2267 5186 deraretur,
2293 5117 2390 5180 illi,
2421 5116 2571 5187 quia
2605 5117 2866 5188 religione
2921 5125 3048 5171 sunt
3091 5116 3276 5178 alieni,
3348 5117 3555 5170 merito

1965 5209 2280 5280 mysterium
2305 5215 2554 5262 nostrum
2587 5208 2963 5278 repudiarent.
2996 5205 3093 5260 Sin
3154 5205 3358 5268 omnia,
3414 5205 3543 5274 qui-

1965 5298 2226 5354 busDeus
2251 5299 2618 5368 cognoscitur,
2679 5299 2732 5353 in
2801 5314 2862 5353 ea
2913 5297 3350 5367 eonSpiciuntur,
3414 5297 3548 5366 quid

1965 5391 2243 5463 prohibet,
2272 5406 2380 5459 quo
2410 5391 2602 5445 minus
2664 5389 2826 5445 ﬁdem
2895 5388 3324 5460 religionemque
3372 5386 3543 5442 susci-

1965 5482 2659 5556 pias?Atenim,inquies,
2694 5481 2840 5535 nasci
2889 5490 3051 5548 atque
3110 5479 3263 5534 obire
3314 5479 3534 5548 propria

1966 5585 2091 5631 sunt
2121 5575 2349 5645 hujusce
2375 5575 2577 5629 carnis.
2603 5573 2880 5638 Concedo;
2902 5587 3088 5626 verum
3108 5589 3193 5638 ea,
3219 5587 3338 5642 qum
3359 5581 3543 5626 ortum

1965 5672 2086 5738 ejus
2134 5679 2548 5739 praecesserunt,
2603 5683 2832 5738 quicque
2887 5677 3119 5722 mortem
3169 5678 3295 5722 sunt
3349 5668 3542 5731 subsc-

1967 5773 2110 5829 cuta,
2143 5777 2488 5817 communem
2511 5771 2721 5816 natura:
2753 5771 2950 5818 nostrae
2973 5761 3341 5818 conditionem
3382 5774 3544 5829 supe-
