4024 6208
382 257 491 322 219

1612 259 1930 319 EUTHYM
1942 259 2001 319 II
2043 258 2408 321 ZIGABENI

3536 256 3647 319 220

382 385 528 431 rant.
562 372 694 429 Nam
720 374 767 429 si
826 384 1121 445 utrumque
1172 374 1469 431 terminum
1526 374 1779 429 humana:
1832 374 1987 433 vita}

2092 396 2223 449 σμεν
2268 379 2362 433 καὶ
2396 378 2517 432 ὅθεν
2557 380 2871 451 ἀρχόμεθα,
2910 380 3006 435 καὶ
3038 379 3118 442 εἰς
3152 376 3206 431 τί
3235 371 3645 442 καταλήξομενο

382 469 718 532 consideres,
751 468 981 532 videbis,
1016 469 1159 522 unde
1196 468 1542 536 incipiamus,
1573 476 1627 522 et
1656 483 1765 536 quo
1788 467 1962 522 dedu-

384 577 593 616 camur.
623 562 1052 629 Acorruptione
1110 559 1256 613 enim
1305 558 1633 628 principium
1687 560 1963 624 ducimus,

387 664 442 709 et
470 655 524 709 in
551 655 954 723 corruptionem
989 652 1319 706 desinimus.
1351 650 1482 721 Ejus
1509 662 1695 708 autem
1719 668 1824 706 nec
1867 667 1963 705 or-

352 769 357 778 -
392 757 529 807 tum,
561 760 661 798 nec
693 755 924 797 mortem
954 741 1169 810 excepit
1224 742 1529 810 corruptio.
1570 741 1682 796 lloc
1710 740 1808 796 tibi
1863 742 1963 795 ad-

390 834 696 890 mirandqu
749 834 981 899 videtur,
1018 842 1072 886 et
1120 832 1477 888 incredibile?
1533 832 1782 888 Gaudeo.
1835 832 1968 898 Qua:

391 926 539 980 enim
579 939 763 993 supra,
784 939 945 992 quam
976 923 1125 978 credi
1151 924 1383 993 possint,
1412 924 1754 979 admirabilia
1784 936 1965 993 putas,

390 1033 456 1070 ea
477 1033 639 1086 supra
665 1027 913 1070 naturam
935 1032 1055 1070 esse
1074 1016 1372 1071 confiteris.
1394 1016 1852 1085 Quapropterboc
1868 1017 1966 1070 tibi

390 1106 689 1160 divinitatis
718 1108 837 1178 ejus
858 1107 1225 1161 certissimum
1252 1108 1322 1161 sit
1350 1116 1753 1177 argumentum,
1790 1105 1962 1174 quod,

391 1220 514 1272 qute
544 1203 611 1257 dc
672 1202 763 1256 illo
815 1202 1201 1271 praedicantur,
1249 1216 1360 1254 non
1398 1209 1699 1269 sequuntur
1744 1198 1968 1252 omnino

395 1295 645 1348 ordinem
671 1295 995 1348 naturalem.
1039 1293 1253 1347 Etenim
1285 1292 1327 1345 si
1356 1307 1442 1357 ea,
1479 1307 1599 1360 qua:
1630 1291 1697 1344 de
1751 1290 1969 1344 Christo

2079 472 2173 526 Ἐκ
2221 472 2428 535 πάθους
2465 472 2576 544 γὰρ
2615 471 2711 525 τοῦ
2754 466 2897 526 εἶναι
2929 472 3236 542 ἀρξάμενος
3274 468 3303 521 ὁ
3338 464 3649 535 ἄνθρωπος,

2069 564 2236 620 πάθει
2271 566 2762 635 συναπαρτίζεται.
2826 565 2974 618 Ἐκεῖ
3023 562 3083 616 δὲ
3129 560 3255 613 οὔτε
3304 561 3339 629 ἡ
3392 558 3653 626 γέννησις

2065 658 2174 710 ἀπὸ
2212 657 2417 718 πάθους
2454 656 2675 727 ἤρξατο,
2714 656 2836 710 οὔτε
2874 658 2964 710 τὸν
3001 654 3233 708 θάνατον
3273 648 3450 719 φθορὰ
3483 646 3652 701 διεδὲ-

2067 749 2212 816 ξατο.
2244 748 2516 811 ’Δπιστεῖς
2542 748 2619 817 τῷ
2650 749 2923 818 θαύματι;
2952 746 3141 815 Χαίρω
3172 759 3266 796 σου
3294 744 3359 811 τῇ
3392 739 3650 807 ἀπιστίᾳ.

2080 839 2393 910 Ὀμολογεῖς
2428 841 2539 908 γάρ
2575 839 2815 901 πάντως,
2844 839 2914 891 δι’
2941 833 3016 892 ὧν
3047 836 3188 905 ὑπὲρ
3221 833 3399 887 πίστιν
3444 832 3550 899 ἡγῇ
3591 828 3657 880 τὸ

2067 931 2359 1002 λεγόμενον
2381 973 2396 998 ,
2432 932 2573 1000 ὑπὲρ
2609 930 2707 1001 τὴν
2741 930 2902 1001 φύσιν
2931 927 3071 983 εἶναι
3098 926 3168 980 τὰ
3199 925 3475 991 θαύματα.
3510 918 3657 976 Αὐτὸ

2069 1020 2163 1077 οὖν
2190 1023 2346 1077 τοῦτο
2370 1024 2470 1092 τῆς
2493 1024 2743 1093 θεότητος
2765 1023 2906 1076 ἔστω
2929 1039 3009 1074 σοι
3032 1020 3125 1074 τοῦ
3150 1018 3408 1088 φανέντος
3437 1014 3659 1068 άπόδει-
3702 1035 3709 1054 υ

2072 1116 2177 1181 εις,
2219 1117 2281 1169 τὸ
2328 1116 2404 1186 μὴ
2430 1117 2496 1170 δι’
2541 1116 2663 1169 ὅλου
2712 1115 2800 1167 διὰ
2848 1113 2958 1166 τῶν
3004 1112 3148 1166 κατὰ
3195 1109 3356 1179 φύσιν
3408 1106 3659 1176 προϊέναι

2068 1209 2131 1261 τὸ
2165 1210 2448 1279 κήρυγμα.
2482 1210 2542 1261 Εἰ
2578 1208 2685 1277 γὰρ
2722 1208 2869 1269 ἐντὸς
2897 1202 2966 1277 ἦν
3000 1204 3112 1258 τῶν
3138 1203 3237 1272 τῆς
3270 1201 3482 1269 φύσεως
3512 1199 3661 1268 ὅρων

2072 1297 2249 1352 πάντα
2272 1298 2340 1349 τὰ
2371 1297 2497 1368 περί⁸
2529 1296 2766 1367 Χριστοῦ
2805 1296 3134 1364 διηγήματα,
3164 1290 3268 1343 ποῦ
3299 1290 3359 1341 τὸ
3390 1288 3569 1351 θεῖονς
3598 1286 3661 1338 Εἰ

392 1386 671 1439 memoria:
744 1387 960 1455 prodita
1011 1394 1159 1447 sunt,
1218 1394 1428 1437 natura:
1492 1382 1745 1436 terminis
1788 1382 1972 1436 omnia

2092 1388 2131 1441 ῑὲ
2171 1388 2490 1459 ὑπερϐαίνει
2532 1388 2631 1459 τὴν
2662 1387 2824 1458 φύσιν
2857 1388 2915 1439 ὲν
2956 1384 3169 1446 πολλοῖς
3201 1382 3230 1434 ὁ
3261 1380 3452 1447 λόγος,
3483 1381 3543 1431 ἐν
3575 1370 3660 1438 οἷς

396 1478 828 1543 continerentur,
865 1477 953 1530 ubi
988 1477 1133 1530 illius
1159 1485 1300 1531 ess=.-t
1333 1475 1626 1530 divinitas?
1649 1474 1785 1530 Cum
1845 1489 1977 1529 vero

2092 1483 2345 1545 ὶπιστετς,
2381 1483 2438 1534 ὲν
2470 1480 2678 1543 τούτοις
2714 1480 2860 1533 ἐστὶν
2891 1481 2924 1549 ἠ
2961 1476 3231 1540 ἀπόδειξις
3261 1474 3355 1526 τοῦ
3386 1472 3481 1525 καὶ
3519 1470 3659 1521 Θεὸν

398 1569 719 1630 multorum,
755 1569 956 1639 quibus
995 1568 1155 1623 ﬁdem
1214 1583 1334 1622 non
1379 1568 1569 1633 habes,
1616 1568 1755 1621 ratio
1810 1573 1976 1635 natu-

2092 1572 2216 1627 ιῖναι
2245 1574 2334 1628 τὸν
2364 1573 2794 1642 κηρυσσόμενον.
2825 1570 3146 1639 Ἀνθρωπος
3178 1565 3277 1634 μὲν
3303 1565 3412 1634 γὰρ
3441 1564 3504 1614 ἐκ
3535 1577 3665 1612 συν-

398 1678 511 1717 rain
542 1673 784 1731 superet,
819 1664 935 1717 hmc
959 1662 1069 1731 ipsa
1093 1661 1406 1716 testimonio
1436 1669 1590 1723 sunt,
1615 1659 1972 1728 illum,quem

400 1749 756 1816 prmdieamus
792 1749 960 1803 Deum
1004 1750 1168 1803 etiam
1198 1764 1337 1804 esse.
1388 1748 1647 1803 Homines
1703 1748 1851 1802 enim
1883 1763 1977 1818 ge-

400 1850 665 1895 nerantur
695 1857 757 1893 ex
788 1851 1077 1910 parentum
1112 1840 1530 1909 conjunctione,
1564 1850 1619 1897 et
1658 1849 1780 1910 post
1828 1856 1976 1893 mor-

402 1942 509 1985 tem
552 1933 721 2002 ipsam
756 1942 1199 2000 corrumpuntur.
1222 1932 1353 1997 Qua:
1382 1932 1521 1986 side
1571 1932 1689 2001 ipso
1727 1931 1980 1985 diceren-

402 2032 509 2088 tur,
544 2024 710 2075 Deum
750 2038 871 2077 esse
904 2037 1009 2075 non
1040 2037 1229 2091 posses
1252 2021 1586 2084 existimare,
1630 2036 1791 2090 quem
1830 2035 1981 2074 eam-

399 2116 545 2178 dem,
578 2131 738 2183 quam
775 2129 899 2176 nos,
958 2114 1159 2168 habere
1207 2124 1415 2166 natura:
1469 2112 1836 2169 conditionem
1898 2114 1980 2165 in-

401 2209 687 2275 telligercs.
723 2207 788 2260 At
815 2223 939 2259 cum
979 2206 1127 2258 illum
1162 2215 1348 2258 natum
1381 2206 1603 2274 quidem
1631 2219 1751 2261 esse
1797 2205 1980 2271 audis,

403 2298 497 2355 sed
548 2295 810 2350 nascendi
851 2295 1062 2348 ratione
1114 2310 1467 2348 communem
1521 2308 1730 2348 natura:
1782 2304 1984 2348 nostra:

399 2388 645 2443 ordinem
682 2403 991 2456 superasse,
1027 2387 1388 2457 cumdemque
1436 2398 1711 2442 mortuum
1739 2388 1982 2458 quidem,

400 2482 495 2535 scd
530 2482 936 2548 corruptionem
965 2496 1073 2535 non
1108 2480 1373 2550 attigisse,
1423 2496 1767 2550 consequens
1819 2481 1985 2545 foret,

406 2584 463 2626 ut
492 2574 536 2628 si
567 2573 889 2627 alterutrum
917 2573 1015 2627 tibi
1053 2572 1385 2627 credendum
1414 2587 1524 2627 non
1578 2583 1745 2637 esset,
1808 2572 1988 2627 homio

403 2680 528 2719 nem
576 2666 759 2735 potius
803 2680 929 2719 eum
964 2679 1084 2719 esse
1112 2679 1222 2717 non
1261 2664 1535 2731 crederes,
1588 2680 1755 2718 unum
1795 2678 1862 2718 ex
1898 2664 1981 2730 iis,

401 2758 495 2828 qui
532 2758 584 2810 in
617 2766 814 2811 natura
842 2757 1278 2826 conspiciuntur,
1298 2765 1353 2809 et
1374 2771 1535 2824 quem
1561 2771 1671 2810 non
1700 2770 1822 2810 esse
1874 2757 1978 2810 lio-

406 2849 607 2902 ntinem
649 2849 924 2912 crederes,
951 2864 1075 2903 eum
1104 2848 1416 2902 necessario
1450 2848 1618 2902 Deum
1682 2847 1984 2903 arbitrare-

403 2940 500 2992 ris.
534 2938 634 3004 Qui
670 2938 813 2992 enim
844 2954 970 2993 eum
1023 2952 1201 2993 ortum
1251 2954 1373 2994 csse
1420 2940 1694 2993 memoria:
1742 2938 1985 3002 tradidit,

2080 1664 2323 1736 δυασμοῦ
2368 1665 2634 1729 τίκτεται,
2684 1663 2778 1716 καί
2824 1661 2962 1731 μετὰ
3012 1660 3241 1714 θάνατον
3290 1659 3350 1709 ὲν
3392 1652 3665 1722 διαφθορᾷ

2081 1757 2307 1824 γίνεται.
2337 1758 2400 1810 Εἰ
2430 1757 2602 1809 ταῦτα
2628 1758 2872 1825 περιεῖχε
2906 1754 2965 1807 τὸ
2988 1755 3268 1821 κήρυγμα,
3300 1749 3399 1802 οὐκ
3433 1748 3501 1800 ἂν
3530 1746 3665 1798 Θεὸν

2080 1845 2218 1901 εῖναι
2258 1849 2473 1911 πάντως
2512 1846 2699 1918 ᾠήθης
2737 1846 2830 1900 τὸν
2874 1848 2931 1899 ἐν
2973 1847 3083 1908 τοῖς
3126 1844 3378 1912 ἰδιώματι
3422 1841 3521 1908 τῆς
3564 1838 3668 1904 φύ-

2083 1958 2218 2003 σεως
2242 1940 2396 2009 ἡμῶν
2418 1938 2880 2011 μαρτυρούμενον.
2902 1936 3059 1992 Ἐπεὶ
3079 1936 3135 1988 δὲ
3158 1934 3266 2002 γάρ
3291 1930 3660 2001 γεγεννῆσθαι

2088 2035 2186 2102 μὲν
2217 2033 2435 2096 ἀκούεις
2464 2032 2647 2097 αὐτὸν,
2670 2030 3031 2099 ὲκὸεϐηκέναι
3053 2028 3113 2081 δὲ
3137 2030 3235 2097 τῆς
3258 2026 3472 2093 φύσεως
3498 2022 3667 2092 ἡμῶν

2081 2126 2180 2196 τὴν
2218 2125 2499 2195 κοινότητα
2542 2123 2618 2194 τῷ
2661 2139 2719 2176 τε
2754 2122 2855 2191 τῆς
2893 2124 3160 2189 γενέσεως
3197 2118 3405 2188 τρόπῳ,
3451 2117 3546 2170 καὶ
3586 2113 3668 2183 τῷ

2082 2218 2417 2286 ἀνεπιδέκτῳ
2457 2218 2554 2288 τῆς
2592 2218 2671 2278 εἰς
2711 2216 2915 2286 φθορὰν
2972 2211 3332 2275 ἀλλοιώσεως,
3373 2209 3555 2271 καλῶς
3598 2207 3669 2261 ἂν

2084 2312 2197 2383 ἔχοι
2244 2310 2389 2365 κατὰ
2438 2308 2500 2364 τὸ
2545 2307 2837 2362 ἀκόλουθον
2879 2306 2970 2359 ἐπὶ
3012 2304 3074 2358 τὸ
3117 2304 3302 2374 ἕτερον
3347 2304 3413 2371 τῇ
3463 2300 3669 2370 ἀτοπίᾳ

2085 2402 2416 2475 χρήσασθαι,
2444 2405 2525 2465 εἰς
2552 2401 2613 2453 τὸ
2644 2402 2719 2472 μὴ
2746 2399 3032 2469 ἄνθρωπον
3064 2397 3224 2450 αὐτὸν
3247 2396 3345 2448 ἕνα
3374 2395 3483 2447 τῶν
3515 2394 3573 2445 ἑν
3598 2394 3671 2463 τῇ

2086 2496 2249 2565 φύσει
2306 2495 2674 2564 δεικνυμένων
2734 2491 2964 2546 οίεσθαι.
3041 2488 3278 2557 Ἀνάγκη
3343 2489 3451 2557 γὰρ
3516 2487 3668 2538 πᾶσα

2085 2589 2176 2643 τὸν
2213 2587 2288 2658 μὴ
2325 2585 2650 2640 πιστεύοντα
2682 2583 2774 2637 τὸν
2797 2580 3037 2638 τοιοῦτον
3070 2579 3356 2648 ἄνθρωπον
3389 2574 3554 2639 εἶναι,
3586 2577 3669 2636 εἰς
3726 2574 3733 2578 ’

2086 2684 2183 2754 τὴν
2214 2681 2342 2748 περί
2368 2679 2460 2733 τοῦ
2490 2679 2621 2733 Θεὸν
2649 2676 2812 2731 αὐτὸν
2849 2671 2988 2727 εἶναι
3019 2672 3203 2725 πίστιν
3242 2668 3555 2739 ὲναχθῆναι.
3605 2667 3667 2719 Ὀ
3719 2712 3727 2741 ς

2087 2775 2196 2847 γὰρ
2217 2772 2577 2845 γεγεννῆσθαι
2611 2770 2773 2825 αὑτὸν
2812 2766 3102 2837 ίστορήσας
3139 2764 3233 2818 καὶ
3265 2762 3326 2815 τὸ
3354 2763 3418 2813 ὲκ
3451 2758 3673 2829 Παρθέο
3714 2762 3721 2771 ’

2090 2885 2185 2921 νου
2235 2865 2595 2935 γεγεννῆσθαι
2638 2860 3057 2931 συνδιηγήσατο.
3094 2858 3157 2913 El
3196 2854 3288 2909 οὖν
3334 2855 3525 2907 πιστόν
3553 2853 3675 2904 ἐστι

2088 2958 2176 3011 διὰ
2202 2957 2311 3010 τῶν
2330 2955 2639 3027 εἰρημένων
2660 2952 2719 3006 τὸ
2741 2949 3099 3021 γεγεννῆσθαι
3128 2946 3309 3007 αὑτὸν,
3337 2944 3424 2998 διὰ
3442 2944 3552 2997 τῶν
3575 2943 3677 2996 αὺ-

404 3030 547 3083 idem
600 3046 663 3084 ex
698 3029 915 3099 Virgine
961 3038 1145 3083 natum
1176 3039 1404 3085 testatus
1462 3040 1567 3085 est.
1626 3030 1986 3095 Quamobrem

2096 3050 2203 3105 τῶν
2230 3050 2434 3103 τούτων
2456 3046 2673 3109 πάντως
2692 3043 2815 3097 οὐδὲ
2837 3042 2896 3095 τὸ
2916 3040 3090 3104 οὕτως
3118 3039 3282 3093 αὐτὸν
3309 3054 3367 3107 γι
3383 3034 3673 3105 γεννῆσθαι

404 3122 450 3174 si
482 3122 768 3191 scriptoris
809 3121 970 3175 verba
1002 3132 1055 3176 te
1085 3122 1381 3186 adducunt,
1438 3131 1501 3176 ut
1524 3132 1711 3176 natum
1765 3122 1985 3185 credas,

404 3216 594 3271 eadem
634 3213 921 3280 scriptoris
958 3214 1120 3267 verba
1155 3213 1249 3266 tibi
1285 3212 1436 3266 illum
1492 3211 1567 3266 ita
1630 3220 1819 3266 natum
1867 3226 1990 3267 esse

408 3306 797 3375 persuadeant.
850 3304 949 3370 Qui
1009 3305 1158 3359 enim
1220 3313 1401 3359 ortum
1460 3302 1639 3373 ipsius
1688 3304 1987 3370 enarravit,

407 3397 550 3451 idem
579 3413 709 3451 eum
736 3412 801 3451 ex
855 3396 1074 3467 Virgine
1124 3396 1372 3467 adjunxit
1415 3396 1717 3453 exstitisse.
1772 3396 1839 3451 Et
1894 3395 1990 3466 qui

407 3490 477 3543 de
508 3498 684 3543 morte
712 3488 1056 3543 mentionem
1103 3488 1253 3554 fecit,
1311 3486 1775 3541 resurrectionem
1825 3487 1991 3542 etiam

411 3590 533 3649 post
584 3591 815 3635 mortem
881 3589 965 3636 est
1018 3589 1266 3634 testatus.
1314 3578 1469 3645 Quod
1516 3579 1561 3633 si
1618 3595 1682 3633 ex
1726 3579 1820 3642 iis,
1872 3592 1993 3648 qua:

413 3674 592 3737 audis,
619 3682 673 3728 et
705 3685 1005 3736 mortuum,
1036 3680 1091 3727 et
1120 3672 1366 3742 genitum
1418 3685 1543 3726 esse
1588 3671 1867 3736 concedis,
1924 3687 1991 3726 ex

408 3765 615 3821 eisdem
643 3765 797 3820 dabis
825 3766 1074 3830 omnino,
1111 3772 1169 3821 et
1194 3772 1398 3828 ortum,
1447 3772 1505 3815 et
1580 3772 1814 3818 mortem
1868 3766 1993 3833 ejus

415 3877 445 3915 a
502 3860 857 3928 corruptione
916 3858 1105 3928 procul
1133 3857 1391 3913 abfuisse.
1445 3856 1578 3922 Quze
1638 3857 1682 3911 si
1738 3866 2001 3912 naturam.

413 3962 696 4023 superant,
738 3951 785 4005 is
832 3951 976 4005 intra
1041 3959 1296 4003 naturam
1352 3964 1463 4002 non
1517 3949 1855 4012 continetur,
1898 3950 1993 4017 qui

412 4055 635 4118 propter
675 4044 790 4097 haec
818 4051 1010 4097 natura
1035 4041 1285 4108 superior
1324 4040 1494 4094 fuisse
1511 4039 1943 4093 demonstratur.

933 4133 1011 4187 Ea;
1029 4132 1209 4186 eadem
1243 4132 1504 4184 oratione.

486 4231 745 4297 Quaenam
772 4227 957 4298 igitur,
988 4223 1223 4293 inquies,
1257 4238 1421 4278 causa
1459 4221 1579 4285 fuit,
1617 4235 1716 4276 cur
1743 4219 1809 4276 ad
1843 4219 2007 4275 istam

416 4320 782 4377 humilitatem
817 4333 939 4373 sese
977 4317 1290 4372 demitteret
1348 4316 1513 4381 Deus,
1572 4329 1633 4369 ex
1705 4327 1815 4383 qua
1868 4312 2011 4370 ﬁdes-

2092 3140 2378 3196 ἀπίθανον.
2438 3137 2497 3190 '0
2545 3135 2653 3205 γὰρ
2702 3132 2801 3203 τὴν
2847 3131 3097 3200 γέννησιν
3143 3127 3314 3182 εἰπὼν
3364 3128 3458 3179 καὶ
3503 3125 3566 3177 τὸ
3610 3125 3677 3177 ἐκ

2095 3230 2392 3302 παρθενίας
2435 3226 2743 3298 προσέθηκε
2767 3240 2784 3258 ο
2818 3223 2913 3276 καὶ
2944 3223 2973 3275 ὁ
3002 3220 3099 3274 τοῦ
3132 3218 3364 3273 θανάτου
3404 3215 3675 3287 μνησθεὶς

2090 3322 2185 3375 καὶ
2213 3319 2310 3390 τὴν
2345 3317 2640 3370 ἀνάστασιν
2668 3314 2745 3383 τῷ
2768 3311 2984 3382 θανάτῳ
3012 3307 3367 3379 προσεμαρτύ
3379 3322 3565 3377 ρησεν.
3601 3303 3666 3355 Εἰ

2090 3405 2187 3464 οὖν
2223 3410 2314 3477 ἀφ’
2355 3402 2429 3462 ὧν
2468 3406 2690 3469 ἀκούεις
2727 3403 2820 3458 καὶ
2858 3402 3111 3456 τεθνάναι
3180 3400 3273 3452 καὶ
3313 3395 3679 3466 γεγεννῆσθαι

2091 3502 2277 3564 δίδως,
2299 3502 2362 3553 ὲκ
2392 3499 2500 3553 τῶν
2523 3497 2703 3552 αὐτῶν
2732 3496 2922 3555 δώσεις
2956 3493 3174 3555 πάντως
3210 3494 3303 3544 καὶ
3335 3490 3395 3542 τὸ
3429 3488 3535 3552 ἔξω
3571 3486 3682 3541 πά-

2098 3591 2223 3655 θους
2264 3589 2403 3643 εἶναι
2436 3587 2533 3641 καὶ
2564 3586 2665 3656 τὴν
2694 3585 2946 3654 γέννησιν
2979 3581 3145 3636 αὑτοῦ
3175 3581 3269 3633 καί⁸
3298 3578 3389 3632 τὸν
3417 3577 3679 3631 θάνατον.

2110 3681 2272 3737 Ἀλλὰ
2317 3679 2423 3750 μὴν
2465 3676 2641 3732 ταῦτα
2682 3674 2851 3746 μείζω
2892 3674 2992 3744 τῆς
3033 3673 3285 3741 φύσεως·
3329 3666 3527 3723 οὐκοῦν
3554 3666 3681 3719 οὐδὲ

2096 3774 2306 3835 ἐκεῖνος
2347 3771 2568 3833 πάντως
2616 3770 2766 3829 ἐντὸς
2800 3765 2979 3834 πάντη
3022 3766 3120 3832 τῆς
3164 3760 3381 3830 φύσεως
3407 3760 3439 3810 ὁ
3465 3760 3522 3810 ὲν
3563 3758 3681 3819 τοῖς

2098 3867 2240 3939 ὑπὲρ
2272 3864 2370 3934 τὴν
2408 3861 2569 3932 φύσιν
2595 3857 2960 3930 γεγεννῆσθαι
2984 3854 3463 3923 ἀποδεικνύμενος.

2537 4128 2640 4181 Ἐκ
2673 4127 2781 4179 τοῦ
2818 4123 3009 4179 αὐτοῦ
3042 4124 3249 4191 λόγου.

2172 4221 2267 4283 Τίς
2306 4213 2399 4273 οῦν
2434 4220 2468 4287 ἡ
2504 4218 2683 4281 αἰτία,
2707 4218 2863 4285 φησί,
2887 4213 2980 4269 τοῦ
3019 4214 3154 4283 πρὸς
3185 4213 3285 4283 τὴν
3313 4209 3689 4279 ταπεινότητα

2103 4313 2308 4383 ταύτην
2341 4309 2647 4380 καταϐῆναι
2677 4309 2738 4363 τὸ
2769 4308 2947 4374 Θεῖον,
2978 4305 3054 4369 ὡς
3084 4303 3383 4375 ἀμφίϐολον
3413 4297 3553 4355 εἶναι
3582 4301 3695 4371 τὴν

413 4415 581 4470 dubia
609 4413 956 4477 redderetur,
987 4426 1109 4466 cum
1137 4410 1251 4479 ipse
1282 4410 1512 4473 ratione,
1561 4422 1682 4477 qua:
1713 4421 1814 4462 nec
1867 4420 1987 4476 per-

2102 4409 2303 4472 πίστιν,
2350 4408 2399 4458 εἰ
2446 4405 2578 4467 Θεὸς
2605 4403 2666 4456 τὸ
2692 4401 3008 4472 ἀχώρητον,
3038 4398 3135 4453 καὶ
3157 4396 3553 4464 ἁκατανόητον,
3588 4397 3690 4447 καὶ

416 4508 547 4577 cipi,
575 4522 675 4561 nee
712 4503 1127 4574 centprehendi,
1151 4516 1252 4557 nec
1281 4501 1540 4570 explicari
1568 4507 1770 4571 potest,
1796 4498 2005 4569 quippe

416 4616 541 4671 qua:
568 4614 788 4657 omnem
855 4597 1236 4668 cogitationem
1300 4607 1627 4662 omnemque
1682 4590 2007 4660 magnitudi~

418 4709 544 4749 nem
578 4700 816 4760 superat,
857 4691 1105 4744 humana:
1126 4696 1331 4741 natura:
1353 4685 1607 4740 sordibus
1659 4684 2007 4739 immiscere-

420 4797 530 4850 tur,
575 4785 646 4839 ob
672 4800 834 4854 quam
872 4783 1137 4851 abjectam
1197 4790 1360 4848 atque
1394 4778 1652 4833 humilem
1715 4775 2003 4832 dem-issin-

421 4893 545 4935 nem
586 4877 791 4945 reliqua
823 4875 985 4929 etiam
1014 4874 1187 4944 ipsius
1251 4874 1392 4927 facta
1452 4871 1709 4927 sublimia
1766 4869 2007 4939 neglige-

420 4970 645 5023 rentur?
669 4969 752 5023 Ad
793 4968 897 5022 hoc
927 4967 1096 5022 etiam
1146 4966 1279 5037 quid
1336 4964 1667 5034 respondere
1723 4970 2001 5031 Oporteat‘,

422 5076 539 5115 non
591 5060 922 5129 ignoramus.
972 5060 1078 5118 Tu.
1131 5058 1221 5127 qui
1267 5072 1484 5112 causam
1528 5054 1746 5123 quaeris,
1812 5069 2004 5122 qnam—

420 5152 607 5206 obrem
641 5152 786 5206 Deus
848 5150 1029 5209 factus
1058 5150 1130 5205 sit
1192 5149 1375 5212 homo,
1421 5148 1465 5201 si
1509 5145 1689 5201 divina
1745 5145 2013 5199 beneﬁcia:

420 5241 717 5297 abstuleris
744 5258 808 5297 cx
834 5242 1072 5296 humana
1108 5240 1234 5302 vita,
1289 5239 1430 5294 unde
1489 5238 1661 5293 Deum
1716 5253 2003 5306 agnoscas,

422 5347 532 5385 non
564 5332 812 5389 habebis.
848 5332 1298 5386 Beuemerentem
1327 5327 1473 5381 enim
1508 5328 1575 5381 de
1605 5328 1764 5383 nobis
1797 5345 1859 5382 ex
1888 5345 2005 5381 mu-

420 5420 651 5474 neribus
681 5419 800 5487 ejus
825 5417 1194 5488 agnoscimus.
1226 5414 1315 5469 illa
1342 5416 1511 5480 enim,
1539 5432 1659 5485 quin
1685 5415 1825 5471 facta
1859 5426 2008 5481 sunt,

422 5512 846 5581 conspicientes,
898 5510 1210 5564 muniﬁcam
1258 5508 1530 5565 eﬂ'ectoris
1563 5518 1812 5564 naturam
1849 5510 2011 5565 intel-

424 5606 662 5674 ligimus.
697 5605 883 5672 Itaque
915 5606 961 5660 si
990 5605 1299 5675 benignitas
1354 5610 1410 5659 et
1462 5604 1776 5660 humanitas
1811 5603 2011 5660 divina:

429 5708 638 5753 natura:
666 5696 928 5752 indicium
962 5706 1068 5765 est,
1099 5700 1365 5755 rationem
1391 5698 1580 5764 habes,
1610 5712 1774 5767 quam
1826 5697 2012 5767 requi»

2108 4500 2477 4569 ἀνεκλάλητον
2502 4496 2759 4568 πρᾶγμα,
2785 4494 2845 4546 τὸ
2868 4493 3008 4562 ὑπὲρ
3034 4492 3215 4545 πᾶσαν
3241 4489 3421 4553 δόξαν,
3451 4487 3547 4540 καὶ
3576 4488 3694 4540 πᾶ-

2108 4608 2209 4645 σαν
2239 4588 2632 4659 μεγαλειότητα
2654 4584 2733 4655 τῷ
2755 4582 2936 4653 λύθρῳ
2959 4581 3063 4651 τῆς
3086 4579 3435 4650 ἀνθρωπίνης
3465 4578 3695 4647 φύσεως

2107 4680 2535 4750 καταμίγνυται,
2559 4676 2634 4738 ὼς
2655 4676 2750 4729 καὶ
2771 4673 2870 4734 τὰς
2898 4670 3108 4740 ὑψηλὰς
3128 4669 3408 4739 ἐνεργείας
3430 4667 3601 4720 αὑτοῦ
3617 4669 3699 4737 τῇ

2106 4771 2241 4843 πρὸς
2267 4768 2593 4824 τὸταπεινὸν
2618 4764 2867 4835 ἐπιμιξίᾳ
2886 4760 3389 4825 συνευτελίζεσθαι;
3417 4758 3531 4812 Οὐκ
3551 4759 3696 4811 ἁπο-

2109 4864 2311 4937 ροῦμεν
2341 4860 2594 4930 καὶπρὸς
2622 4858 2781 4911 τοῦτο
2811 4853 3150 4925 θεοπρεποῦς
3178 4852 3548 4923 ἀποκρίσεως.
3580 4853 3690 4921 Ζηο

2104 4959 2217 5019 τεῖς
2240 4956 2338 5025 τὴν
2361 4953 2539 5008 αἰτίαν
2560 4950 2654 5005 τοῦ
2672 4948 2926 5018 γενέσθαι
2946 4947 3080 5001 Θεὸν
3099 4947 3156 5000 εν
3178 4944 3487 5014 ἀνθρώποις
3510 4960 3526 5009 ;
3564 4943 3699 4997 Ἐὰν

2107 5048 2314 5118 ἀφέλῃς
2339 5045 2431 5101 τοῦ
2458 5044 2574 5115 βίου
2597 5043 2695 5105 τὰς
2722 5041 2906 5097 θεόθεν
2930 5040 3230 5108 γενομένας
3253 5038 3596 5106 εὐεργεσίας,
3629 5037 3701 5089 ἐκ

2109 5142 2277 5195 ποίων
2300 5138 2581 5210 ἑπιγνῶσῃ
2607 5136 2668 5189 τὸ
2689 5135 2845 5189 Θεῖον
2871 5150 2886 5200 ;
2921 5133 3032 5186 Οὐκ
3058 5130 3125 5185 ἂν
3153 5132 3330 5185 εἰπεῖν
3362 5129 3533 5198 ἔχοις.
3572 5128 3691 5195 Ἀφ’

2110 5228 2184 5287 ὧν
2232 5232 2341 5304 γὰρ
2366 5226 2423 5286 εὖ
2476 5230 2784 5300 πάσχομεν,
2840 5226 2949 5281 ἀπὸ
2991 5223 3197 5278 τούτων
3252 5222 3341 5275 τὸν
3394 5221 3696 5289 εὐεργέτην

2111 5324 2566 5394 ξπιγινώσκομεν.
2609 5321 2752 5387 Πρὸς
2791 5319 2901 5391 γὰρ
2927 5319 2997 5373 τὰ
3044 5317 3307 5387 γινόμενα
3358 5314 3693 5384 βλέποντες,

2111 5416 2201 5468 διὰ
2243 5410 2449 5465 τούτων
2500 5412 2597 5481 τὴν
2645 5410 2741 5464 τοῦ
2786 5407 3207 5480 εὐεργετοῦντος
3256 5402 3694 5473 ἁναλογιζύμεθι

2115 5506 2301 5575 φύσιν.
2349 5504 2413 5557 Εἰ
2458 5498 2551 5557 οῦν
2604 5503 2734 5556 ῐδιον
2783 5502 3080 5571 γνώρισμα
3128 5500 3227 5567 τῆς
3276 5498 3428 5560 θείας
3478 5496 3694 5564 φύσεως

2115 5602 2147 5669 ἡ
2200 5595 2599 5668 φιλανθρωπία,
2654 5596 2795 5665 ἔχεις
2824 5594 2881 5645 ὃν
2922 5592 3269 5663 ὲπεζήτησας
3315 5590 3473 5656 λόγον
3501 5605 3517 5621 ο
3549 5588 3693 5656 ἔχεις

2116 5695 2214 5763 τὴν
2263 5691 2441 5747 αἰτίαν
2484 5690 2580 5760 τῆς
2611 5690 2667 5743 ὲν
2713 5686 3019 5757 ἀνθρώποις
3059 5683 3152 5738 τοῦ
3186 5683 3321 5739 Θεοῦ
3368 5680 3692 5753 παρουσίας.
