4024 6208
262 338 354 402 221

1210 335 1590 400 PANOPLlA
1628 333 2097 398 DOGMATICA.
2126 292 2197 376 ξ-
2225 337 2376 401 TIT.
2415 339 2554 404 vn.

3406 344 3516 407 222

271 452 460 505 Ἐδεῖτο
499 454 607 519 γάρ
645 447 740 502 τοῦ
782 445 1169 520 ίατρεύσοντος
1199 449 1232 517 ἡ
1270 447 1431 519 φύσις
1478 445 1640 517 ἡμῶν
1669 445 1811 499 ἀσθει

1939 445 2013 500 ris
2055 467 2070 504 :
2104 467 2328 506 causam
2361 452 2554 516 habes,
2605 466 2704 507 cur
2751 451 2821 507 ad
2860 450 3118 507 homines
3170 451 3518 513 descenderit

260 544 454 611 νήσασα
486 552 504 570 ο
563 540 735 593 ἐδεῖτο
760 538 858 592 to?)
901 536 1258 609 ἀνορθοῦντος
1301 539 1328 590 6
1358 538 1418 590 ὲν
1448 538 1527 607 τῷ
1573 532 1829 606 πτώματι

257 632 561 703 ἄνθρωπος·
615 629 785 684 ἐδεῖτο
831 628 926 684 τοῦ
969 628 1364 694 ζωοποιοῦντος
1403 629 1431 681 6
1482 627 1828 700 ἀφαμαρτὼν

259 726 344 796 τῆς
368 723 512 792 ζωῆς
538 737 555 753 ·
590 721 760 775 ἐδεῖτο
787 720 883 775 τοῦ
909 722 1050 796 πρὸς
1072 722 1133 775 τὸ
1160 720 1366 790 ἀγαθὸν
1400 721 1766 791 ἑπανάγοντος
1796 722 1826 773 ό

256 813 549 886 ἀπορρυεὶς
593 816 691 882 τῆς
723 814 820 868 τοῦ
866 813 1072 883 ἀγαθοῦ
1113 813 1449 884 μετουσίαςο
1489 813 1685 886 ἔχρῃζε
1725 812 1827 882 τῆς

263 906 347 958 τοῦ
396 910 582 974 φωτὸς
623 904 931 977 παρουσίας
972 908 1003 959 6
1042 905 1442 977 καθειργμένος
1478 906 1557 977 τῷ
1605 904 1822 976 σκότῳ·

259 1000 498 1070 ἐπεζήτει
532 999 624 1051 τὸν
659 997 946 1070 λυτρωτὴν
984 1000 1013 1053 6
1048 1000 1416 1069 αἰχμάλωτος,
1446 998 1541 1052 τὸν
1575 1015 1825 1067 συναγω-

212 1084 219 1089 ’
258 1091 417 1158 νιστὴν
448 1091 480 1143 6
502 1090 816 1161 δεσμώτης,
849 1091 941 1144 τὸν
968 1089 1341 1162 ἐλευθερωτὴν
1369 1091 1398 1143 ό
1426 1089 1505 1161 τῷ
1537 1088 1693 1161 ζυγῷ
1726 1091 1828 1160 τῆς

252 1183 477 1245 δουλείας
516 1186 907 1255 κατεχόμενος.
937 1179 1090 1253 ’Λρα
1127 1184 1302 1254 μικρᾶ
1354 1182 1527 1238 ταῦτα
1566 1182 1663 1237 καὶ
1690 1181 1826 1236 ἀνά·

252 1275 449 1342 ξια,τὸν
466 1276 601 1330 Θεὸν
624 1276 944 1349 δυσωπῆσαι
961 1276 1099 1349 πρὸς
1120 1276 1408 1347 ἐπίσκεψιν
1422 1277 1520 1347 τῆς
1543 1275 1824 1347 ἀνθρωπῖ-

249 1389 331 1443 νης
359 1375 585 1441 φύσεως
612 1371 919 1442 καταϐῆναι
943 1389 958 1439 ;
1002 1372 1144 1426 Ἀλλ’
1173 1372 1321 1441 ἐξῆν,
1348 1373 1502 1444 φησὶ,
1535 1370 1630 1426 καὶ
1666 1372 1824 1443 εὐερ-

249 1464 529 1535 γετηθῆναι
548 1466 640 1518 τὸν
658 1464 965 1536 ἄνθρωπον,
985 1466 1078 1518 καὶ
1103 1466 1195 1518 τὸν
1212 1466 1345 1529 Θεὸν
1362 1467 1422 1518 ὲν
1440 1464 1680 1537 ἀπαθείᾳ
1711 1465 1824 1519 δια-

251 1560 448 1626 μεῖναι.
483 1559 543 1612 ’0
566 1559 678 1630 γάρ
707 1559 786 1630 τῷ
819 1558 1126 1630 βουλήματι
1155 1559 1215 1612 τὸ
1247 1560 1355 1612 πᾶν
1388 1560 1819 1630 συστησάμενος,

249 1649 327 1703 καὶ
356 1650 417 1705 τὸ
457 1649 531 1719 μὴ
565 1649 624 1703 ὃν
655 1650 970 1721 ὑποστήσας
998 1653 1057 1702 ὲν
1087 1650 1223 1722 μόνῃ
1256 1654 1322 1722 τῇ
1353 1651 1498 1721 ὁρμῇ
1535 1650 1628 1704 τοῦ
1661 1650 1819 1721 θελήο

248 1755 424 1809 ματος,
452 1738 505 1791 τί
526 1738 649 1808 οὐχὶ
672 1738 883 1793 καὶτὸν
908 1738 1198 1811 ἄνθρωπον
1214 1741 1281 1794 δι’
1313 1741 1644 1805 αὑθεντικῆς
1669 1756 1817 1813 τινος

244 1832 322 1885 καὶ
343 1830 538 1901 θεῖκῆς
569 1830 821 1896 ἐξουσίας
850 1832 949 1900 τῆς
981 1832 1231 1897 ἐναντίας
1255 1833 1547 1903 δυνάμεως
1571 1835 1820 1889 ἀποσπά-

1940 542 2105 597 Deus.
2140 541 2344 613 Egebat
2372 543 2588 600 medico
2607 554 2799 599 natura
2828 553 3041 609 nostra,
3074 544 3167 616 qui
3203 547 3424 603 morbos
3465 560 3522 605 et

1937 633 2294 702 aegritudines
2323 641 2540 690 curaret
2562 648 2709 688 suas.
2740 632 2841 705 Qui
2863 634 3050 705 lapsus
3078 635 3296 706 jacebat
3331 637 3520 705 homo,

1944 722 2067 794 ejus
2097 740 2285 807 opera,
2315 740 2345 780 a
2366 740 2475 795 quo
2497 726 2851 791 excitaretur,
2872 725 3168 797 indigebat.
3200 728 3305 795 Qui
3334 744 3365 783 a
3409 731 3523 786 vita

1936 816 2285 881 discesserat,
2306 817 2501 888 egebat
2525 816 2670 872 illius
2697 818 2924 881 auxilio,
2946 818 3036 886 qui
3070 834 3131 873 se
3160 819 3216 873 in
3239 830 3403 875 Vitam
3434 837 3525 876 re-
3613 821 3620 830 ’

1934 919 2180 965 vocaret.
2201 907 2404 981 Egebat
2430 909 2579 966 illius
2603 925 2726 980 ope,
2761 925 2789 964 a
2813 925 2922 979 quo
2942 911 3296 966 reduceretur
3329 913 3381 967 in
3400 912 3520 983 pri-

1934 1001 2139 1057 stinum
2157 1002 2424 1056 bonorum
2449 1010 2649 1059 statum
2668 1001 2807 1072 quia
2830 1002 3174 1072 perfruendis
3194 1004 3357 1059 bonis
3375 1009 3524 1062 exei-

1934 1095 2110 1150 derat.
2131 1092 2334 1163 Egebat
2355 1093 2492 1148 lucis
2515 1094 2847 1164 prarstantia,
2879 1094 2974 1163 qui
3000 1095 3053 1150 in
3088 1094 3333 1150 tenebris
3361 1111 3519 1153 coer-

1933 1186 2181 1243 cebatnr.
2236 1186 2577 1257 Requirehat
2623 1197 2957 1243 servatorem
3002 1187 3267 1258 captivus,
3301 1188 3520 1242 vinctus

1933 1290 2187 1346 tutorem,
2236 1280 2583 1339 liberatorem
2640 1279 2751 1343 ille,
2796 1279 2887 1349 qui
2938 1279 3040 1333 sub
3090 1279 3517 1350 servitutisiugo

1930 1373 2298 1429 detinebatur.
2338 1371 2590 1426 Parvane
2653 1379 2814 1427 erant
2845 1372 2961 1427 haec
2990 1380 3046 1426 et
3101 1370 3343 1440 indigna.
3395 1387 3515 1440 qua:

1932 1464 2080 1520 Deus
2114 1465 2230 1535 ipse
2260 1464 2589 1535 susciperet,
2620 1472 2784 1535 atque
2814 1472 3122 1534 prtestaret,
3144 1464 3212 1519 ad
3231 1476 3514 1521 naturam-

1928 1573 2036 1628 que
2085 1557 2378 1612 humanam
2426 1556 2752 1610 visitandam
2803 1556 3186 1622 descenderet,
3226 1572 3346 1627 qua:
3403 1563 3513 1610 tam

1928 1649 2311 1705 miserabiliter
2336 1657 2501 1719 atque
2539 1648 2827 1703 infeliciter
2849 1648 3043 1703 atl‘ecta
3071 1650 3227 1703 erat?
3286 1650 3353 1701 At
3375 1648 3510 1702 lice-

1927 1742 2041 1808 bat,
2074 1742 2312 1813 inquies,
2351 1742 2485 1806 Deo,
2516 1749 2576 1794 ut
2607 1740 2746 1794 nihil
2779 1739 2894 1809 ipse
2930 1748 3233 1808 pateretur,
3296 1739 3363 1794 de
3418 1741 3515 1793 ho-

1925 1836 2073 1891 mine
2107 1834 2249 1889 bene
2273 1833 2489 1888 mereri.
2519 1832 2626 1899 Qul
2646 1832 2793 1889 enim
2846 1834 3111 1887 mundum
3173 1831 3511 1895 universum,

158 1948 165 1955 ο
246 1939 329 1987 σας
373 1923 516 1993 πρὸς
571 1922 671 1994 τὴν
702 1922 763 1988 ἐξ
789 1924 966 1995 ἀρχῆς
1009 1922 1134 1991 ἄγει
1168 1925 1526 1992 κατάστασιν,
1572 1928 1621 1980 εί
1661 1927 1811 1981 τοῦτο

1925 1943 2050 1984 cum
2082 1927 2264 1982 nullus
2291 1936 2458 1993 esset,
2496 1925 2727 1983 consilio
2785 1933 2842 1979 et
2877 1924 2994 1978 solo
3026 1923 3327 1980 voluntatis
3361 1932 3511 1979 motu

243 2017 381 2086 φίλον
414 2017 611 2090 αὖτῷ;
655 2016 820 2072 Ἀλλά
852 2018 1068 2090 μακράς
1123 2019 1478 2090 περιέρχεται
1508 2019 1811 2091 περιόδους,

1925 2037 1993 2078 ex
2035 2020 2206 2076 nihilo
2237 2019 2621 2083 constituerat,
2652 2033 2752 2072 cur
2783 2031 2895 2072 non
2924 2015 3091 2081 idem,
3154 2016 3197 2072 si
3271 2024 3378 2070 tam
3435 2014 3512 2068 illi

244 2115 483 2186 σώματος
549 2117 927 2191 ὑπερχόμενος
975 2115 1159 2191 φύσιν,
1217 2116 1312 2171 καὶ
1369 2116 1457 2170 διὰ
1508 2119 1811 2188 γεννήσεως

1922 2112 1975 2168 id
2002 2121 2119 2168 erat
2139 2112 2315 2179 cordi,
2348 2110 2623 2166 hominem
2648 2110 2845 2166 divinae
2875 2111 3160 2182 potestatis
3187 2108 3513 2164 auctoritate

244 2206 444 2279 παριὼν
471 2208 554 2275 εἰς
580 2207 674 2261 τὸν
723 2206 860 2279 βίον,
908 2209 1003 2265 καὶ
1034 2209 1215 2265 πᾶσαν
1249 2208 1562 2271 ἀκολούθως
1596 2209 1811 2280 ἠλικίαν

1924 2219 1989 2269 ex
2019 2203 2320 2259 adversarii
2352 2203 2635 2258 dominatu
2663 2202 2957 2256 liberatum
2988 2200 3046 2254 in
3080 2201 3368 2270 pristinum
3399 2208 3514 2253 sta-

245 2296 484 2364 διεξιὼν,
542 2292 664 2353 ιίτα
713 2297 944 2359 θανάτου
1005 2302 1322 2370 γενόμενος,
1380 2301 1478 2354 καὶ
1527 2300 1672 2354 οὕτω
1729 2300 1811 2354 διὰ

1924 2306 2043 2353 tum
2071 2294 2351 2349 restituit?
2381 2293 2490 2349 Cur
2522 2306 2631 2349 tam
2656 2294 2845 2363 longas
2905 2300 3225 2379 persecutus
3256 2300 3340 2345 est
3371 2291 3512 2356 vias,

243 2391 329 2459 τῆς
384 2390 480 2445 τοῦ
544 2390 680 2447 ιδίου
748 2395 1004 2464 σώματος
1060 2393 1409 2458 ἀναστάσεως
1463 2395 1555 2448 τὸν
1613 2395 1811 2449 σκοπὸν

1926 2388 2057 2447 dum
2092 2386 2339 2457 corporis
2367 2395 2621 2440 naturam
2663 2385 2943 2439 assumit?
2992 2384 3121 2439 dum
3172 2396 3408 2436 nascens
3454 2381 3513 2433 in

243 2482 425 2554 ἀνύων,
455 2484 534 2546 ὡς
567 2484 671 2538 οὐκ
696 2483 818 2549 ἐξὸν
850 2483 1000 2555 αύτῷ
1025 2485 1242 2557 μένοντι
1264 2486 1359 2541 ἐπὶ
1394 2486 1491 2540 τοῦ
1519 2485 1690 2557 ὕψους
1717 2491 1811 2558 τῆς

1924 2482 2097 2536 vitam
2129 2479 2475 2551 ingreditur?
2532 2479 2661 2531 dum
2721 2490 2942 2530 omnem
3008 2473 3203 2530 ordine
3260 2470 3527 2542 transigit

246 2574 415 2646 θείκῆς
450 2573 612 2645 δόξης
642 2575 731 2627 διὰ
757 2575 1182 2646 προστάγματος
1232 2576 1401 2629 σῶσαι
1457 2576 1549 2628 τὸν
1604 2576 1811 2648 ἄνθρως

1919 2583 2135 2629 αξιςιιοιη
2172 2587 2347 2637 suam,
2380 2578 2722 2638 mortemque
2756 2567 2975 2623 tandem
3003 2566 3276 2635 degustat,
3303 2572 3358 2617 et
3381 2578 3508 2632 pro-

245 2682 349 2730 κον,
376 2665 475 2728 τάς
510 2665 568 2719 δὲ
595 2663 853 2727 τοιαύτας
884 2665 1166 2736 περιόδους
1189 2665 1405 2741 χαίρειν
1431 2667 1593 2719 ἐᾶσαι
1618 2682 1633 2730 ;
1667 2668 1814 2720 Ούκ-

246 2750 323 2805 σύν
351 2754 569 2825 ἀνάγκη
605 2755 701 2811 καὶ
727 2753 846 2816 ταῖς
877 2752 1160 2820 τοιαύταις
1203 2755 1313 2808 τῶν
1359 2754 1687 2810 ἀντιθέσεων
1708 2756 1810 2809 dw-

247 2842 631 2914 τικαταστῆναι
660 2844 796 2915 παρ’
822 2844 981 2914 ἡμῶν
1016 2845 1115 2915 τὴν
1141 2844 1426 2915 ἀλήθειαν,
1453 2846 1531 2910 ὼς
1588 2846 1657 2901 ἂν
1717 2846 1806 2902 διὰ

254 2933 460 3005 ιιηδενὸς
495 2936 530 3007 ἠ
559 2933 744 2998 πίστις
775 2934 1041 2988 κωλύοιτο
1057 2935 1167 2990 τῶν
1197 2935 1559 3003 ἐξεταστικῶς
1587 2935 1811 3009 ζητούν-

261 3046 338 3082 my
360 3026 453 3083 τοῦ
488 3027 793 3098 μυστηρίου
829 3028 922 3081 τὸν
942 3028 1125 3096 λόγον.
1161 3028 1384 3098 Πρῶτον
1412 3028 1511 3103 μὲν
1538 3028 1631 3101 ούν
1656 3028 1709 3081 τί
1730 3031 1797 3100 τῇ

1920 2664 2042 2735 prio
2066 2676 2300 2733 corpore
2343 2661 2412 2715 ad
2438 2661 2628 2732 _vitam
2682 2668 2938 2714 revocato
2994 2655 3342 2727 propositum
3401 2653 3507 2708 sibi

1915 2759 2081 2833 finem
2111 2756 2443 2826 assequitur,
2509 2753 2664 2825 quasi
2689 2753 2745 2807 in
2779 2751 2991 2807 excelsa
3023 2746 3325 2803 divinitatis
3388 2745 3507 2816 glo-

1916 2850 1996 2905 ria
2030 2861 2260 2905 manens
2307 2847 2511 2901 omisso
2566 2854 2675 2900 tam
2721 2844 2880 2912 longo
2936 2840 3169 2894 circuitu
3228 2836 3506 2892 hominem

1916 2942 2079 3012 jussu
2103 2953 2327 2993 servare
2348 2953 2457 2993 non
2485 2937 2714 3006 posset!
2743 2932 2980 2991 Necesse
3014 2939 3120 2996 est,
3180 2930 3344 2984 etiam
3386 2927 3507 2981 istis

1926 3031 2266 3107 argumentis
2327 3028 2690 3099 respondere,
2746 3027 3144 3093 veritatemque
3213 3019 3507 3075 defendere

270 3121 409 3191 ιρετῇ
435 3119 580 3175 κατὰ
601 3119 662 3171 τὸ
693 3119 941 3172 ἐναντίον
973 3118 1443 3190 ἀντικαθεστηκεν
1498 3119 1811 3189 ἐπισκεψώ-

1919 3137 1979 3183 ct
1998 3125 2236 3199 aperire,
2261 3138 2331 3179 ne
2360 3138 2465 3192 qua
2492 3123 2573 3178 vis
2597 3122 2723 3178 ﬁdei
2754 3118 3110 3189 religionique
3145 3115 3411 3170 inferatur
3437 3111 3505 3167 ab

271 3209 391 3266 ιεθα.
426 3210 515 3275 ὀς
545 3210 691 3279 φωτὶ
723 3210 936 3276 σκότος,
963 3211 1057 3275 καὶ
1080 3209 1307 3272 θάνατος
1329 3214 1399 3283 τῇ
1418 3213 1555 3283 ζωῇ,
1580 3212 1723 3266 οὕτω
1746 3216 1811 3285 τῇ

286 3305 395 3372 per?)
431 3303 466 3372 ἡ
500 3301 697 3367 κακία,
732 3301 1005 3372 δηλονότι,
1056 3304 1152 3356 καὶ
1189 3303 1342 3357 οὐδὲν
1405 3303 1553 3374 παρὰ
1604 3304 1811 3375 ταύτην

263 3394 435 3466 ζτερον.
465 3393 738 3466 Καθάπερ
766 3396 875 3471 γὰρ
906 3395 1117 3449 πολλῶν
1147 3395 1320 3450 ὄντων
1343 3395 1451 3448 τῶν
1465 3400 1524 3451 ὲν
1542 3398 1606 3468 τῇ
1633 3398 1811 3453 κτίσει

275 3488 644 3557 θεωρουμένων,
682 3488 837 3542 οὐδὲν
876 3488 1005 3543 ἄλλο
1031 3489 1181 3571 πρὸς,
1206 3488 1267 3541 τὸ
1305 3488 1420 3556 φῶς
1450 3488 1483 3560 ἢ
1537 3491 1636 3561 τὴν
1663 3491 1809 3560 ζωὴν
1860 3560 1863 3563 _

278 3579 338 3647 ὴν
358 3578 622 3647 ᾁντίθεσιν
643 3579 779 3650 ἔχει,
810 3580 871 3637 ού
894 3579 1064 3643 λίθος,
1087 3580 1149 3635 ού
1183 3579 1360 3645 ξύλον,
1390 3581 1487 3652 οὐχ
1509 3579 1658 3659 ὕδωρ
1704 3583 1807 3635 οὐκ

278 3667 535 3739 ινθρωπος,
564 3669 665 3724 οὐκ
695 3668 826 3724 ἄλλο
845 3685 899 3722 τι
918 3669 1028 3725 τῶν
1056 3669 1226 3724 ὅντων
1278 3670 1455 3735 οὐδὲν,
1480 3671 1621 3743 πλὴν
1661 3673 1807 3736 tam;

274 3762 318 3814 ti
342 3761 471 3821 κατὰ
501 3762 563 3814 τὸ
590 3760 841 3815 ἐναντίον
868 3760 1155 3832 νοούμενα,
1183 3756 1299 3815 οἷον
1331 3762 1523 3826 σκότος
1573 3764 1668 3817 καὶ
1716 3765 1811 3818 Oci-

265 3862 391 3913 νατος
409 3866 425 3882 ⁸
447 3850 591 3906 οὓτω
616 3850 712 3905 καὶ
725 3850 819 3904 ἐπὶ
843 3852 943 3922 τῆς
960 3853 1163 3923 ἀρετῆς
1186 3852 1285 3905 οὐκ
1300 3854 1364 3907 ἄν
1380 3871 1464 3916 τις
1490 3854 1667 3907 κτίσιν
1683 3855 1807 3910 τινὰ

265 3946 377 3998 κατὰ
403 3951 460 3999 τὸ
482 3945 728 4003 ἐναντίον
756 3946 897 4016 αὐτῇ
926 3946 1168 4000 νοεῖσθαι
1199 3946 1350 4014 λέγοι
1393 3947 1535 4018 πλὴν
1574 3948 1636 4000 τὸ
1665 3946 1807 4002 κατὰ

270 4037 425 4091 ιακίαν
451 4038 648 4110 νόημα.
671 4037 905 4102 Οὐκοῦν,
940 4038 987 4090 εί
1019 4037 1119 4109 μὲν
1148 4040 1207 4091 ὲν
1245 4039 1414 4111 κακίᾳ
1439 4038 1804 4109 γεγεννῆσθαι

270 4126 308 4177 ιδ
330 4126 470 4181 Θεῖον
518 4129 546 4182 6
578 4128 851 4203 ⁴ἡμέτερος
892 4126 1200 4199 ἐπρέσὸευε
1230 4127 1412 4196 λόγος,
1438 4129 1630 4199 καιρὸν
1662 4126 1809 4200 εἶχεν

264 4218 287 4267 ὁ
331 4219 612 4289 ἀντιλέγων
659 4218 1027 4291 κατατρέχειν
1081 4220 1241 4290 ἡμῶν
1283 4220 1384 4290 τῆς
1420 4219 1676 4287 πίστεως,
1729 4223 1806 4286 ὠς

236 4309 548 4383 *ἀνάρμοστα
594 4329 656 4372 τε
696 4312 793 4365 καὶ
844 4313 1263 4390 ἀπεμφαίνοντα
1338 4317 1464 4386 περὶ
1517 4315 1615 4385 τῆς
1654 4313 1804 4379 θείας

264 4402 448 4470 φύσεως
480 4405 943 4476 δογματιζόντων·
966 4406 1026 4459 οὺ
1051 4411 1160 4478 γὰρ
1183 4407 1248 4478 δὴ
1287 4407 1509 4477 θεμιτὸν
1537 4404 1606 4479 ἦν
1633 4408 1798 4462 αύτο-

265 4496 444 4565 σοφίαν,
470 4500 563 4554 καὶ
591 4498 934 4572 άγαθότητα,
987 4501 1084 4553 καὶ
1140 4482 1476 4573 ἀφθαρσίαν,
1518 4505 1610 4557 καὶ
1646 4502 1701 4556 εἴ
1747 4519 1799 4555 τι

264 4584 436 4657 ὑψηλόν
470 4591 585 4644 ἔστι
616 4591 796 4662 νόημά
811 4606 873 4643 τε
900 4590 994 4645 καὶ
1026 4589 1222 4661 ὄνομα,
1252 4591 1391 4660 πρὸς
1440 4590 1502 4644 τὸ
1552 4591 1801 4645 ἐναντίον

264 4680 720 4745 μεταπεπτωκέναι
750 4679 951 4753 λέγειν.
978 4681 1041 4737 El
1075 4679 1170 4735 οὖν
1201 4683 1334 4745 Θεὸς
1367 4682 1467 4752 μὲν
1511 4684 1547 4752 ἡ
1595 4680 1803 4753 ἀληθὴς

258 4768 425 4841 ἁρετὴ,
449 4771 609 4840 φύσις
632 4772 689 4826 δέ
727 4790 815 4849 τις
871 4772 974 4826 οὐκ
1026 4773 1442 4840 ἅντιδιαιρεῖται
1496 4776 1563 4845 τῇ
1596 4775 1801 4845 ἀρετῇ,

253 4858 370 4915 ἀλλὰ
397 4862 580 4926 κακία,
611 4861 745 4926 Θεὸς
774 4862 831 4917 δὲ
851 4863 954 4917 οὐκ
982 4862 1040 4916 ὲν
1067 4864 1260 4935 κακίᾳ,
1291 4863 1411 4918 ἀλλ’
1429 4867 1489 4918 ὲν
1510 4864 1811 4937 ἀνθρώπου·

254 4953 441 5025 γίνεται
478 4955 665 5027 φύσει,
728 4956 895 5027 μόνον
933 4957 992 5013 δὲ
1033 4959 1282 5030 ἀπρεπὲς
1334 4960 1429 5013 καὶ
1483 4960 1711 5031 αἰσχρὸν
1744 4961 1804 5014 τὸ

255 5045 376 5100 κατὰ
403 5048 598 5105 κακίαν
646 5048 849 5125 πάθος,
871 5051 929 5104 ὲν
955 5044 996 5118 ᾧ
1023 5049 1147 5105 οὔτε
1180 5051 1405 5121 γέγονεν
1427 5054 1456 5107 ό
1493 5051 1646 5120 Θεὸς,
1676 5052 1802 5107 οὔτε

251 5139 480 5206 γενέσθαι
509 5141 673 5211 φύσιν
697 5141 837 5215 ἔχει,
871 5142 925 5206 τί
957 5140 1386 5215 ἐπαισχύνονται
1426 5148 1494 5217 τῇ
1541 5144 1804 5218 ὁμολογίᾳ

250 5227 333 5280 τοῦ
354 5231 481 5285 Θεὸν
516 5233 879 5311 ἀνθρωπίνης,
921 5234 1163 5305 ἅψασθαι
1226 5238 1465 5306 φύσεως,
1503 5237 1625 5292 οὐδὲ
1672 5240 1802 5308 μιᾶς

252 5319 610 5397 ἐναντιότητος
646 5325 722 5389 ὡς
744 5327 883 5399 πρὸς
915 5328 1009 5381 τὸν
1029 5329 1130 5398 τῆς
1184 5327 1393 5399 ἀρετῆς
1456 5329 1620 5398 λόγον
1644 5332 1704 5384 ὲν
1734 5333 1799 5404 τῇ

255 5418 546 5487 κατασκευῇ
602 5415 702 5470 τοῦ
752 5416 1051 5487 ἀνθρώπου
1105 5417 1511 5492 θεωρουμένης
1546 5420 1682 5474 Οὔτε
1738 5422 1801 5475 τὸ

254 5497 597 5573 διανοητικὸν,
625 5504 751 5559 οὔτε
802 5505 866 5560 τὸ
893 5508 1210 5578 ἐπιστήμης
1247 5508 1519 5575 δεκτικὸν,
1550 5509 1678 5565 οὕτε
1704 5509 1803 5564 άλ-

254 5586 310 5641 λο
343 5608 392 5646 τι
406 5595 710 5664 τοιούτον,ὃ
740 5598 844 5667 τῆς
875 5597 1229 5671 ἀνθρωπίνης
1269 5599 1405 5653 ίδιον
1434 5600 1621 5664 οὐσίας
1662 5602 1802 5669 ἐστὶ,

250 5679 323 5751 τῷ
348 5682 484 5758 λόγῳ
512 5688 613 5761 τῆς
633 5690 835 5763 ἀρετῆς
867 5692 1215 5763 ἡναντίωται.
1262 5691 1402 5746 Ἀλλ’
1426 5691 1588 5764 αὐτὴ,
1614 5695 1800 5764 φησιν,

250 5773 469 5852 ήτροπη
497 5781 587 5836 τοῦ
618 5782 787 5854 ἢμιτέ
799 5800 895 5855 pou
921 5782 1169 5853 σώματος
1195 5782 1367 5850 πάθος
1399 5783 1573 5852 ἐστὶν,
1599 5786 1626 5840 6
1658 5785 1715 5839 δὲ
1736 5787 1794 5841 ὲν

1920 3223 2010 3288 iis,
2043 3221 2134 3292 qui
2168 3219 2411 3292 mysterii
2454 3220 2722 3274 rationem
2774 3214 2989 3269 curiose
3039 3210 3343 3280 inquirunt.
3389 3207 3525 3269 Ριί-⁷

1924 3329 2072 3375 nium
2106 3312 2294 3383 igitur,
2327 3309 2457 3383 quid
2490 3307 2679 3363 virtuti
2732 3321 2761 3360 e
2806 3302 3088 3359 contrario
3153 3300 3503 3370 respondeat,

1930 3405 2373 3475 consideremus.
2403 3402 2477 3459 Ut
2504 3404 2615 3456 luci
2646 3399 2904 3460 tenebrae,
2930 3406 2993 3457 ut,
3021 3411 3166 3451 mors
3222 3394 3371 3459 vitae,
3423 3391 3503 3446 sic

1921 3495 2111 3561 virtuti
2142 3493 2336 3550 vitium
2379 3490 2716 3547 contrarium
2765 3496 2875 3553 est,
2932 3500 2997 3541 ac
3048 3483 3189 3538 nihil
3240 3492 3502 3553 praeterea

1920 3587 2089 3644 aliud.
2130 3585 2602 3657 Quemadmodum
2650 3581 2821 3642 enim,
2854 3594 2977 3637 cum
3023 3578 3202 3633 multa:
3257 3574 3368 3629 sint
3415 3587 3503 3627 res

1916 3679 1973 3735 in
2010 3689 2225 3742 natura,
2252 3678 2405 3731 nulla
2430 3687 2608 3730 tamen
2639 3672 2766 3737 luci,
2794 3672 3027 3741 vitaeque
3054 3684 3084 3725 e
3102 3666 3382 3722 contrario
3404 3680 3507 3734 op-

1918 3771 2165 3840 ponitur,
2194 3784 2304 3824 non
2339 3769 2498 3838 lapis,
2562 3780 2673 3819 non
2722 3764 2951 3832 lignum,
3012 3775 3121 3814 non
3170 3771 3333 3826 aqua,
3386 3772 3511 3810 non

1920 3861 2106 3925 homo,
2143 3858 2295 3915 nulla
2313 3858 2553 3929 denique
2596 3854 2950 3923 alia,praetcr
2984 3851 3124 3915 illas,
3174 3864 3309 3919 quas
3373 3862 3503 3902 vere

1918 3950 2300 4024 cognoscimus
2328 3949 2463 4021 ipsis
2490 3962 2613 4002 eSse
2652 3943 2980 4006 contrarias,
3033 3942 3289 3997 tenebrar
3336 3940 3504 3994 nimi-

1914 4060 2037 4113 rum
2090 4052 2147 4101 et
2190 4056 2385 4108 mors;
2420 4040 2499 4097 sic
2523 4040 2687 4095 etiam
2720 4037 2783 4095 in
2798 4035 3009 4093 virtute,
3028 4033 3107 4096 ﬁt.
3140 4034 3227 4089 cui
3285 4031 3434 4089 nihil
3468 4047 3514 4087 α

1915 4135 2192 4193 contrario
2215 4132 2339 4205 quis
2375 4128 2724 4202 opposuerit,
2753 4137 2947 4197 praeter
2979 4125 3196 4185 vitium.
3228 4123 3410 4190 Quare
3449 4123 3506 4178 si

1912 4231 1973 4295 in
2000 4229 2095 4285 Dei
2117 4237 2242 4287 ortu
2273 4226 2464 4287 vitium
2502 4220 2722 4295 aliquod
2756 4221 2935 4276 inesse
2959 4217 3192 4275 dicendo
3222 4216 3500 4277 concessi-

1926 4339 2074 4389 mus,
2094 4332 2310 4390 tempus
2332 4326 2472 4385 erat,
2500 4327 2561 4370 ut
2586 4311 3050 4388 quieontradicit,
3072 4310 3230 4367 [idem
3255 4317 3502 4365 nostram

1911 4418 2219 4485 invaderet,
2244 4411 2392 4482 quod
2447 4407 2705 4473 absurda,
2749 4415 3067 4476 naturaeque
3098 4403 3312 4465 divinae.
3338 4403 3509 4458 minis

1909 4503 2401 4568 meonvenientia.
2427 4500 2864 4565 tradidissemus.
2888 4498 3081 4569 Neque
3110 4496 3260 4559 enim
3288 4494 3371 4551 fas
3396 4495 3515 4559 fuit

1907 4606 2085 4675 ipsam
2117 4595 2462 4667 sapientiam,
2494 4602 2550 4657 et
2566 4591 2892 4657 bonitatem,
2923 4600 2983 4646 et
3005 4589 3513 4659 immortalitatem”

1905 4706 1961 4752 et
1995 4694 2047 4750 si
2073 4692 2203 4763 quid
2236 4688 2386 4746 aliud
2410 4689 2733 4760 praclarum
2754 4685 2986 4757 cogitari
3050 4683 3269 4754 dieique
3294 4689 3507 4750 potest,

1904 4799 2149 4843 asserere
2179 4782 2235 4838 in
2266 4780 2538 4838 contraria
2587 4780 2878 4840 decidisse.
2905 4777 3061 4845 Qiod
3086 4776 3145 4835 si.
3170 4789 3296 4835 vera
3324 4772 3503 4841 virtus

1906 4889 1994 4934 est
2025 4876 2191 4942 Deus,
2223 4885 2425 4939 natura
2458 4882 2645 4931 autem
2677 4870 2868 4931 virtuti
2898 4885 3018 4931 non.
3047 4879 3134 4932 est
3192 4864 3499 4929 contraria,

1908 4969 2004 5025 sed
2028 4969 2244 5035 vitium,
2281 4967 2427 5023 Deus
2462 4980 2592 5023 vero
2623 4980 2743 5026 non,
2774 4964 2828 5025 in
2874 4961 3035 5025 vitio,
3061 4960 3169 5025 sed.
3193 4959 3248 5012 in
3316 4957 3496 5010 humi.

1906 5061 2001 5115 nis
2026 5069 2225 5116 natura
2285 5066 2451 5113 natus
2504 5065 2617 5120 est.
2666 5069 2771 5117 nec
2826 5052 3124 5123 Quidquam
3177 5048 3497 5105 indecorum

1907 5167 1974 5209 ac
2038 5162 2223 5221 turpe,
2271 5158 2474 5219 prater
2510 5148 2633 5209 tri-lii
2677 5146 3051 5210 aﬂectionem,
3115 5146 3301 5211 inqua
3354 5141 3501 5197 Deus

1906 5256 2011 5309 nec
2031 5239 2155 5305 fuit,
2191 5252 2437 5295 necesse
2473 5237 2699 5307 potuit:
2733 5236 2877 5307 quid,
2911 5243 3172 5299 verentur
3220 5232 3497 5294 conﬁteri,

1906 5331 2077 5387 Deum
2108 5338 2359 5387 naturam
2386 5326 2678 5387 humanam
2709 5325 3117 5391 induissc,.cum
3147 5322 3202 5378 in
3256 5322 3497 5379 hominis

1906 5418 2315 5478 constructione
2371 5419 2515 5481 nihil,
2563 5418 2754 5480 virtuti
2803 5415 3142 5477 contrarium
3179 5429 3303 5471 esse
3364 5429 3488 5468 cer-

1904 5511 2105 5582 naturl?
2186 5509 2377 5580 Neque
2444 5511 2592 5567 enim
2648 5509 2795 5580 quod
2849 5508 3081 5571 ratione,
3139 5506 3497 5577 cOgitatione.

1905 5612 2093 5658 mente
2145 5600 2404 5673 przeditus
2467 5609 2578 5665 est,
2636 5611 2729 5655 aut
2809 5598 2873 5654 ad
2932 5598 3215 5654 scientiam
3313 5598 3490 5668 perci-

1910 5693 2160 5765 piendam
2192 5693 2447 5761 idoneus,
2474 5708 2576 5749 nec
2614 5692 2912 5764 quidquam
2938 5691 3085 5747 aliud
3109 5706 3323 5757 eorum,
3363 5706 3487 5760 quae

1905 5796 2113 5843 naturae
2197 5787 2454 5843 humana:
2530 5783 2753 5859 propria
2827 5795 2978 5855 sunt,
3059 5784 3363 5842 abhorrent
3450 5797 3481 5839 a
