4024 6208
456 296 563 356 2-3

1678 301 1853 360 EU'l‘i
1868 304 1881 359 ἱ
1897 303 1992 360 YM
2010 303 2062 361 ll
2107 304 2466 365 ZIGABENI

3607 313 3717 376 224

455 406 772 463 deﬁnitione
801 408 1034 463 virtutis.
1069 409 1135 462 At
1164 408 1301 478 ipsa,
1330 408 1562 477 inquies.
1587 409 1759 461 nostri
1787 412 2030 479 corporis

2138 416 2303 485 τούτῳ
2346 415 2603 485 γεγονὼς
2644 419 2701 473 ἐν
2757 420 2918 475 πάθει
2972 419 3203 489 γίνεται.
3266 421 3504 485 ’Λπαθὲς
3539 420 3600 476 δδ
3651 426 3714 478 τδ

332 544 353 555 ..
456 498 766 553 immutatio
808 500 934 568 quid
971 500 1114 554 aliud
1153 508 1253 564 cSI,
1280 515 1437 567 quam
1466 498 1682 552 allectio
1719 516 1779 553 ac
1821 511 2037 570 pertur-

454 589 622 653 batio,
644 605 673 642 a
701 606 825 658 qua,
856 591 947 659 qui
980 592 1031 643 in
1071 605 1298 659 corpore
1329 600 1431 655 est,
1461 591 1649 645 abesse
1678 608 1784 644 non
1821 594 2036 662 potest?

455 680 598 735 Deus
616 690 795 735 autem
828 682 1005 735 omnis
1037 681 1462 750 perturbationis
1489 693 1572 736 cst
1596 699 1807 752 expers.
1835 682 2037 749 Quam-

453 772 642 825 obrem
670 771 776 825 Deo
797 772 971 825 aliena
1002 782 1085 849 est
1114 772 1229 827 hzec
1263 774 1471 843 opinio,
1505 773 1548 829 si
1588 774 1803 843 quidem
1843 775 2031 843 Deum,

452 861 546 930 qui
582 870 773 913 natura
808 876 900 914 sua
956 872 1111 916 vacat
1151 866 1298 918 omni
1354 866 1780 934 perturbatione,
1808 868 1874 921 ad
1914 883 2034 923 eam

454 949 840 1018 degustandam
887 953 1103 1006 venisse
1153 955 1480 1024 praadicatis.
1525 957 1604 1010 Ad
1655 958 1771 1013 haac
1824 974 2036 1029 quoque

450 1036 779 1093 confutanda
808 1043 1052 1095 eamdem
1083 1045 1347 1099 rationem
1387 1047 1785 1109 adhibebimus,
1833 1049 2035 1103 dicem-

451 1142 622 1195 usque
668 1130 1034 1199 aﬂectionem,
1077 1151 1172 1189 seu
1224 1138 1686 1205 perturbationem
1749 1141 2035 1210 dupliciter

452 1218 650 1289 accipi,
686 1224 904 1291 proprie
935 1234 991 1279 ct
1024 1224 1339 1297 improprie.
1365 1228 1496 1293 Qua:
1522 1230 1665 1284 enim
1697 1231 2030 1285 voluntatem

450 1310 688 1381 attingit,
721 1329 947 1382 eamque
986 1332 1013 1369 a
1049 1317 1243 1370 virtute
1271 1320 1489 1373 deducit
1522 1321 1589 1375 ad
1647 1321 1860 1387 vitium,
1909 1338 2035 1376 vere

452 1400 653 1455 dicitur
694 1406 1046 1472 perturbatio.
1081 1408 1210 1473 Quae
1238 1418 1418 1463 autem
1459 1412 1650 1465 ordine
1686 1412 1916 1480 quodam
1936 1428 2035 1469 suo

452 1507 549 1560 per
578 1504 824 1549 naturam
857 1509 1123 1553 commeat
1178 1510 1340 1570 atque
1365 1503 1725 1572 progreditur,
1766 1519 1830 1559 ea
1864 1506 2033 1575 magis

452 1587 670 1656 prOprie
718 1588 881 1651 actio,
926 1606 1087 1659 quam
1136 1593 1474 1660 perturbatio
1528 1603 1708 1663 posset
1748 1597 2030 1666 appellari,

452 1676 628 1743 qualis
655 1686 737 1731 est
767 1687 940 1744 ortus,
974 1690 1344 1749 augmentum,
1393 1682 1736 1753 subjectiquc
1785 1701 1882 1755 per
1932 1702 2029 1742 ac-

450 1766 754 1822 cessionem
791 1770 1263 1841 secessionemque
1317 1775 1425 1828 cibi
1474 1778 1833 1845 conservatio,
1859 1788 1914 1834 ct
1962 1780 2030 1836 ad
2066 1741 2115 1804 Β

453 1873 655 1927 corpus
731 1862 817 1915 vel
870 1864 1311 1920 constituendum
1386 1868 1550 1923 coitio
1612 1878 1666 1924 ct
1734 1887 2034 1930 concursus

451 1948 870 2016 elementorum,
907 1955 988 2008 vel
1020 1956 1419 2011 dissolvendum
1462 1961 1780 2016 eorumdem
1806 1963 2035 2019 distrac-

454 2039 549 2101 tio,
582 2048 637 2093 et
671 2041 737 2094 ad
768 2043 1045 2111 proprium
1077 2045 1342 2115 cujusque
1374 2047 1548 2102 locum
1605 2052 1808 2107 reditus
1876 2062 2037 2122 atque

452 2130 713 2185 secesﬂo.
748 2132 935 2186 Utram
970 2134 1131 2205 igitur
1182 2136 1373 2191 harum
1427 2142 1747 2210 mysterium
1790 2152 2035 2198 nostrum

452 2223 648 2274 asserit
680 2222 844 2276 Deum
872 2227 1153 2294 attigisse?
1186 2242 1399 2294 eamne,
1433 2247 1552 2300 qua:
1582 2234 1801 2301 proprie
1828 2243 2036 2303 pertur-

453 2310 597 2364 batio
629 2324 867 2379 vocatur,
908 2326 961 2368 ct
1008 2316 1197 2371 vitium
1238 2328 1342 2385 cst,
1392 2336 1461 2373 an
1516 2320 1683 2386 illam,
1732 2339 1854 2392 quae
1899 2326 2036 2379 nihil

456 2402 604 2456 aliud
634 2412 738 2467 est,
771 2420 932 2472 quam
970 2407 1132 2470 actio,
1163 2417 1217 2461 et
1242 2418 1420 2463 motus
1470 2412 1691 2480 quidam
1741 2414 2037 2470 naturalis?

452 2492 512 2546 Si
544 2494 688 2547 enim
716 2493 769 2547 in
799 2495 1038 2549 motibus
1069 2496 1173 2551 illis
1195 2498 1375 2566 pravis
1399 2515 1461 2554 ac
1491 2502 1837 2569 repudiandis
1864 2502 2033 2558 Deum

451 2597 573 2636 esse
623 2593 808 2637 natum
860 2588 1335 2655 contenderemus,
1393 2591 1695 2647 doctrinam
1740 2595 2034 2650 absurdam

451 2674 689 2744 eﬂugere
729 2686 1030 2743 Oportvret,
1084 2689 1143 2732 ut
1198 2696 1317 2748 quae
1371 2682 1507 2736 nihil
1541 2686 1655 2738 sani
1692 2686 1927 2741 traderet
1962 2687 2031 2742 de

453 2774 650 2817 natura
678 2766 882 2820 divina.
909 2768 1043 2822 Cum
1081 2779 1262 2824 autem
1287 2773 1549 2839 dieamus,
1580 2773 1749 2829 Deum
1778 2786 2036 2831 naturam

457 2857 776 2920 humanam,
810 2859 969 2928 cujus
1001 2860 1145 2915 idem
1177 2862 1292 2932 ipse
1318 2874 1510 2919 auctor
1542 2866 1875 2939 eﬂ'ectorque
1913 2870 2034 2934 fuit,

453 2948 837 3015 assumpsisse,
882 2949 1011 3018 quid
1040 2951 1354 3021 absurdum,
1399 2965 1493 3009 aut
1521 2958 1664 3025 quod
1704 2958 1813 3012 Deo
1858 2959 2038 3014 minus

454 3038 762 3101 conveniat,
794 3040 1190 3107 prazdicamus?
1216 3044 1359 3097 Nihil
1398 3047 1541 3099 enim
1579 3047 1644 3100 de
1673 3047 1766 3101 illo
1809 3050 2034 3103 creden-
2063 3078 2105 3140 α

452 3128 584 3181 dum
625 3130 909 3196 tradimus,
944 3133 1087 3201 quod
1131 3136 1617 3203 perturbationem,
1672 3147 1768 3192 aut
1814 3139 2027 3209 vitium,

452 3229 547 3273 aut
582 3222 973 3297 turpitudinem
1023 3225 1310 3294 signiﬁcet.
1344 3226 1527 3297 Neque
1576 3230 1719 3283 enim
1765 3232 2035 3286 medicum

455 3311 645 3364 morho
708 3296 846 3368 ailici
913 3313 1164 3378 dicimus,
1218 3318 1437 3384 quando
1490 3321 1680 3374 morbo
1727 3321 2037 3378 laborantes

455 3410 631 3455 «urat.
658 3402 791 3457 Nam
818 3405 950 3461 licet
982 3423 1077 3461 eos
1104 3408 1301 3463 invisat
1349 3419 1403 3464 et
1427 3413 1677 3481 attingat,
1709 3413 1825 3483 ipse
1855 3423 2037 3469 tamen

453 3492 604 3548 nullo
661 3496 835 3550 morbi
893 3498 1240 3554 incommodo
1304 3501 1554 3558 adicitur.
1609 3504 1765 3569 Quod
1803 3505 1849 3559 si
1884 3507 2036 3561 nasci

453 3601 565 3638 non
596 3595 680 3640 est
732 3589 955 3653 tnalum,
1012 3605 1083 3645 ne
1136 3592 1321 3646 vivere
1382 3593 1602 3662 quidem
1653 3596 1856 3650 malum
1916 3612 2037 3653 esse

452 3677 673 3733 dixeris.
706 3680 1089 3751 Atvoluptatis
1110 3683 1346 3750 atl‘ectio,
1393 3687 1631 3756 inquies,
1681 3703 1801 3757 qua:
1853 3699 2035 3745 ortum

450 3773 744 3838 antecedit,
782 3774 1190 3848 viventiumque
1214 3779 1283 3832 ad
1323 3781 1525 3833 malum
1556 3780 1861 3851 vitiumque
1895 3799 2025 3853 pro.

447 3862 662 3933 pensio,
693 3875 900 3921 natura:
928 3877 1126 3924 nostrae
1157 3881 1285 3925 sunt
1314 3872 1513 3928 morbi.
1554 3873 1692 3938 Quid
1718 3875 1874 3942 tum]!
1909 3891 2034 3929 cum

444 3954 518 4007 ab
550 3965 785 4024 utroque
808 3957 1042 4012 liberum
1079 3960 1254 4029 ipsum
1279 3960 1448 4016 fuisse
1487 3965 1801 4033 mysterium
1824 3966 2036 4019 tradat?

444 4045 605 4110 Quod
631 4048 674 4100 si
712 4058 763 4101 et
793 4046 911 4103 sine
958 4050 1236 4119 voluptate
1287 4054 1503 4121 genitus
1563 4064 1667 4115 est,
1702 4063 1758 4107 et
1806 4054 1970 4107 vitam
2004 4070 2035 4108 a

450 4136 586 4188 vitio
616 4137 1038 4190 remotissimam
1068 4139 1197 4207 egit,
1228 4143 1439 4208 ecquod
1470 4141 1739 4209 reliquum
1788 4150 1871 4195 est
1918 4156 2036 4196 ma.

447 4226 588 4290 lum,
637 4227 795 4296 cujus
848 4228 1023 4281 Deum
1071 4229 1391 4298 participem
1442 4231 1660 4299 pietatis
1712 4234 2028 4301 mysterium

450 4317 599 4370 dicat
624 4316 938 4374 exstitisse?
956 4319 1059 4374 Sin
1090 4320 1285 4389 aliquis
1316 4320 1480 4374 animi
1506 4336 1535 4373 a
1559 4336 1787 4390 corpore
1816 4322 2037 4392 sejunc-

444 4407 655 4460 tionem
688 4408 888 4463 malum
922 4411 1174 4481 appellat,
1210 4412 1256 4466 is
1308 4426 1523 4481 aequum
1582 4421 1721 4479 erat,
1774 4426 1831 4468 ut
1881 4414 2033 4484 prius
2067 4417 2109 4473 ι)

447 4497 889 4567 conjunctionem
929 4502 1209 4570 utriusque
1241 4501 1443 4554 malum
1472 4503 1791 4571 appellaret.
1822 4503 1957 4557 Nam
1983 4504 2031 4558 si

450 4589 830 4657 copulatorum
870 4590 1164 4659 disjunctio
1193 4592 1331 4646 mala
1378 4602 1487 4657 est,
1540 4603 1596 4648 ct
1639 4594 2038 4663 disjunctorum

443 4678 722 4749 copulatio
765 4688 847 4734 est
897 4681 1058 4733 mala.
1118 4678 1417 4750 Utrobique
1468 4682 1614 4735 enim
1670 4691 1757 4737 est
1812 4683 2033 4751 quidam

443 4778 647 4836 motus,
677 4779 738 4825 ut
762 4770 1220 4840 quemadmodum
1257 4781 1684 4841 consequentem
1726 4786 1912 4837 vocas,
1956 4774 2037 4828 sic

440 4862 608 4915 etiam
641 4863 1032 4931 praecedentem
1063 4857 1255 4918 vocare
1279 4862 1503 4917 debeas.
1521 4862 1789 4927 Quocirca
1809 4865 1855 4917 si
1883 4864 2033 4934 prior

409 4968 650 5023 .motus,
698 4974 860 5027 quem
908 4967 1090 5014 ortum
1139 4959 1411 5023 nominas,
1462 4973 1575 5012 non
1608 4966 1691 5013 est
1723 4960 1918 5025 malus,
1960 4973 2033 5013 ne

447 5052 716 5119 posterior
736 5046 978 5120 quidem,
1005 5066 1167 5122 quem
1195 5062 1426 5106 mortem
1450 5050 1609 5115 dicis,
1646 5067 1751 5120 qua
1788 5051 2035 5121 corporis

442 5142 725 5211 animique
785 5144 1100 5214 coniunctio
1172 5144 1519 5208 distrahitur,
1580 5143 1753 5197 malus
1826 5142 2035 5212 poterit

446 5231 730 5298 appellari.
790 5231 896 5287 Nos
947 5241 1132 5287 autem
1202 5232 1369 5287 Deum
1430 5233 1664 5287 dicimus
1700 5235 1751 5287 in
1804 5244 2035 5302 utroque

446 5320 616 5380 fuisse
663 5334 839 5392 motu,
895 5334 1009 5380 tum
1045 5325 1100 5379 in
1154 5324 1265 5391 illo,
1309 5340 1419 5393 quo
1445 5326 1662 5379 animus
1717 5336 1772 5379 et
1833 5340 2034 5394 corpus

448 5424 806 5481 concurrunt,
842 5425 957 5471 tum
985 5417 1038 5472 in
1057 5431 1146 5484 eo,
1170 5431 1265 5486 per
1295 5431 1454 5485 quem
1490 5417 1707 5471 animus
1739 5432 1768 5470 a
1796 5431 2025 5485 corpore

450 5514 756 5573 Separatur.

944 5624 1028 5680 Ea:
1053 5630 1235 5680 eadem
1267 5627 1531 5680 oratione.

523 5709 661 5764 Cum
685 5722 865 5768 autem
894 5732 1035 5772 unus
1060 5719 1401 5775 sitomnibus
1425 5720 1740 5775 hominibus
1766 5716 1833 5773 ad
1861 5716 2023 5775 vitam

2141 506 2316 563 Θεῖον.
2353 509 2561 563 Οὐκοῦν
2590 510 2847 581 ἀλλοτρία
2883 512 3012 582 περὶ
3036 513 3175 566 Θεοῦ
3212 514 3244 583 ἡ
3299 513 3595 584 ὑπόληψις,
3640 519 3716 570 εί-

2144 617 2250 670 περ
2283 601 2373 654 τὸν
2402 601 2591 672 ἀπαθῆ
2629 604 2771 656 κατὰ
2795 603 2894 675 τὴν
2924 605 3088 671 φύσιν
3110 604 3250 676 πρὸς
3275 606 3569 659 κοινωνίαν
3614 624 3715 661 πα-

2143 692 2269 755 θους
2298 694 2473 747 ἐλθεῖν
2496 696 2554 747 τὸ
2589 697 2852 765 κήρυγμα
2878 696 3202 767 διορίζεται.
3246 698 3407 751 Ἀλλὰ
3444 698 3541 751 καὶ
3576 700 3713 769 πρὸς

2138 787 2310 840 ταῦτα
2331 787 2495 840 πάλιν
2523 786 2600 855 τῷ
2622 787 2774 856 αὐτῷ
2798 786 3307 858 λόγῳσχρησόμεθα,
3337 790 3419 842 ὅτι
3450 788 3627 852 πάθος
3653 788 3715 841 τὸ

2142 880 2240 949 μὲν
2271 879 2498 947 κυρίως,
2522 879 2583 933 τὸ
2609 879 2667 932 δὲ
2693 879 2757 932 ὲκ
2787 881 3183 949 καταχρήσεως
3215 880 3461 948 λέγεται.
3495 880 3570 932 Τὸ
3612 879 3713 950 μὲν

2139 971 2232 1025 οὖν
2275 971 2653 1040 προαιρέσεως
2688 972 3016 1042 ἁπτόμενον,
3052 974 3144 1026 καὶ
3180 973 3317 1043 πρὸς
3348 974 3559 1051 κακίαν
3602 972 3714 1025 ἀπὸ

2138 1061 2237 1130 τῆς
2267 1061 2472 1131 ἀρετῆς
2509 1062 2908 1131 μεταστρέφον.
2939 1062 3154 1130 ἀληθῶς
3180 1064 3350 1126 πάθος
3372 1063 3509 1127 ἐστὶ,
3559 1061 3619 1115 ct
3666 1061 3711 1115 δ’

2138 1152 2261 1205 ὅσον
2302 1155 2358 1204 ἐν
2386 1154 2452 1222 τῇ
2486 1152 2645 1220 φύσει
2670 1152 2814 1206 κατὰ
2844 1152 2936 1205 τὸν
2964 1153 3095 1206 ἴδιον
3131 1153 3323 1222 εἱρμὸν
3361 1152 3711 1223 πορευομένῃ

2137 1244 2445 1309 διεξοδικῶς
2478 1246 2791 1317 θεωρεῖται,
2828 1245 2984 1299 τοῦτο
3030 1244 3364 1316 κυριώτερον
3417 1246 3583 1315 ἔργον
3642 1246 3712 1298 ἂν

2139 1340 2340 1410 μᾶλλον
2376 1339 2409 1409 ἢ
2442 1339 2614 1402 πάθος
2645 1337 3133 1408 προσαγορεύοιτο·
3166 1331 3278 1391 οἷον
3305 1339 3337 1407 ἠ
3369 1338 3649 1406 γέννησις,
3676 1338 3710 1406 ὴ

2137 1431 2444 1501 αὑξησις,ή
2503 1429 2594 1488 διὰ
2636 1430 2733 1499 τῆς
2786 1430 3083 1499 ἐπιρρύτου
3136 1445 3195 1481 τε
3242 1432 3339 1481 καὶ
3393 1428 3711 1499 ἀπορρύτου

2136 1523 2343 1594 τροφῆς
2369 1522 2463 1575 τοῦ
2496 1521 2864 1591 ὑποκειμένου
2897 1520 3155 1594 διαμονὴ,
3190 1523 3224 1592 ὴ
3270 1521 3379 1575 τῶν
3427 1520 3713 1591 στοιχείων

2137 1614 2267 1683 περὶ
2294 1613 2355 1666 τὸ
2382 1612 2544 1683 σῶμα
2573 1613 2871 1685 συνδρομὴ,
2922 1616 2955 1683 ἠ
3001 1612 3096 1666 τοῦ
3139 1613 3488 1676 συντεθέντος
3546 1613 3715 1666 πάλιν

2137 1705 2378 1767 διάλυσίς
2398 1721 2458 1758 τε
2489 1704 2742 1775 καὶπρὸς
2764 1704 2831 1759 τὰ
2858 1705 3095 1774 συγγενῆ
3127 1702 3531 1774 μεταχώρησσς.
3555 1702 3715 1767 Τίνος

2137 1799 2231 1854 οὖν
2260 1798 2407 1867 λέγει
2435 1797 2497 1851 τὸ
2538 1799 2835 1870 μυστήριον
2872 1796 3027 1866 ἡμῶν
3072 1791 3245 1867 ἧφθαι
3277 1794 3335 1848 τὸ
3393 1794 3572 1859 Θεῖον,
3620 1795 3714 1848 τοῦ

2138 1888 2349 1961 κυρίως
2391 1887 2695 1957 λεγομένου
2731 1886 2961 1952 πάθους,
3024 1887 3160 1958 ὅπερ
3215 1886 3416 1950 κακίας
3467 1886 3641 1951 ἐστὶν,
3680 1887 3715 1955 ἦ

2135 1983 2230 2036 τοῦ
2256 1981 2402 2036 κατὰ
2430 1980 2595 2050 φύσιν
2623 1982 2959 2049 κινήματος;
2985 1979 3047 2032 Ei
3079 1977 3182 2048 μὲν
3205 1978 3315 2048 γὰρ
3343 1978 3402 2030 ὲν
3423 1979 3535 2040 τοῖς
3566 1978 3717 2030 ἀπα-

2137 2075 2519 2147 γορευομένοις
2554 2074 2909 2143 γεγεννῆσθαι
2936 2072 2997 2127 τὸ
3031 2071 3186 2125 Θεῖον
3212 2074 3240 2125 ὁ
3261 2070 3421 2137 λόγος
3439 2070 3721 2143 διισχυρί-

2137 2167 2285 2232 ζετο,
2323 2167 2547 2236 φεύγειν
2581 2165 2690 2217 ἔδει
2718 2166 2820 2235 τὴν
2864 2162 3100 2218 ἀτοπίαν
3156 2162 3251 2215 τοῦ
3286 2161 3579 2232 δόγματος,
3640 2160 3721 2220 ὡς

2136 2258 2288 2311 οὐδὲν
2328 2257 2479 2324 ὑγιὲς
2517 2255 2644 2325 περὶ
2674 2257 2772 2325 τῆς
2799 2254 2946 2317 θείας
2976 2252 3188 2321 φύσεως
3224 2252 3516 2317 διεξιόντος
3539 2264 3560 2284 ·
3587 2249 3719 2302 εἰδὲ

2135 2354 2233 2421 τῆς
2264 2351 2479 2421 φύσεως
2511 2351 2668 2420 ἡμῶν
2698 2349 2862 2403 αὐτὸν
2899 2347 3143 2419 ὲφῆφθαι
3178 2346 3354 2413 λέγει,
3399 2340 3470 2417 ἦς
3529 2346 3628 2397 καὶ
3679 2345 3717 2411 ἡ

2138 2442 2330 2514 πρώτη
2363 2441 2576 2509 γένεσίς
2602 2458 2660 2493 τε
2707 2440 2804 2494 καὶ
2845 2440 3147 2501 ὑπόστασις
3202 2434 3331 2505 παρ’
3394 2434 3560 2487 αὕτοῦ
3614 2433 3721 2502 τὴν

2138 2532 2313 2604 ἀρχὴν
2329 2532 2476 2601 ἔσχε,
2500 2530 2602 2584 ποῦ
2629 2531 2728 2600 τῆς
2751 2529 2871 2599 Θεῷ
2900 2528 3217 2597 πρεπούσης
3245 2526 3453 2587 ἑννοίας
3480 2525 3713 2593 διαμαρ-

2136 2627 2289 2680 τάνει
2324 2626 2384 2678 τὸ
2410 2625 2697 2694 κήρυγμα,
2733 2623 3008 2694 μηδεμιᾶς
3060 2618 3374 2691 παθητικῆς
3421 2617 3721 2679 διαθέσεως

2136 2719 2194 2771 ὲν
2226 2719 2347 2780 ταῖς
2374 2717 2504 2786 περὶ
2538 2716 2677 2769 Θεοῦ
2715 2714 3020 2785 ὑπολήψεσι
3050 2715 3117 2782 τῇ
3147 2713 3327 2765 πίστει
3377 2709 3671 2776 συνιούσης
3699 2726 3718 2774 ;
3784 2782 3792 2790 .

2139 2809 2272 2862 Οὐδὲ
2316 2808 2424 2877 γὰρ
2455 2810 2545 2862 τὸν
2581 2807 2764 2878 ἰατρὸν
2822 2808 2879 2859 ὲν
2930 2805 3095 2859 πάθει
3136 2804 3386 2873 γίνεσθαι
3446 2802 3721 2871 λέγομεν,

2141 2903 2271 2956 ὅταν
2294 2902 2575 2972 θεραπεύῃ
2604 2900 2696 2953 τὸν
2721 2901 2777 2952 ὲν
2830 2898 2991 2952 πάθει
3021 2896 3328 2967 γινόμενον.
3386 2894 3552 2947 Ἀλλὰ
3611 2896 3726 2948 κᾶν

2139 2994 2487 3067 προσάψηται
2516 2992 2610 3045 τοῦ
2639 2992 3100 3063 ἀρρωστήματος,
3129 2989 3233 3052 ἔξω
3262 2988 3468 3051 πάθους
3495 2990 3521 3040 ό
3550 2987 3725 3058 θερα-

2140 3087 2347 3156 πευτὴς
2405 3085 2671 3156 διαμένει.
2739 3084 2859 3153 Είὴ
2919 3082 3137 3150 γένεσις
3169 3080 3310 3152 αὐτὴ
3355 3079 3479 3134 καθ’
3514 3080 3724 3149 ἑαυτὴν

2140 3178 2423 3241 πάθοςούκ
2453 3177 2621 3241 ἔστιν,
2651 3176 2764 3228 οὐδ’
2785 3176 2851 3229 ἂν
2888 3174 2987 3243 τὴν
3018 3172 3165 3245 ζωήν
3194 3190 3277 3236 τις
3308 3173 3478 3236 πάθος
3508 3188 3729 3242 προσα-

2141 3272 2475 3337 γορεύσειεν.
2547 3264 2708 3319 Ἀλλά
2738 3264 2802 3317 τὸ
2827 3263 2950 3317 καθ’
2970 3262 3186 3334 ἡδονὴν,
3219 3264 3372 3333 φησὶ,
3411 3262 3583 3325 πάθος
3610 3262 3720 3330 τῆς

2140 3355 2489 3425 ἀνθρωπίνης
2511 3353 2832 3423 καθηγεῖται
2859 3353 3143 3421 γενέσεως,
3168 3353 3261 3405 καὶ
3293 3353 3327 3422 ἠ
3351 3352 3483 3419 πρὸς
3514 3351 3726 3405 κακίαν

2138 3448 2252 3501 τῶν
2278 3446 2501 3509 ζώντων
2543 3445 2691 3517 ὁρμὴ
2748 3444 2906 3498 τοῦτο
2951 3445 3052 3515 τῆς
3114 3444 3332 3513 φύσεως
3376 3445 3537 3514 ἡμῶν
3562 3447 3725 3498 ἐστιν

2137 3537 2499 3608 ἀρρώστημα.
2548 3536 2711 3589 Ἀλλὰ
2744 3536 2851 3607 μὴν
2880 3535 3209 3605 ἀμφοτέρων
3237 3536 3402 3590 αὑτὸν
3433 3536 3723 3607 καθαρεύ-

2137 3646 2217 3681 ειν
2246 3630 2381 3699 φησὶ
2411 3629 2471 3681 τὸ
2500 3629 2820 3700 μυστήριον.
2860 3628 2917 3681 Et
2942 3628 3037 3682 οὖν
3066 3629 3260 3700 ἡδονῆς
3296 3630 3395 3697 μὲν
3433 3631 3464 3698 ὴ
3501 3632 3723 3697 γένεσις

2136 3720 2302 3775 αὑτοῦ
2338 3719 2719 3791 ἠλλοτρίωται,
2740 3720 2937 3783 κακίας
2967 3720 3022 3773 δὲ
3053 3722 3085 3791 ἡ
3109 3720 3242 3790 ζωὴ,
3271 3723 3426 3775 ποῖον
3442 3720 3726 3773 ὑπολέλειο

2136 3831 2268 3868 πται
2294 3814 2484 3879 πάθος,
2521 3807 2581 3866 οὗ
2602 3812 2697 3866 τὸν
2726 3813 2859 3866 Θεὸν
2890 3814 3350 3884 κεκοινωνηκέναι
3375 3816 3508 3884 φησὶ
3529 3813 3589 3866 τὸ
3614 3814 3724 3882 τῆς

2136 3906 2420 3969 εὐσεϐείας
2455 3907 2754 3976 μυστήριον
2782 3923 2797 3971 ;
2830 3906 2892 3958 Εί
2929 3905 2988 3957 δέ
3027 3922 3112 3968 τις
3134 3905 3233 3976 τὴν
3293 3906 3391 3958 τοῦ
3460 3904 3721 3975 σώματος

2138 3998 2235 4051 κοιλ⁵
2260 3998 2359 4066 τῆς
2393 3997 2573 4066 ψυχῆς
2601 3997 2877 4062 διάζευξιν
2899 3998 3068 4061 πάθος
3100 3995 3531 4068 προσαγορεύοι,
3574 3997 3719 4049 πολὺ

2137 4089 2407 4156 πρότερον
2437 4088 2649 4140 δίκαιον
2689 4090 2755 4142 ἂν
2791 4091 2875 4159 εἴη
2912 4092 3010 4159 τὴν
3042 4089 3350 4160 συνδρομὴν
3383 4090 3719 4159 ἀμφοτέρων

2137 4178 2279 4232 οὕτω
2309 4180 2707 4249 κατονομάσαι.
2735 4181 2797 4233 El
2827 4181 2936 4250 γὰρ
2969 4182 2996 4234 ὁ
3016 4181 3292 4252 χωρισμὸς
3330 4180 3441 4233 τῶν
3471 4197 3721 4249 συνηνω-

2140 4270 2320 4341 μένων
2353 4272 2523 4336 πάθος
2553 4272 2693 4339 ἐστὶ,
2722 4274 2819 4326 καὶ
2877 4274 2910 4345 ἡ
2939 4274 3210 4343 συνάφεια
3237 4272 3347 4326 τῶν
3396 4271 3714 4325 διεστώτων

2138 4364 2312 4427 πάθος
2341 4364 2412 4416 ἂν
2436 4364 2544 4433 εἴη.
2579 4363 2809 4434 Κίνησις
2864 4365 2973 4433 γάρ
3019 4365 3103 4426 τίς
3129 4364 3278 4416 ἐστιν
3302 4363 3361 4415 ἒν
3392 4380 3451 4415 τε
3485 4365 3551 4433 τῇ
3578 4349 3733 4445 συγ-ξ

2138 4456 2321 4529 κρίσει
2352 4456 2460 4509 τῶν
2478 4456 2789 4509 διεστώτων
2823 4458 2917 4510 καὶ
2938 4457 2997 4509 ὲν
3020 4458 3091 4527 τῇ
3122 4456 3398 4526 διακρίσει
3430 4454 3540 4508 τῶν
3579 4454 3734 4550 aut)";

2146 4549 2562 4619 πεπλεγμένων,
2582 4550 2676 4603 καὶ
2700 4548 3018 4618 ήνωμὲνων.
3039 4547 3221 4618 Ὅπερ
3255 4548 3434 4599 τοίνυν
3467 4547 3499 4617 ἡ
3526 4546 3717 4598 τελευ⁶

2139 4643 2269 4697 ταία
2301 4642 2513 4712 κίνησις
2536 4641 2887 4712 ὀνομάζεται,
2918 4639 3078 4691 τοῦτο
3102 4639 3379 4708 προσήκει
3413 4636 3709 4689 καλεῖσθαι

2142 4736 2234 4787 καὶ
2267 4735 2366 4805 τὴν
2425 4732 2796 4804 προάγουσαν.
2858 4732 2920 4784 El
2959 4731 3080 4801 δὲη
3119 4730 3309 4801 πρώτη
3364 4729 3600 4798 κίνησις,
3650 4732 3719 4800 ἢν

2138 4827 2351 4896 γένεσιν
2408 4824 2775 4896 ὀνομάζομεν,
2838 4823 3011 4888 πάθος
3062 4824 3165 4877 οὐκ
3220 4823 3391 4887 ἐστιν,
3435 4822 3549 4875 οὐδ’
3581 4821 3717 4893 an;

2136 4918 2367 4989 δευτέρα
2411 4917 2647 4987 κίνησις,
2706 4919 2770 4987 ἣν
2828 4916 3060 4972 θάνατον
3116 4915 3477 4986 ὀνομάζομεν,
3543 4915 3719 4979 πάθος

2137 5011 2206 5065 ἂν
2241 5010 2383 5063 κατὰ
2405 5010 2464 5061 τδ
2499 5010 2793 5062 ἀκόλουθον
2830 5010 3066 5077 λέγοιτο,
3094 5008 3219 5060 καθ’
3268 5010 3333 5079 ἣν
3364 5009 3397 5077 ὴ
3430 5007 3721 5077 συνδρομὴ

2136 5103 2230 5157 τοῦ
2283 5104 2536 5170 σώματος
2595 5105 2689 5156 καὶ
2740 5102 2843 5172 τῆς
2899 5102 3079 5173 ψυχῆς
3105 5101 3461 5173 διακρίνεται.
3502 5100 3610 5153 Τὸν
3659 5099 3719 5151 δὲ

2136 5196 2269 5248 Θεόν
2299 5213 2480 5264 φαμεν
2510 5198 2567 5248 ὲν
2592 5197 2825 5265 ἑκατέρᾳ
2853 5193 3217 5263 γεγεννῆσθαι
3257 5196 3325 5265 τῇ
3353 5194 3451 5264 τῆς
3494 5193 3717 5279 φύσεως

2135 5289 2371 5357 κινήσει,
2403 5288 2472 5341 δι’
2503 5283 2568 5357 ἦς
2609 5289 2641 5358 ἢ
2676 5304 2735 5339 τε
2769 5287 2916 5358 ψυχὴ
2957 5285 3092 5356 πρὸς
3119 5285 3182 5338 τὸ
3208 5284 3368 5355 σῶμα
3402 5283 3718 5354 συντρέχει,

2136 5377 2196 5429 τό
2226 5393 2285 5428 τε
2322 5378 2479 5446 σῶμα
2512 5378 2608 5447 τῆς
2636 5376 2825 5447 ψυχῆς
2857 5377 3218 5447 διακρίνεται.

2570 5622 2672 5675 Ἐκ
2701 5621 2804 5675 τοῦ
2847 5622 3038 5675 αὑτοῦ
3069 5623 3288 5689 λόγου.

2206 5715 2353 5778 Μιᾶς
2379 5713 2434 5767 δὲ
2470 5716 2636 5768 πᾶσιν
2660 5712 2969 5784 ἀνθρώποις
2996 5718 3095 5786 τῆς
3127 5715 3205 5777 είς
3240 5714 3339 5784 τῆν
3368 5713 3518 5785 ζωὴν
3542 5712 3709 5784 οῦσης
