4024 6208
248 328 353 393 935

1184 322 1563 386 PANOPLIA
1602 320 2066 383 DOGMATICA.
2096 345 2164 355 --
2203 320 2352 382 TlT.
2394 319 2532 384 VII.

3346 276 3361 303 ⁸
3384 322 3492 387 226

249 439 489 512 παρόδου,
519 433 683 487 πόθεν
710 432 820 488 ἔδει
874 434 967 490 τὸν
992 433 1237 488 εἰσιόντα
1262 433 1403 506 πρὸς
1452 434 1602 503 ἡμᾶς
1630 433 1799 486 εἰσοι-

1921 432 2101 497 iditus,
2126 432 2270 487 unde
2316 432 2606 501 oportebat
2649 430 3002 488 accedentem
3050 434 3116 487 ad
3160 450 3261 490 nos
3310 436 3479 495 Deum

250 528 489 598 κισθῆναι
520 525 600 594 τῷ
628 524 730 595 βίῳ
760 541 778 591 ;
823 523 916 589 Ἐξ
942 525 1202 594 οὐρανοῦ,
1233 525 1402 595 φήσει
1428 522 1596 594 τυχὸν
1622 526 1652 578 ό
1683 523 1804 577 δια-

248 622 415 678 πτύων
431 617 509 681 ὥς
528 615 756 687 αίσχρόν
781 631 843 669 τε
871 617 968 670 καὶ
998 614 1187 680 mea.
1208 616 1270 668 τὸ
1295 610 1437 678 εἶδος
1459 614 1559 683 τῆς
1586 612 1804 685 ἀνθρω-

246 714 394 785 ⁶πίνης
416 708 713 780 γενέσεως.
756 707 898 769 Ἀλλ’
934 708 1036 763 οὐκ
1056 703 1127 779 ἦν
1155 708 1214 763 ὲν
1244 705 1465 779 οὐρανῷ
1488 706 1553 761 τὸ
1576 706 1807 777 ἀνθρώ-

216 824 423 873 ιπινον,
482 805 608 859 οὐδὲ
657 821 748 870 τις
794 805 859 858 ὲν
902 806 968 874 τῇ
1030 803 1391 874 ὕπερκοσμίῳ
1438 803 1555 873 ζωῇ
1605 799 1804 864 κακίας

221 880 815 967 ’νόσοίιπεχωρίαζει
850 893 1021 948 Ἔνθα
1078 893 1260 947 τοίνυν
1293 893 1354 947 τὸ
1378 891 1548 946 κακὸν
1588 891 1689 945 οὐκ
1712 890 1803 962 ἦν,

245 991 348 1046 οὐδὲ
372 990 399 1042 ό
423 988 777 1059 ἀνθρώπινος
804 985 1158 1041 ἐπολιτεύετο
1209 985 1343 1056 βίος,
1374 984 1495 1048 πῶς
1553 983 1806 1053 ἐπιζητεῖ

246 1100 318 1147 τις
337 1080 552 1136 ἰκεῖθεν
576 1079 657 1149 τῷ
683 1078 805 1149 Θεῷ
857 1078 1271 1150 περιπλακῆναι
1333 1077 1426 1131 τὸν
1484 1076 1797 1146 ἄνθρωπον,

248 1176 497 1247 μᾶλλονδὲ
529 1175 653 1258 ob"!
678 1174 989 1245 ἄνθρωπον,
1020 1171 1138 1226 ἀλλ’
1163 1171 1452 1240 ἀνθρώπου
1482 1188 1535 1225 τι
1565 1170 1794 1224 εἴδωλον

244 1272 325 1324 καὶ
354 1268 608 1341 ὁμοίωμα
633 1284 651 1335 ;
681 1266 781 1331 Τίς
803 1266 862 1319 δ’
887 1266 956 1320 ἀν
989 1263 1205 1334 ἐγένετο
1256 1264 1361 1335 τῆς
1402 1263 1618 1333 φύσεως
1647 1261 1806 1332 ἡμῶν

245 1362 534 1433 διόρθωσις,
567 1361 617 1414 εί
643 1358 741 1415 τοῦ
798 1343 1049 1428 ἐπιγείοό
1081 1357 1223 1424 ζώου
1257 1355 1633 1425 νενοσηκότος,
1691 1354 1809 1408 ἓτε-

248 1454 328 1525 ρόν
349 1452 540 1506 τιτῶν
569 1451 628 1504 οξ
640 1450 840 1522 ρανίοιν
868 1450 968 1521 τὴν
1007 1448 1160 1503 θείαν
1192 1446 1498 1517 ἐπιμιξίαν
1541 1447 1764 1513 ἐδέξατο
1788 1461 1805 1511 ;

248 1543 346 1597 Οὔκ
372 1542 489 1597 εστι
513 1541 627 1613 γὰρ
675 1540 1086 1611 θεραπευθῆναι
1137 1538 1232 1593 τὸν
1266 1538 1569 1608 κάμνοντα,
1603 1536 1678 1607 μὴ
1709 1534 1808 1590 τοῦ

247 1634 521 1699 πονοῦντος
561 1635 763 1706 μέρους
818 1633 1137 1698 ἰδιαζόντως
1184 1628 1485 1701 δεξαμένου
1516 1629 1615 1699 τὴν
1639 1628 1805 1683 ῐασιν.

247 1727 303 1782 Εἰ
322 1727 407 1782 οὖν
438 1727 507 1781 τὸ
566 1726 671 1797 μὶν
700 1728 917 1794 κάμνον
945 1724 1039 1777 ἐπὶ
1068 1722 1176 1793 γῆς
1223 1718 1317 1794 ἦν,
1341 1721 1377 1792 ἡ
1406 1720 1464 1775 δὲ
1494 1719 1615 1774 θεία
1644 1719 1801 1773 δύνα-

1911 523 1968 578 in
1998 522 2165 577 vitam
2201 523 2452 592 ingredi?
2509 521 2551 575 E
2578 523 2740 587 cmlo,
2768 524 2980 594 inquiet
3008 525 3096 579 ille
3121 524 3370 594 fortasse,
3401 530 3496 599 qui

1910 613 2305 683 prorreationis
2366 615 2617 670 humana)
2665 614 2875 670 ratione
2934 625 2993 670 ut
3051 616 3333 685 ingloriam
3386 628 3503 674 tur-

1913 720 2147 777 pemque
2174 706 2424 776 despicit.
2452 707 2521 760 At
2553 707 2607 760 in
2667 707 2805 762 cmlo
2854 721 2964 760 non
3022 716 3142 761 erat
3197 709 3498 765 humanum

1913 813 2106 870 genus,
2142 813 2247 853 nec
2276 798 2421 853 ullus
2444 798 2704 853 vitiorum
2732 797 2953 853 morbus
3005 797 3074 852 ad
3104 796 3349 854 suminas
3381 800 3502 855 illas

1914 888 2034 944 cteli
2058 889 2218 945 sedes
2248 888 2567 959 aspirabat;
2600 889 2689 944 ubi
2722 899 2904 943 autem
2950 889 3149 944 malum
3201 906 3308 945 non
3360 900 3499 954 erat,

1916 981 1991 1037 ibi
2023 996 2127 1036 nec
2158 980 2445 1035 hominum
2477 982 2587 1035 vita
2623 980 2963 1036 versabatur.
3012 979 3300 1046 Quomodo
3332 981 3499 1052 igitur

1914 1072 2112 1128 ccmlo
2135 1073 2405 1143 quispiam
2443 1078 2650 1142 quaerat
2673 1071 2781 1127 Deo
2835 1072 3133 1139 hominem,
3180 1073 3267 1127 vel
3316 1075 3498 1144 potius

1916 1164 2145 1235 efﬁgiem
2181 1162 2496 1234 quamdam,
2522 1179 2585 1218 ac
2612 1161 2965 1217 simulacrum
2992 1163 3228 1219 hominis
3280 1164 3502 1235 attingi?

1917 1257 2116 1325 Ecqua:
2143 1264 2353 1310 natura:
2403 1265 2602 1310 nostra:
2649 1254 2832 1309 cautio
2882 1254 3077 1309 fuisset
3140 1255 3402 1319 adhibita,
3452 1255 3499 1309 si

1915 1363 2039 1403 cum
2076 1356 2336 1403 terrestre
2369 1346 2573 1401 animal
2601 1346 2890 1404 laboraret.
2925 1346 3232 1401 caelestium
3276 1346 3497 1417 aliquod

1915 1439 2155 1494 divinam
2230 1440 2616 1499 admissioncm
2685 1439 3057 1509 suscepisset?
3118 1440 3306 1508 Neque
3352 1439 3498 1494 enim

1916 1540 2153 1600 (egrotus
2180 1532 2363 1587 curari
2398 1540 2597 1600 potest,
2627 1531 2732 1587 nisi
2754 1531 2889 1601 parti
2919 1530 3187 1587 laboranti
3217 1530 3499 1600 proprium

1917 1621 2273 1676 admoveatur
2330 1620 2810 1675 medicamentum.
2847 1618 3030 1688 Itaque
3090 1635 3213 1674 cum
3250 1620 3303 1673 in
3359 1630 3501 1673 terra

1917 1722 2082 1778 esset,
2115 1712 2207 1782 qui
2231 1712 2545 1783 aegrotabat,
2583 1712 2627 1764 si
2686 1710 2871 1766 divina
2920 1711 3163 1782 potentia
3221 1710 3503 1779 dignitatis

249 1837 328 1891 μις
354 1818 444 1873 τοῦ
509 1819 823 1889 κάμνοντος
885 1815 962 1888 μὴ
1026 1814 1301 1887 ἐφήψατο,
1362 1813 1501 1883 πρὸς
1547 1812 1610 1865 τὸ
1640 1812 1811 1882 ἑαυτῇ

1921 1819 2028 1858 sure
2064 1802 2243 1858 habita
2277 1802 2490 1856 ratione
2520 1810 2876 1872 aegrotantem
2928 1814 3037 1855 non
3083 1801 3506 1869 attigisset,inn-

249 1910 514 1980 βλέπουσα
540 1908 774 1980 πρέπον,
805 1905 1082 1976 ἄχρηστος
1111 1900 1182 1975 ἦν
1210 1902 1291 1973 τῷ
1318 1901 1597 1973 ἀνθρώπῳ
1618 1901 1653 1968 ἠ
1683 1900 1814 1970 περὶ

248 2000 306 2054 τὰ
337 1999 513 2070 μηδὶν
561 1999 697 2068 ἡμῖν
731 1994 1196 2049 ἐπικοινωνοῦντα
1223 1992 1326 2064 τῆς
1353 1992 1507 2055 θείας
1524 1991 1814 2061 δυνάμεως

248 2091 475 2161 ἀσχολία.
509 2090 585 2143 Τὸ
605 2089 704 2160 μιν
718 2088 829 2158 γὰρ
855 2086 1105 2157 ἀπρεπὲς
1130 2085 1225 2139 ί.πί
1256 2084 1359 2155 τῆς
1389 2084 1644 2156 θεότητος
1669 2082 1812 2147 ἴσον,

248 2186 385 2252 είπερ
464 2182 610 2245 ὅλως
701 2178 925 2249 θεμιτόν
984 2180 1133 2231 ἐστιν
1191 2178 1322 2233 ἀλλο
1380 2193 1433 2229 τι
1493 2175 1675 2246 παρὰ·
1715 2175 1816 2245 τὴν

249 2277 427 2329 κακίαν
455 2272 712 2343 ἀπρεπὲς
740 2271 943 2324 ὲννοεῖν
972 2285 989 2302 ·
1039 2269 1180 2341 πλὴν
1210 2268 1293 2339 τῷ
1347 2265 1702 2339 μικροψύχως
1756 2266 1816 2318 ὲν

247 2363 408 2434 τούτῳ
435 2363 713 2435 κρίνοντι
738 2360 840 2431 τὴν
903 2359 1057 2414 θείαν
1089 2357 1513 2429 μεγαλειότητα,
1541 2358 1600 2408 ὲν
1626 2354 1704 2424 τῷ
1732 2353 1817 2405 δέ-

252 2456 429 2517 ξασθαι
456 2454 573 2509 τῶν
601 2454 704 2523 τῆς
731 2451 949 2522 φύσεως
1005 2448 1164 2519 ἡμῶν
1204 2447 1512 2516 ἰδιωμάτων
1565 2443 1667 2514 τὴν
1696 2461 1816 2495 κοι-

254 2548 459 2613 νωνίαν,
522 2545 681 2600 οὖδδν
736 2544 941 2616 μᾶλλον
1008 2542 1419 2613 παραμυθεῖται
1488 2538 1551 2591 τὸ
1630 2535 1819 2600 ἄδοξον

250 2640 472 2711 οὐρανίῳ
491 2637 759 2710 σώματιῆ
782 2636 1012 2707 ἐπιγείῳ
1042 2631 1557 2705 συσχηματισθῆναι
1572 2630 1632 2684 τὸ
1652 2630 1815 2685 θεῖον.

251 2734 344 2788 τοῦ
394 2736 509 2804 γὰρ
557 2732 806 2802 ὑψίστου,
862 2731 957 2784 καὶ
1018 2728 1321 2799 ἀπροσίτου
1381 2724 1525 2777 κατά
1567 2723 1631 2776 τὸ
1680 2720 1818 2791 ὕψος

252 2827 339 2896 τῆς
355 2826 578 2897 φύσεώς
608 2827 642 2886 ἠ
677 2824 856 2888 κτίσις
892 2824 1043 2877 πᾶσα
1072 2821 1216 2875 κατὰ
1243 2820 1305 2873 τὸ
1333 2819 1448 2871 ῐσον
1465 2816 1559 2871 ἐπὶ
1582 2815 1641 2869 τδ
1670 2818 1821 2868 κάτω

253 2921 534 2988 ἀφέστηκε,
587 2917 683 2970 καὶ
716 2914 1016 2986 Motae
1044 2911 1195 2983 αὐτῷ
1254 2911 1314 2964 τὸ
1347 2911 1456 2963 πᾶν
1484 2907 1820 2975 ύποΰέὸηκε.

255 3011 321 3064 Th
342 3012 451 3083 γάρ
481 3008 714 3064 καθόλου
766 3007 1063 3079 ἀπρόσιτον
1089 3004 1153 3058 οὗ
1182 3021 1292 3057 τινι
1326 3002 1429 3071 μέν
1466 3001 1582 3053 ἐστι
1631 3013 1822 3069 προσι·

1915 1894 2007 1949 tile
2046 1894 2241 1949 fuisset
2273 1892 2476 1947 homini
2527 1892 2725 1948 divinae
2768 1893 3029 1963 potentiae
3079 1892 3344 1957 studium,
3402 1891 3507 1946 illis

1914 1986 2246 2050 adhibitum,
2287 2000 2408 2056 qua:
2459 1985 2597 2040 nihil
2662 1984 2730 2040 ad
2778 1999 2879 2041 nos
2921 1984 3278 2054 pertinerent.
3327 1983 3505 2053 Eque

1914 2079 2063 2133 enim
2123 2078 2408 2133 divinitate
2459 2077 2652 2132 fuisset
2701 2076 3006 2148 indignum,
3063 2076 3110 2131 si
3139 2076 3219 2131 fas
3278 2086 3362 2131 est
3417 2076 3506 2129 illa

1915 2171 2191 2242 quippiam
2222 2170 2506 2239 indignum
2528 2180 2727 2236 praeter
2748 2169 2937 2224 vitium
2965 2169 3170 2235 dicere,
3203 2168 3503 2223 renwd'um

1918 2262 2098 2315 minus
2125 2269 2312 2331 aptum
2341 2269 2396 2316 et
2446 2261 2754 2330 appositum
2787 2259 3116 2329 excogitare.
3168 2259 3335 2324 Quid,
3363 2258 3507 2327 quod

1916 2366 2063 2415 eum,
2093 2350 2185 2421 qui
2224 2361 2435 2405 natura:
2483 2359 2685 2405 nostra:
2736 2349 3109 2404 conditionem
3156 2349 3506 2403 humiliorem

1919 2451 2095 2511 putat,
2151 2456 2314 2512 quam
2368 2450 2429 2496 ut
2490 2440 2733 2495 divinam
2800 2439 3232 2510 magnitudinem
3292 2439 3505 2503 deceat,

1917 2533 2090 2588 nihilo
2114 2534 2283 2604 magis
2304 2533 2638 2596 consolatur,
2664 2531 2809 2602 quod
2836 2531 3061 2586 caeleste
3082 2545 3303 2601 corpus,
3336 2544 3500 2601 quam

1919 2626 2064 2696 quod
2097 2635 2374 2681 terrenum
2428 2627 2570 2681 Deus
2601 2625 2880 2680 induerit?
2924 2626 3005 2681 Ab
3053 2624 3145 2680 illo
3198 2624 3345 2679 enim
3405 2622 3505 2691 qui

1920 2729 2134 2774 natura:
2160 2732 2272 2773 sum
2306 2718 2643 2773 sublimitate
2674 2727 2781 2773 tam
2814 2718 3071 2773 excelsus
3116 2726 3216 2784 est,
3264 2727 3324 2771 ut
3372 2717 3510 2772 nihil

1921 2811 1987 2866 ad
2015 2825 2138 2865 eum
2173 2810 2415 2880 aspirare
2468 2819 2652 2881 queat,
2710 2825 2905 2866 omnes
2966 2826 3053 2866 res
3098 2821 3396 2882 procreat:e
3444 2828 3511 2867 ex

1920 2917 2079 2972 aequo
2103 2902 2328 2969 distant,
2360 2914 2552 2956 omnes
2574 2901 2623 2956 ei
2664 2901 2871 2972 pariter
2895 2901 3114 2956 cedunt.
3151 2901 3203 2956 ls
3236 2902 3408 2962 enim,
3440 2906 3508 2956 ad

1924 3008 2085 3063 quem
2117 3006 2341 3063 prorsus
2371 3002 2482 3046 non
2511 3000 2688 3062 potest
2719 2991 2924 3057 accedi,
2960 3006 3072 3045 non
3096 3002 3180 3046 est
3211 2990 3504 3062 ejusmodi,

259 3102 358 3167 τὸν,
378 3100 458 3172 τῷ
484 3100 543 3153 δὲ
571 3095 1041 3169 ἀπροσπέλαστον,
1066 3092 1181 3148 ἀλλ’
1210 3092 1410 3161 ἐπίσης
1437 3088 1655 3144 πάντων
1710 3085 1817 3138 τῶν

1923 3086 2070 3141 utad
2097 3100 2220 3141 eum
2268 3086 2384 3140 alite
2419 3100 2506 3140 res
2537 3084 2742 3139 aditum
2798 3084 3056 3153 habeant,
3099 3083 3216 3139 alite
3259 3100 3368 3138 non
3415 3085 3514 3139 ha-

255 3163 405 3247 θντων
427 3163 910 3262 θπερανίστηκεν.
938 3186 1120 3240 Ὅπου
1158 3184 1337 3238 τοίνυν
1364 3185 1398 3250 ἠ
1465 3183 1640 3245 νόσος,
1698 3178 1817 3230 ὲκεῐ

1921 3176 2104 3243 beant,
2126 3174 2220 3229 sed
2241 3174 2495 3228 omnibus
2509 3174 2788 3243 aequaliter
2809 3183 3024 3243 praestat
3040 3183 3203 3243 atque
3219 3173 3513 3230 antecellit.

256 3285 490 3352 φοιτῆσαι
511 3282 614 3352 τὴν
642 3278 880 3349 ἰωμένην
911 3276 1150 3346 δύναμιν
1177 3271 1592 3344 ὁμολογοῦντες,
1621 3269 1676 3323 τί
1708 3268 1815 3335 ἔξω

262 3378 345 3445 τῆς
377 3370 721 3442 θεοπρεποῦς
753 3368 1079 3439 ὑπολήψεως
1129 3362 1619 3432 πεπιστεύκαμεν;
1655 3360 1819 3413 Ἀλλά

259 3465 565 3538 κωμῳδοῦσι
613 3463 713 3535 τὴν
739 3463 901 3532 φύσιν
926 3458 1107 3531 ἡμῶν,
1140 3455 1348 3510 καὶτὸν
1380 3456 1480 3525 τῆς
1508 3453 1817 3524 γεννήσεως

258 3561 435 3631 τρόπον
492 3551 892 3626 δωθρυλλοῦσι,
948 3550 1045 3604 καὶ
1077 3548 1282 3602 οἴονται
1325 3547 1415 3601 διὰ
1467 3548 1675 3614 τούτων
1694 3547 1817 3598 επι-

260 3651 503 3719 γίλαστον
527 3648 708 3701 ποιεῖν
759 3648 822 3698 τὸ
864 3645 1193 3716 μυστήριον,
1222 3640 1299 3703 ὡς
1343 3632 1589 3710 ἀπρεπὲς
1615 3637 1677 3691 ὃν
1697 3635 1817 3708 Θεῷ

262 3743 340 3796 διὰ
363 3740 617 3810 τοιαύτης
643 3736 852 3790 εἰσόδου
882 3735 984 3804 τῆς
1009 3732 1104 3787 τοῦ
1154 3730 1496 3803 ἀνθρωπίνου
1541 3727 1662 3798 βίου
1704 3742 1819 3779 κοι-

265 3834 442 3899 νωνίας
484 3830 824 3904 ὲφάψασθαι.
898 3826 1039 3880 Ἀλλ’
1084 3824 1185 3895 ἢδη
1212 3823 1341 3893 περί
1364 3820 1558 3875 τούτου
1616 3819 1711 3873 καὶ
1760 3818 1819 3871 ὲν

266 3930 367 3992 τοῖς
393 3929 694 3999 ἔμπροσθεν
720 3922 938 3994 εἴρηται
959 3920 1163 3987 λόγοις,
1188 3917 1271 3970 ὅτι
1302 3915 1463 3986 μόνον
1491 3908 1717 3980 αἰσχρὸν
1750 3909 1817 3979 τῇ

273 4020 440 4075 ἰαυτοῦ
460 4019 619 4089 φύσει
645 4016 706 4070 τὸ
739 4014 910 4069 κακόν
943 4014 1083 4075 ἐστι,
1116 4009 1212 4062 καὶ
1261 4006 1315 4060 εἰ
1337 4022 1390 4060 τι
1426 4003 1562 4073 πρὸς
1587 4002 1687 4072 τὴν
1718 4015 1821 4054 κα·

156 4125 175 4151 ⁸
274 4113 381 4166 κίαν
404 4111 614 4173 οἰκείως
630 4111 765 4179 ἔχει.
797 4106 866 4158 Ἤ
896 4104 954 4156 δὲ
985 4103 1084 4173 τῆς
1106 4101 1320 4173 φύσεως
1338 4093 1650 4155 ἀκολουθία,
1684 4090 1817 4160 θείῳ

274 4200 543 4273 βουλήματι
572 4199 671 4253 καὶ
720 4196 867 4267 νόμῳ
893 4191 1264 4262 διαταχθείαα,
1311 4187 1502 4258 πόρρω
1535 4187 1634 4255 τῆς
1659 4181 1805 4236 κατά

262 4298 456 4363 ,κακίαν
482 4293 603 4346 ἐστὶ
657 4288 937 4358 διαϐολῆς.
985 4285 1058 4338 Ἢ
1092 4282 1238 4337 οὕτω
1291 4280 1344 4350 γ’
1373 4279 1441 4333 ἂν
1462 4277 1556 4331 ἐπὶ
1598 4277 1690 4330 τὸν
1720 4276 1819 4344 δη-

278 4387 503 4457 μιουργὸν
522 4387 556 4456 ἡ
575 4379 880 4454 κατηγορία
908 4376 1009 4448 τῆς
1034 4374 1250 4446 φύσεως
1282 4371 1516 4437 ἐπανίοι,
1546 4367 1600 4421 εἴ
1627 4385 1679 4422 τι
1709 4367 1819 4421 τῶν

281 4478 385 4547 περί
408 4479 575 4550 αὐτὴν
597 4477 675 4541 ὡς
719 4472 948 4544 αἰσχρόν
978 4487 1038 4524 τε
1070 4469 1167 4523 καὶ
1190 4465 1438 4534 ἀπρεπὲς
1458 4460 1818 4561 διαϐἀλλριτο.
1856 4504 1902 4561 D

281 4570 334 4624 Εἰ
359 4565 443 4624 οὖν
484 4569 682 4632 κακίας
722 4565 793 4618 τδ
825 4564 984 4617 θεῖον
1039 4558 1394 4630 κεχώρισται,
1455 4553 1617 4623 φύσις
1648 4552 1703 4606 δὲ
1731 4567 1828 4604 κα-

281 4665 358 4717 κία
382 4666 474 4719 οὒκ
499 4662 638 4727 ἐστι,
694 4656 756 4713 τδ
807 4656 866 4713 δὲ
902 4655 1207 4728 μυστήριον
1263 4654 1320 4705 ὲν
1373 4646 1649 4719 ἀνθρώπῳ
1675 4643 1830 4714 γενέ-

278 4756 382 4811 σθαι
406 4758 494 4811 τὸν
521 4756 651 4810 Θεὸν
672 4752 775 4807 οὐκ
803 4751 864 4804 ὲν
884 4748 1055 4819 κακίᾳ
1074 4746 1249 4815 λέγει,
1273 4744 1308 4815 ἡ
1331 4744 1388 4797 δὲ
1417 4742 1509 4795 τοῦ
1532 4740 1824 4811 ἀνθρώπου

274 4850 350 4904 ἐπὶ
393 4850 479 4904 τδν
521 4848 634 4919 βίον
671 4843 878 4906 εἴσοδος
947 4839 1047 4912 μία
1093 4839 1232 4903 ἐστὶ,
1282 4830 1442 4906 δι’ἧς
1518 4831 1827 4902 παράγεται

272 4942 351 4995 ἰπὶ
374 4941 468 5013 τὴν
523 4939 671 5010 ζωὴν
730 4935 791 4989 τὸ
849 4930 1214 5003 γεννώμενον
1272 4928 1395 4980 τίνα
1445 4919 1827 4993 νομοθετοῦσιν

272 5009 438 5104 ἓτερον
464 5009 666 5102 τρόπον
692 5026 774 5096 τῷ
813 5022 932 5093 Θεῷ
983 5022 1080 5092 τῆς
1109 5021 1190 5082 είς
1221 5019 1311 5070 τὸν
1350 5012 1463 5085 βίον
1493 5011 1757 5104 ’παρόδου⁸
1776 5009 1826 5061 οἰ

271 5101 657 5197 ἰπισκεφθῆναι
684 5120 783 5190 μὲν
810 5116 942 5188 περί
983 5114 1081 5185 τῆς
1133 5110 1287 5171 θείας
1314 5107 1616 5197 δυνάμεως
1664 5101 1827 5156 ἀσθε-

268 5195 497 5289 νήσασαν
537 5216 597 5268 ιν
647 5211 821 5281 κακίᾳ
878 5206 979 5278 τὴν
1026 5203 1191 5274 φύσιν
1246 5198 1469 5289 εὔλογον
1526 5195 1825 5289 κρίνοντες,

260 5282 393 5378 ’πρὸς
413 5308 469 5361 δὲ
506 5307 599 5359 τὸν
623 5302 729 5374 τῆς
759 5296 1113 5367 ἐπισκέψεως
1146 5290 1348 5362 τρόπον
1378 5282 1825 5356 δυσαρεστούμε-

269 5415 345 5453 vet
375 5417 392 5466 ;
438 5401 536 5453 οὐκ
595 5396 801 5459 εἰδότες
835 5393 917 5447 ὃτι
975 5388 1126 5444 πᾶσα
1157 5383 1298 5455 πρὸς
1358 5379 1556 5449 ἑαυτὴν
1588 5378 1623 5448 ἡ
1658 5391 1828 5466 κατα-

271 5462 430 5566 σκευὴ
450 5491 541 5547 τοῦ
565 5489 821 5562 σώματος
845 5483 1129 5557 όμοτίμως
1150 5479 1287 5549 ἔχει,
1321 5473 1417 5528 καὶ
1430 5468 1678 5566 οὐδὲν-ὲν.
1697 5462 1828 5519 ταύ-

269 5601 338 5658 τῃ
361 5558 465 5640 των
498 5558 776 5658 πρὸς-τὴν
805 5582 1071 5633 σύστασιν
1100 5573 1197 5641 τῆς
1222 5567 1369 5637 ζωῆς
1423 5558 1827 5658 συντελούντων

267 5652 338 5743 οξ
361 5652 627 5751 ἄτιμόν-’τι
662 5677 695 5747 ἢ
736 5652 981 5743 πονηρὸν
1011 5662 1378 5720 διαϐάλλεται.
1407 5653 1673 5751 Πᾳρδςῌένα
1716 5652 1826 5721 γὰρ

272 5746 465 5825 σκοπὸν
490 5775 522 5828 ἡ
544 5770 654 5825 τῶν
679 5746 989 5837 ἔργανικῶν
1013 5755 1192 5830 μελῶν
1217 5746 1480 5818 διασκευὴ
1510 5746 1663 5803 πᾶσα
1692 5750 1821 5796 aw-

1923 3267 2311 3333 Quamobrcm,
2337 3282 2460 3320 cum
2484 3265 2611 3320 illuc
2634 3265 2887 3320 medendi
2908 3265 3219 3320 faculta:em
3241 3267 3510 3321 accedere

1918 3357 2212 3422 fateamur,
2275 3357 2366 3411 ubi
2432 3355 2655 3411 morbus
2712 3365 2817 3421 est,
2877 3355 3009 3425 quid
3070 3356 3180 3409 Deo
3234 3356 3516 3410 credimus

1920 3449 2245 3518 indignum?
2286 3450 2354 3502 At
2385 3459 2638 3502 naturam
2690 3457 2934 3502 nostram
2981 3447 3342 3516 insectantur,
3392 3462 3518 3501 naso

1919 3543 2186 3611 cendique
2217 3541 2434 3598 modum
2462 3542 2761 3611 exagitant,
2818 3553 2992 3610 eaque
3045 3554 3104 3594 re
3129 3555 3189 3596 se
3220 3540 3273 3594 id
3299 3553 3519 3593 assecu-

1923 3642 2074 3689 turos
2124 3633 2468 3699 existimant,
2516 3640 2575 3686 ut
2623 3633 2943 3703 mysterium
3000 3629 3314 3694 irrideatur,
3366 3629 3516 3699 quod
3581 3695 3586 3700 ,

1924 3726 2036 3781 Deo
2061 3726 2131 3780 sit
2156 3726 2462 3796 indignum,
2491 3723 2761 3794 ejusmodi
2792 3722 3039 3792 ingressu
3070 3720 3137 3775 ad
3164 3733 3513 3774 communem

1921 3815 2206 3872 hominum
2240 3815 2407 3869 vitam
2429 3814 2747 3869 accessisse.
2782 3812 2864 3865 Ad
2908 3811 3025 3864 bare
3074 3818 3239 3863 antea
3292 3823 3529 3877 quoque,

1919 3905 2332 3975 respondimus,
2361 3902 2496 3957 nihil
2526 3916 2648 3956 esse
2690 3909 2847 3970 turpe
2884 3900 3081 3953 divinae
3127 3909 3356 3963 naturae,
3404 3896 3515 3952 nisi

1921 3998 2110 4054 vitium
2177 4007 2232 4050 et
2255 4009 2375 4065 qua:
2417 4009 2541 4049 cum
2579 3991 2710 4047 vitio
2764 3991 3055 4061 conjuncta
3105 3996 3255 4051 sunt,
3308 3998 3518 4041 naturae

1920 4097 2103 4143 autem
2125 4087 2375 4142 ordinem
2402 4085 2590 4141 divino
2619 4083 2850 4140 consilio
2896 4090 2950 4137 et
2996 4083 3113 4151 lege
3158 4079 3517 4135 constitutum

1921 4182 1990 4237 ab
2021 4181 2168 4236 omni
2202 4179 2333 4235 vitio
2360 4186 2631 4233 remotum
2676 4190 2831 4231 esse-
2851 4174 2987 4228 Nam
3021 4173 3065 4227 si
3097 4171 3227 4243 quid
3260 4170 3315 4225 in
3344 4185 3409 4225 ea
3461 4180 3543 4244 ut.

1925 4281 2091 4342 turpe
2119 4281 2283 4340 atque
2304 4269 2626 4324 indecorum
2659 4265 2988 4337 reprehendi
3016 4271 3222 4334 posset,
3251 4263 3304 4317 id
3341 4263 3520 4332 ipsum

1926 4366 1981 4420 ln
2010 4364 2131 4433 ejus
2159 4361 2433 4417 recideret
2461 4367 2744 4413 auctorem
2793 4355 2986 4409 Deum.
3044 4351 3201 4419 Quod
3236 4352 3280 4405 si
3310 4368 3339 4404 a
3390 4349 3524 4405 vitio

1931 4457 2076 4512 Deus
2093 4454 2374 4525 seiunctus
2420 4458 2525 4516 est,
2560 4459 2613 4505 et
2647 4448 2778 4503 vitio
2809 4454 3005 4501 natura
3039 4452 3208 4509 caret,
3242 4452 3297 4498 et
3324 4451 3531 4514 myste-

1932 4549 2074 4603 rium
2097 4546 2155 4600 in
2180 4543 2400 4599 homine
2426 4541 2622 4604 Deum,
2668 4553 2781 4593 non
2812 4536 2869 4590 in
2908 4534 3046 4591 vitio
3101 4542 3287 4589 natum
3332 4532 3523 4599 tradit,

1930 4652 1986 4698 et
2014 4637 2252 4695 hominis
2281 4649 2425 4690 unus
2453 4642 2536 4689 est
2565 4631 2622 4686 in
2651 4631 2819 4687 vitam
2866 4628 3166 4700 ingressus,
3210 4638 3308 4696 per
3355 4635 3521 4692 quem

1929 4732 2072 4804 quod
2105 4729 2350 4803 genitum
2380 4735 2483 4791 est,
2513 4724 2695 4781 editur
2744 4722 2799 4777 in
2846 4721 3066 4775 vitalem
3126 4718 3267 4773 hanc
3319 4716 3521 4779 lucem,

1929 4838 2156 4895 ecquam
2202 4821 2365 4877 aliam
2415 4815 2507 4873 isti
2556 4817 2613 4870 in
2667 4815 2831 4869 vitam
2892 4808 3203 4867 introeundi
3252 4807 3523 4861 rationem

1930 4917 2043 4972 Deo
2076 4909 2485 4985 praescribunt?
2512 4908 2671 4974 Nam,
2726 4905 2873 4977 quod
2936 4902 3102 4957 Deum
3147 4898 3387 4971 potentia
3423 4910 3522 4949 sua

1929 5008 2170 5064 invisere
2227 5003 2484 5059 debuisse
2544 5011 2796 5055 naturam
2851 4994 3113 5052 in-vitio
3170 4996 3525 5063 aegrotantem

1925 5101 2194 5172 judicant,
2228 5103 2373 5151 recte
2403 5094 2649 5150 sentiunt
2681 5107 2696 5145 :
2722 5088 2867 5159 quod
2893 5095 3079 5141 autem
3135 5080 3352 5138 visendi
3405 5093 3525 5132 mo-

1930 5169 2060 5248 dum
2087 5187 2417 5258 improbant,
2445 5185 2734 5256 ,ignorant,
2788 5194 3010 5236 onmem
3062 5173 3311 5245 corporis
3361 5169 3531 5258 fabri.

1929 5296 2049 5336 eam
2083 5257 2275 5334 eodem
2323 5291 2443 5331 esse
2495 5274 2717 5330 honoris
2771 5286 2837 5325 ac
2886 5268 3047 5338 pretii
3106 5267 3247 5329 loco,
3277 5270 3331 5316 et
3387 5257 3525 5313 nihil

1933 5385 2144 5435 eorum,
2180 5382 2300 5439 quae
2330 5370 2495 5422 vitam
2520 5374 2771 5421 assecuta
2808 5371 2957 5426 sunt,
2993 5366 3051 5414 ut
3079 5357 3392 5426 despectum
3431 5355 3529 5403 aut

1928 5474 2086 5535 turpe
2118 5460 2487 5533 reprehendi;
2524 5459 2706 5515 omnia
2748 5457 2899 5513 enim
2947 5453 3314 5509 humanorum
3346 5453 3527 5535 Amem-

1927 5532 2153 5612 brorum
2186 5532 2550 5606 instrumenta
2584 5546 2815 5602 tendunt
2842 5544 2910 5600 ad
2935 5556 3106 5597 unum
3140 5537 3290 5593 illum
3335 5532 3522 5597 tinem,

1928 5658 1991 5704 ut
2031 5649 2193 5702 homo
2222 5649 2581 5699 conservetur
2626 5639 2683 5693 in
2729 5638 2860 5692 vita.
2913 5634 3049 5689 Pars
3113 5630 3279 5702 igitur
3330 5637 3525 5681 eorum

1931 5748 2256 5816 praesentem
2295 5735 2461 5794 vitam
2495 5740 2717 5800 tuetur,
2765 5742 2885 5801 quae
2929 5728 2999 5784 ad
3046 5723 3228 5781 varios
3270 5730 3403 5776 usus
3446 5714 3529 5773 ita
