4024 6208
438 251 547 316 227

1665 235 2047 297 EUTHYMII
2102 230 2467 297 ZIGABENI

3592 225 3702 291 228

441 361 739 418 distributa
756 366 903 425 sunt,
930 369 988 414 ut
1011 359 1175 415 homo
1197 370 1293 427 per
1316 352 1404 408 illa
1430 349 1698 406 sentiendi
1720 349 2020 420 aguidique

2155 349 2401 411 έτακται,
2433 348 2460 400 6
2488 345 2544 399 δὲ
2578 343 2781 407 σκοπός
2812 344 2931 398 ἐστι
2958 342 3018 396 τὸ
3044 340 3325 410 διαμένειν
3376 339 3434 391 ἐν
3474 340 3540 411 τῇ
3574 340 3693 412 ζωῇ

440 455 763 511 muneribus
814 452 1091 523 fungatur.
1145 451 1277 503 Pars
1326 454 1408 501 est
1480 445 1546 497 ad
1622 444 2017 512 procreandum

2151 440 2185 491 νδ
2233 437 2598 508 ἀνθρώπινον.
2664 434 2747 489 Τά
2781 435 2881 505 μὲν
2909 434 3008 488 οὖν
3046 434 3213 489 λοιπὰ
3268 432 3381 486 τῶν
3446 432 3698 501 ὁργάνων

443 547 883 607 accommodata,
902 560 1023 614 quae
1054 541 1311 610 prospicit
1342 539 1396 592 in
1425 536 1685 599 futurum,
1709 543 2025 603 natumque

444 640 851 697 successionem
894 634 1287 690 subministrat.
1329 630 1508 697 Quare
1561 630 1606 683 si
1643 629 2024 684 consideratur

448 730 676 789 utilitas,
706 740 938 794 quonam
982 722 1223 785 illorum,
1255 736 1376 789 quae
1412 720 1464 772 in
1508 720 1717 773 honore
1749 729 1877 773 sunt
1909 718 2027 772 limo

449 817 728 879 inferiora,
754 813 839 867 vel
875 811 1054 882 potius
1080 810 1122 864 si
1147 819 1293 864 recte
1318 809 1461 880 loqui
1488 808 1760 875 volumus,
1783 822 2025 877 quonam

449 907 668 959 illorum
695 919 802 957 non
834 902 1115 971 superiora
1151 899 1507 969 judicentur?
1532 899 1721 968 Neque
1753 900 1898 953 enim
1934 913 2031 967 per

448 995 659 1054 oculos,
689 1007 866 1060 neque
900 1006 996 1061 per
1032 990 1291 1060 linguam,
1326 1004 1502 1058 neque
1561 1006 1658 1059 per
1710 988 1856 1042 aliud
1903 1003 2033 1042 sen-

444 1086 617 1140 tiendi
641 1088 1060 1141 instrumentum
1080 1097 1248 1151 genus
1268 1090 1511 1135 nostrum
1535 1089 1793 1149 perpetuo
1810 1094 2035 1132 conser-

449 1190 635 1234 vatur.
671 1180 793 1233 Haec
842 1178 1007 1243 enim,
1065 1187 1125 1229 ut
1181 1177 1385 1230 dictum
1428 1184 1536 1238 est,
1587 1174 1869 1242 praesentis
1915 1173 2037 1227 vita

452 1272 757 1326 commodis
790 1269 1107 1324 consulunt.
1140 1269 1233 1322 llla
1263 1282 1394 1321 vero
1421 1266 1643 1320 humani
1694 1267 1910 1336 generis
1941 1266 2039 1317 iu:-

456 1363 846 1417 mortalitatem
873 1367 1219 1422 conservant,
1242 1359 1542 1426 mortisque
1565 1358 1672 1413 vim
1702 1358 1920 1412 assidue
1943 1374 2039 1415 nos

446 1463 855 1522 oppugnantem
889 1450 1292 1520 quodammodo
1358 1448 1681 1519 infringunt,
1732 1449 2036 1512 debilitant,

451 1554 621 1615 atque
650 1544 858 1598 irritam
902 1543 1130 1596 faciunt.
1170 1542 1399 1611 Semper
1439 1542 1587 1595 enim
1639 1541 1782 1609 quod
1831 1540 2036 1605 deﬁcit,

456 1651 601 1690 novo
633 1644 792 1704 partu
845 1635 1112 1687 instaurat
1160 1643 1373 1687 natura.
1427 1632 1557 1697 Quae
1596 1647 1725 1685 cum
1778 1631 1852 1685 ita
1906 1633 2034 1695 sint,

2127 531 2227 597 τὴν
2265 530 2555 599 παροῦσαν
2604 528 2815 599 συνέχει
2855 526 2964 581 τῶν
3010 526 3313 594 ἀνθρώπων
3370 523 3539 594 ζωὴν,
3561 524 3703 578 ἀλλὰ

2125 624 2260 694 πρὸς
2275 623 2444 693 ἄλλην
2467 622 2746 691 ἐνέργειαν
2772 620 3175 690 μεμερισμένα,
3195 616 3260 671 δι’
3287 613 3364 672 ὧν
3390 618 3422 686 η
3447 616 3705 685 αίσθητι-

2126 716 2197 786 κή
2219 733 2276 768 τε
2307 717 2399 768 καὶ
2428 713 2757 782 ὲνεργητικὴ
2782 711 3015 781 δύναμις
3078 712 3449 778 οἰκονομεῖται
3473 725 3488 740 ⁸
3518 710 3591 765 τὰ
3645 710 3704 763 δὲ

2127 805 2423 878 γεννητικὰ
2479 805 2572 859 τοῦ
2617 804 2899 874 μέλλοντος
2930 802 3043 872 ἔχει
3068 802 3167 871 τὴν
3193 803 3451 871 πρόνοιαν
3482 799 3552 855 δι’
3570 802 3671 853 ἑαυ
3691 828 3705 840 ι

2129 901 2237 954 τῶν
2266 903 2334 971 τῇ
2392 899 2555 967 φύσει
2602 896 2700 969 τὴν
2749 896 2999 965 διαδοχὴν
3052 894 3462 960 ἅντεισάγοντα.
3498 893 3565 947 li!
3600 892 3697 946 οὖν

2137 993 2274 1063 πρὸς
2315 992 2375 1045 τὸ
2407 991 2669 1061 χρειῶδες
2706 989 2946 1059 βλέποις,
2976 988 3122 1050 τίνος
3154 986 3227 1040 ἂν
3248 988 3337 1053 εἴη
3369 986 3479 1039 τῶν
3499 982 3719 1053 τιμίων

2135 1079 2273 1136 εἶναι
2302 1082 2676 1151 νομιζομένων
2696 1082 2879 1135 ἐκεῖνα
2913 1078 3147 1149 δεύτερα
3178 1093 3194 1143 ;
3230 1077 3375 1138 τίνος
3415 1076 3472 1129 δὲ
3500 1076 3606 1130 οὐκ
3642 1078 3710 1128 εν

2137 1175 2513 1247 προτιμότερα
2568 1175 2710 1227 κατά
2762 1172 2824 1225 τὸ
2873 1171 3098 1237 εύλογον
3148 1170 3428 1237 κρίνοιτο;
3466 1167 3543 1221 Ού
3595 1166 3709 1235 γὰρ

2135 1265 2419 1337 ὀφθαλμῷ,
2462 1264 2556 1316 καὶ
2603 1264 2765 1331 ἀκοῇ,
2802 1261 2899 1314 καὶ
2931 1260 3173 1328 γλώσσῃ,
3208 1259 3240 1326 ἢ
3275 1257 3419 1324 ἄλλῳ
3468 1254 3579 1309 τινὶ
3598 1257 3714 1307 τῶν

2143 1357 2517 1428 αἰσθητηρίων
2561 1355 2697 1425 πρὸς
2720 1353 2783 1407 τδ
2812 1352 3057 1423 διηνεκὲς
3095 1352 3158 1405 τὸ
3186 1352 3342 1418 γένος
3367 1348 3525 1420 ἡμῶν
3564 1347 3711 1412 διεξ-

2141 1444 2356 1514 άγεται.
2388 1441 2576 1496 Ταῦτα
2599 1442 2731 1511 γὰρ,
2782 1438 2967 1503 καθὼς
2995 1439 3234 1510 εἴρηται,
3266 1440 3369 1507 τῆς
3427 1436 3716 1507 παρούσης

2142 1537 2295 1590 ἐστὶν
2341 1534 2723 1598 ἀπολαύσεως.
2780 1533 2943 1601 βΔλλ⁹
2973 1533 3032 1584 ὲν
3083 1533 3310 1593 ἐκείνοις
3362 1531 3395 1598 ἡ
3446 1530 3717 1584 ἀθανασία

2148 1631 2500 1699 συντηρεῖται
2552 1631 2616 1698 τῇ
2646 1626 3048 1696 ἀνθρωπότητι,
3104 1623 3177 1687 ὼς
3236 1624 3323 1676 ἀεὶ
3358 1621 3480 1677 καθ’
3542 1623 3705 1693 ήμῶν

450 1726 589 1794 quid
634 1702 857 1778 absurdi
904 1723 1215 1792 mysterium
1268 1731 1513 1776 nostrum
1568 1721 1936 1790 amplectitur,
1986 1722 2030 1775 si

2151 1721 2468 1791 ἐνεργοῦντα
2523 1721 2615 1774 τὸν
2675 1719 2903 1773 θάνατον
2981 1719 3263 1788 ἄπρακτον
3322 1711 3463 1768 εἶναι
3510 1716 3717 1785 τρόπον

453 1814 659 1883 quibus
683 1812 1067 1867 instrumentis
1089 1828 1210 1866 cum
1244 1820 1419 1864 morte.
1450 1820 1639 1864 natura
1674 1810 1938 1873 deCertat,
1972 1809 2037 1865 iis

453 1921 527 1959 ex
558 1920 690 1974 pura
720 1903 939 1974 Virgine
964 1902 1103 1956 Deus
1129 1904 1380 1956 humanae
1414 1902 1533 1955 vitu-
1560 1903 1888 1970 conjunctus
1917 1903 2037 1956 est?

2144 1814 2269 1865 τινὰ
2292 1812 2387 1865 καὶ
2426 1814 2714 1880 ἀνήνυτον,
2745 1810 2980 1864 πάντοτε
3008 1808 3145 1877 πρὸς
3178 1807 3240 1860 τὸ
3278 1807 3464 1860 λεῖπον
3488 1806 3581 1859 διὰ
3604 1807 3720 1859 τῶν

2145 1904 2549 1972 ἐπιγινομένων
2607 1902 2804 1971 ἑαυτὴν
2871 1896 3305 1968 ἀντεισαγούσης
3338 1897 3436 1966 τῆς
3474 1896 3716 1965 φύσεως.

462 1998 528 2048 Τί
578 1996 672 2049 οὖν
724 1995 969 2066 ἀπρεπὲς
1004 1994 1249 2062 περιέχει
1280 1994 1436 2062 ήμῶν
1478 1994 1537 2045 τὸ
1572 1994 1893 2063 μυστήριον,
1928 1994 2083 2047 είδιὰ
2116 1996 2322 2047 τούτων
2372 1998 2437 2048 ὲκ
2478 1993 2758 2064 Παρθένου
2802 1993 3052 2061 καθαρᾶς
3086 1988 3395 2059 κατεμίχθη
3421 1990 3451 2043 6
3476 1988 3610 2052 Θεὸς
3638 1989 3721 2059 τῷ

460 2087 792 2157 ἀνθρωπίνῳ
825 2086 948 2156 βίῳ,
1011 2085 1079 2138 δι’
1107 2078 1182 2138 ὦν
1220 2086 1252 2153 ἡ
1306 2084 1469 2153 φύσις
1499 2083 1634 2155 πρὸς
1673 2084 1766 2138 τὸν
1799 2085 2027 2138 θάνατον
2064 2088 2333 2156 μάχεται·

958 2176 1043 2228 Ex
1077 2178 1257 2229 eadem
1291 2178 1549 2229 oratione.

528 2270 644 2325 Cur
688 2278 867 2323 autem
898 2281 1020 2321 cum
1066 2267 1220 2321 initio
1251 2276 1532 2336 peccatum
1565 2267 1792 2337 vigeret,
1838 2283 1946 2322 non
1980 2267 2037 2321 in

460 2363 586 2431 ipso
616 2362 797 2417 statim
829 2368 949 2413 ortu
986 2375 1083 2429 per
1111 2359 1364 2414 humanae
1395 2360 1578 2413 carnis
1604 2359 2035 2429 assumptionem

456 2471 783 2525 oppressum
804 2454 925 2518 fuit,
950 2463 1111 2522 atque
1142 2451 1416 2522 provisum
1474 2467 1545 2506 ne
1578 2452 1739 2507 latius
1794 2460 2039 2521 serperet

468 2558 526 2603 et
559 2543 1214 2617 propagareturiFacilis
1265 2545 1549 2612 responsio
1609 2552 1713 2599 est.
1766 2542 2039 2609 Quoniam

465 2639 537 2701 is,
572 2638 664 2701 qui
696 2648 901 2691 natura:
933 2635 1270 2700 consulebat,
1302 2634 1571 2703 sapientia
1597 2643 1653 2689 et
1698 2634 2041 2704 providentia

470 2728 681 2783 distulit
707 2725 1027 2780 beneﬁcium
1073 2740 1196 2795 erga
1223 2740 1324 2779 nos
1364 2740 1547 2780 suum.
1581 2725 1716 2779 Nam
1748 2736 1803 2780 et
1843 2726 1896 2779 in
1923 2741 2043 2781 cor-

472 2818 623 2888 poris
646 2816 848 2870 morbis
873 2831 998 2870 cum
1048 2816 1245 2885 aliquis
1279 2816 1475 2870 humor
1502 2826 1791 2884 corruptus
1830 2826 2041 2871 meatus

472 2905 779 2976 occupavit,
814 2904 1035 2958 medicae
1062 2898 1333 2957 facultatis
1373 2902 1531 2972 periti
1564 2918 1670 2956 non
1701 2902 1850 2971 prius
1882 2902 2042 2955 adhi-

2577 2179 2679 2231 Ἐκ
2712 2176 2819 2231 τοῦ
2861 2175 3050 2231 αὑτοῦ
3076 2178 3291 2245 λόγου.

2212 2270 2280 2324 Τί
2309 2269 2401 2322 δαὶ
2428 2270 2548 2333 οὐκ,
2590 2269 2651 2321 ὲν
2673 2269 2868 2339 ἀρχαῖς
2900 2265 3067 2334 οὔσης
3096 2268 3194 2338 τῆς
3221 2267 3444 2332 κακίας,
3492 2266 3593 2337 τὴν
3625 2266 3722 2319 ἐπὶ

2138 2362 2199 2415 τὸ
2252 2361 2414 2414 πλέον
2472 2361 2644 2431 αὐτῆς
2673 2360 2900 2431 πρόοδον
2960 2359 3049 2413 διὰ
3094 2358 3195 2428 τῆς
3250 2358 3723 2429 ἑνανθρωπήσεως

2138 2453 2475 2519 suscenseo;
2515 2453 2655 2521 Πρὸς
2692 2449 2852 2505 τοῦτο
2900 2449 3161 2520 σύντομος
3210 2452 3238 2503 6
3286 2448 3570 2519 παρ’ὴμῐν
3599 2448 3722 2502 ἔστι

2138 2545 2297 2611 λόγος
2328 2561 2345 2576 ο
2378 2546 2501 2598 Ὀτι
2560 2544 2722 2613 σοφία
2769 2543 2981 2612 γέγονε,
3023 2542 3119 2597 καὶ
3174 2540 3269 2595 τοῦ
3308 2540 3721 2603 λυσιτελοῦντος

2138 2640 2205 2706 τῇ
2238 2636 2397 2704 φύσει
2426 2636 2735 2705 προμήθεια
2772 2637 2829 2705 ἡ,
2857 2634 2995 2702 πρὸς
3049 2632 3148 2705 τὴν
3179 2632 3504 2703 εὐεργεσίαν
3553 2631 3725 2701 ἡμῶν

2140 2727 2400 2797 ἀναϐολή.
2428 2728 2538 2778 Καὶ
2569 2728 2679 2795 γὰρ
2719 2726 2811 2778 ἐπὶ
2835 2725 2943 2778 τῶν
2977 2724 3308 2795 σωματικῶν
3370 2720 3720 2792 νοσημάτων,

2138 2820 2265 2874 ὅταν
2291 2837 2375 2882 τις
2438 2816 2735 2889 διεφθορὼς
2789 2818 2961 2888 χυμὸς
3017 2817 3243 2888 ὑφέρπει
3300 2816 3436 2878 τοὺς
3488 2815 3722 2885 πόρους,

2147 2909 2277 2980 πρὶν
2313 2908 2461 2962 ἅπαν
2490 2908 2586 2962 ἐπὶ
2613 2907 2710 2977 τὴν
2737 2909 3061 2976 ἐπιφάνειαν
3119 2907 3449 2976 ἑλκυσθῆναι
3471 2905 3535 2959 τὸ
3562 2906 3727 2977 παρὰ

473 2996 605 3051 bent
630 2992 983 3063 astringentia
1012 2992 1429 3056 medicamenta,
1459 3006 1621 3060 quam
1651 2991 1724 3053 id,
1758 2990 1915 3058 Qquod
1945 3006 2040 3043 na-

2151 2999 2308 3067 φύσιν
2362 2998 2704 3066 ἐγκείμενον,
2735 2998 2796 3051 ού
2849 2996 3410 3067 καταφαρμακεύεται
3464 2999 3579 3059 τοῖς
3611 3014 3724 3049 πυ-

472 3095 614 3139 tura:
643 3083 973 3138 contrarium
996 3084 1141 3136 intus
1175 3081 1434 3136 dill‘usum
1474 3090 1589 3156 est,‘
1608 3095 1666 3136 se
1699 3089 1875 3136 totum
1908 3082 2040 3135 ellu-

472 3177 640 3241 dcrit,
674 3191 739 3230 eo
800 3184 981 3228 autem
1013 3174 1081 3228 ad
1115 3172 1466 3243 superﬁciem
1496 3181 1741 3229 extracto
1779 3174 2041 3228 remediis

470 3277 707 3323 vntuntur
764 3267 898 3321 suis.
955 3266 1224 3332 Quoniam
1295 3265 1460 3337 igitur
1524 3265 1749 3319 malitiae
1821 3267 2048 3321 morbus

479 3360 645 3414 sem-1
719 3369 969 3412 naturam
1027 3359 1319 3411 humanam
1388 3358 1680 3419 invaserat,
1715 3359 2049 3425 εκενοςιογὶι

471 3452 630 3504 orbis
662 3452 924 3511 medicus,
970 3460 1027 3503 ut
1056 3451 1240 3503 omnia
1266 3465 1463 3519 genera
1498 3449 1882 3516 improbitatis,
1930 3465 2051 3519 qua}

480 3544 535 3597 in
566 3544 680 3612 ipsa
713 3553 901 3597 natura
933 3542 1241 3607 latitabant,
1283 3549 1659 3609 erumperent.
1686 3541 1892 3597 Idcirco
1939 3558 2050 3598 non

479 3634 665 3686 statim
727 3642 851 3701 post
909 3631 1111 3685 caedem
1143 3639 1199 3683 et
1244 3614 1605 3683 ira—tricidium
1654 3629 1959 3685 admissqu
2019 3645 2049 3685 a

476 3724 617 3780 Cain
670 3724 955 3779 hominum
987 3722 1172 3794 generi
1228 3722 1553 3777 medicinam
1607 3722 1755 3777 fecit.
1800 3722 2053 3778 Nondum

475 3816 627 3870 enim
668 3832 879 3878 eorum,
916 3814 1008 3883 qui
1037 3822 1281 3883 tempore
1317 3813 1430 3867 Noe
1463 3812 1697 3882 corrupti
1725 3822 1873 3878 sunt,
1906 3828 2055 3869 mor-

481 3908 586 3961 bus
615 3914 964 3975 apparuerat.
986 3906 1235 3959 Nondum
1268 3908 1446 3974 gravis
1471 3906 1816 3960 Sodomiticm
1852 3905 2054 3974 iniqui-

480 3998 612 4051 tatis
650 3997 912 4064 aegritudo
974 3997 1244 4064 patefacta
1301 4007 1437 4049 erat.
1470 3995 1723 4048 Nondum
1774 3994 2057 4065 Aigyptio-

482 4103 607 4141 rum
634 4102 819 4155 pugna
852 4102 977 4139 cum
1024 4086 1155 4148 Deo,
1192 4085 1433 4139 nondum
1484 4085 1743 4153 superbia
1790 4086 2058 4157 'Assyrio-

482 4190 631 4238 rum,
668 4176 907 4229 nondum
940 4190 968 4227 a
1012 4174 1217 4228 .Iudmis
1259 4174 1505 4229 admissa:
1530 4184 1841 4229 sanctorum
1880 4177 2057 4231 homi-

486 4284 618 4323 num
675 4270 868 4333 caedes,
940 4269 1181 4323 nondum
1256 4270 1361 4323 alia
1418 4268 1599 4323 omnia
1643 4272 1846 4325 scelera
1898 4281 2060 4342 atque

2147 3088 2333 3142 κνοῦσι
2361 3089 2419 3140 τὸ
2448 3087 2608 3158 σῶμα
2642 3088 2791 3158 παρὰ
2842 3088 2949 3142 τῶν
3003 3089 3269 3157 τεχνικῶς
3323 3086 3731 3157 μεθοδευόντων

2145 3182 2212 3233 τὰ
2246 3180 2418 3250 πάθη,
2445 3179 2563 3232 ἀλλ’
2596 3180 2930 3248 ἀναμένουσι
2980 3180 3042 3231 τὸ
3080 3178 3409 3249 ένδομυχοῦν
3436 3179 3582 3232 ἅπαν
3614 3178 3730 3244 ἔξω

2148 3267 2424 3334 γενέσθαι,
2465 3266 2559 3318 καὶ
2591 3265 2736 3319 οὕτω
2767 3265 2959 3335 γυμνῷ
2990 3268 3068 3334 τῷ
3126 3266 3288 3319 πάθει
3350 3268 3449 3336 τὴν
3477 3269 3729 3339 ἰατρείαν

2150 3361 2537 3429 προσάγουσιν.
2557 3357 2772 3427 Ἐπειδὴ
2801 3358 2977 3410 τοίνυν
3004 3358 3151 3423 ἅπαξ
3170 3357 3438 3426 ἐνέσκηψε
3462 3360 3530 3427 τῇ
3558 3358 3733 3425 cpiast

2150 3455 2248 3519 τῆς
2287 3451 2711 3521 ἁνθρωπότητος
2766 3452 2799 3520 ἡ
2831 3450 2929 3518 τῆς
2966 3450 3168 3513 κακίας
3231 3451 3409 3512 νόσος,
3439 3449 3729 3518 ἀνέμεινεν

2152 3544 2178 3596 ό
2206 3540 2299 3595 τοῦ
2337 3543 2539 3604 παντὸς
2586 3540 2929 3611 θεραπευτὴς
2991 3538 3160 3609 μηδὲν
3206 3539 3601 3609 ὑπολειφθῆναι
3627 3539 3731 3609 τῆς

2156 3632 2424 3702 πονηρίας
2453 3627 2592 3693 είδος
2628 3630 3083 3701 ἐγκεκρυμμένον
3113 3632 3179 3701 τῇ
3212 3630 3399 3700 φύσει.
3436 3632 3537 3683 Διά
3564 3630 3731 3684 τοῦτο

2156 3724 2257 3777 οὐκ
2289 3724 2450 3786 εὐθὺς
2483 3724 2624 3793 μετὰ
2652 3724 2745 3775 τὸν
2809 3723 3006 3789 φθόνον
3040 3723 3134 3776 καὶ
3160 3723 3260 3794 τὴν
3308 3723 3731 3792 ἀδελφοκτονίαν

2158 3815 2253 3869 τοῦ
2288 3816 2427 3869 Κάῖν
2484 3814 2853 3884 προσάγειτῷ
2909 3813 3183 3885 ἀνθρώπῳ
3246 3815 3348 3883 τὴν
3403 3814 3729 3884 θεραπείαν.

2162 3907 2327 3961 Οὔπω
2376 3907 2484 3975 γὰρ
2510 3906 2619 3959 τῶν
2666 3907 2759 3959 ἐπὶ
2808 3904 2932 3959 Νῶε
2965 3903 3428 3975 καταφθαρέντων
3474 3908 3508 3976 η
3561 3908 3731 3961 κακία

2158 3998 2480 4068 ἐξέλαμψεν,
2539 3997 2659 4051 οὐδὲ
2727 3998 2825 4068 τῆς
2884 3998 3230 4067 σοδομιτικῆς
3287 3998 3641 4067 παρανομίας
3696 4004 3729 4068 ἠ

2160 4089 2370 4160 χαλεπὴ
2405 4089 2557 4152 νόσος
2587 4088 2972 4158 ἀπεκαλύφθη,
3004 4089 3127 4142 οὐδὲ
3192 4090 3226 4159 ἡ
3261 4088 3368 4142 τῶν
3414 4090 3733 4158 Αἰγυπτίων

2162 4180 2450 4250 θεομαχία,
2481 4181 2602 4234 οὐδὲ
2638 4182 2671 4251 ἡ
2699 4180 2809 4234 τῶν
2853 4181 3157 4251 Ἀσσυρίων
3206 4182 3577 4253 ὑπερηφανία,
3608 4184 3733 4237 οὐδὲ

2160 4273 2194 4341 ἠ
2231 4271 2338 4324 τῶν
2375 4271 2646 4325 Ἰουδαίων
2680 4272 2824 4325 κατὰ
2853 4272 2959 4325 τῶν
2988 4272 3159 4340 ἁγίων
3198 4272 3292 4326 τοῦ
3342 4273 3475 4325 Θεοῦ
3508 4291 3734 4344 μιαιφο-

486 4359 708 4430 llagitia,
737 4375 856 4427 qua:
885 4360 967 4414 vel
996 4361 1295 4414 litterarum
1324 4363 1689 4415 monumentis
1718 4364 2048 4434 consignata.

2164 4366 2271 4424 νία,
2297 4365 2420 4418 οὐδὲ
2452 4364 2518 4416 τὰ
2550 4364 2688 4418 ἄλλα
2714 4365 2912 4428 πάντα,
2942 4366 3040 4418 ὅσα
3063 4380 3124 4419 τε
3190 4366 3609 4436 μνημονεύεται,
3638 4370 3739 4421 καὶ

487 4451 577 4504 τοι
614 4450 833 4505 silentio
864 4451 1138 4521 praeterita
1166 4457 1313 4514 sunt,
1350 4453 1688 4516 exstiterant,
1724 4467 1848 4507 cum
1892 4456 2059 4512 variis

485 4540 669 4598 modis
736 4543 949 4612 peccati
1022 4543 1173 4597 radix
1232 4545 1287 4596 in
1345 4543 1628 4597 hominum
1689 4546 2058 4603 voluntatibus

491 4643 757 4705 serperet.
824 4634 1185 4706 Posteaquam
1222 4635 1386 4707 igitur
1434 4636 1636 4690 malitia
1689 4640 1936 4707 pervenit
1993 4640 2061 4695 ad

486 4744 792 4793 summum,
830 4728 1186 4799 hominesque
1203 4729 1411 4783 nullum
1442 4730 1662 4786 sceleris
1681 4746 1854 4802 genus
1885 4732 2062 4787 inten-

493 4830 667 4875 tatum
728 4821 1102 4891 reliquerunt,
1155 4830 1285 4876 tunc
1326 4823 1564 4892 optimus
1609 4823 1853 4879 medicus
1885 4840 2063 4879 reme-

497 4912 674 4977 dium,
728 4927 836 4982 quo
879 4922 1043 4967 totam
1094 4914 1465 4984 aegritudinem
1519 4922 1755 4979 curaret,
1796 4913 2058 4969 adhibuit.

491 5001 623 5057 llmc
676 5004 775 5057 fuit
828 5020 1014 5066 causa,
1062 5006 1418 5074 quamobrem
1476 5021 1584 5059 non
1628 5007 1913 5073 exorienti,
1968 5008 2061 5062 sed

495 5094 741 5163 perfecto
794 5096 904 5166 jam
943 5096 1132 5150 morbo
1186 5096 1388 5151 mederi
1442 5097 1631 5151 voluit.
1673 5098 1825 5163 Quod
1857 5100 1902 5153 si
1942 5099 2065 5168 quis
2098 5096 2099 5099 “

497 5184 796 5238 rationibus
825 5187 1024 5239 nostris
1048 5200 1157 5238 non
1203 5185 1519 5254 acquiescit,
1570 5188 1694 5257 quia
1734 5198 1858 5257 post
1893 5190 2066 5243 medi-

499 5282 809 5325 camentum
865 5273 1168 5326 adhibitum
1242 5273 1423 5326 adhuc
1466 5274 1741 5342 peccando
1793 5286 2065 5345 grassatur

498 5362 777 5416 hominum
804 5364 933 5427 vita,
955 5362 1002 5417 is
1036 5363 1284 5432 exemplo
1299 5363 1445 5417 claro
1478 5368 1840 5419 communitus
1866 5367 2066 5420 verita-

500 5458 609 5505 tem
658 5464 940 5524 agnoscat.
972 5453 1436 5518 Quemadmodqu
1467 5454 1613 5508 enim
1641 5455 1693 5508 in
1721 5455 2066 5524 serpentibus

497 5542 769 5609 videmus,
801 5544 847 5598 si
891 5545 1145 5600 letbalem
1192 5546 1404 5615 plagam
1434 5545 1490 5599 in
1522 5545 1699 5616 capite
1738 5547 2063 5615 acceperint.

496 5645 609 5687 non
664 5635 925 5690 continuo
959 5635 1118 5691 simul
1168 5652 1290 5692 cum
1323 5636 1441 5707 ipso
1470 5640 1643 5707 capita
1685 5638 1915 5708 reliquas
1945 5654 2067 5695 cor-

2160 4458 2259 4509 ὅσα
2282 4455 2387 4520 ἔξω
2417 4456 2514 4524 τῆς
2545 4455 2787 4525 ἱστορίας
2813 4458 2870 4508 ὲν
2899 4459 3019 4521 ταῖς
3052 4454 3285 4525 καθεξῆς
3317 4460 3530 4526 γενεαῖς
3566 4475 3740 4511 κατε-

2161 4547 2403 4619 πράχθη,
2440 4547 2797 4618 πολυτρόπως
2833 4548 2932 4619 τῆς
2976 4547 3068 4602 τοῦ
3100 4549 3270 4605 κακοῦ
3315 4550 3472 4620 ῥίζης
3520 4552 3579 4603 ἐν
3610 4556 3741 4616 ταῖς

2161 4642 2270 4694 τῶν
2321 4639 2624 4711 ἀνθρώπων
2657 4640 3013 4711 προαιρέσεσι
3070 4642 3500 4715 βλαστανούσης.
3576 4645 3738 4698 Ἐπὶ

2159 4728 2257 4785 οὖν
2300 4732 2436 4800 πρὸς
2466 4731 2527 4783 τὸ
2572 4730 2879 4803 ἀκρότατον
2933 4733 3131 4802 μέτρον
3182 4732 3418 4801 ἔφθασεν
3461 4736 3492 4804 ἡ
3532 4738 3735 4802 κακία,

2162 4825 2259 4877 καὶ
2311 4821 2464 4874 οὐδὲν
2511 4820 2595 4874 ἐτι
2643 4822 2909 4891 πονηρίας
2964 4817 3106 4886 είδος
3156 4824 3216 4877 ἑν
3256 4826 3368 4887 τοῖς
3418 4825 3735 4895 ἀνθρώποις

2164 4910 2470 4981 ἁτόλμητον
2501 4905 2591 4981 ἦν,
2621 4910 2696 4973 ὡς
2725 4912 2791 4964 ἂν
2814 4912 2903 4965 διὰ
2930 4912 3112 4983 πάσης
3141 4914 3238 4983 τῆς
3259 4915 3570 4985 ἀρρωστίας
3599 4934 3741 4987 προ-

2163 5002 2466 5074 χωρήσειεν
2492 5003 2525 5074 ή
2566 5002 2851 5074 θεραπεία,
2871 5005 3063 5058 τούτου
3084 5006 3249 5075 χάριν
3274 5008 3373 5061 οὐκ
3400 5008 3739 5079 ἀρχομένην,

2166 5096 2303 5149 ἀλλὰ
2334 5095 2767 5168 τετελειωμένην
2811 5095 3102 5169 θεραπεύει
3148 5099 3247 5170 τὴν
3285 5101 3459 5155 νόσον.
3494 5098 3633 5153 Είδέ
3653 5120 3740 5166 τις

2165 5189 2407 5256 ἐλέγχειν
2435 5186 2604 5240 οίεται
2631 5188 2721 5241 τὸν
2751 5190 3027 5260 ἡμέτερον
3063 5191 3242 5260 λόγον,
3270 5193 3352 5246 ὅτι
3380 5194 3473 5247 κιὶ
3504 5195 3647 5261 μετὰ
3679 5195 3742 5249 τὸ

2168 5276 2552 5347 προσαχθῆναι
2599 5277 2698 5348 τὴν
2748 5280 3047 5350 θεραπείαν
3096 5282 3177 5335 ἑτι
3216 5283 3615 5355 πλημμελεῖται
3650 5286 3742 5338 δ.ὰ

2167 5368 2277 5421 τῶν
2319 5368 2739 5438 ἁμαρτημάτων
2769 5373 2794 5424 6
2826 5372 3173 5440 ἀνθρώπινος
3200 5373 3335 5445 βίος,
3370 5374 3738 5445 ὑποδείγματί

2168 5476 2275 5513 τινι
2305 5460 2415 5512 τῶν
2448 5461 2753 5530 γνωρίμων
2782 5460 3105 5534 ἐδηγηθήτω
3156 5465 3290 5532 πρὸς
3322 5464 3420 5533 τὴν
3454 5464 3733 5534 ἀλήθειαν.

2172 5548 2382 5620 Ὠσπερ
2410 5552 2514 5619 γὰρ
2536 5552 2628 5603 ἐπὶ
2660 5546 2753 5606 τοῦ
2785 5553 2981 5621 ὄφεως,
3010 5556 3223 5609 εἰκατά
3243 5557 3339 5626 τῆς
3371 5555 3612 5625 κεφαλῆς
3644 5556 3738 5625 τὴν

2172 5637 2393 5709 καιρίαν
2448 5640 2623 5710 λάϐοι,
2654 5644 2754 5699 οὐκ
2779 5646 2942 5708 εὐθὺς
2977 5647 3369 5719 συννεκροῦται
3402 5649 3471 5715 τῇ
3525 5646 3735 5716 κεφαλῇ
