3994 6204
435 256 535 320 231
1662 257 2010 317 EUTll't'Ml

2118 258 2463 319 “OlliENI
3595 271 3703 332 222

435 379 493 425 et
520 378 748 426 mortem
791 384 912 424 esse
947 384 1289 439 perpessum,
1353 367 1605 421 eumdem
1657 377 1836 421 tamen
1895 384 2010 421 om-

2118 368 2277 436 δόξαν
2312 388 2373 423 τε
2405 374 2498 425 καὶ
2527 374 2886 446 λαμπρότητα
2908 377 3171 447 διηνεκῶς
3228 381 3412 449 μένειν
3472 382 3703 438 ἀνελάτ-

437 464 570 517 nino
592 462 877 517 divinitate
927 463 1090 517 nullis
1116 460 1445 516 cruciatibus
1496 471 1589 514 aut
1635 458 2016 515 aﬂcctiouibus
2122 478 2314 518 τωτον.

437 554 729 611 obnoxium
758 556 1139 627 permansisse,
1173 564 1309 608 utet
1340 558 1487 609 salus
1536 563 1683 609 esset
1720 564 1905 609 nostra
1951 554 2005 607 in
2054 566 2230 612 morte
2287 558 2552 631 unigeniti
2592 561 2711 617 Filii
2771 564 2869 619 Dei
2936 566 3015 636 (ο
3062 567 3311 623 mirabile
3358 581 3700 643 mysterium,

437 661 493 708 et
528 668 745 707 omnem
780 651 991 706 dicendi
1026 648 1129 703 vim
1172 651 1474 719 superans!
1508 650 1527 720 )
1568 660 1622 706 et
1672 650 1868 706 divinae
1924 652 2177 707 essentia?
2216 653 2336 723 ejus
2384 658 2527 728 apud
2563 658 2774 714 Patrem
2829 660 2997 730 gloria
3048 670 3102 717 et
3149 664 3406 733 splendor
3437 676 3705 737 perpetuo

437 747 561 803 sine
593 746 697 802 ulla
739 744 1122 800 imminutione
1150 755 1517 812 permaneret.

1124 835 1401 906 Ejusdem.

509 929 764 999 Magnum
852 937 1148 996 assumptte
1205 943 1235 981 a
1299 926 1409 982 Deo
1477 928 1658 982 carnis
1702 931 2017 1000 mysterium

442 1020 1003 1091 sempermystcrium
1049 1031 1250 1082 manet,
1289 1035 1398 1074 non
1438 1021 1615 1075 solum
1682 1023 1830 1091 quia,
1889 1026 2018 1077 dum

435 1111 678 1169 facultati
708 1126 919 1174 eorum,
958 1112 1047 1180 qui
1075 1125 1381 1178 servantur,
1417 1114 1776 1182 pmportione
1802 1115 2021 1168 videtur

442 1206 796 1276 respondere,
828 1205 1003 1273 majus
1026 1220 1190 1273 quam
1217 1220 1329 1273 prae
1361 1219 1420 1258 se
1460 1204 1584 1265 fert.
1618 1221 1878 1259 arcanum
1912 1206 2011 1260 ba-

434 1298 528 1353 bet
550 1296 891 1352 reconditum
917 1313 931 1361 ;
962 1312 1155 1350 verum
1186 1297 1351 1351 ctiam
1381 1298 1507 1367 quia
1541 1298 1594 1352 id
1629 1299 1826 1367 ipsum,
1872 1300 2018 1367 quod

2727 843 2835 896 Τοῦ
2890 843 3096 898 αὐτοῦ.

2193 930 2265 982 Τὸ
2291 931 2436 1001 μέγα
2462 934 2559 1003 τῆς
2597 931 2744 995 Θείας
2768 933 3241 1006 ἐνανθρωπήσεως
3266 940 3573 1012 μυστήριον
3608 943 3702 996 ἀεὶ

2127 1023 2278 1091 μένει
2331 1025 2653 1092 μυστήριον,
2690 1024 2751 1077 οὑ
2791 1024 2952 1094 μςνον
2990 1028 3073 1079 ὅτι
3108 1029 3443 1099 συμμέτρως
3484 1033 3552 1100 τῇ
3604 1032 3702 1084 δυ-

2126 1115 2288 1181 νάμει
2322 1114 2432 1168 τῶν
2468 1115 2558 1167 ὑπ’
2593 1117 2758 1169 αὑτοῦ
2793 1118 3121 1186 σωζομένων
3154 1120 3555 1191 ὲκιραινόμενον
3583 1124 3701 1193 ἔχει

2128 1206 2313 1275 μεῖζον
2363 1206 2457 1260 τοῦ
2504 1209 2865 1276 ἐκφανοέντος
2911 1212 2974 1263 τὸ
3006 1216 3413 1282 κεκρυμμένον,
3448 1216 3563 1267 ἀλλ’
3605 1218 3691 1270 ὅτι

2125 1298 2223 1349 καὶ
2272 1299 2407 1350 αὑτὸ
2442 1299 2503 1351 τὸ
2550 1299 2715 1368 φανὲν
2770 1300 2849 1354 ἔτι
2886 1302 3037 1370 μένει
3085 1303 3323 1373 πάμπαν
3374 1306 3700 1376 ἀπόκρυφον

440 1398 697 1459 apparet,
728 1389 901 1456 magis
933 1389 1209 1442 occultum
1240 1398 1295 1442 et
1330 1400 1600 1444 secretum
1625 1399 1707 1444 est
1752 1406 1912 1459 quam
1970 1409 1999 1445 υ

2121 1388 2297 1441 οὑδενὶ
2328 1391 2473 1460 λόγῳ
2503 1390 2686 1455 καθώς
2713 1393 2830 1445 ἐστι
2859 1396 3285 1463 γινωσκόμενον.
3330 1395 3388 1447 ’0
3420 1394 3529 1465 γὰρ
3561 1397 3703 1461 Θεὸς

438 1483 546 1536 ulla
575 1483 806 1545 ratione,
828 1480 1101 1549 quomodo
1126 1481 1219 1546 sit,
1241 1483 1448 1552 percipi
1475 1482 1671 1537 valeat.
1702 1481 1846 1535 Deus
1876 1483 2022 1536 enim

2124 1480 2449 1549 ὑπεροὺσιος
2482 1481 2578 1544 ὢν,
2614 1484 2957 1553 ὑπερουσίως
2984 1485 3249 1555 οὑσιώΘηο
3288 1486 3384 1539 καὶ
3415 1488 3559 1557 ὑπὲρ
3599 1489 3699 1541 ἀν-

438 1574 674 1629 essentia
732 1574 1039 1638 sublimior,
1093 1574 1306 1627 ratione
1374 1573 1667 1628 essentiam
1731 1584 2010 1643 superanti

2123 1572 2361 1643 θρὼπων
2390 1575 2466 1637 ὡς
2494 1575 2877 1645 φιλάνθρωπος
2908 1577 2974 1630 ὲκ
3003 1577 3103 1648 τῆς
3132 1578 3241 1631 τῶν
3266 1579 3572 1650 ἀνθρώπων
3606 1582 3702 1633 οὑ-

438 1667 671 1735 sumpsit
726 1666 1038 1727 essentiam,
1074 1676 1125 1719 et
1152 1680 1250 1734 pro
1275 1664 1589 1718 hominibus
1641 1666 1872 1734 (tantum
1902 1665 2010 1733 ejus

2126 1663 2248 1724 σίας
2298 1662 2585 1733 ἄνθρωπος
2637 1664 2898 1733 γεγονὼς,
2960 1667 3052 1720 τὸν
3107 1666 3201 1721 τοῦ
3256 1668 3373 1733 πῶς
3408 1670 3702 1741 ἄνθρωπος

438 1757 495 1811 in
522 1758 769 1811 homines
791 1772 941 1810 amor
970 1755 1072 1809 fuit
1092 1756 1131 1825 l)
1152 1769 1215 1809 ex
1245 1756 1531 1811 hominum
1563 1758 1802 1811 essentia
1841 1756 2018 1811 factus

440 1847 626 1912 homo,
656 1846 896 1911 modum,
930 1862 1037 1914 quo
1100 1845 1276 1901 lactus
1339 1855 1443 1909 est,
1497 1861 1753 1900 arcanum
1791 1847 2016 1913 retinet,

438 1938 639 2007 quippe
667 1937 757 2005 qui
790 1952 953 2006 supra
992 1952 1224 2001 morem,
1256 1946 1312 1991 et
1338 1937 1468 2003 vim,
1497 1946 1553 1993 et
1604 1937 2017 2008 intelligentiam

442 2032 731 2083 humanam
769 2028 949 2083 factus
976 2038 1057 2083 est
1079 2031 1264 2084 homo.

1107 2119 1384 2191 Ejusdem.

510 2214 714 2283 Ecquis
760 2222 971 2268 tantum
1024 2215 1240 2267 excellit
1287 2214 1507 2270 dicendi
1593 2215 1869 2281 facultate,
1960 2225 2019 2270 ut

436 2307 655 2370 audeat,
688 2314 780 2358 aut
810 2307 979 2373 possit
1013 2305 1304 2373 explicare,
1338 2306 1614 2376 quomodo
1644 2307 2017 2375 comprehen-

431 2412 529 2451 sus
549 2397 619 2451 sit
657 2396 837 2449 Deus?
883 2397 1154 2465 quomodo
1186 2412 1313 2451 caro
1351 2397 1469 2451 sine
1505 2399 1714 2452 semine
1764 2408 2017 2469 generata

436 2489 551 2542 sit?
601 2487 875 2557 quomodo
932 2488 1052 2541 sine
1118 2488 1468 2557 corruptione
1537 2489 1779 2543 mulieris
1830 2500 2018 2560 partus

435 2579 711 2634 exStiterit
734 2579 756 2631 ?
776 2578 1049 2647 quomodo
1071 2578 1221 2648 virgo
1244 2580 1391 2635 nullo
1411 2581 1781 2638 intercedente
1800 2583 2017 2637 homine

434 2678 607 2724 mater
628 2670 904 2724 evaserit?
938 2673 1211 2740 quomodo
1237 2683 1409 2727 mater
1446 2682 1602 2742 partu
1639 2675 2006 2743 virginitatem

435 2774 543 2812 non
562 2760 808 2815 solvente
839 2762 987 2830 virgo
1014 2761 1414 2830 permanserit?
1443 2773 1494 2816 et
1522 2773 1840 2819 utextremo
1869 2766 2011 2830 loco,

432 2850 578 2919 quod
605 2850 837 2918 primum
882 2862 984 2915 est,
1011 2854 1210 2915 dicam,
1246 2856 1516 2922 quomodo
1545 2855 1686 2910 Deus
1738 2854 1916 2910 factus
1944 2858 2016 2910 sit

435 2942 643 2996 homo?
672 2951 727 2996 et
771 2943 916 3011 quod
950 2944 1127 3012 majus
1178 2946 1496 3014 mysterium
1545 2948 1817 3012 continet,
1874 2965 2013 3017 quo-

2122 1756 2311 1822 γέγονε
2363 1758 2566 1827 τρόπον
2617 1759 2774 1827 μένει
2826 1761 3166 1831 κεκτημένος
3222 1762 3585 1832 ἀνέκφαντον,
3621 1765 3701 1829 ὡς

2124 1846 2264 1917 ὑπὲρ
2294 1847 2584 1917 ἄνθρωπον
2619 1850 2908 1922 ἄνθρωπος
2939 1852 3250 1925 γενόμενος.

2725 2125 2835 2179 Τοῦ
2884 2125 3092 2182 αὑτοῦ.

2193 2213 2289 2275 Τίς
2317 2216 2576 2270 τοσοῦτον
2601 2218 2828 2289 δυνάμει
2877 2221 3038 2291 λόγου
3076 2224 3295 2297 οαρρῶν
3327 2226 3565 2293 ἐξειπεῖν
3601 2222 3699 2277 δυο

2120 2308 2365 2377 νήσεται,
2394 2307 2512 2389 πῶς
2545 2310 2735 2377 γέγονε
2781 2311 2914 2364 Θεοῦ
2968 2313 3276 2385 σὺλληψιςς
3313 2320 3431 2382 πῶς
3469 2322 3699 2389 γένεσις

2123 2398 2326 2468 σαρκὸς
2352 2385 2482 2452 ἀνεύ
2531 2404 2781 2471 σπορᾶςς
2832 2404 2949 2468 πῶς
2980 2406 3239 2476 γέννησις
3287 2410 3409 2479 δίχα
3451 2385 3695 2485 ιρθορᾶςς

2121 2491 2237 2553 πῶς
2266 2494 2298 2560 ἡ
2340 2492 2619 2562 Παρθένος
2653 2495 2834 2565 μήτηρ
2865 2497 2923 2548 οὑ
2962 2497 3437 2571 μεσολαϐήσαντος
3466 2505 3694 2575 ἀνδρόςς

2119 2581 2233 2643 πῶς
2283 2582 2315 2652 ή
2369 2583 2554 2653 μήτηρ
2590 2584 2888 2653 Παρθένος,
2914 2587 2990 2657 τῷ
3020 2589 3164 2659 τόκῳ
3198 2591 3273 2662 μὴ
3304 2592 3561 2665 λυθείσης
3590 2601 3699 2669 τῆς

2119 2672 2454 2743 παρθενίας;
2506 2675 2600 2726 καὶ
2648 2676 2735 2729 ἵνα
2788 2679 2849 2730 τὸ
2897 2680 3114 2748 πρῶτον
3157 2683 3469 2738 τελευταῖον
3525 2688 3692 2753 εἴπω,

2123 2765 2235 2828 πῶς
2268 2767 2296 2817 ό
2322 2766 2455 2828 Θεὸς
2485 2767 2779 2838 ἄνθρωπος
2810 2771 3058 2840 γίνεται;
3094 2776 3187 2827 καὶ
3216 2777 3277 2828 τὸ
3314 2782 3694 2850 μυστηριωδέ..

2119 2874 2330 2927 στερον,
2366 2858 2483 2920 πῶς
2535 2860 2810 2923 οὑσιωδῶς
2855 2863 2913 2913 ὲν
2960 2869 3128 2933 σαρκὶ
3177 2866 3300 2919 καθ’
3329 2870 3627 2924 ὑπόστασιν
3663 2876 3696 2925 ὀ

2117 2949 2238 3002 κατ’
2263 2950 2453 3017 οὐσίαν
2480 2951 2857 3016 ὑποστατικῶς
2881 2953 3005 3018 ὅλος
3031 2956 3118 3008 ἀεὶ
3149 2957 3330 3025 μένων
3362 2961 3420 3013 ἐν
3466 2962 3544 3033 τῷ
3581 2964 3697 3015 Πα-

436 3033 599 3088 modo
649 3049 747 3099 per
796 3035 1090 3088 essentiam
1127 3036 1427 3090 secundum
1452 3052 1739 3107 personam
1772 3039 1825 3093 in
1852 3055 2010 3095 carne

2118 3041 2240 3111 τρίς
2273 3041 2396 3104 Πῶς
2425 3042 2517 3095 καὶ
2544 3042 2663 3106 ὅλος
2697 3047 2815 3096 ἐστὶ
2846 3048 2980 3109 Θεδς
3012 3050 3154 3102 κατά
3210 3050 3395 3119 φύσιν,
3430 3055 3523 3107 καὶ
3570 3054 3695 3119 ὅλος

433 3126 725 3192 exsistens,
748 3142 845 3195 per
877 3127 1168 3181 essentiam
1201 3129 1500 3184 secundum
1535 3146 1823 3199 personam
1868 3140 2012 3187 totus

433 3232 656 3287 semper
683 3219 735 3271 in
767 3216 927 3271 Patre
966 3217 1169 3271 fuerit?
1202 3218 1483 3283 Quomodo
1504 3230 1557 3275 et
1589 3231 1736 3277 totus
1767 3224 2012 3278 sitnatu-

434 3322 493 3360 ra
520 3308 685 3375 Deus,
710 3317 765 3362 et
788 3316 933 3362 totus
963 3317 1157 3361 natura
1186 3309 1258 3362 ita
1298 3310 1470 3365 factus
1502 3311 1573 3365 sit
1607 3313 1789 3378 homo,
1818 3324 1878 3367 ut
1906 3330 2011 3370 nec

434 3399 671 3452 divinam
704 3414 806 3452 nec
840 3399 1134 3453 humanam
1171 3408 1422 3453 naturam
1453 3402 1733 3471 abjiccret,
1762 3405 1858 3459 sed
1894 3421 2009 3459 am-

432 3490 532 3545 bas
570 3490 690 3544 sine
718 3489 1042 3545 confusione
1082 3491 1401 3560 conjunctas
1449 3494 1832 3548 conservaret?
1884 3494 2007 3549 [an

2120 3132 2341 3202 γέγονεν
2366 3134 2655 3205 ἄνθρωπος
2710 3139 2852 3191 κατά
2885 3137 3068 3208 φύσιν,
3114 3144 3251 3212 μήτε
3281 3145 3378 3216 τὴν
3405 3146 3553 3199 Θείαν
3590 3148 3694 3217 φύ-

2120 3241 2225 3287 σιν,
2282 3227 2421 3295 μήτε
2476 3227 2573 3297 τὴν
2604 3228 2953 3301 ἀνθρωπίνην
2984 3234 3317 3304 ἠρνημένος,
3373 3238 3489 3290 ἀλλ’
3516 3240 3693 3309 ἀσυγ-

2119 3312 2300 3383 χὺτως
2329 3316 2617 3384 ἡνωμένας
2652 3319 2822 3381 αὑτὰς
2852 3322 3034 3391 τηρῶν
3061 3340 3076 3388 ;
3110 3324 3292 3379 Ταῦτα
3325 3329 3507 3392 πίστις
3550 3331 3694 3402 μόνη

2118 3406 2292 3474 χωρεῖ
2369 3406 2477 3458 τῶν
2540 3406 2681 3476 ὑπὲρ
2746 3409 2870 3463 νοῦν
2960 3413 3051 3467 καὶ
3145 3415 3303 3483 λόγον
3365 3419 3693 3490 ὑπάρχουσα

2117 3496 2462 3565 πραγμάτων
2496 3498 2795 3564 ὑπόστασις
2819 3539 2833 3565 ,
2890 3504 2987 3556 καὶ
3046 3505 3434 3573 ἀναπόδεικτος
3462 3512 3689 3578 γνῶσις.

433 3586 569 3641 ﬁdes
587 3584 701 3641 sola
732 3582 1168 3653 comprehendit.
1197 3600 1317 3654 quae
1351 3596 1586 3640 mentem
1632 3596 1687 3641 et
1726 3587 2112 3658 cogitationem
2146 3589 2460 3659 superantia
2497 3592 2677 3647 verbis
2706 3607 2987 3663 nequeunt
3015 3599 3400 3657 demonstrari.

1083 3675 1130 3729 Ε
1132 3677 1361 3743 iusdem.

502 3767 673 3823 Adam
704 3781 733 3820 a
755 3764 942 3821 divino
972 3765 1227 3820 mandato
1266 3766 1549 3833 recedens,
1581 3765 1634 3820 in
1664 3781 1827 3822 causa
1882 3767 2008 3833 fuit,

435 3856 755 3913 uthominis
806 3855 1133 3926 principium
1157 3855 1369 3909 sitcum
1397 3855 1694 3925 voluptate,
1736 3857 1857 3910 linis
1885 3873 2009 3911 cum

434 3950 641 4004 dolore.
674 3948 810 4003 Nam
835 3963 958 4002 cum
992 3947 1269 4017 voluptate
1330 3947 1598 4017 gignitur,
1635 3963 1761 4001 cum
1820 3948 2010 4003 dolore

434 4042 692 4095 moritur.
720 4041 969 4094 Christus
1001 4049 1205 4101 autem,
1237 4038 1409 4091 lactus
1438 4039 1721 4103 obcdiens,
1744 4040 1908 4094 alium
1940 4057 2006 4095 ex

430 4131 639 4199 Spiritu
661 4140 843 4184 ortum
866 4130 1178 4182 hominibus
1213 4128 1436 4196 largitus
1472 4139 1575 4191 est,
1599 4131 1752 4199 cujus
1793 4132 2003 4185 initium

431 4219 677 4273 adolore
701 4219 1267 4288 quidcmexcolcnda:
1332 4218 1548 4273 virtutis
1610 4228 1664 4273 et
1734 4221 2006 4277 laboribus

432 4309 697 4374 nascitur,
725 4308 1053 4363 linisautem
1092 4308 1420 4378 voluptatem
1475 4318 1529 4362 et
1551 4310 1789 4378 quietem
1814 4326 2004 4368 conse-

2718 3686 2830 3738 Τοῦ
2874 3689 3083 3747 αὐτοῦ.

2200 3769 2258 3823 '0
2291 3771 2392 3841 μὲν
2431 3773 2625 3843 Ἀδὰμ,
2654 3777 3015 3847 παρακούσας
3048 3782 3150 3849 τῆς
3183 3783 3334 3849 Θείας
3365 3786 3690 3860 ἐντολῆς,ὲξ

2113 3862 2308 3933 ἡδονῆς
2357 3865 2620 3938 ἄρχεσθαι
2671 3871 2771 3939 τὴν
2821 3873 3036 3938 γένεσιν
3066 3875 3177 3929 τῶν
3219 3879 3544 3949 ἀνθρώπων,
3583 3889 3690 3941 καὶ

2112 3955 2447 4025 καταλήγειν
2477 3961 2555 4022 είς
2586 3960 2778 4031 ὀδύνην
2809 3963 3058 4033 ἐποίησε.
3090 3968 3169 4020 Δι’
3202 3970 3394 4040 ἡδονῆς
3442 3974 3543 4043 μὲν
3573 3977 3691 4049 γὰρ

2115 4046 2147 4113 ἡ
2199 4048 2399 4115 σπορὰ,
2448 4049 2516 4100 δι’
2549 4050 2740 4121 ὀδύνης
2768 4052 2825 4105 δὲ
2854 4056 2880 4106 ὁ
2909 4054 3158 4120 Θάνατος.
3204 4060 3263 4113 ’0
3297 4061 3353 4114 δὲ
3424 4046 3690 4135 Χριστὸς,

2114 4138 2357 4207 ὑπήκοος
2413 4142 2737 4210 γενόμενος,
2794 4145 2961 4217 ἀλλην
3030 4150 3246 4217 γένεσιν
3301 4160 3691 4229 πνευματικὴν

2113 4230 2408 4297 ἐχαρίσατο
2437 4234 2548 4295 τοῖς
2576 4232 2905 4302 ἀνθρώποις,
2938 4239 2999 4303 ἐξ
3056 4240 3249 4311 ὀδύνης
3283 4246 3386 4314 μὲν
3438 4251 3532 4302 καὶ
3579 4246 3695 4303 πόέ

2114 4335 2221 4371 νων
2252 4320 2358 4374 τῶν
2396 4324 2493 4391 τῆς
2540 4326 2742 4397 ἀρετῆς
2774 4329 3108 4401 ἀρχομένην,
3139 4336 3218 4397 είς
3251 4337 3443 4409 ἡδονὴν
3491 4339 3550 4394 δὲ
3588 4348 3694 4398 καὶ

431 4400 644 4470 quitur.
672 4399 1037 4466 Quamobrem
1067 4410 1121 4454 et
1146 4400 1285 4468 ipse,
1318 4414 1442 4452 cum
1476 4401 1635 4454 vellet
1666 4402 1829 4457 homo
1865 4403 2002 4466 lieri,

2118 4410 2421 4467 ἀνάπαυσιν
2464 4418 2903 4488 καταλήγουσαν.
2937 4399 3052 4477 Διὸή
3079 4426 3176 4479 καὶ
3204 4399 3372 4493 αὑτὸς
3398 4399 3692 4505 ενανθρω-

427 4489 683 4563 quamvis
723 4488 931 4545 semine
969 4488 1205 4542 noluerit
1233 4488 1506 4557 generari,
1562 4499 1791 4544 mortem
1826 4499 2006 4546 tamen

430 4579 681 4654 perferre
711 4579 903 4646 voluit,
959 4596 1069 4635 non
1107 4591 1164 4633 ut
1195 4579 1505 4648 voluptatis,
1539 4596 1660 4649 qua:
1690 4582 1833 4635 nulla
1890 4583 2007 4637 fue-

431 4683 537 4741 rat,
563 4682 707 4729 esset
733 4687 915 4743 poena,
950 4674 1042 4727 sed
1078 4681 1137 4726 ut
1163 4688 1263 4727 nos
1300 4672 1583 4727 damnatos
1620 4672 1919 4728 absolveret
1953 4686 2007 4729 ct

431 4766 727 4833 morteLsua
746 4773 973 4818 mortem
1000 4774 1241 4817 nostram
1268 4762 1637 4831 interimeret,
1668 4776 1721 4818 ct
1747 4767 2007 4821 concilia-

432 4864 518 4913 ret
539 4857 696 4912 nobis
716 4856 1199 4911 immortalitatem.

1086 4949 1354 5018 Ejusdem.

499 5039 737 5110 Equum
771 5040 893 5106 fuit,
922 5050 980 5094 ut
1006 5039 1173 5105 Deus,
1207 5040 1300 5108 qui
1359 5050 1551 5095 natura
1600 5051 1654 5094 et
1698 5041 1895 5105 bonus,
1950 5052 2004 5098 ct

428 5130 668 5200 sapiens,
706 5140 762 5186 et
795 5131 1001 5200 Iustus,
1028 5140 1082 5184 et
1113 5139 1309 5200 potens
1347 5140 1452 5193 est,
1486 5147 1663 5199 neque
1699 5136 1775 5187 uti
1827 5135 2003 5209 bonus

428 5223 664 5278 hominis
688 5239 717 5277 a
750 5238 808 5277 se
828 5222 1099 5291 procreati
1139 5221 1446 5291 despiceret
1475 5222 1842 5279 inﬁrmitatem
1878 5266 1894 5294 ,
1947 5236 2002 5281 et

433 5324 510 5367 uti
537 5316 763 5386 sapiens
798 5316 917 5383 ejus
954 5313 1208 5366 curanda:
1238 5313 1508 5373 rationem
1531 5316 1804 5385 cognitam
1837 5319 2001 5373 hahe-

426 5417 532 5471 ret,
558 5418 612 5461 et
646 5407 720 5460 uti
745 5408 924 5477 justus
977 5421 1090 5468 eos,
1125 5406 1217 5474 qui
1266 5408 1509 5461 volentes
1562 5412 1808 5464 servituti
1879 5428 1997 5468 sese

429 5500 799 5565 subiecerant,
819 5500 965 5553 nulla
1004 5500 1261 5555 violentia
1295 5501 1348 5553 in
1394 5500 1696 5557 libertatem
1758 5505 1996 5558 vindica-

428 5596 533 5649 ret,
551 5599 603 5641 et
640 5589 711 5641 uti
740 5600 933 5658 potens
949 5592 1014 5647 ad
1048 5592 1151 5647 hoc
1168 5592 1552 5662 perﬁciendum
1574 5595 1713 5650 vires
1748 5604 1797 5651 et
1833 5597 1995 5651 lacul-

427 5687 592 5734 tatem
622 5680 913 5737 obtineret.

2086 4528 2087 4531 η
2113 4500 2282 4567 πῆσαι
2319 4503 2606 4575 βουληθεὶς
2634 4510 2736 4577 τὴν
2767 4511 2855 4563 διὰ
2888 4516 3100 4579 σπορᾶς
3144 4518 3206 4569 οὑ
3238 4500 3695 4591 προσήκατο-γέ-

2110 4606 2277 4656 νεσιν,
2310 4596 2403 4646 τὸν
2432 4595 2499 4647 δι’
2534 4596 2725 4666 ὀδύνης
2752 4600 2807 4652 δὲ
2843 4602 3071 4656 θάνατον
3104 4606 3424 4676 ὑπέμεινεν,
3463 4612 3560 4681 οὑχ
3603 4614 3689 4676 ὡς

2109 4682 2384 4752 ἐπιτίμιον
2416 4687 2632 4757 ἡδονῆς,
2665 4690 2783 4744 ἀλλ’
2836 4692 2977 4764 ὑπὲρ
3008 4695 3165 4764 ἡμῶν
3200 4697 3308 4750 τῶν
3346 4700 3689 4769 καταδίκων,

2108 4777 2203 4825 καὶ¹
2258 4778 2322 4829 ἵν’
2363 4780 2390 4831 ό
2449 4781 2677 4846 Θάνατος
2738 4784 2903 4837 αὑτοῦ
2964 4785 3197 4849 Θάνατος
3248 4789 3343 4841 τοῦ
3405 4793 3691 4863 ἡμετέρου

2109 4861 2339 4918 Θανάτου
2372 4870 2599 4939 γένηται
2628 4874 2721 4925 καὶ
2756 4876 3011 4942 πρόξενος
3038 4878 3356 4943 ἀθανασίας.

2714 4967 2826 5019 Τοῦ
2866 4970 3074 5023 αὐτοῦ.

2112 5106 2122 5112 _
2183 5052 2332 5106 Ἔδει
2381 5054 2472 5107 τὸν
2520 5055 2654 5109 Θεὸν
2698 5056 2927 5125 ἀγαθὸν,
2976 5062 3067 5112 καὶ
3101 5062 3286 5129 σοφὸν,
3320 5064 3414 5117 καὶ
3445 5064 3689 5136 δίκαιον,

2106 5146 2200 5200 κα)⁵
2248 5146 2471 5202 δυνατὸν
2512 5148 2650 5203 ὄντα
2695 5152 2838 5203 κατὰ
2865 5152 3051 5222 φύσιν,
3095 5154 3172 5217 ὡς
3227 5157 3326 5225 μὲν
3363 5157 3573 5225 ἀγαθὸν
3604 5162 3694 5233 μὴ

2105 5241 2353 5309 παριδεῖν
2381 5242 2474 5294 τοῦ
2502 5245 2705 5296 οἰκείου
2748 5246 3069 5317 πλάσματος
3097 5250 3194 5319 τὴν
3237 5251 3524 5304 ἀσθένειαν
3548 5270 3560 5281 ·
3599 5254 3689 5318 ὡς

2102 5331 2161 5385 δὲ
2192 5334 2354 5401 σοφὸν
2385 5335 2677 5404 γινώσκειν
2708 5340 2799 5392 τὸν
2830 5341 3029 5409 τρόπον
3060 5346 3159 5412 τῆς
3184 5345 3427 5413 ἰατρείας
3479 5346 3642 5414 ἡμῶν
3668 5365 3684 5379 ·

2099 5425 2174 5488 ὡς
2207 5427 2415 5481 δίκαιον
2443 5429 2501 5483 δὲ
2532 5430 2608 5501 μὴ
2660 5436 2991 5506 τυραννικὴν
3024 5437 3354 5505 ποιήσασθαι
3392 5438 3492 5507 τὴν
3522 5440 3687 5493 {Asu-

2103 5521 2291 5591 Θερίαν
2323 5522 2433 5574 τῶν
2462 5523 2878 5594 δεδουλωμένων
2928 5530 3193 5592 ἑκουσίως
3238 5533 3350 5593 τοῖς
3389 5531 3644 5599 δαίμοσιν
3667 5549 3687 5565 ο

2099 5614 2174 5676 ὡς
2202 5615 2427 5667 δυνατὸν
2456 5616 2512 5669 δὲ
2554 5618 2628 5689 μὴ
2669 5619 2930 5690 ἀτονῆσαι
2962 5622 3097 5693 πρὸς
3126 5624 3224 5692 τὴν
3283 5622 3382 5692 τῆς
3433 5623 3687 5694 ἰατρείας

2100 5700 2467 5772 ἐκπλήρωσιν.
