3994 6204
472 290 594 364 235

1704 300 2087 363 EUTHYMII
2124 305 2482 370 ZlGABENl

3624 315 3731 379 236

481 419 677 474 ancilla
711 414 937 472 Domini.
971 414 1090 469 Fiat
1114 414 1239 468 milii
1271 413 1554 468 secundum
1582 415 1789 468 verbum
1830 427 1973 471 tuum
2016 419 2030 449 ¹

2161 420 2406 489 θήσεται
2463 424 2592 489 Υἱὸς
2635 420 2806 478 Θεοῦ.
2861 419 2925 475 Ἦ
2961 421 3018 475 δὲ
3061 421 3197 494 πρὸς
3246 421 3428 487 αὑτὸν,
3483 423 3641 478 Ἰδοὺ
3688 427 3727 493 ἡ

481 511 613 567 Post
642 522 924 564 assensum
951 506 1114 575 igitur
1139 512 1340 559 sancta:
1370 504 1627 573 Virginis,
1659 506 1897 577 Spiritus
1923 525 2047 563 san-

482 616 604 659 ctus
661 618 726 658 ex
777 614 1029 655 sermone
1081 595 1297 651 Domini
1354 611 1510 665 quem
1557 600 1779 667 angelus
1834 600 2049 655 dixerat

479 694 751 750 descendit
795 693 847 746 in
882 705 1023 753 eam,
1056 687 1333 758 ipsamque
1357 690 1624 759 purgavit,
1656 700 1711 744 et
1738 691 1843 744 vim
1878 692 1950 746 illi
1978 691 2044 746 ad

478 786 879 855 suscipiendam
926 781 1092 837 Verbi
1120 780 1478 846 divinitatem,
1508 790 1563 835 et
1593 783 1657 835 ad
1682 786 2042 853 generandum

476 877 718 948 pra-linit.
768 875 831 929 Et
882 883 1007 928 tunc
1059 872 1110 929 ei
1144 872 1198 927 in
1243 886 1338 927 sua
1373 886 1595 927 manens
1633 874 1905 943 hypostasi
1955 876 2044 931 Dei

475 964 722 1020 altissimi
794 962 1058 1034 sapientia
1088 1001 1106 1029 ,
1156 969 1208 1017 et
1250 961 1461 1025 virtus,
1538 960 1705 1017 Filius
1755 963 1871 1030 Dei,
1902 965 2049 1035 ejus-

472 1059 595 1111 dem
651 1055 897 1109 essentiae
958 1068 1081 1109 cum
1148 1052 1310 1108 Patre
1370 1063 1619 1123 tanquam
1678 1054 1919 1109 divinum
1954 1072 2045 1111 se-

474 1161 597 1201 men
633 1144 1012 1209 obumbravit,
1066 1143 1275 1212 sibique
1330 1159 1392 1198 ex
1441 1142 1606 1198 castis
1653 1151 1707 1196 et
1740 1145 2045 1213 purissimis

470 1238 588 1307 ejus
631 1236 981 1308 sanguinibus
1006 1236 1277 1306 compegit
1307 1237 1545 1303 learnem
1601 1235 1893 1289 animatam
1929 1238 2046 1291 ani-

473 1344 601 1394 ma,
662 1328 905 1394 ratione,
972 1335 1259 1396 menteque
1313 1325 1576 1395 praedita,
1625 1324 1890 1395 primitias
1948 1341 2045 1380 no-

471 1429 601 1474 stra:
633 1433 844 1485 massae,
875 1432 982 1472 non
1029 1418 1255 1478 semine.
1308 1418 1402 1472 sed
1468 1417 1651 1471 divine
1676 1415 1909 1471 artiﬁcio
1946 1431 2043 1484 per

469 1512 733 1579 Spiritum
766 1520 1011 1566 sanetum
1050 1526 1069 1565 :
1096 1508 1266 1579 ﬁgura
1296 1524 1404 1563 non
1435 1508 1691 1577 paulatim
1732 1521 1831 1577 per
1857 1522 2043 1563 acces-

470 1606 650 1659 siones
676 1602 935 1671 pert‘ecta,
971 1601 1064 1654 sed
1099 1614 1206 1653 uno
1254 1600 1555 1666 eodemque
1602 1608 1874 1654 momento
1909 1608 2043 1654 tem-

473 1694 622 1764 poris
655 1691 924 1748 absoluta.
960 1690 1142 1759 Ipsum
1172 1700 1353 1745 autem
1402 1690 1495 1745 Dei
1543 1689 1768 1745 Verbum
1800 1689 1875 1744 ita
1917 1704 2040 1744 cum

2154 513 2343 582 δούλη
2380 516 2619 585 Κυρίου·
2666 514 2903 584 γένοιτό
2947 532 3048 583 μοι
3099 513 3253 570 κατὰ
3296 516 3364 569 τὸ
3390 515 3557 585 ῥῆμά
3586 532 3725 572 σου.

2155 604 2312 658 Μετὰ
2351 605 2443 659 οὖν
2480 606 2581 676 τὴν
2631 606 3031 674 συγκατάθεσιν
3075 605 3176 676 τῆς
3228 606 3393 673 ἁγίας
3447 607 3731 676 Παρθένου

2155 697 2382 767 Πνεῦμα
2416 698 2574 767 ἅγιον
2601 698 2834 768 ἐπῆλθεν
2865 698 2952 751 ἐπ’
2979 698 3170 767 αὐτὴν,
3198 698 3336 752 κατὰ
3368 699 3457 751 τὸν
3485 698 3583 753 τοῦ
3614 701 3735 757 Κυοο

2156 789 2270 858 ρίου
2319 789 2497 857 λόγον,
2539 790 2599 842 ὃν
2641 786 2795 841 εἶπεν
2840 790 2868 842 6
2912 788 3169 856 ἄγγελος,
3222 789 3484 859 καθαῖρον
3531 790 3731 861 αὑτὴν,

2152 881 2247 933 καὶ
2276 879 2509 950 δύναμιν
2542 880 2802 949 δεκτικὴν
2825 880 2923 950 τῆς
2956 880 3052 935 τοῦ
3086 882 3263 947 Λόγου
3296 880 3549 951 θεότητος
3582 901 3733 954 παρ-

2151 971 2296 1041 έχον,
2326 972 2445 1041 ἅμα
2475 973 2530 1025 δὲ
2568 974 2660 1025 καὶ
2695 973 3043 1042 γεννητικὴν.
3099 973 3208 1026 Καὶ
3239 973 3361 1027 τότε
3397 974 3731 1030 ἐπεσκίασεν

2151 1062 2319 1133 αὑτὴν
2353 1065 2386 1131 ἡ
2426 1064 2515 1115 τοῦ
2543 1062 2679 1115 Θεοῦ
2709 1063 2803 1116 τοῦ
2842 1062 3103 1131 Ὑψίστου
3138 1064 3503 1125 ὲνυπόστατος
3564 1066 3727 1134 σοφία

2152 1152 2246 1206 καὶ
2287 1153 2538 1224 δύναμις,
2582 1156 2613 1213 ό
2664 1156 2793 1217 Υἱὸς
2818 1154 2913 1208 τοῦ
2939 1154 3100 1219 Θεοῦ,
3137 1157 3166 1208 6
3191 1154 3269 1225 τῷ
3311 1156 3484 1225 Πατρὶ
3526 1155 3725 1225 ὁμοούο

2151 1261 2286 1310 σιος,
2344 1246 2510 1298 οἱονεὶ
2550 1247 2690 1308 θεῖος
2727 1248 2949 1316 σπόρος,
2983 1247 3077 1299 καὶ
3108 1247 3410 1317 συνέπηξεν
3439 1249 3622 1317 ἑαυτῷ
3660 1251 3727 1303 ἐκ

2148 1337 2256 1391 τῶν
2283 1336 2465 1403 ἁγνῶν
2499 1337 2592 1390 καὶ
2621 1338 3028 1408 καθαρωτάτων
3056 1338 3225 1408 αὐτῆς
3258 1340 3507 1409 αἱμάτων
3539 1340 3724 1409 σάρκα

2154 1428 2587 1499 ἐνεψυχωμένην
2634 1428 2781 1500 ψυχῇ
2824 1429 3016 1499 λογικῇ
3046 1446 3105 1482 τε
3136 1430 3227 1483 καὶ
3256 1431 3438 1500 νοερᾷ,
3466 1431 3727 1500 ἀπαρχὴν

2148 1519 2245 1572 τοῦ
2289 1519 2561 1590 ἡμετέρου
2616 1519 2959 1591 φυράματος,
3011 1520 3071 1572 οὑ
3122 1521 3537 1590 σπερματικῶς,
3584 1524 3727 1577 ἀλλὰ

2148 1610 2559 1681 δημιουργικῶς
2605 1611 2695 1664 διὰ
2744 1611 2838 1664 τοῦ
2884 1612 3045 1681 ἁγίου
3096 1614 3438 1681 Πνεῦματος,
3488 1614 3550 1668 οὑ
3599 1618 3726 1678 ταῖς

2151 1702 2293 1756 κατᾶ
2348 1701 2545 1772 μικρὸν
2596 1703 2936 1773 προσθήκαις
2978 1704 3419 1774 ἁπαρτιζομένου
3453 1705 3545 1758 τοῦ
3592 1709 3729 1775 σχή-

472 1798 639 1840 carne
667 1782 1019 1854 coniunctum
1050 1792 1133 1837 est
1183 1781 1482 1851 hypostasi,
1526 1788 1582 1835 ut
1606 1779 1768 1835 simul
1812 1788 1867 1835 et
1911 1794 2038 1835 caro

2145 1810 2333 1864 ματος,
2360 1793 2650 1863 ἀλλ’ὑφ”ἕν
2682 1794 3081 1858 τελειωθέντος.
3112 1798 3282 1860 Δὺτὸς
3314 1796 3371 1849 δὲ
3394 1798 3423 1850 ό
3450 1797 3543 1850 τοῦ
3573 1798 3717 1851 Θεοῦ

470 1874 657 1943 fuerit,
680 1884 735 1931 et
776 1874 870 1929 Dei
899 1872 1060 1929 Verbi
1097 1888 1247 1928 caro.
1300 1872 1471 1926 Simul
1494 1883 1546 1926 et
1576 1886 1706 1926 caro
1737 1870 1899 1927 fuerit
1927 1871 2044 1925 ani-

479 1978 619 2024 mata
671 1968 883 2022 ratione
917 1973 1201 2033 menteque
1244 1964 1490 2034 praedita,
1514 1973 1569 2017 et
1597 1962 1690 2017 Dei
1723 1960 1883 2018 Verbi
1914 1975 2044 2025 caro

478 2062 713 2115 animata
747 2059 957 2114 ratione
985 2066 1270 2126 menteque
1295 2056 1537 2125 praedita.
1576 2053 1763 2124 Itaque
1798 2069 1902 2109 non
1951 2055 2044 2107 ho-

476 2153 673 2207 minem
707 2151 875 2205 Deum
905 2163 1028 2203 esse
1058 2148 1283 2209 iactum,
1332 2148 1425 2203 sed
1476 2147 1644 2203 Deum
1694 2146 1895 2202 factum
1924 2161 2044 2206 esse

474 2243 740 2298 hominem
762 2241 1012 2297 dicimus.
1066 2239 1200 2293 Nam
1255 2239 1347 2309 qui
1389 2249 1582 2294 natura
1642 2240 1916 2308 perfectus
1960 2247 2044 2293 est

471 2336 637 2401 Deus,
666 2333 805 2388 idem
839 2341 1031 2385 natura
1084 2329 1258 2385 factus
1290 2340 1373 2384 est
1408 2331 1570 2385 homo
1602 2328 1898 2398 perfectus,
1930 2344 2036 2384 non

469 2436 659 2481 natura
695 2432 956 2487 mutatus,
989 2436 1087 2476 nec
1112 2422 1477 2490 dispositionis
1506 2424 1740 2490 speciem
1776 2421 2043 2490 praebens,

472 2519 569 2574 sed
631 2527 906 2585 assumpta
963 2529 1029 2569 ex
1088 2524 1276 2577 saneta
1342 2511 1564 2581 Virgine
1616 2529 1780 2567 carne
1834 2512 2044 2566 ratione

472 2614 756 2672 menteque
814 2607 1077 2666 animata,
1135 2615 1257 2670 qua
1307 2600 1360 2655 in
1421 2601 1535 2669 ipso
1586 2600 1837 2664 habebat,
1870 2608 2045 2654 utes-

469 2708 573 2762 set,
602 2706 656 2749 et
683 2709 806 2750 eum
841 2695 955 2764 ipso
981 2704 1101 2748 erat
1129 2706 1224 2763 per
1247 2691 1578 2762 hypostasim
1611 2689 1895 2761 conjuncta
1926 2690 2044 2745 sine

471 2786 810 2851 confusione,
866 2786 985 2840 sine
1064 2785 1454 2850 immutatione,
1521 2783 1640 2839 siue
1712 2783 2040 2837 inversione.

467 2879 651 2948 Neque
679 2879 820 2932 enim
867 2876 1167 2931 divinitatis
1200 2890 1312 2929 sua:
1355 2883 1607 2929 naturam
1647 2873 1701 2928 in
1728 2872 1911 2930 carnis
1942 2887 2039 2926 na-

469 2980 647 3027 turam
672 2967 957 3033 convertit,
993 2982 1169 3036 neque
1198 2966 1380 3021 carnis
1413 2981 1523 3019 suae
1567 2975 1816 3018 naturam
1847 2963 1899 3017 in
1926 2977 2039 3018 sum

2144 1884 2314 1950 Λόγος
2361 1884 2698 1953 ἐχρημάτισε
2747 1888 2815 1955 τῇ
2849 1885 3017 1955 σαρκὶ
3053 1886 3371 1953 ὑπόστασις,
3402 1888 3541 1941 ὥστε
3597 1889 3721 1959 ἅμα

2146 1976 2302 2045 σὰρξ,
2347 1976 2464 2046 ἅμα
2506 1977 2641 2030 Θεοῦ
2696 1978 2871 2045 Λόγου
2922 1978 3078 2047 σὰρξ,
3113 1978 3377 2049 ἔμψυχος,
3409 1981 3601 2049 λογική
3659 2000 3725 2035 τε

2143 2067 2238 2119 καὶ
2292 2067 2474 2136 νοερά.
2523 2068 2615 2121 Διὸ
2666 2069 2767 2123 οὑκ
2817 2067 3104 2139 ἄνθρωπον
3157 2070 3431 2125 θεωθέντα
3462 2071 3722 2142 λέγομεν,

2144 2157 2278 2211 ἀλλὰ
2325 2157 2458 2211 Θεὸν
2500 2160 3021 2230 ἑνανθρωπήσαντα.
3059 2162 3152 2215 Ὧν
3180 2163 3292 2233 γὰρ
3319 2162 3480 2232 φύσει
3512 2164 3726 2228 τέλειος

2144 2249 2298 2317 Θεὸς,
2351 2250 2544 2319 γέγονε
2597 2252 2694 2306 καὶ
2725 2252 2885 2321 φύσει
2917 2253 3127 2318 τέλειος
3153 2253 3438 2324 ἄνθρωπος
3469 2258 3500 2310 6
3531 2258 3721 2322 αὑτὸς,

2144 2342 2206 2395 οὑ
2246 2343 2480 2413 τραπεὶς
2526 2342 2623 2413 τὴν
2667 2344 2850 2412 φύσιν,
2880 2344 3002 2397 οὐδὲ
3049 2346 3329 2414 φαντάσας
3361 2345 3461 2417 τὴν
3512 2351 3725 2400 οἰκονοο

2150 2436 2301 2505 μίαν,
2341 2436 2476 2490 ἀλλὰ
2507 2440 2571 2508 τῇ
2603 2438 2665 2491 ὲκ
2695 2437 2795 2503 τῆς
2824 2439 2982 2503 ἁγίας
3014 2439 3294 2509 Παρθένου
3321 2439 3592 2511 ληφθείσῃ
3629 2442 3722 2494 lo-

2144 2528 2413 2596 γικῶςντε
2459 2530 2553 2581 καὶ
2608 2530 2810 2600 νοερῶς
2839 2531 3238 2602 ἑνεψυχωμένῃ
3298 2534 3481 2602 σαρκὶ,
3519 2538 3613 2585 καὶ
3658 2536 3723 2585 ὲν

2142 2620 2292 2691 αὑτῷ
2349 2620 2412 2674 τὸ
2468 2617 2609 2675 εἶναι
2663 2622 2904 2694 λαχούσῃ
2961 2622 3186 2686 cmest;
3244 2624 3367 2677 καθ’
3415 2623 3721 2676 ὑπόστασιν

2142 2712 2492 2782 ἀσυγχύτως,
2541 2715 2636 2768 καὶ
2685 2714 3086 2781 ἀναλλοιὼτως,
3137 2715 3233 2769 καὶ
3269 2716 3573 2785 ἀτρέπτως,
3635 2717 3721 2786 μὴ

2147 2801 2470 2874 μεταῦαλὼν
2513 2804 2612 2871 τὴν
2640 2803 2739 2872 τῆς
2773 2803 3030 2875 θεότητος
3064 2803 3232 2860 αὑτοῦ
3289 2806 3451 2873 φύσιν
3486 2808 3565 2869 είς
3613 2809 3720 2875 τὴν

2143 2894 2243 2963 τῆς
2295 2896 2495 2963 σαρκὸς
2529 2894 2740 2961 οὐσίαν,
2776 2896 2915 2966 μήτε
2946 2895 3053 2966 μὴν
3086 2897 3183 2967 τὴν
3239 2896 3425 2951 οὑσιαν
3454 2896 3552 2966 τῆς
3584 2913 3721 2967 σαρ-

2144 2985 2235 3049 κὸς
2281 2984 2446 3038 αὑτοῦ
2481 2986 2560 3049 είς
2591 2987 2691 3057 τὴν
2728 2987 2827 3056 τῆς
2857 2986 3112 3058 θεότητος
3162 2987 3326 3043 αὐτοῦ
3355 2989 3538 3057 φύσιν,
3590 2990 3719 3043 οὐδὲ

468 3065 762 3123 divinitatis
813 3072 1062 3117 naturam
1109 3056 1479 3115 commutavit.
1515 3052 1699 3123 Neque
1739 3069 1805 3108 ex
1858 3052 2038 3106 divina

669 3168 680 3171 _
766 3170 769 3171 ,
860 3162 901 3171 _.
956 3168 1010 3171 ,μ
1054 3159 1237 3171 ,--ι----
1276 3162 1425 3171 --.--..
1480 3145 1708 3171 -..ιλιι-..ξι
1780 3146 2011 3171 Ιιιιιὶιιιηιι

2145 3078 2211 3130 ἐκ
2266 3078 2364 3147 τῆς
2403 3078 2555 3141 θείας
2606 3052 3042 3149 αὑτοῦ-φύσεως,
3098 3084 3191 3134 καὶ
3242 3075 3310 3151 ἦς
3344 3052 3718 3150 προσελάὸετο

468 3175 564 3214 sua
597 3168 807 3220 natura,
853 3162 908 3208 et
947 3168 1015 3208 ex
1053 3159 1242 3204 natura
1269 3162 1429 3218 quam
1479 3145 1736 3217 suscepit,
1780 3146 2036 3209 humana,

470 3262 718 3307 naturam
761 3262 928 3303 unam
960 3243 1320 3314 compositam
1350 3240 1605 3297 reddidit.

971 3354 1245 3426 Eiusdem.
1274 3354 1406 3425 Cap.
1437 3353 1525 3408 68.

538 3454 630 3510 Hae
668 3467 845 3517 voces,
875 3450 1129 3505 divinitas
1154 3457 1208 3502 et
1232 3447 1563 3512 humanitas,
1607 3444 1893 3500 essentiam
1928 3444 2039 3499 sive

468 3559 720 3604 naturam
746 3545 1071 3614 significant.
1103 3541 1211 3595 Illa
1241 3537 1558 3605 vero,',Deus
1587 3548 1641 3592 et
1668 3537 1850 3603 homo,
1880 3537 2039 3592 modo

466 3640 751 3697 essentiam
782 3637 1040 3701 indicant,
1082 3643 1140 3689 ut
1168 3648 1289 3688 cum
1323 3631 1553 3687 dicimus
1586 3648 1600 3686 :
1637 3630 1777 3684 Deus
1807 3630 2039 3684 essentia

467 3743 572 3797 est,
604 3747 724 3801 qua:
785 3727 1169 3796 comprehendi
1232 3739 1337 3779 non
1386 3731 1607 3793 potest:
1644 3731 1698 3775 et
1758 3721 1896 3775 Deus
1953 3730 2035 3775 est

466 3840 602 3879 unus
628 3841 642 3890 ;
680 3822 837 3877 modo
873 3833 1133 3890 personas
1153 3817 1452 3877 declarant,
1482 3817 1546 3870 de
1575 3814 1768 3884 quibus
1798 3813 1871 3867 ita
1902 3812 2037 3867 dici-

465 3927 573 3979 tur,
607 3922 668 3968 ut
712 3911 917 3981 species
970 3910 1037 3965 de
1072 3908 1183 3963 suis
1230 3906 1541 3970 individuis,
1586 3904 2036 3975 quemadmodum

465 4010 515 4058 in
551 4021 615 4057 eo
646 4003 939 4072 Scriptura!
971 4000 1087 4053 loco
1112 4016 1125 4052 :
1151 3997 1432 4065 Propterea
1453 3996 1605 4049 unxit
1634 4005 1683 4048 te
1710 3992 1874 4060 Deus,
1903 3992 2037 4048 Deus

469 4111 587 4149 mlta
619 4096 661 4148 ¹.
694 4093 831 4147 Ecce
858 4092 997 4145 enim
1035 4090 1125 4143 hic
1146 4087 1359 4142 Patrem
1399 4096 1454 4140 et
1476 4084 1666 4140 Filium
1694 4084 2033 4155 signiﬁcavit.

467 4187 529 4239 Et
564 4202 683 4245 cum
720 4184 850 4253 legis
880 4184 935 4236 in
958 4182 1062 4235 alio
1089 4182 1242 4234 loco:
1281 4178 1453 4233 Homo
1487 4177 1705 4246 quidam
1734 4186 1843 4229 erat
1872 4177 1929 4230 in
1956 4192 2039 4230 re-

465 4279 616 4346 gione
637 4275 880 4329 Ausitide
911 4272 951 4328 ³.
977 4271 1077 4327 Job
1105 4272 1247 4326 enim
1276 4271 1421 4324 solus
1457 4268 1744 4323 indicatur.
1774 4266 2035 4333 Quoniam

468 4370 628 4438 igitur
659 4369 710 4420 in
753 4365 977 4420 Domino
1017 4373 1200 4417 nostro
1243 4360 1369 4416 Jesu
1409 4358 1626 4413 Christo
1651 4359 1786 4413 duas
1817 4368 2036 4413 naturas

2141 3167 2489 3240 ἀνθρωπίνης
2536 3169 2752 3238 φύσεως
2784 3170 2914 3240 μίαν
2964 3170 3126 3240 φύσιν
3186 3171 3521 3235 άποτελέσας
3582 3170 3719 3225 σῦν-

2141 3259 2315 3314 θετον.

2494 3352 2606 3407 Τοῦ
2642 3351 2849 3411 αὑτοῦ.
2885 3351 3228 3420 Κεφάλαιον
3257 3353 3358 3423 ξη’.

2210 3444 2284 3499 T6
2353 3445 2455 3516 μὲν
2507 3444 2607 3514 τῆς
2664 3444 2918 3514 θεότητος
2985 3444 3081 3498 καὶ
3128 3447 3225 3515 τῆς
3287 3445 3718 3515 ἁνθρωπότητος

2138 3536 2310 3608 θνομα
2334 3536 2440 3590 τῶν
2461 3537 2658 3591 οὐσιῶν
2682 3538 2854 3602 ἐστιν,
2879 3537 2998 3607 ἦτοι
3031 3538 3247 3606 φύσεων
3274 3541 3712 3609 παραστατικὸν·

2138 3628 2199 3681 τὸ
2242 3629 2299 3681 δὲ
2336 3628 2468 3691 Θεὸς
2496 3629 2591 3682 καὶ
2630 3628 2913 3699 ἄνθρωπος
2947 3634 3043 3684 καὶ
3082 3631 3177 3684 ἐπὶ
3215 3632 3313 3701 τῆς
3352 3630 3538 3692 οὐσίας
3582 3634 3718 3684 τάτ-

2138 3736 2289 3774 τεται
2310 3733 2327 3752 ⁹
2355 3720 2431 3773 ὥσ
2442 3736 2543 3790 περ
2570 3720 2696 3774 ὃταν
2721 3720 2972 3791 λέγομεν,
3001 3722 3135 3786 Θεός
3155 3725 3302 3777 ἐστιν
3322 3723 3715 3791 ἀκατάληκτός

2138 3811 2318 3877 οὐσία,
2348 3812 2442 3864 καὶ
2481 3813 2562 3866 ὅτι
2608 3808 2688 3876 εἷς
2734 3813 2762 3865 6
2800 3813 2952 3877 Θεός.
2984 3815 3348 3884 λΔαμὸάνεται
3383 3816 3437 3869 δὲ
3470 3817 3567 3867 καὶ
3610 3817 3714 3870 ἐπὶ

2136 3904 2246 3957 τῶν
2280 3905 2653 3970 ὑποστάσεων,
2686 3905 2761 3966 ὡς
2788 3904 2882 3958 τοῦ
2924 3908 3299 3977 μερικωτέρου
3329 3908 3619 3977 δεχομένου
3647 3910 3713 3963 τὸ

2138 3996 2233 4047 τοῦ
2259 3996 2694 4066 καθολικωτέρου
2726 3997 2895 4067 ὄνομα
2921 4015 2933 4028 ·
2968 3999 3043 4061 ὡς
3067 3999 3196 4052 ὅταν
3227 4001 3391 4069 φησὶν
3422 4003 3453 4069 ἡ
3489 4001 3706 4072 Γραφὴ,

2139 4087 2239 4138 Διὰ
2262 4085 2439 4140 τοῦτο
2470 4085 2675 4154 ἐχρισέ
2704 4102 2777 4140 σε
2796 4091 2826 4140 d
2859 4089 3022 4153 Θεὸς,
3055 4092 3086 4142 d
3119 4090 3263 4155 Θεός
3290 4106 3429 4154 σου,
3464 4091 3568 4145 ίδου
3596 4091 3714 4163 γὰρ

2136 4178 2228 4230 τὸν
2255 4177 2473 4248 Πατέρα
2494 4179 2588 4231 καὶ
2615 4176 2705 4230 τὸν
2733 4179 2858 4231 Υἱὸν
2881 4183 3121 4249 ἐσήμανε
3143 4195 3159 4212 ·
3188 4183 3280 4234 καὶ
3300 4181 3377 4244 ὡς
3401 4182 3530 4237 ὅταν
3549 4183 3716 4256 λέγῃ,

2141 4271 2472 4338 Ἄνθρωπός
2516 4286 2608 4335 τις
2638 4265 2717 4339 ἦν
2745 4270 2814 4322 ἐν
2836 4269 2993 4338 χώρᾳ
3025 4270 3098 4340 τῇ
3124 4272 3428 4326 Αὺσίιιιὸιο
3469 4273 3561 4325 τὸν
3596 4275 3733 4345 γὰρ

2150 4362 2269 4415 Ἱὼσ
2310 4362 2472 4431 μόνον
2506 4362 2794 4432 ἐδήλωσεν.
2838 4364 2959 4416 Ἐπὶ
3005 4363 3137 4431 γοῦν
3171 4364 3266 4417 τοῦ
3310 4365 3521 4437 Κυρίου
3548 4367 3720 4437 ἡμῶν

464 4461 824 4529 agnoscimus,
881 4466 932 4510 et
961 4470 1122 4511 uuam
1156 4462 1362 4506 tantum
1409 4465 1724 4521 personam,
1788 4465 1908 4520 qua:
1963 4464 2027 4504 ex

2145 4453 2318 4524 Ἰησοῦ
2352 4454 2613 4525 Χριστοῦ,
2651 4454 2841 4526 ἐπειδὴ
2883 4454 2976 4510 δύο
3014 4456 3116 4526 μὲν
3146 4458 3245 4521 τὰς
3291 4458 3487 4526 φύσεις
3540 4460 3722 4529 γινώ-

465 4567 694 4622 utraque
730 4559 943 4604 constat
975 4558 1169 4601 natura
1201 4563 1213 4598 :
1242 4544 1467 4615 proinde
1487 4558 1609 4597 cum
1648 4553 1871 4596 naturas
1906 4557 2035 4595 con-

462 4643 821 4714 templemur,
882 4639 1216 4695 divinitatem
1288 4645 1340 4690 et
1397 4635 1725 4688 humanitem
1785 4632 2031 4688 dicimus.

461 4737 688 4803 Quando
724 4744 902 4788 autem
934 4747 995 4786 ex
1031 4740 1223 4784 natura
1254 4733 1589 4782 conStantem
1641 4737 1949 4793 personam,
1986 4722 2031 4777 si

462 4845 529 4883 ex
561 4838 791 4897 utraque
829 4834 1020 4878 natura
1054 4831 1307 4876 constare
1338 4819 1735 4881 consideretur,
1759 4830 1880 4870 eam
1918 4826 2029 4869 tum

459 4920 759 4982 Christum,
806 4925 919 4970 tum
970 4914 1164 4976 Deum,
1208 4922 1319 4966 tum
1367 4914 1636 4966 hominem
1675 4925 1739 4964 ex
1777 4924 1935 4978 teque
1980 4918 2034 4964 et

461 5009 625 5061 Deum
658 5005 930 5060 hominem
985 5002 1181 5056 factum
1213 5001 1575 5056 nominamus.
1650 5000 1743 5056 Sin
1791 5012 1856 5054 ex
1906 5013 2031 5065 una,

462 5112 573 5156 tum
604 5105 773 5157 Deum
811 5103 1067 5156 duntaxat
1104 5109 1155 5152 et
1210 5098 1403 5151 Filium
1440 5096 1559 5163 Dei,
1617 5106 1725 5151 tum
1761 5096 2029 5151 hominem

462 5197 634 5249 solum
688 5193 1041 5265 appellamus.
1076 5190 1139 5244 Et
1168 5191 1455 5258 aliquando
1506 5191 1722 5258 quidem
1761 5205 1825 5243 ex
1856 5188 2030 5244 Subli-

462 5288 723 5341 miorilnls
746 5286 1069 5350 rationibus,
1100 5283 1390 5350 aliquando
1422 5291 1600 5336 autem
1627 5297 1691 5335 ex
1720 5281 2023 5335 humiliori-

462 5380 561 5431 bus
583 5379 979 5431 consideratur.
1004 5375 1159 5430 Unus
1197 5375 1336 5425 enim
1369 5381 1472 5438 est,
1497 5373 1609 5427 sive
1643 5372 1762 5436 hoc,
1797 5372 1909 5425 sive
1943 5371 2031 5424 illo

460 5468 621 5521 modo
654 5467 907 5523 similiter
938 5468 1184 5521 exsistat.
1210 5463 1327 5518 Jam
1366 5480 1487 5518 cum
1527 5465 1865 5517 (livinitutettt
1901 5462 2030 5515 dici-

464 5573 603 5621 mus,
630 5571 750 5612 eam
781 5558 1140 5612 humanitatis
1182 5556 1603 5624 proprietatibus
1637 5570 1742 5607 non
1782 5556 2029 5606 denomi-

536 5734 551 5765 ‘
579 5732 710 5789 an.
740 5700 877 5797 1,.‘28
900 5749 1015 5799 sqq.
1093 5736 1112 5764 ¹
1142 5730 1281 5785 Psal.
1319 5746 1463 5791 κων,
1495 5728 1547 5781 8.
1628 5729 1648 5760 ³
1669 5728 1769 5782 Job
1800 5743 1835 5789 ι,
1864 5729 1910 5783 1.

2140 4563 2365 4616 σκομεν,
2400 4547 2527 4617 μίαν
2556 4547 2614 4600 δὲ
2641 4547 2736 4617 τὴν
2769 4549 3072 4603 ὑπόστασιν
3101 4550 3161 4616 ἐξ
3205 4551 3535 4621 ἀμφοτέρων
3576 4555 3724 4607 σύν-

2138 4637 2309 4698 θετον,
2339 4638 2466 4690 ὅταν
2512 4641 2610 4706 μὲν
2653 4639 2753 4701 τὰς
2793 4638 2985 4708 φύσεις
3011 4641 3434 4711 ἀναθεωρῶμεν,
3476 4643 3725 4714 θεότητα

2137 4732 2231 4781 καὶ
2261 4731 2651 4801 ἁνθρωπότητα
2686 4732 2957 4803 καλοῦμεν
2976 4749 2992 4767 ·
3025 4736 3153 4787 ὅταν
3181 4733 3238 4786 δὲ
3268 4735 3367 4805 τὴν
3394 4738 3455 4787 ἐκ
3490 4736 3723 4805 φύσεως

2140 4822 2485 4875 συντεθεῖσαν
2522 4823 2841 4890 ὑπόστασιν,
2881 4825 3011 4877 ποτὲ
3055 4826 3153 4894 μὲν
3184 4826 3247 4878 ἐκ
3276 4826 3372 4879 τοῦ
3426 4844 3723 4898 συναμφοο

2134 4912 2296 4981 τέρου
2326 4913 2558 4983 Χριστὸν
2603 4913 2963 4982 ὀνομάζομεν,
2993 4915 3086 4966 καὶ
3112 4914 3246 4967 Θεὸν
3283 4916 3378 4968 καὶ
3417 4913 3726 4986 ἄνθρωπον

2134 5005 2276 5057 κατὰ
2304 5004 2517 5070 ταύτὸν,
2557 5008 2644 5058 καἴ
2686 5005 2821 5058 Θεὸν
2862 5007 3319 5076 σεσαρκωμένονο
3362 5008 3494 5059 ποτὲ
3544 5008 3607 5063 δι
3646 5011 3729 5076 ἐξ

2134 5097 2252 5158 ἑνὸς
2289 5097 2398 5149 τῶν
2450 5098 2635 5167 μερῶν
2683 5098 2816 5149 Θεὸν
2856 5099 3037 5166 μόνον,
3085 5101 3179 5153 καὶ
3216 5098 3342 5151 Υὶὸν
3393 5098 3549 5164 Θεοῦ,
3615 5104 3734 5158 καὶ

2138 5188 2423 5259 ἄνθρωπον
2453 5188 2633 5257 μόνον,
2667 5192 2762 5242 καὶ
2798 5191 2911 5243 υἱὸν
2946 5190 3238 5261 ἀνθρώπου
3262 5205 3277 5220 ⁸
3309 5190 3404 5243 καὶ
3436 5189 3571 5244 ποτὲ
3610 5192 3738 5261 μὲν

2137 5283 2199 5333 ἐκ
2231 5281 2338 5333 τῶν
2370 5281 2591 5349 ὑψηλῶν
2646 5284 2843 5351 μόνων,
2903 5285 3033 5334 ποτὲ
3071 5283 3128 5336 δὲ
3174 5285 3238 5335 ὲκ
3278 5284 3386 5335 τῶν
3430 5284 3747 5339 ταπεινῶν

2142 5375 2336 5441 μόνων.
2369 5370 2461 5434 Εἷς
2486 5373 2590 5442 γάρ
2615 5376 2759 5425 ἐστιν
2791 5374 2819 5425 ὀ
2845 5375 3091 5439 κάκεῖνο,
3125 5375 3221 5426 καὶ
3252 5375 3409 5427 τοῦτο
3444 5356 3751 5445 ὑπάρχων

2136 5464 2357 5528 ὁμοίως.
2389 5463 2629 5533 Θεότητα
2668 5465 2767 5532 μὲν
2798 5462 2893 5516 οὖν
2926 5464 3198 5531 λέγοντες,
3232 5466 3293 5518 οὑ
3332 5468 3755 5533 κατονομαζο-

2142 5571 2239 5622 μεν
2273 5555 2443 5625 αὐτῆς
2472 5558 2541 5609 τὰ
2573 5557 2664 5625 τῆη
2699 5556 3116 5626 ἀνθρωπότητος
3156 5556 3422 5627 ἰδιώματα
3446 5574 3460 5590 ο
3506 5561 3569 5609 οὐ
3603 5563 3677 5627 γά
3699 5582 3759 5633 ρ
