4024 6208
283 373 378 435 Ξ3Ί
1227 375 1312 433 ΡΛ
1324 375 1603 435 NUFLIA
1648 374 1840 435 DOGM

1948 375 2103 441 'ICA.

2196 402 2210 412 ·
2244 378 2393 439 ἸῚΤ.
2438 378 2571 441 VII.
3410 383 3453 444 -2
3487 384 3522 444 8

282 500 455 553 φαμεν
492 483 727 554 θεότητα
784 482 1035 554 παθητὴν
1088 484 1120 554 ἤ
1170 486 1433 556 κτιστήψ
1483 485 1607 540 οὔτε
1649 487 1705 539 δὲ
1754 486 1840 555 τῆς

1958 503 2170 543 namus.
2202 488 2388 559 Neque
2414 490 2561 545 enim
2627 490 2856 545 dicimus
2895 489 3228 544 divinitatem
3261 493 3390 559 pati,
3427 505 3519 547 aut

280 576 496 647 σαρκὸς,
548 577 670 646 ἦτοι
702 576 805 646 τῆς
842 575 1266 647 ἁνθρωπότητος
1316 577 1736 649 κατηγοροῦμεν
1776 578 1847 631 τὰ

276 671 368 738 τῆς
397 670 655 737 θεότητος
686 668 977 738 ἰδιώματα.
1017 670 1095 724 Οὑ
1141 671 1251 737 γάρ
1280 687 1460 740 φαμεν
1500 671 1700 740 σάρκα,
1728 670 1849 739 ἦτοι

279 760 672 830 ἀνθρωπότητα
718 759 997 813 ἄκτιστον.
1040 761 1166 814 Ἐπὶ
1217 762 1275 814 δὲ
1319 761 1419 831 τῆς
1470 763 1848 827 ὑποστάσεως,

278 854 371 906 κᾶν
400 855 464 907 ὲκ
498 854 593 906 τοῦ
629 855 1065 924 συναμφοτέρου,
1119 856 1225 909 κᾶν
1262 852 1323 919 ἐξ
1361 855 1475 918 ἑνὸς
1509 854 1620 907 τῶν
1661 855 1846 925 μερῶν

276 946 475 1015 ταύτην
510 945 896 1015 όνομάσωμεν,
947 948 1280 1016 ἀμφοτέρων
1339 947 1448 1001 τῶν
1504 946 1721 1017 φύσεων
1777 946 1848 1000 τὰ

278 1034 537 1104 ίδιώματα
595 1035 735 1105 αὑτῇ
798 1035 1136 1106 ὲπιτίθεμεν.
1196 1038 1302 1089 Καὶ
1343 1037 1452 1109 γὰρ
1503 1040 1531 1090 ὁ
1585 1038 1842 1107 Χριστὸς,

274 1124 404 1191 ὅπερ
426 1123 547 1173 ἐστὶ
571 1121 633 1173 τὸ
664 1122 1101 1192 συναμφότερον,
1135 1122 1228 1174 καὶ
1250 1122 1380 1185 Θεὸς
1435 1124 1529 1176 καὶ
1555 1122 1844 1193 ἄνθρωπος

273 1213 509 1279 λέγεται,
549 1215 646 1266 καὶ
696 1213 916 1275 κτιστὸς
970 1215 1063 1267 καὶ
1116 1215 1392 1277 ἄκτιστος,
1450 1215 1545 1268 καὶ
1599 1215 1843 1285 παθητὸς

272 1303 362 1354 καὶ
408 1303 655 1373 ἀπαθής.
715 1305 825 1356 Καὶ
874 1303 1003 1356 ὃταν
1037 1306 1095 1369 ἑξ
1136 1304 1254 1367 ἐνὸς
1304 1305 1413 1357 τῶν
1470 1304 1653 1376 μερῶν
1714 1306 1844 1368 Υἱὸς

270 1394 399 1448 Θεοῦ
431 1396 530 1449 καὶ
577 1397 709 1458 Θεδς
733 1397 1093 1465 ὀνομάζηται,
1120 1396 1336 1468 δέχεται
1375 1397 1445 1451 τὰ
1481 1398 1581 1467 τῆς
1610 1414 1844 1464 συνυφε-

276 1486 537 1556 στηκυίας
566 1487 785 1554 φύσεως
822 1488 1113 1559 ίδ.ώματα,
1149 1490 1269 1561 ητοι
1302 1489 1404 1560 τῆς
1446 1489 1674 1560 σαρκὸς,
1707 1489 1841 1553 Θεὸς

270 1581 505 1650 παθητὸς
529 1581 955 1650 ὀνομαζόμενος,
978 1582 1074 1635 καὶ
1101 1581 1306 1653 Κύριος
1331 1582 1431 1653 τῆς
1454 1582 1615 1654 δόξης
1645 1583 1845 1636 ἐσταυ-

274 1676 533 1746 ρωμένος,
585 1676 647 1727 οὑ
687 1676 825 1728 καθὸ
868 1675 1023 1741 Θεὸς,
1081 1676 1219 1730 ἀλλὰ
1280 1675 1415 1731 καθὸ
1467 1676 1757 1744 ἄνθρωπος
1813 1678 1843 1729 ὁ

272 1769 443 1826 αὑτός.
482 1769 599 1821 Καὶ
624 1769 756 1820 ὅταν
792 1766 1105 1838 ἄνθρωπος,
1139 1770 1236 1822 καὶ
1259 1768 1375 1831 υίὸς
1402 1768 1694 1840 ἀνθρώπου
1723 1768 1842 1821 ὀνο-

1954 587 2194 633 creatam
2227 594 2367 635 esse.
2424 579 2533 637 Nec
2579 595 2794 636 rursum
2825 580 2895 637 de
2925 595 3091 637 carne
3130 592 3224 637 aut
3277 586 3521 638 humani-

1955 677 2067 723 tate
2099 669 2408 728 divinitatis
2466 674 2827 744 proprietates
2877 676 3246 732 euuntiamus.
3271 677 3523 744 Quando-

1949 760 2167 829 quidem
2214 774 2313 818 nec
2343 776 2588 833 carnem,
2650 780 2749 821 nec
2787 764 3185 821 humanitatem
3227 768 3520 824 inereatant

1949 850 2301 921 appellamus.
2327 854 2395 908 At
2420 870 2685 924 persona,
2713 858 2828 912 sive
2859 872 2924 911 ex
2958 873 3087 925 una,
3113 859 3228 916 sive
3254 874 3319 915 ex
3354 872 3507 916 utra-

1948 955 2237 1014 que.parte
2287 948 2653 1015 nominemus,
2693 950 2978 1021 utriusque
3033 964 3241 1008 natura:
3273 956 3519 1023 proprie-

1952 1043 2092 1091 tates
2123 1036 2495 1093 attribuimns.
2516 1039 2730 1094 Etenim
2765 1040 3034 1107 Christus,
3066 1058 3261 1113 quema
3285 1048 3517 1103 lmodum

1947 1134 2237 1196 utrumque
2260 1137 2365 1193 est,
2392 1130 2471 1185 sic
2496 1131 2662 1185 etiam
2691 1131 2911 1199 dicitur,
2943 1143 3057 1188 tum
3089 1134 3229 1191 Deus
3248 1146 3304 1191 et
3333 1138 3518 1203 homo,

1951 1227 2061 1272 tum
2104 1230 2317 1274 creatus
2357 1229 2412 1276 et
2470 1222 2762 1290 increatus,
2807 1232 2920 1277 tum
2982 1225 3092 1294 pali
3151 1237 3205 1281 et
3238 1243 3342 1283 non
3385 1231 3519 1298 pati.

1949 1308 2087 1375 Quin
2115 1310 2277 1365 etiam
2320 1327 2441 1366 cum
2469 1306 2535 1367 ex
2570 1330 2673 1369 una
2709 1325 2914 1372 tantum
2941 1325 3118 1387 parte,
3151 1318 3236 1374 vel
3262 1318 3401 1375 Deus
3428 1330 3523 1375 aut

1947 1400 2113 1455 Filius
2142 1402 2233 1456 Dei
2274 1404 2604 1466 nominatur,
2664 1406 2975 1477 conjunctae
3021 1409 3122 1463 sibi
3157 1419 3367 1464 naturte
3420 1425 3515 1465 seu

1944 1495 2131 1547 carnis
2156 1494 2381 1562 suscipit
2416 1496 2798 1563 proprietates.
2834 1498 3073 1570 Itemque
3112 1503 3253 1557 Deus
3300 1518 3511 1571 passus,

1944 1592 1999 1634 et
2061 1581 2317 1637 Dominus
2362 1584 2548 1652 gloria
2594 1583 2784 1639 aﬂixus
2829 1602 3001 1651 Cl'llCl,
3068 1605 3173 1644 non
3251 1602 3520 1660 quatenus

1947 1670 2111 1737 Deus,
2143 1674 2236 1726 sed
2268 1683 2537 1741 quatenus
2569 1676 2755 1741 homo,
2789 1676 2991 1730 dicitur
3023 1693 3035 1727 :
3082 1680 3167 1733 vel
3196 1680 3384 1745 homo,
3420 1695 3515 1737 aut

1948 1764 2087 1819 ﬁlius
2142 1764 2376 1819 hominis
2405 1776 2649 1829 vocatur,
2679 1769 3141 1826 essentia-divina:
3166 1774 3521 1842 ptoprietatts

273 1856 529 1927 μάζηται,
559 1857 779 1926 δέχεται
802 1858 869 1910 τά
906 1857 1007 1928 τῆς
1035 1857 1185 1921 θείας
1226 1858 1416 1920 οὐσίας
1450 1838 1722 1928 ἰδιώματα
1746 1858 1840 1911 καὶ

1948 1864 2003 1908 (ιι
2046 1855 2339 1926 dignitates
2389 1856 2649 1921 admittit,
2685 1871 3017 1927 vocaturque
3072 1838 3333 1930 puerulus
3386 1874 3517 1919 ante

272 1949 582 2019 αὐχήματα,
611 1949 825 2002 παιδίον
856 1950 1211 2020 προαιώνισν,
1241 1957 1337 2003 καὶ
1366 1950 1651 2020 ἄνθρωπος
1677 1950 1846 2019 άναρ-

272 2057 327 2109 χο
358 2080 373 2104 ,
404 2041 471 2093 οὑ
524 2040 665 2092 καθὸ
710 2040 944 2107 παιδίον,
993 2041 1093 2094 καὶ
1138 2040 1447 2111 ἄνθρωπος,
1507 2041 1646 2096 ἀλλὰ
1706 2041 1845 2099 καθὸ

272 2133 394 2195 Θεὸς
437 2132 517 2185 ὢν
566 2131 896 2203 προαιώνιος
922 2135 1149 2201 γέγονεν
1194 2134 1285 2188 ἐπ’
1320 2134 1570 2204 ἐσχάτων
1604 2134 1843 2191 παιδίον.

273 2226 373 2278 Καὶ
408 2219 568 2287 οὗτός
601 2227 752 2279 ἐστιν
777 2227 806 2279 ὀ
835 2227 1036 2296 τρόπος
1074 2228 1172 2297 τῆς
1201 2227 1546 2290 ἀντιδόσεως,
1573 2229 1843 2297 ἑκατέρας

271 2315 484 2382 φύσεως
520 2314 902 2386 άντιδιδοὺσης
936 2318 1004 2387 τῇ
1046 2317 1209 2387 ἑτέρα
1234 2319 1303 2370 τά
1336 2316 1445 2370 ἴδια
1497 2316 1585 2371 διὰ
1614 2316 1714 2385 τὴν
1744 2317 1843 2385 τῆς

270 2404 620 2466 ὑποστάσεως
671 2406 978 2475 ταυτότητα
1017 2407 1112 2460 καὶ
1165 2406 1267 2477 τὴν
1299 2406 1378 2470 είς
1408 2406 1615 2476 ἄλληλα
1662 2406 1843 2460 αὑτῶν

270 2498 664 2568 περιχώρησιν.
718 2499 876 2552 Κατὰ
926 2498 1088 2551 τοῦτο
1139 2498 1418 2569 δυνάμεθα
1480 2500 1656 2552 εἰπεῖν
1710 2498 1843 2567 περὶ

270 2592 529 2661 Χριστοῦ,
560 2586 730 2653 uino,-
758 2592 785 2643 ό
808 2590 942 2653 Θεὸς
958 2589 1115 2660 ἡμῶν
1149 2590 1249 2644 ἐπὶ
1269 2588 1376 2658 τῆς
1395 2590 1510 2659 γῆς
1526 2590 1714 2661 ὤφθη,
1741 2591 1840 2647 καί

269 2683 386 2749 τοῖς
432 2683 766 2752 ἀνθρώποις
816 2681 1315 2752 συνάγω-τράφη.
1347 2684 1455 2736 Καὶ
1484 2684 1513 2737 ὁ
1550 2684 1842 2755 ἄνθρωπος

267 2775 415 2845 οὗτος
439 2781 702 2845 άκτιστός
724 2785 862 2846 ἐστι,
890 2783 986 2836 καὶ
1011 2781 1249 2854 ἀπαθὴς,
1273 2782 1372 2835 καὶ
1397 2785 1839 2855 ἀπερίγραπτος.

697 2977 814 3035 Τοῦ
837 2981 1045 3041 αὐτοῦ.
1070 2982 1294 3050 Κεφάλ.
1332 2988 1393 3036 ο’.

268 3074 390 3128 Ὀτι
419 3073 591 3153 πᾶσα
624 3076 678 3153 ῆ-
697 3076 823 3153 θείᾳ
858 3077 1043 3153 φύσις
1069 3074 1138 3125 ἐν
1164 3073 1272 3153 μιᾷ
1303 3074 1419 3153 τῷν
1439 3075 1660 3153 ἑαυτῆς
1689 3080 1840 3153 ὑπο-

332 3145 616 3198 στάσεων
646 3144 845 3212 imitat]
895 3146 1065 3211 πάσῃ
1112 3144 1184 3210 τῇ
1230 3147 1575 3215 ἀνθρωπίνῃ
1634 3149 1838 3214 φύσει.

330 3218 433 3268 καὶ
471 3218 545 3270 οὐ
572 3211 752 3284 μέρος
790 3215 975 3283 μέρει.
1019 3213 1368 3284 Ἀκαγκαῖος
1407 3211 1600 3271 of:er
1634 3211 1840 3283 λόγος,

330 3286 428 3339 καί
460 3282 583 3356 τῶν
601 3286 901 3353 λεγόντων
922 3283 1018 3356 ἐπὶ
1046 3282 1156 3351 τῆς
1186 3286 1358 3353 ἁγίας
1386 3286 1484 3339 καὶ
1508 3282 1840 3356 ὀμοουσίου

337 3355 586 3424 Τριάὸος
624 3358 777 3424 τρεῖς
796 3355 1047 3423 μερικὰς
1074 3356 1310 3421 οὐσίας.

332 3536 413 3592 Τά
440 3535 599 3590 κοινά
629 3535 723 3589 καὶ
756 3533 1017 3589 καθολικα
1057 3534 1487 3607 κατηγοροῦνται
1520 3537 1627 3591 τῶν
1656 3540 1841 3604 αὑτοῖς

271 3629 652 3700 ὑποκειμένων
689 3629 955 3699 μερικῶν.
1001 3628 1196 3682 Κοινὸν
1234 3628 1415 3681 τοίνυν
1452 3630 1484 3700 ἠ
1523 3630 1704 3696 οὑσία,
1741 3650 1837 3701 με·

276 3723 418 3793 ρικὸν
435 3722 493 3775 δὲ
517 3722 553 3791 ὴ
585 3720 907 3782 ὑπόστασις.
928 3720 1171 3790 Μερικὸν
1186 3720 1262 3785 δὲ,
1287 3721 1385 3791 οὑχ
1414 3722 1495 3776 ὅτι
1537 3723 1703 3793 μέρος
1736 3725 1837 3792 μὲν

271 3815 360 3883 τῆς
398 3812 620 3882 φύσεως
652 3812 786 3881 ἔχει,
831 3811 995 3881 μέρος
1027 3810 1082 3863 δὲ
1101 3810 1201 3863 οὑκ
1235 3810 1382 3879 ἔχει·
1428 3810 1564 3864 ἀλλὰ
1606 3812 1833 3880 μερικὸν

270 3904 340 3971 τῷ
370 3903 613 3975 ἀριθμῷ,
644 3902 720 3965 ὡς
747 3902 985 3971 ἄτομονο
1008 3901 1225 3972 ἀριθμῷ
1265 3903 1395 3972 γὰρ,
1418 3904 1513 3955 καὶ
1561 3903 1623 3954 οὑ
1679 3904 1838 3970 φύσει

272 3997 539 4067 διαφέρειν
554 3996 804 4062 λέγονται
835 3995 890 4047 ai
927 3994 1272 4056 ὑποστάσεις.
1300 3995 1698 4062 Κατηγορείται
1722 3995 1780 4046 δὲ
1805 3996 1835 4065 ἡ

272 4089 420 4142 οὐσία
443 4089 545 4158 τῆς
567 4087 942 4152 ὑποστάσεως,
969 4086 1100 4138 διότι
1130 4086 1186 4140 ὲν
1208 4086 1412 4156 ἑκάστῃ
1439 4086 1546 4138 τῶν
1575 4086 1833 4154 ὁμοειδῶν

277 4179 621 4233 ὑποστάσεων
655 4176 836 4231 τελεία
864 4177 897 4246 ἡ
926 4176 1081 4229 οὑσία
1102 4175 1239 4231 ἐστί.
1274 4175 1367 4229 Διὸ
1396 4178 1456 4230 οὑ
1486 4175 1836 4247 διαφέρουσιν

278 4273 511 4343 ἀλλήλων
555 4272 611 4325 αἱ
652 4268 985 4332 ὑποστάσεις
1026 4270 1147 4321 κατ’
1171 4267 1382 4333 οὐσίαν,
1414 4268 1549 4320 ἀλλὰ
1583 4268 1724 4320 κατὰ
1766 4268 1835 4320 τὰ

284 4365 677 4434 συμϐεϐηκότα,
706 4361 867 4417 ἅτινά
910 4362 1017 4414 εἰσι
1050 4361 1117 4414 τὰ
1166 4361 1647 4429 χαρακτηριστικὰ
1685 4360 1829 4412 ἰδιῶ-

286 4473 455 4524 ματα·
507 4454 985 4525 χαρακτηριστικὰ
1033 4452 1088 4506 δὲ
1159 4452 1536 4514 ὑποστάσεως,
1603 4451 1719 4503 ἀλλ’
1771 4450 1834 4503 οὑ

286 4548 503 4615 φύσεως.
542 4548 650 4602 Καὶ
684 4550 795 4618 γὰρ
842 4546 941 4617 τὴν
995 4546 1292 4600 ὑπόστασιν
1335 4545 1606 4615 ὁρίζονται
1648 4546 1837 4599 οὐσίαν

283 4644 413 4708 μετὰ
468 4640 914 4710 συμϐεϐηκότων.
970 4639 1133 4690 Ὥστε
1186 4638 1246 4690 τὸ
1311 4637 1489 4689 κοινὸν
1544 4638 1681 4706 μετὰ
1740 4636 1833 4690 τοῦ

282 4732 563 4798 ἰδιάζοντος
604 4733 715 4804 ἔχει
759 4722 1161 4803 ήίὺπόστασις,
1201 4729 1298 4784 καὶ
1338 4730 1399 4783 τὸ
1458 4729 1580 4781 καθ’
1635 4729 1835 4800 ἑαυτὴν

280 4820 529 4895 ὑπάρξαι.
574 4825 639 4876 Ἦ
691 4823 849 4876 οὑσία
889 4821 944 4874 δὲ
979 4819 1102 4874 καθ’
1141 4819 1340 4887 ἑαυτὴν
1382 4821 1481 4889 οὑχ
1523 4819 1837 4886 ὑφίσταται,

281 4916 387 4970 ἀλλ’
418 4920 473 4970 ὲν
505 4920 619 4980 ταῖς
659 4916 991 4969 ὑποστάσεσι
1027 4914 1332 4983 θεωρεῖται.
1375 4911 1697 4982 Πασχοὺσης
1730 4915 1837 4966 τοί·

279 5025 369 5059 νυν
399 5013 518 5078 μιᾶς
552 5009 662 5063 τῶν
690 5008 1060 5072 ὑποστάσεων,
1104 5004 1254 5058 πᾶσα
1288 5005 1320 5075 ἡ
1356 5003 1535 5070 οὐσία,
1557 5003 1679 5056 καθ’
1707 5004 1775 5073 ἢν
1804 5005 1837 5073 ἡ

280 5097 562 5161 ὑπόστασις
598 5097 928 5152 πεπονθέναι
964 5096 1205 5166 λέγεται,
1244 5097 1302 5148 ὲν
1356 5097 1457 5166 μιᾷ
1499 5094 1606 5149 τῶν
1640 5095 1840 5164 ἑαυτῆς

280 5188 640 5255 ὑποστάσεων,
676 5191 737 5243 οὑ
775 5190 1047 5260 μέντοιγε
1081 5188 1295 5256 ἀνάγκη
1325 5188 1509 5249 πάσας
1538 5189 1639 5249 τὰς
1658 5187 1841 5255 ὁμοει-

276 5280 383 5345 δεῖς
413 5284 737 5346 ὑποστάσεις
776 5283 1125 5353 συμπάσχειν
1170 5281 1238 5351 τῇ
1284 5279 1572 5351 πασχούσῃ
1601 5279 1842 5333 ὑποστά-

279 5384 385 5422 σει.
413 5372 562 5425 Οὑτω
584 5375 767 5426 τοίνυν
796 5371 1167 5441 ὁμολογοῦμεν
1203 5371 1301 5442 τὴν
1328 5374 1426 5442 τῆς
1461 5371 1716 5438 θεότητος
1742 5370 1838 5438 φύ-

278 5472 364 5510 σιν
392 5462 564 5514 πᾶσαν
596 5460 813 5515 τελείαν
843 5457 982 5514 εἶναι
1011 5462 1071 5513 ἐν
1100 5460 1308 5531 ἑκάστῃ
1336 5459 1445 5511 τῶν
1471 5460 1674 5527 ἑαυτῆς
1702 5460 1834 5512 ὑπο-

276 5553 534 5623 στάσεων,
564 5559 743 5611 πᾶσαν
767 5557 827 5609 ἐν
869 5557 1064 5635 Hercei,
1106 5557 1291 5610 πᾶσαν
1322 5557 1379 5607 ὲν
1405 5555 1539 5625 Υἰῷ,
1576 5557 1754 5609 πᾶσαν
1785 5556 1841 5609 ὲν

275 5645 418 5716 ἁγίῳ
443 5649 735 5721 Πνεὺματι.
772 5649 863 5702 Διὸ
908 5650 1001 5703 καὶ
1046 5650 1249 5712 τέλειος
1284 5648 1413 5712 Θεὸς
1452 5649 1480 5701 ό
1511 5650 1719 5719 Πατὴρ,
1758 5650 1839 5703 τέ-

354 5790 371 5819 ¹
408 5792 626 5847 Datttclt.
654 5811 731 5859 ttt,
760 5792 854 5857 58,

1949 1948 2165 2013 saecula,
2195 1958 2249 2003 et
2274 1949 2439 2002 homo
2480 1949 2597 2002 sine
2651 1950 2939 2018 principio.
2978 1968 3082 2005 non
3116 1965 3391 2024 quatenus
3433 1971 3523 2011 εει

1953 2039 2208 2109 puerulus
2257 2053 2349 2093 aut
2408 2040 2593 2106 humo,
2635 2042 2729 2095 sed
2764 2053 3032 2110 quatenus
3069 2043 3210 2099 Deus
3249 2046 3521 2101 exsistcns

1950 2141 2076 2186 ante
2102 2130 2303 2186 saecula
2336 2130 2387 2185 in
2426 2132 2736 2187 novissimis
2764 2142 2925 2188 natus
2952 2143 3037 2189 est
3066 2136 3301 2193 saeculis.
3339 2139 3522 2208 Atque

1951 2229 2064 2282 haec
2084 2226 2301 2297 quidem
2321 2234 2406 2280 est
2431 2225 2574 2282 ratio
2594 2235 2795 2281 mutuae
2846 2226 3177 2297 alternaeque
3213 2232 3521 2286 attributio-

1950 2324 2034 2377 uis
2057 2322 2339 2392 utriusque
2367 2330 2597 2390 naturae,
2626 2338 2749 2393 quae
2779 2337 2911 2380 suas
2951 2331 3179 2394 utraque
3205 2327 3516 2395 proprieta-

1952 2421 2033 2468 tes
2065 2412 2220 2467 alteri
2255 2412 2495 2471 vicissim
2533 2413 2760 2485 przebet,
2827 2423 3115 2485 propterea
3155 2417 3300 2486 quod
3355 2433 3518 2472 unam

1949 2514 2007 2561 et
2045 2504 2291 2560 eamdem
2346 2519 2634 2573 personam
2687 2506 3064 2572 constituunt,
3112 2521 3281 2577 seque
3328 2519 3520 2563 multm

1949 2597 2437 2668 comprehendunt.
2473 2596 2549 2650 Ex
2582 2613 2691 2667 quo
2714 2598 2794 2665 tit,
2826 2608 2882 2652 ut
2912 2599 2979 2653 de
3003 2598 3223 2653 Christo
3248 2604 3522 2670 possmus

1949 2689 2172 2745 dicere:
2207 2688 2306 2744 Hic
2340 2689 2479 2743 Deus
2505 2698 2686 2743 uoster
2716 2690 2768 2742 in
2805 2700 2946 2743 terra
2994 2691 3132 2745 visas
3175 2700 3272 2756 est,
3301 2701 3350 2746 et
3403 2710 3518 2745 cum

1946 2780 2242 2834 hominibus
2287 2789 2526 2834 versatus
2556 2780 2594 2833 ¹.
2650 2779 2756 2835 Et:
2813 2778 2911 2835 Hic
2960 2780 3124 2837 homo
3165 2796 3267 2837 nec
3304 2793 3522 2837 creatus

1947 2883 2049 2937 est,
2086 2887 2183 2928 nec
2214 2873 2437 2943 patitur,
2468 2887 2568 2928 nec
2604 2871 2712 2927 ullo
2753 2872 2988 2927 termino
3031 2874 3518 2931 circumscribitur.

2446 2980 2718 3049 Ejusdem.
2749 2980 2880 3049 Cap.
2914 2980 2998 3034 70.

1953 3077 2134 3127 Totam
2158 3068 2392 3127 divinam
2451 3072 2786 3126 naturamin
2848 3088 2954 3125 una
3011 3089 3231 3127 suarum
3273 3090 3525 3144 persona-

2018 3162 2134 3197 rum
2178 3146 2272 3197 toti
2312 3146 2558 3197 humana!
2610 3152 2819 3196 natura:
2865 3144 3203 3211 conjunctam
3252 3161 3381 3208 esse,
3422 3161 3523 3198 non

2021 3231 2197 3269 autent
2231 3225 2435 3284 partem
2488 3214 2650 3284 parti.
2696 3213 3097 3284 Quaquidem,
3130 3215 3302 3267 oratio
3352 3231 3524 3267 ηεαδ-

2024 3287 2167 3337 saria
2212 3282 2285 3338 est
2329 3282 2495 3336 etiam
2537 3283 2784 3353 atl_versus
2828 3282 2968 3343 illos,
3012 3283 3099 3353 qui
3154 3285 3209 3336 in
3253 3297 3439 3337 sancta
3476 3294 3524 3337 ct

2023 3356 2257 3424 ejusdem
2298 3355 2530 3407 eraemiw
2580 3351 2838 3405 Triuitate
2869 3361 2971 3405 tres
3015 3351 3253 3406 asserunt
3275 3369 3384 3408 esse
3410 3357 3519 3407 sin-

2021 3427 2145 3492 gula
2155 3441 2234 3478 res
2273 3424 2546 3477 essentias.

2026 3540 2157 3604 Quae
2186 3550 2496 3599 commune,
2542 3545 2598 3590 et.
2655 3534 2992 3603 universum,
3030 3553 3094 3592 ac
3147 3538 3313 3593 veluti
3350 3548 3524 3595 totum

1951 3634 2210 3704 quiddam
2248 3632 2612 3693 constituunt,
2642 3641 2705 3682 ea
2742 3627 2808 3682 de
2857 3629 3118 3699 subjectis
3143 3631 3244 3685 sibi
3278 3633 3523 3700 partibus

1950 3724 2231 3778 dicuntur.
2263 3720 2449 3790 Itaque
2505 3734 2628 3773 cum
2674 3721 2912 3775 essentia
2974 3735 3264 3775 commune
3316 3730 3370 3776 et
3400 3723 3525 3776 uni-

1953 3828 2167 3868 versum
2193 3812 2454 3882 quiddam
2483 3811 2577 3875 sit,
2614 3826 2677 3865 ac
2707 3812 2877 3866 totius
2929 3812 3197 3867 rationem
3257 3814 3522 3877 obtineat,

1954 3918 2186 3974 persona
2217 3910 2400 3955 autem
2429 3916 2554 3971 pars
2609 3901 2778 3970 (pars,
2818 3900 3063 3970 inquam,
3096 3917 3205 3957 non
3232 3904 3376 3973 quod
3425 3920 3522 3959 na-

1954 4005 2090 4048 tura:
2121 4003 2329 4063 partem
2365 3992 2585 4056 habeat,
2621 4000 2833 4062 partem
2886 4007 2995 4046 non
3031 3992 3246 4061 habeat,
3285 3995 3382 4049 sed
3417 4011 3524 4049 nu-

1953 4102 2103 4141 mero
2134 4100 2282 4156 pars,
2316 4095 2376 4140 ut
2402 4082 2775 4151 individuum;
2812 4099 3042 4140 numero
3076 4085 3248 4152 enim,
3280 4102 3387 4142 non
3424 4104 3521 4141 na-

1951 4182 2349 4248 tura'personm
2415 4174 2696 4246 differunt)
2728 4175 2963 4229 essentia
3011 4175 3208 4231 dicitur
3237 4176 3303 4231 de
3335 4192 3523 4248 perso-

1951 4288 2042 4335 na,
2076 4270 2331 4340 quoniam
2365 4271 2419 4323 in
2473 4283 2796 4339 unaquaque
2845 4268 3088 4339 ejusdem
3141 4269 3340 4338 speciei
3399 4287 3524 4339 per-

1954 4376 2213 4417 Sonarum
2246 4368 2331 4415 est
2359 4359 2595 4415 essentia
2622 4359 2879 4429 perfecta.
2937 4359 3300 4426 Quamobrem
3326 4375 3522 4425 persti-

1954 4468 2037 4507 ηας
2067 4452 2304 4507 essentia
2342 4466 2454 4507 non
2507 4450 2768 4506 differunt
2801 4450 2943 4504 inter
2993 4465 3085 4517 se,
3144 4451 3239 4506 sed
3273 4453 3523 4508 accidet:-

1876 4534 1916 4588 D
1949 4545 2115 4611 tibus,
2153 4543 2463 4599 accidentia
2498 4557 2633 4599 voco
2658 4544 3030 4607 characteres,
3075 4558 3141 4597 ac
3205 4553 3362 4599 notas
3405 4545 3523 4598 illas

1951 4636 2218 4708 prum-ias,
2250 4652 2369 4707 qua:
2394 4650 2708 4708 personam,
2754 4652 2860 4690 non
2898 4644 3079 4690 autem
3112 4636 3404 4690 essentiam
3424 4637 3521 4688 de-

1956 4731 2192 4800 signant.
2226 4730 2318 4785 Sic
2341 4729 2482 4783 enim
2513 4743 2798 4797 personam
2832 4726 3121 4789 definiunt,
3149 4737 3205 4780 ut
3232 4727 3301 4781 sit
3331 4741 3523 4780 ΘΒΒιιιι-

1952 4821 2022 4874 tia
2071 4836 2192 4875 cum
2247 4820 2620 4876 accidentibus
2687 4818 2996 4887 conjuncta.
3052 4818 3229 4882 Quare
3287 4832 3520 4886 persona

1951 4913 2116 4968 habet
2147 4912 2223 4974 id.
2259 4912 2401 4983 quod
2432 4922 2513 4967 est
2540 4926 2833 4966 commune
2872 4925 2994 4965 cum
3026 4910 3245 4979 prapria
3276 4918 3403 4964 nota
3429 4924 3523 4964 co-

1948 5005 2217 5076 pulatum.
2245 5004 2496 5060 Essenlia
2533 5012 2716 5058 autem
2747 5019 2855 5057 non
2891 5017 2986 5072 per
3038 5016 3097 5057 se
3128 5001 3395 5060 subsistit,
3423 5002 3518 5055 sed

1945 5096 1998 5151 in
2025 5097 2277 5167 personis
2303 5096 2699 5152 consideratur.
2731 5096 2920 5165 Itaque
2977 5111 3100 5150 cum
3158 5110 3265 5150 una
3321 5095 3521 5163 patitur

1945 5204 2330 5258 personarum,
2380 5188 2559 5242 omnis
2583 5188 2842 5252 essentia,
2883 5202 3162 5258 perquam
3213 5193 3296 5240 est
3331 5200 3521 5254 perso-

1946 5297 2039 5345 na,
2068 5280 2123 5334 in
2152 5295 2255 5333 una
2281 5294 2506 5333 suarum
2553 5294 2912 5349 personarum
2944 5278 3145 5332 dicitur
3204 5290 3384 5346 passa.
3412 5274 3522 5330 Nec

1949 5384 2129 5428 tamen
2164 5371 2409 5441 sequitur
2437 5371 2765 5434 necessario,
2806 5381 2863 5425 ut
2906 5385 3098 5424 omnes
3124 5367 3369 5439 ejusdem
3402 5382 3525 5436 sne-

1950 5466 2051 5521 ciei
2077 5481 2320 5538 persona:
2345 5466 2503 5520 simul
2531 5479 2653 5518 cum
2701 5464 2810 5527 illa,
2870 5477 2990 5532 quae
3041 5476 3198 5532 passa
3229 5469 3332 5524 est,
3393 5458 3526 5529 ipsa:

1950 5573 2164 5631 quoque
2188 5573 2359 5627 passae
2390 5557 2662 5610 dicantur.
2721 5554 2809 5610 Sic
2863 5569 2992 5624 ergo
3053 5554 3399 5618 confitemur,
3440 5561 3520 5604 to-

1955 5664 2061 5706 tam
2103 5647 2406 5705 Divinilatis
2438 5655 2686 5700 naturam
2716 5646 2769 5701 in
2831 5645 3057 5716 singulis
3112 5642 3366 5716 personis
3411 5642 3525 5697 suis
