3994 6204
444 324 549 387 239

1676 312 2055 372 EU‘I‘IIYMII
2098 313 2461 374 ZIGABENI
3577 306 3664 370 210

441 449 561 488 esse
596 430 911 502 perfectam,
947 437 1111 481 totam
1155 427 1207 478 in
1241 426 1419 487 Patre,
1458 429 1621 475 totam
1658 423 1710 474 in
1740 422 1897 487 Filio,
1928 431 2011 475 to-

2115 423 2256 485 )ειος
2288 422 2421 485 Θεὸς
2448 424 2477 475 6
2508 420 2653 484 Υἱὸς,
2693 418 2892 481 τέλειος
2921 417 3051 479 Θεὸς
3082 417 3143 471 τὸ
3176 412 3393 484 Πνεῦμα
3420 418 3480 471 τὸ
3505 419 3661 487 ἆγιον.

447 537 554 578 tum
583 524 639 576 in
665 521 871 591 Spiritu
913 527 1120 573 sancto.
1155 513 1418 581 Quocirca
1456 522 1509 566 ct
1562 511 1837 581 perfectus
1870 511 2012 565 Deus

445 623 530 667 est
586 612 765 676 Pater,
830 618 885 663 et
930 606 1203 676 perlectus
1251 602 1391 656 Deus
1446 611 1525 655 est
1576 601 1764 667 Filius,
1801 611 1854 656 et
1895 617 2013 668 pcr-

446 709 622 759 lectus
684 701 826 754 Dens
881 708 962 751 est
1020 696 1254 764 Spiritus
1314 703 1557 748 sanctus.
1624 692 1714 748 Sic
1770 694 1893 747 item
1957 694 2013 747 iu

449 792 783 847 humanitate
846 796 1122 855 assumpta
1195 786 1262 839 ab
1315 800 1423 839 uno
1479 794 1678 838 sanctae
1734 784 2016 838 Trinitatis

446 888 557 939 Deo
626 882 804 934 Verbo
864 890 1029 932 totum
1085 886 1139 931 et
1191 877 1488 947 perfectam
1553 874 1855 929 divinitatis
1918 892 2014 927 na-

443 988 642 1040 turam,
706 974 758 1025 in
813 985 916 1024 una
968 984 1189 1022 suarum
1250 980 1630 1038 personarum,
1679 967 1774 1019 toti
1828 966 2018 1019 huma—

441 1087 524 1124 me
583 1079 811 1129 naturre,
881 1081 987 1118 non
1054 1074 1233 1117 autem
1279 1071 1486 1132 partem
1518 1061 1652 1130 parti
1684 1060 1848 1114 fuisse
1887 1076 2017 1114 eon-

444 1166 688 1233 junctum
725 1158 970 1213 dicimus.
1010 1157 1167 1219 Nam,
1220 1165 1279 1209 ut
1312 1154 1529 1208 divinus
1586 1154 1762 1221 inquit
1788 1152 2019 1220 Aposto-

446 1256 551 1317 lus,
597 1251 661 1305 In
704 1252 818 1319 ipso
864 1248 1127 1302 inhabitat
1185 1247 1353 1299 omnis
1386 1240 1663 1312 'plenitudo
1723 1243 2017 1297 divinitatis

449 1344 792 1414 corporaliter
816 1343 854 1405 ί,
891 1342 943 1395 id
978 1350 1082 1402 est,
1117 1340 1170 1391 in
1198 1353 1362 1392 carne
1407 1339 1544 1404 ejus.
1578 1335 1641 1387 Et
1673 1334 1822 1388 Pauli
1860 1335 2023 1388 disci-

451 1436 613 1503 pulus
639 1433 691 1485 in
721 1432 885 1485 rebus
914 1428 1115 1483 divinis
1163 1427 1500 1496 explicandis
1531 1426 1799 1478 excellent
1820 1426 2019 1477 ssimus

448 1525 758 1595 Dionysius,
792 1521 856 1575 Se
879 1530 1067 1581 totam,
1099 1518 1293 1587 inquit,
1314 1519 1365 1569 in
1399 1533 1503 1569 una
1528 1532 1742 1569 suarum
1768 1531 2017 1583 persona-

445 1634 562 1670 rum
590 1612 1016 1667 communicavit.
1087 1609 1197 1662 Nec
1253 1618 1430 1659 tamen
1499 1622 1757 1676 cogemur
1813 1607 2016 1669 dicere,

446 1721 636 1760 tnnncs
666 1718 760 1758 seu
800 1712 911 1755 tres
939 1710 1139 1753 sanetae
1188 1698 1493 1752 divinitatis
1540 1713 1805 1766 personas
1839 1698 2018 1751 cinni-

447 1801 548 1851 bus
579 1794 933 1849 humanitatis
960 1789 1209 1861 personis
1253 1788 1555 1843 secundum
1610 1804 1873 1859 personas
1898 1802 2019 1842 esse
2053 1782 2092 1836 Β

446 1892 786 1957 eottjnnctas.
825 1886 977 1939 Nulla
1004 1885 1151 1938 enim
1185 1883 1311 1947 alia,
1362 1880 1469 1936 nisi
1531 1882 1937 1952 approbationis
1964 1892 2019 1937 et

450 1982 745 2036 voluntatis
773 1979 985 2032 ratione
1021 1976 1197 2039 Pater,
1235 1984 1287 2029 et
1346 1975 1583 2042 Spiritus
1644 1984 1868 2028 sanctus
1929 1989 2019 2027 as-

445 2087 676 2143 sumpta:
709 2088 735 2124 a
772 2072 882 2124 Deo
916 2069 1092 2123 Verbo
1131 2066 1457 2122 humanitati
1522 2066 2016 2120 communicarunt.

445 2168 635 2220 Totum
677 2179 806 2218 vero
840 2163 1143 2217 divinitatis
1182 2160 1478 2214 essentiam
1522 2160 1621 2214 toti
1652 2160 1903 2215 humana:
1932 2177 2020 2214 na-

447 2270 582 2313 turae
616 2256 962 2325 conjunctam
1000 2251 1320 2315 asserimus,
1364 2249 1491 2318 quia
1519 2248 1653 2303 nihil
1681 2264 1870 2304 eorum
1898 2265 2019 2320 quae

448 2362 653 2404 naturae
686 2354 889 2401 nostra:
923 2344 1067 2399 Deus
1131 2342 1365 2397 Verbum
1404 2343 1655 2406 inseruit,
1696 2358 1820 2398 cum
1858 2344 2017 2398 initio

444 2458 543 2496 nos
577 2444 914 2510 procrearet,
947 2435 1176 2493 dimisit.
1208 2434 1305 2489 sed
1358 2434 1540 2488 omnia
1566 2434 1827 2505 suscepit,
1864 2450 2020 2489 nem-

443 2548 508 2602 pe
534 2545 753 2600 ρον-ρης,
789 2529 1049 2588 animato,
1104 2532 1286 2577 mente
1344 2523 1665 2593 rationeque
1713 2523 2013 2592 praeditam,

442 2635 498 2678 et
527 2639 714 2677 eorum
747 2619 1111 2689 proprietates
1176 2615 1400 2683 (animal
1431 2616 1600 2677 enim,
1626 2615 1772 2683 quod
1808 2614 2004 2669 harum

442 2716 619 2783 aliqua
650 2721 803 2783 parte
839 2718 1007 2775 caret,
1043 2722 1150 2761 non
1176 2716 1263 2761 est
1290 2707 1500 2773 homo).
1529 2705 1726 2760 Totum
1755 2706 1901 2761 enim
1924 2713 2013 2759 to-

445 2823 531 2861 tus
560 2803 875 2872 assumpsit,
909 2810 961 2854 et
1002 2809 1152 2853 totus
1185 2799 1282 2851 toti
1335 2798 1664 2866 conjunetus
1689 2806 1794 2858 est,
1834 2806 1890 2850 ut
1918 2794 2014 2850 toti

443 2899 670 2952 salutem
710 2893 1018 2961 largiretur.
1080 2888 1234 2953 Quod
1278 2888 1425 2942 enim
1460 2903 1571 2941 non
1600 2882 2013 2955 esset‘assump-

445 3002 557 3040 tum
582 2984 721 3039 foret
769 2979 1088 3036 incurabile.
1132 2976 1498 3045 Conjunctum
1536 2976 1699 3045 igitur
1731 2985 1815 3030 est
1858 2976 2012 3029 carui

446 3078 676 3132 Verbum
704 3074 817 3135 Uei,
859 3081 914 3126 et
945 3072 1084 3125 Deus
1112 3085 1207 3137 per
1239 3078 1476 3122 mentem
1519 3068 1663 3121 inter
1711 3068 1809 3121 Dei
1865 3068 2012 3137 puri-

443 3180 634 3235 tatem,
692 3174 746 3219 et
805 3162 987 3217 carnis
1063 3159 1477 3213 crassitudinem
1554 3159 2004 3214 intercedentem.

442 3261 573 3314 Nam
607 3257 804 3311 animas
834 3253 1052 3323 quidem
1079 3250 1367 3319 carnisque
1411 3249 1666 3320 princeps
1696 3261 1779 3305 est
1828 3266 2004 3317 mens,

442 3360 631 3420 utpote
655 3346 945 3418 purissima
993 3342 1165 3412 ipsius
1196 3341 1391 3394 anima:
1424 3356 1570 3412 pars,
1630 3341 1772 3395 Deus
1823 3349 2006 3395 autem

446 3443 615 3514 ipsius
643 3437 863 3501 mentis,
893 3450 1015 3505 qua:
1061 3449 1183 3487 cum
1214 3434 1358 3487 cedit
1385 3432 1769 3502 praestantiori,
1801 3432 2006 3500 princi-

443 3548 627 3606 patum
664 3530 902 3587 ostendit
930 3541 1112 3582 suum.
1145 3526 1238 3579 Sic
1284 3535 1467 3579 autem
1498 3538 1620 3578 cum
1660 3525 2005 3589 praestantio-

441 3629 485 3683 ri
523 3622 892 3695 coniungitur,
925 3629 1088 3687 atque
1115 3618 1192 3671 illi
1229 3616 1567 3687 obsequitur,
1594 3624 1653 3669 ut
1675 3615 1835 3669 faciat
1862 3632 2007 3684 qua:-

441 3732 657 3787 cunque
701 3714 953 3769 voluntas
986 3709 1169 3764 divina
1219 3707 1540 3778 prtescribit.
1578 3706 1727 3762 Mens
1758 3709 2008 3763 est’divi-

443 3810 631 3867 uitatis
670 3805 773 3861 sibi
806 3819 903 3875 per
933 3815 1225 3873 personam
1256 3799 1560 3867 conjuncta:
1596 3800 1765 3862 locus,
1827 3816 2011 3869 quem-

443 3902 734 3958 admodum
778 3907 834 3952 et
898 3908 1046 3950 caro.
1100 3893 1218 3945 Non
1269 3902 1449 3945 autem
1502 3891 1667 3945 simul
1717 3891 2004 3958 inhabitat,

447 4004 506 4047 ut
535 3988 809 4060 opinionis
841 3999 1026 4039 errore
1055 3983 1401 4051 decipiuntur
1431 3982 1695 4047 hzcrelici,
1727 3983 1840 4052 qui,
1865 3982 2010 4049 Quo-

441 4082 623 4143 modo,
663 4078 940 4146 inquiunt,
971 4074 1115 4144 quod
1148 4089 1314 4127 unum
1377 4083 1585 4128 tantum
1646 4076 1886 4129 modium
1916 4090 2006 4130 ca-

442 4177 543 4243 pit,
568 4174 707 4226 duos
746 4168 955 4221 modios
981 4164 1323 4220 continebit?
1354 4165 1552 4219 Errant
1582 4164 1845 4235 imperiti,
1880 4167 2006 4236 quia

443 4266 655 4320 ratione
693 4274 952 4330 corporea
990 4257 1290 4327 dijudicant
1327 4271 1413 4320 ea,
1435 4270 1604 4324 qutea
1628 4257 1852 4312 materia
1883 4267 2009 4312 sunt

445 4355 828 4414 remotissima.
851 4350 1132 4416 Quomodo
1151 4349 1295 4402 enim
1316 4347 1568 4402 Christus
1599 4350 1809 4402 dicetur
1830 4349 2007 4418 perfe-

2116 513 2270 567 Οὖτω
2300 514 2396 568 καὶ
2433 516 2491 567 ὲν
2523 517 2589 583 τῇ
2635 513 3048 583 ὲνανθρωπήσει
3089 510 3185 564 τοῦ
3220 511 3338 574 ἑνὸς
3382 511 3484 580 τῆς
3525 511 3666 580 ἁγίας

2115 607 2343 678 Τριάδος
2381 608 2518 662 Θεοῦ
2550 608 2723 676 Λόγου
2760 605 2940 676 φαμὲν
2980 607 3163 660 πᾶσαν
3197 606 3292 659 καὶ
3334 606 3548 659 τελεάν
3583 604 3669 677 τὴν

2116 700 2279 768 φύσιν
2305 703 2402 771 τῆς
2432 701 2686 771 θεότητος
2724 702 2780 753 ὲν
2825 701 2925 770 μιᾷ
2964 698 3073 752 τῶν
3107 698 3310 767 ἑαυτῆς
3337 699 3669 752 ὑποστάσεων

2117 793 2383 862 ἐνωθῆναι
2424 793 2575 864 πάσῃ
2601 796 2669 861 τῇ
2708 791 3023 862 ἀνθρωπίνῃ
3057 791 3239 859 φύσει,
3268 790 3363 843 καὶ
3409 791 3471 843 οὑ
3519 791 3667 858 μέρος

2121 885 2299 956 μέρει.
2332 886 2471 954 Φησὶ
2508 884 2639 951 γοῦν
2667 885 2695 936 6
2724 884 2865 946 θεῖος
2906 880 3254 945 ⁹Δπόστολος,
3280 882 3363 934 ὅτι
3395 882 3501 936 Ἐν
3527 880 3670 945 αὐτῷ

2118 976 2389 1031 κατοικεῖ
2414 976 2537 1030 πᾶν
2590 976 2655 1028 τὸ
2690 975 2979 1043 πλήρωμα
3021 974 3134 1041 τῆς
3174 976 3454 1038 θεότητος
3486 987 3669 1041 σωμα-

2118 1066 2314 1135 τικῶς,
2347 1068 2626 1121 τουτέστιν
2657 1070 2713 1120 ὲν
2747 1069 2810 1136 τῇ
2850 1066 3016 1135 σαρκὶ
3046 1063 3234 1119 αὑτοῦ.
3282 1064 3393 1118 Καὶ
3424 1066 3453 1117 6
3496 1064 3671 1116 τούτου

2119 1159 2404 1229 φοιτητὴς,
2440 1158 2536 1211 καὶ
2568 1158 2734 1220 πολὺς
2777 1156 2844 1209 τὰ
2876 1158 2996 1210 θεῖα
3030 1155 3328 1219 Διονύσιος,
3363 1155 3448 1207 ὄτι
3494 1153 3672 1216 ὑλικῶς

2121 1253 2251 1319 ἡμῖν
2288 1254 2345 1303 ὲν
2392 1252 2490 1320 μιᾷ
2531 1250 2641 1301 τῶν
2674 1248 2876 1316 ἑαυτῆς
2910 1246 3274 1317 ἐκοινώνησεν
3314 1243 3671 1298 ὑποστάσεων.

2121 1346 2195 1399 Οὑ
2253 1344 2358 1415 μὴν
2408 1344 2465 1398 δὲ
2521 1345 2703 1411 λέγειν
2755 1338 3295 1408 ἀναγκασθησόμεθα
3354 1339 3536 1399 πάσας
3585 1338 3674 1398 τὰς

2122 1437 2449 1498 ὑποστάσεις
2476 1433 2577 1503 τῆς
2603 1432 2764 1501 ἁγίας
2797 1431 3075 1501 θεότητος,
3102 1432 3221 1501 ἦτοι
3244 1431 3344 1491 τὰς
3379 1429 3548 1498 τρεῖς,
3583 1428 3673 1480 πά-

2123 1544 2244 1590 σαις
2281 1528 2400 1589 ταῖς
2434 1528 2532 1594 τῆς
2572 1523 2993 1593 ἀνθρωπότητος
3028 1521 3361 1573 ὑποστάσεσι
3400 1517 3525 1571 καθ’
3559 1517 3674 1570 ὑπό·

2120 1636 2307 1672 στασιν
2349 1617 2617 1689 ἡνῶσθαι.
2659 1617 2796 1669 Κατ’
2821 1615 3014 1668 οὐδένα
3055 1615 3164 1682 γὰρ
3191 1610 3558 1680 κεκοινώνηκε
3600 1610 3674 1662 λό-

2122 1728 2218 1779 γον
2257 1712 2286 1764 6
2316 1712 2528 1781 Πατὴρ,
2562 1711 2658 1764 καὶ
2686 1708 2747 1763 τὸ
2781 1708 3007 1775 Πνεῦμα
3040 1706 3101 1758 τὸ
3132 1708 3287 1773 ἅγιον
3314 1707 3376 1774 τῇ
3412 1703 3676 1773 σαρκώσει

2120 1805 2213 1857 τοῦ
2250 1802 2387 1857 Θεοῦ
2420 1802 2620 1871 Λόγου,
2657 1803 2703 1854 εί
2738 1800 2812 1870 μὴ
2860 1797 2982 1852 κατ’
3012 1798 3261 1851 εὐδοκίαν
3286 1797 3379 1849 καὶ
3414 1794 3674 1866 βούλησιν.

2121 1895 2278 1967 Πάσῃ
2298 1893 2353 1947 δὲ
2375 1896 2444 1963 τῇ
2471 1890 2787 1963 ἀνθρωπίνῃ
2808 1888 2967 1958 φύσει
2996 1886 3179 1957 φαμὲν
3207 1884 3477 1953 ένωθῆναι
3509 1885 3678 1936 πᾶσαν

2118 1985 2217 2054 τὴν
2246 1984 2344 2053 τῆς
2385 1982 2643 2052 θεότητος
2681 1980 2892 2041 οὑσίαν,
2940 1979 3023 2031 ὅτι
3058 1975 3218 2029 οὐδὲν
3253 1969 3331 2028 ὧν
3363 1972 3678 2042 ἑνεφὺτευσε

2118 2081 2187 2148 τῇ
2227 2076 2473 2147 ἡμετέρᾳ
2517 2073 2679 2140 φύσει
2714 2073 2743 2124 6
2773 2070 2907 2132 Θεὸς
2954 2069 3146 2135 Λόγος,
3192 2065 3432 2136 ἀρχῆθεν
3476 2064 3679 2124 πλάσας

2118 2171 2267 2238 ἡμᾶς
2299 2166 2566 2227 ἐνέλιπεν,
2596 2162 2732 2216 ἀλλὰ
2778 2164 2953 2216 πάντα
2997 2158 3249 2219 ἀνέλασε.
3295 2157 3475 2223 σῶμα,
3505 2154 3682 2223 ψυχὴν

2119 2261 2311 2331 νοερὰν
2341 2259 2434 2312 καὶ
2489 2256 2738 2325 λογικὴν,
2780 2254 2875 2306 καὶ
2919 2254 2989 2305 τὰ
3017 2250 3224 2304 τούτων
3263 2249 3552 2319 ἰδιώματα.
3609 2247 3680 2298 Τὸ

2118 2353 2227 2422 γὰρ
2281 2352 2397 2412 ἑνὸς
2444 2350 2651 2402 τούτων
2700 2343 2968 2415 ἀμοιροῦν
3002 2343 3161 2406 ζῶον,
3224 2341 3325 2393 οὑκ
3375 2341 3679 2409 ἄνθρωπος.

2120 2445 2283 2499 Ὀλον
2333 2444 2441 2512 γὰρ
2480 2443 2601 2503 ὅλος
2640 2438 2869 2494 ἀνέλαῢέ
2909 2453 2997 2506 με,
3035 2438 3130 2488 καὶ
3179 2434 3300 2494 ὅλος
3334 2433 3442 2500 ὅλῳ
3476 2429 3680 2499 ﬁve-30o,

2117 2538 2185 2592 ἵν’
2210 2538 2318 2608 ὅλῳ
2343 2538 2439 2607 τὴν
2469 2534 2743 2602 σωτηρίαν
2772 2530 3086 2600 χαρίσηται.
3142 2528 3215 2581 Τὸ
3250 2528 3359 2595 γὰρ
3406 2525 3673 2593 61:96:11;-

2117 2646 2250 2683 πτον
2298 2623 2960 2697 ἀθεράπευτον.”Ηνωται
2998 2620 3180 2673 τοίνυν
3213 2620 3376 2688 σαρκὶ
3395 2617 3481 2669 διὰ
3514 2620 3681 2683 μέσου

2116 2723 2210 2777 νοῦ
2239 2721 2268 2774 6
2306 2720 2479 2787 Λόγος
2507 2717 2602 2771 τοῦ
2635 2716 2774 2771 Θεοῦ
2806 2717 2900 2769 καὶ
2941 2713 3096 2779 Θεὸς,
3141 2710 3516 2781 μεσιτεύοντος
3540 2707 3683 2761 Θεοῦ

2115 2813 2471 2884 καθαρότητι,
2500 2812 2593 2879 καὶ
2619 2809 2820 2878 σαρκὸς
2847 2806 3137 2876 παχύτητι.
3184 2802 3537 2871 Ἡγεμοίικὸν
3571 2801 3682 2869 γὰρ

2114 2905 2295 2977 ψυχῆς
2324 2903 2420 2957 καὶ
2450 2905 2653 2973 σαρκὸς
2682 2905 2708 2956 6
2736 2900 2884 2963 νοῦς,
2920 2899 3020 2968 τῆς
3048 2897 3227 2967 ψυχῆς
3254 2897 3316 2947 τὸ
3350 2893 3682 2961 καθαρώτα-

2112 3014 2227 3052 τον.
2265 2995 2426 3050 Ἀλλὰ
2456 2996 2549 3049 καὶ
2571 2994 2663 3047 νοῦ
2690 2994 2718 3045 6
2751 2992 2905 3055 Θεός.
2942 2990 3052 3043 Καὶ
3082 2991 3171 3042 ὅτε
3208 2988 3306 3057 μὲν
3338 2987 3687 3055 παραχωρεῖ-

2113 3104 2203 3141 ται
2236 3086 2340 3140 ὑπὸ
2368 3083 2463 3139 τοῦ
2497 3086 2830 3154 κρείττονος,
2862 3082 2962 3150 τὴν
2991 3080 3201 3131 οἰκείαν
3238 3081 3266 3129 ό
3313 3076 3434 3137 νοῦς
3474 3078 3686 3144 ἡγεμο-

2115 3180 2235 3235 νίαν
2299 3178 2653 3239 ἐνδείκνυται,
2724 3176 3008 3229 ὲκνικᾶται
3062 3172 3141 3233 δὲ,
3212 3171 3306 3223 καὶ
3360 3170 3553 3222 ἕπεται
3605 3167 3689 3236 τῷ

2115 3268 2407 3339 κρείττονι,
2439 3268 2531 3321 καὶ
2564 3265 2738 3318 ταῦτα
2767 3265 2981 3334 ἐνεργεῖ
3011 3261 3047 3316 ἃ
3081 3260 3329 3331 βούλεται
3363 3263 3395 3329 η
3442 3259 3560 3310 θεία
3596 3257 3692 3311 θέ-

2114 3360 2291 3429 λησις.
2333 3356 2548 3425 Χωρίον
2586 3356 2614 3407 6
2672 3354 2795 3417 νοῦς
2832 3356 3024 3423 γέγονε
3069 3354 3166 3423 τῆς
3209 3351 3333 3405 καθ’
3384 3351 3693 3415 ὑπόστασιν

2114 3449 2264 3518 αὑτῴ
2315 3448 2600 3519 ἡνωμένης
2636 3446 2892 3516 θεότητος
2918 3462 2933 3476 °
2971 3444 3157 3517 ὥσπερ
3223 3444 3287 3513 δὴ
3338 3443 3430 3494 καὶ
3474 3444 3506 3512 η
3548 3443 3693 3509 σὰρξ

2113 3546 2175 3599 οὑ
2213 3544 2478 3605 σύνοικος,
2512 3540 2585 3603 ὡς
2630 3540 2663 3611 ἡ
2698 3539 2808 3591 τῶν
2848 3539 3143 3609 αἱρετικῶν
3178 3536 3374 3606 ἐναγὴς
3413 3534 3691 3588 πλανᾶται

2114 3635 2315 3702 οἴησις.
2359 3634 2433 3686 Οὑ
2493 3632 2601 3699 γὰρ
2657 3630 2724 3684 ἂν
2781 3629 3095 3699 μεὸιμναῖον
3147 3627 3401 3694 λέγουσα,
3456 3625 3693 3694 χωρήσῃ

2112 3726 2452 3797 δίμέδιμνον,
2491 3723 2819 3793 σωματικῶς
2860 3722 2926 3773 τὰ
2971 3718 3110 3773 ἇῦλα
3150 3717 3427 3788 κρίνουσα.
3457 3716 3581 3777 Πῶς
3624 3716 3693 3767 δὲ

2114 3819 2244 3882 Θεὸς
2290 3819 2518 3877 τέλειος,
2559 3818 2650 3866 καὶ
2684 3814 2969 3883 ἄνθρωπος
3007 3810 3232 3874 τέλειος,
3275 3810 3369 3863 καὶ
3396 3804 3696 3877 όμοοὺσιος

2113 3913 2189 3979 τῷ
2224 3909 2399 3978 Πατρὶ
2425 3908 2519 3960 καὶ
2547 3908 2680 3976 ἡμῖν
2725 3906 2752 3957 6
2783 3902 3015 3973 Χριστὸς
3054 3901 3405 3972 λεχθήσεται,
3437 3900 3485 3952 si
3517 3897 3696 3969 μέρος

2112 4004 2210 4073 τῆς
2236 4002 2386 4062 θείας
2416 3999 2631 4066 φύσεως
2674 3998 2831 4068 μέρει
2876 3997 2974 4065 τῆς
3025 3995 3375 4065 ἀνθρωπίνης
3426 3995 3485 4044 ὲν
3530 3990 3693 4061 αὑτῷ

2113 4096 2319 4165 ἧνωται
2368 4091 2619 4159 φύσεως;
2653 4090 2898 4158 Λέγομεν
2930 4087 2988 4139 δὲ
3040 4092 3139 4155 τὴν
3169 4087 3332 4153 φύσιν
3372 4084 3527 4155 ἡμῶν
3556 4083 3700 4151 ἐγη-

2114 4186 2306 4255 γέρθσιι
2334 4186 2395 4236 ὲκ
2426 4183 2537 4235 τῶν
2564 4180 2798 4251 νεκρῶν,
2826 4180 2920 4234 καὶ
2953 4178 3343 4248 ἀνεληλυθέναι
3381 4179 3476 4229 καὶ
3511 4193 3701 4228 κεκα-

2114 4278 2323 4333 θικέναι
2347 4278 2411 4329 ἐκ
2440 4273 2630 4339 δεξιῶν
2654 4271 2746 4325 τοῦ
2786 4272 3019 4341 Πατρὸς,
3046 4271 3105 4323 οὑ
3135 4270 3271 4323 καθὸ
3301 4271 3467 4323 πᾶσαι
3488 4270 3546 4321 αἱ
3574 4268 3700 4320 τῶν

2113 4372 2413 4442 ἀνθρώπων
2453 4366 2776 4428 ὑποστάσεις
2807 4366 3133 4432 ἀνέστησαν,
3167 4363 3261 4416 καὶ
3317 4362 3581 4417 ἐκάθισαν
3626 4364 3703 4413 ἐκ

445 4457 568 4502 ctus
598 4445 763 4511 Deus,
783 4452 838 4496 et
859 4442 1019 4496 homo
1036 4440 1331 4510 perfecms,
1352 4448 1407 4492 et
1428 4438 1668 4507 ejusdem
1693 4454 1815 4492 cum
1847 4437 2007 4493 Patre

2115 4437 2300 4530 δεξιῶν
2328 4462 2420 4515 τοῦ
2453 4461 2682 4531 Πατρὸς,
2731 4458 2867 4511 ωλι
2900 4457 3031 4512 καθὸ
3058 4459 3205 4509 πᾶσα
3238 4456 3272 4525 ἡ
3324 4456 3484 4524 φύσις
3520 4454 3702 4522 ἡμῶν

447 4545 503 4591 et
528 4536 809 4591 nobiscum
840 4532 1115 4596 essentia),
1136 4531 1180 4585 si
1211 4540 1420 4600 partem
1446 4530 1644 4584 divinae
1661 4540 1866 4584 natura:
1889 4546 2013 4584 cum

444 4637 598 4696 parte
624 4636 827 4680 natura:
853 4625 1103 4678 humanae
1126 4624 1179 4675 in
1201 4637 1259 4676 se
1283 4622 1400 4690 ipso
1417 4621 1731 4690 coniungat?
1748 4622 1914 4675 Porro
1935 4621 2016 4675 di-

444 4723 620 4775 cimus
641 4728 893 4772 naturam
918 4723 1159 4767 nostram
1191 4728 1218 4765 a
1250 4712 1484 4766 mortuis
1522 4712 1849 4774 surrexisse,
1875 4723 1925 4764 et
1959 4713 2011 4765 in

448 4813 646 4866 coelum
666 4807 1000 4869 ascendisse,
1018 4814 1073 4859 et
1090 4804 1296 4859 sedisse
1313 4804 1379 4858 ad
1396 4803 1675 4858 dexteram
1697 4802 1889 4867 Patris,
1904 4818 2013 4857 non

443 4905 587 4973 quod
614 4916 807 4957 omnes
841 4898 1086 4953 omnium
1112 4897 1394 4950 hominum
1448 4910 1697 4966 persona:
1751 4911 2009 4952 surrexe-

443 4993 573 5051 rint,
612 4998 665 5043 et
697 4989 765 5043 ad
803 4988 1085 5041 dexteram
1139 4984 1317 5039 Patris
1347 4984 1718 5050 consederint,
1743 4988 1837 5041 sed
1862 4987 2007 5057 quod

443 5080 624 5133 omnis
651 5088 846 5133 natura
875 5085 1063 5130 nostra
1127 5076 1242 5129 hanc
1277 5078 1331 5130 in
1394 5074 1598 5130 Christi
1652 5092 1889 5145 persona
1937 5080 2010 5132 sit

442 5181 760 5226 consecuta.
800 5170 927 5235 Nos,
960 5167 1139 5237 inquit
1191 5165 1408 5222 divinus
1455 5167 1767 5236 Apostolus,
1796 5184 2010 5221 consur-

438 5280 558 5332 gere
593 5273 640 5317 et
674 5262 945 5316 comedere
989 5260 1108 5329 fecit
1141 5259 1193 5309 in
1233 5257 1439 5312 Christo
1471 5259 1513 5310 ².
1566 5257 1834 5313 Praeterea
1866 5258 2003 5313 dicio

446 5372 566 5409 mus
589 5356 1033 5425 conjunctionem
1072 5352 1213 5405 hanc
1242 5365 1305 5402 ex
1338 5351 1717 5406 communibus
1751 5354 2002 5407 essentiis

437 5450 764 5502 conlectam.
799 5447 933 5501 Nam
966 5445 1143 5499 onmis
1172 5443 1405 5497 essentia
1460 5455 1519 5498 ut
1560 5460 1857 5499 ceinmune
1915 5456 2002 5501 al-

436 5554 543 5607 que
575 5537 887 5593 universum
910 5540 1167 5609 quiddam
1222 5552 1412 5591 omnes
1447 5538 1549 5593 sibi
1578 5538 1852 5609 subjectas
1880 5554 2002 5608 per-

510 5722 527 5755 ¹
558 5720 675 5776 Cui.
706 5736 766 5785 ll,
802 5722 850 5776 9.
931 5725 949 5753 '
981 5724 1176 5792 Ephes.
1221 5741 1282 5788 It,
1321 5726 1373 5783 6,

2116 4559 2173 4611 ὲν
2205 4559 2272 4625 τῇ
2324 4555 2418 4607 τοῦ
2460 4551 2697 4622 Χριστοῦ
2732 4551 3048 4605 ὑποστάσει.
3111 4550 3249 4619 Φησὶ
3302 4548 3430 4616 γοῦν
3467 4547 3495 4600 6
3538 4549 3705 4609 θεῖος

2114 4643 2457 4707 ’Λπόστολος.
2473 4641 2797 4710 Συνήτειρε
2811 4638 2907 4693 καὶ
2923 4638 3329 4692 συνεκάθισεν
3342 4633 3494 4702 ἡμᾶς
3510 4634 3585 4687 ἐν
3603 4632 3708 4699 τῷ

2113 4736 2363 4808 Χριστῷ.
2404 4735 2513 4788 Καὶ
2544 4732 2702 4786 τοῦτο
2732 4730 2789 4785 δέ
2822 4747 3022 4801 φαμεν,
3052 4730 3134 4782 ὅτι
3164 4730 3227 4781 ὲκ
3254 4725 3451 4780 κοινῶν
3477 4726 3708 4779 οὑσιῶν

2116 4832 2149 4901 η
2174 4830 2368 4890 ἓνωσις
2391 4827 2608 4894 γέγονε.
2640 4825 2795 4877 Πᾶσα
2824 4823 2931 4891 γὰρ
2969 4821 3123 4873 οὐσία
3155 4821 3309 4887 κοινή
3338 4820 3451 4869 ὲστι
3487 4816 3711 4868 πασῶν

2113 4924 2219 4975 τῶν
2248 4918 2339 4972 ὑπ’
2369 4918 2539 4985 αὑτῆς
2566 4914 2977 4987 περιεχομένων
3014 4911 3386 4971 ὑποστάσεων,
3436 4910 3532 4961 καὶ
3579 4908 3713 4959 οὔκ

2111 5013 2257 5065 ἔστιν
2309 5010 2493 5078 εὑρεῖν
2543 5007 2779 5077 μερικὴν
2829 5005 2923 5057 καὶ
2973 5002 3283 5066 ἰδιάζουσαν
3322 5000 3504 5067 φύσιν,
3560 4999 3713 5068 ἦτοι

2109 5104 2323 5156 οὐσίαν.
2386 5100 2538 5153 Ἐπεὶ
2590 5099 2805 5167 ἀνάγκη
2858 5096 2958 5159 τὰς
3002 5096 3172 5156 αὑτὰς
3217 5094 3541 5153 ὑποστάσεις
3588 5090 3717 5142 καὶ

2111 5192 2424 5264 ὁμοουσίους
2474 5195 2568 5243 καὶ
2599 5188 2968 5258 ἑτεροουσὶους
2996 5186 3180 5253 λέγειν
3202 5200 3217 5216 ο
3270 5185 3361 5237 καὶ
3395 5183 3491 5252 τὴν
3515 5183 3590 5248 ἀγ
3604 5182 3717 5235 ἴαν

2110 5286 2316 5356 Τριάδα
2356 5284 2447 5336 καὶ
2493 5282 2805 5353 όμοούσιον,
2844 5280 2938 5334 καὶ
2990 5277 3332 5348 έτεροοὺσιον
3381 5274 3525 5327 κατὰ
3586 5277 3723 5341 τὴν

2113 5377 2341 5446 θεότητα
2392 5376 2589 5443 λέγειν.
2650 5371 2710 5426 Ἦ
2757 5373 2896 5443 αὑτὴ
2948 5373 3131 5423 τοῖνυν
3179 5368 3340 5438 φύσις
3375 5368 3431 5419 ὲν
3470 5365 3724 5436 ἑκάστῃ

2111 5471 2220 5522 τῶν
2262 5469 2615 5522 ὑποστάσεων
2644 5465 2952 5535 Θεωρεῖται.
3009 5464 3114 5516 Καὶ
3156 5463 3243 5514 ὅτε
3294 5460 3539 5528 εἴπωμεν
3586 5455 3724 5524 τὴν

2114 5564 2274 5631 φύσιν
2296 5560 2388 5614 τοῦ
2413 5560 2586 5626 Λόγου
2615 5557 3024 5626 σεσαρκῶσθαι,
3059 5556 3195 5608 κατὰ
3216 5556 3341 5616 τοὺς
3374 5550 3725 5621 μακαρίους
