4024 6208
268 328 374 389 Ξίό
1250 328 1623 387 I’ANOPLIA
1666 330 1872 388 DUt‘nM

1983 290 2125 389 lCA.
2170 354 2238 363 -—
2272 328 2419 386 'l‘l'l‘.
2465 328 2591 386 vn.
3423 322 3541 384 ets

269 437 521 507 ἱδρῶτες,
566 440 616 491 οἰ
667 437 896 507 θρόμϐοι
949 437 1039 490 τοῦ
1088 438 1344 509 αἳματος,
1387 443 1419 510 ἡ
1465 440 1551 493 διὰ
1592 442 1652 494 τὸ
1699 440 1858 493 ἀσοε-

1983 438 2243 505 assitudo,
2272 439 2447 504 dolor,
2496 441 2764 510 lacrymte,
2823 437 3097 498 interitus,
3135 437 3321 490 mortis
3363 430 3529 490 causa

265 531 355 590 νὲς
411 529 508 599 τῆς
552 529 768 597 φύσεως
824 529 931 580 ὑπὸ
992 529 1099 582 τῶν
1156 530 1406 596 ἀγγέλων
1464 530 1708 601 βοήθεια,
1761 532 1854 585 καὶ

1984 529 2149 593 imor,
2179 546 2368 601 angor,
2402 546 2467 585 ex
2525 545 2634 599 quo
2684 528 2939 591 sudores,
2996 526 3282 593 sanguinis
3340 537 3529 597 gutlaa,

264 620 336 672 τὰ
376 619 631 684 τοιαῦτα,
674 620 834 699 ἅτινα
894 622 1028 673 πᾶσι
1080 622 1193 683 τοῖς
1247 620 1557 692 ἀνθρώποις
1609 622 1855 690 φυσικῶς

1983 620 2277 691 mgelorum
2338 631 2563 691 propter
2614 632 2829 677 natura:
2865 622 3288 676 imbecillitatem
3350 622 3530 675 subsi-

267 711 666 780 ὲνυπάρχουσι.
736 712 918 764 Πάντα
967 711 1148 765 τοίνυν
1207 712 1488 778 ἀνέλαϐεν,
1541 713 1627 767 ἵνα
1684 714 1860 768 πάντα

1983 710 2105 764 lium
2145 720 2202 765 et
2251 712 2577 778 consolatio,
2637 712 2755 767 haec
2789 722 2843 767 et
2897 713 3003 766 alia
3054 710 3108 766 id
3160 725 3354 782 genus,
3413 726 3533 780 qua:

268 804 500 873 ἁγιάσῃ.
562 802 783 868 Ἀμέλει
832 803 900 856 τὰ
942 805 1148 871 φυσικέι
1188 805 1345 874 ἡμῶν
1383 805 1529 883 παθη
1578 806 1673 860 καὶ
1715 806 1858 861 κατά

1983 801 2215 858 »ωοίὺυε
2262 803 2606 870 naturaliter,
2674 804 2858 859 omnia
2909 804 3169 873 suscepit,
3226 812 3286 857 ut
3350 801 3547 856 omnia

270 890 433 958 φύσιν
465 890 559 943 καὶ
589 890 733 960 ὑπὲρ
765 890 927 958 φύσιν
956 886 1099 961 ἦσαν
1119 893 1175 943 ὲν
1204 891 1282 960 τῷ
1312 892 1556 962 Χριστῷ.
1584 891 1691 945 Καὶ
1715 890 1858 945 κατά

1983 907 2189 947 ποι-δυο
2233 901 2423 948 sancta
2476 893 2750 948 redderet.
2796 893 3087 948 Naturales
3132 901 3313 946 autem
3342 905 3537 946 omnes

268 980 433 1047 φύσιν
492 980 591 1047 μὲν
641 980 872 1033 ὲκιεῑτο
939 982 996 1035 ὲν
1053 980 1222 1051 αὐτῷ,
1277 982 1365 1035 ὅτε
1412 982 1723 1052 παρεχώρει
1788 985 1855 1053 τῇ

268 1071 440 1139 σαρκὶ
473 1072 707 1141 πάσχειν
742 1072 808 1126 τὰ
841 1072 984 1125 ἴδια·
1017 1071 1157 1140 ὑπὲρ
1190 1072 1350 1141 φύσιν
1382 1072 1459 1136 δὲ,
1481 1074 1562 1125 ὄτι
1593 1075 1653 1126 οὐ
1681 1090 1853 1143 προη-

268 1164 419 1227 γεῖτο
457 1162 517 1214 ὲν
550 1161 629 1233 τῷ
674 1162 865 1233 Κυρίῳ
890 1164 988 1233 τῆς
1021 1163 1294 1229 Θελήσεως
1338 1165 1406 1219 τὰ
1441 1166 1646 1235 φυτικά
1668 1186 1679 1197 ·
1704 1167 1854 1220 οὐδὲν

269 1254 381 1322 γὰρ
410 1253 837 1322 ἠναγκασμένον
863 1253 953 1305 ἐπ’
984 1253 1151 1307 αὑτοῦ
1186 1254 1491 1323 θεωρεῖται,
1516 1254 1650 1308 ἀλλά
1679 1256 1854 1309 πάντα

271 1344 527 1398 ἑκούσια.
560 1345 743 1397 Θέλων
768 1345 877 1416 γὰρ
896 1346 1179 1415 ὲπείνησε,
1210 1346 1386 1401 θέλων
1414 1346 1655 1416 ἐδίψησε,
1672 1346 1854 1402 θέλων

271 1436 563 1501 ἰδειλίασε,
597 1437 769 1491 θέλων
805 1440 1061 1493 ἀπέθανε.

1964 984 2307 1049 aﬂ‘ectiones,
2337 994 2394 1040 et
2443 1000 2509 1040 ex
2540 996 2764 1050 natura,
2798 993 2853 1039 et
2886 1000 3049 1055 supra
3094 992 3346 1039 naturam
3379 990 3538 1036 erant

1965 1075 2019 1130 in
2051 1075 2291 1131 Christo.
2348 1077 2426 1132 Ex
2481 1086 2680 1133 natura
2729 1077 2876 1133 enim
2932 1078 2985 1131 in
3038 1091 3105 1132 eo
3156 1079 3535 1139 movebantur,

1965 1184 2088 1224 cum
2147 1170 2498 1239 permittebat
2571 1169 2744 1236 carni,
2811 1179 2871 1224 ut
2920 1185 3041 1238 qua:
3109 1168 3325 1237 prepria
3391 1165 3536 1220 illius

1966 1268 2130 1326 sunt,
2192 1268 2474 1331 pateretur
2536 1270 2699 1332 atque
2748 1261 2999 1316 sentiret.
3051 1258 3227 1327 Supra
3288 1267 3543 1311 naturain

1965 1366 2119 1417 vero,
2182 1351 2441 1421 quoniam
2498 1353 2778 1408 naturales
2846 1352 2903 1406 in
2963 1349 3195 1406 Domino
3251 1360 3429 1402 motus
3485 1355 3539 1400 et

1967 1441 2288 1498 affectiones
2335 1444 2457 1513 ejus
2508 1443 2775 1499 voluntati
2822 1458 2933 1496 non
2994 1438 3358 1511 imperabant.
3393 1434 3539 1493 Nihil

272 1525 429 1578 cnim
480 1526 541 1579 in
593 1540 662 1580 eo
733 1537 1008 1591 coactum,
1073 1527 1329 1594 invitum,
1387 1538 1443 1581 ct
1497 1529 1864 1583 necessarium
1926 1532 2331 1599 consideratur,
2384 1534 2479 1589 sed
2531 1534 2715 1589 omnia
2772 1531 3103 1587 voluntaria.
3162 1528 3362 1585 Veiens
3393 1527 3549 1585 enim

267 1616 498 1682 esuriit,
555 1616 745 1671 volens
786 1617 993 1682 sitivit,’
1026 1617 1218 1672 volens
1248 1618 1448 1684 timuit,
1480 1618 1668 1673 volens
1709 1629 1958 1677 mortuus
1990 1632 2093 1677 est.

646 1759 761 1814 Τοῦ
782 1760 993 1828 αὑτοῦ.
1024 1759 1369 1828 Κεφάλαιον
1391 1759 1494 1827 ιζ’.

2486 1763 2754 1833 Ejusdem.
2789 1761 2921 1827 Cap.
2955 1761 3045 1816 97.

273 1828 383 1882 Διὰ
416 1830 473 1883 τί
495 1832 531 1884 ὀ
550 1830 681 1895 Υἱὸς
713 1830 825 1902 τοῦ
860 1825 1511 1902 Moramini-(imitaturus,
1544 1831 1642 1885 καὶ
1680 1833 1792 1902 οὐχ
1830 1834 1862 1886 ό

1983 1832 2075 1890 Cur
2108 1832 2277 1889 Filius
2312 1833 2406 1888 Dei
2433 1825 2644 1887 carnem
2689 1825 2977 1902 humanam
3011 1828 3381 1895 assumpserit,
3441 1844 3551 1882 non

672 1898 896 1967 Πατὴρ,
932 1897 1074 1953 οὐδὲ
1099 1898 1164 1951 τὸ
1195 1899 1455 1969 Πνεῦμα.

350 2031 547 2102 Πατὴρ
578 2031 611 2081 ὁ
648 2031 835 2102 Πατὴρ
854 2072 871 2096 ,
907 2034 1001 2084 καὶ
1032 2032 1131 2102 οὐχ
1160 2032 1312 2095 Υἱός.
1370 2032 1497 2095 me
1526 2036 1554 2087 ό
1585 2034 1712 2094 Υἱὸς
1731 2074 1747 2099 ,
1776 2036 1871 2087 καὶ

276 2124 342 2177 οὐ
377 2124 597 2192 Πατήρ.
632 2122 859 2194 Πνεῦμα
887 2123 1041 2192 ἅγιον
1079 2122 1141 2175 τὸ
1165 2122 1414 2193 Πνεῦμα,
1444 2125 1539 2179 καὶ
1566 2126 1627 2177 οὐ
1658 2126 1867 2196 Πατὴρ,

275 2213 411 2267 οὐδὲ
462 2212 617 2276 Υἱός.
676 2213 745 2265 Ἦ
806 2212 915 2283 γὰρ
959 2213 1164 2284 ἰδιότης
1208 2214 1487 2285 ἀκίνητος.
1535 2217 1606 2268 Ἦ
1647 2217 1763 2279 πῶς
1802 2218 1870 2271 ἂν

279 2302 488 2372 ίδιότης
538 2302 746 2372 μείναι,
787 2303 1081 2372 κινουμένη
1132 2305 1226 2357 καὶ
1279 2306 1740 2375 μεταπίπτουσας
1770 2308 1871 2363 Διά

277 2394 445 2449 τοῦτο
478 2397 508 2448 ὁ
546 2393 675 2458 Υἰὸς
706 2395 801 2449 τοῦ
830 2396 967 2448 Θεοῦ
1025 2396 1152 2460 Υἱὸς
1188 2397 1480 2467 ἀνθρώπου
1514 2401 1749 2467 γίνεται,
1784 2400 1870 2454 ἵνα

283 2485 450 2557 μείνῃ
493 2488 528 2556 ἡ
570 2486 768 2557 ἰδιότης
819 2486 1095 2557 ἀκίνητος.
1138 2489 1266 2553 Υἱὸς
1304 2487 1413 2559 γὰρ
1449 2488 1525 2542 ὢν
1562 2492 1656 2543 τοῦ
1695 2490 1863 2556 Θεοῦ’,

282 2579 419 2641 Υἱὸς
468 2578 765 2648 ἀνθρώπου
811 2579 1026 2648 γέγονε,
1085 2580 1394 2650 σαρχωθεὶς
1440 2583 1507 2635 ιιι
1551 2583 1650 2651 τῆς
1709 2583 1869 2650 ἀγίας

283 2668 601 2739 Παρθένου,
638 2670 734 2724 καὶ
764 2671 865 2725 οὐκ
894 2671 1095 2737 ἐκστὰς
1128 2673 1229 2743 τῆς
1258 2672 1443 2742 υἰικῆς
1477 2673 1758 2743 ἰδιότητος.

286 2894 412 2947 Ἔτι
462 2894 602 2963 περί
646 2895 761 2963 τῆς
810 2895 996 3019 Odcf]
1026 2896 1560 3018 ἐξαγθρωπήσεως.
1622 2898 1870 2970 Ἕτέρων

990 2981 1063 3019 ατ
1095 2982 1234 3019 οων.

990 2981 1234 3033 atem.

356 3076 421 3131 Εἰ
456 3075 519 3131 τὸ
554 3075 670 3150 πῦρ
708 3076 869 3147 μέλον
895 3076 1036 3132 κα.τά
1072 3078 1256 3149 χώραν
1287 3079 1501 3133 ἑνοῦται
1541 3083 1634 3135 καὶ
1672 3083 1749 3155 τῷ
1784 3101 1868 3139 σι-

2219 1913 2395 1958 autem
2456 1902 2637 1965 Pater,
2684 1912 2776 1955 aut
2826 1899 3035 1969 Spritus
3067 1907 3303 1953 sanctus.

2040 2035 2204 2089 Pater
2224 2044 2309 2089 est
2334 2034 2512 2097 Pater,
2536 2048 2649 2087 non
2692 2032 2885 2087 Filius.
2927 2030 3195 2086 Filiusest
3226 2026 3417 2093 Filius,
3434 2041 3555 2083 non

1976 2124 2164 2180 Pater.
2194 2124 2429 2193 Spiritus
2452 2133 2680 2179 sanctus
2703 2132 2787 2178 est
2838 2122 3075 2191 Spiritus
3132 2129 3384 2183 sanctus,
3402 2131 3545 2191 ,non

1971 2215 2139 2272 Pater
2158 2223 2255 2271 aut
2285 2214 2476 2271 Filius.
2509 2214 2827 2286 Proprietas
2882 2215 3034 2269 enim
3087 2212 3383 2268 immobilis
3441 2220 3547 2267 est.

1970 2308 2103 2375 Quae
2137 2308 2183 2363 si
2234 2315 2520 2363 moveatur
2555 2316 2611 2363 et
2644 2305 2921 2372 concidat,
2950 2306 3228 2374 quomodo
3302 2304 3548 2373 proprio-

1972 2410 2054 2457 tas
2081 2400 2461 2472 permanebit?
2488 2400 2697 2456 Idcirco
2738 2398 2908 2454 Filius
2954 2397 3048 2451 Dei
3076 2397 3136 2451 tit
3171 2395 3410 2451 hominis
3461 2393 3549 2448 Fi-

1972 2493 2100 2559 lius,
2165 2502 2227 2547 ut
2264 2492 2579 2563 preprietas
2636 2492 2793 2546 ﬁrma
2848 2500 2903 2545 et
2958 2487 3254 2544 immobilis
3309 2496 3546 2545 maneat.

1970 2583 2107 2639 Nam
2133 2599 2257 2639 cum
2287 2585 2361 2642 sit
2390 2583 2561 2640 Filius
2587 2584 2703 2647 Dei,
2738 2582 2916 2639 factas
2936 2592 3022 2638 est
3078 2580 3251 2636 Filius
3286 2579 3547 2642 hominis,

1973 2674 2045 2728 ita
2080 2689 2298 2730 carnem
2327 2690 2615 2732 assumens
2642 2690 2711 2731 ex
2758 2674 3002 2744 Virgine,
3049 2682 3111 2727 ut
3134 2687 3242 2726 non
3272 2669 3552 2727 recederet

1970 2778 2003 2817 a
2032 2762 2152 2819 Filii
2178 2766 2537 2835 proprietate.

1971 2899 2110 2955 Item
2136 2903 2201 2957 de
2228 2902 2409 2957 divina
2460 2904 2707 2958 humana:
2734 2908 2911 2958 carnis
2968 2902 3346 2970 assumptione.
3408 2902 3525 2954 suo

2606 2986 2725 3028 rum
2760 2974 3002 3029 Petrum.

2045 3083 2103 3140 Si
2131 3084 2272 3158 ignis
2302 3088 2356 3141 in
2384 3101 2486 3143 suo
2520 3088 2639 3143 loco
2670 3100 2895 3143 mancus
2926 3098 3048 3142 eum
3108 3083 3255 3141 ferro
3316 3083 3553 3154 conjun-

285 3171 456 3241 δήρῳ,
486 3169 673 3239 πολλῷ
702 3170 905 3239 μᾶλλον
937 3170 1028 3223 καὶ
1055 3172 1083 3224 ό
1107 3171 1512 3241 παντοδὺναμος
1547 3172 1724 3241 μένων
1754 3174 1873 3229 ἀκί-

1983 3175 2145 3247 gitur,
2172 3181 2377 3235 mundo
2408 3182 2581 3253 magis
2608 3181 2715 3244 ille,
2750 3181 2841 3253 qui
2872 3190 2955 3237 est
2982 3177 3549 3250 omnipotens,immo-

288 3280 450 3331 νητος
498 3261 691 3330 ήνὼθη
744 3260 821 3331 τῷ
885 3262 1301 3332 προσλήμματι,
1370 3264 1466 3317 καὶ
1521 3264 1642 3329 ὅλος
1695 3261 1764 3337 ἦν
1821 3268 1879 3322 ὲν

290 3354 365 3424 τῷ
396 3354 602 3422 Πατρὶ,
635 3354 732 3406 καὶ
764 3353 883 3416 ὅλος
914 3349 984 3424 ἦν
1018 3354 1077 3406 ὲν
1104 3354 1181 3425 τῷ
1217 3356 1633 3427 προσλήμματι.
1681 3360 1881 3430 ’Υπερ-

297 3445 438 3515 φυὴς
477 3444 575 3498 οὖν
613 3445 639 3498 ό
672 3440 914 3509 τοιοῦτος
949 3444 1142 3516 λόγος,
1178 3446 1311 3502 διότι
1342 3446 1372 3502 ό
1411 3448 1539 3515 Υίὸς
1578 3451 1669 3505 καὶ
1710 3453 1880 3522 Λόγος

298 3537 621 3608 ὑπερφυής.

367 3736 545 3806 Εἷπερ
568 3735 597 3788 ὁ
627 3735 747 3801 νοῦς
768 3734 913 3808 ψυχῇ
940 3738 1318 3811 συνδεδεμένος
1340 3742 1623 3815 ὲνοικούοῃ
1649 3746 1879 3814 σώματι,

300 3828 573 3897 μηδέποτε
590 3828 797 3900 ταύτην
818 3830 1211 3901 ἀπολιμπάνων
1228 3831 1356 3888 ἔνθα
1378 3829 1626 3904 βούλεται
1645 3836 1882 3906 πρόεισι,

302 3920 397 3973 καὶ
421 3920 856 3991 ἀνεκφοιτήτως,
894 3920 960 3976 ἶν’
993 3923 1166 3985 οὕτως
1195 3918 1355 3991 εἴπω,
1388 3926 1549 3996 φοιτᾷ
1582 3926 1880 3997 πανταχοῦ,

306 4011 602 4083 περίεργον
635 4011 883 4083 ἀπορεῖν,
927 4011 1045 4077 πῶς
1079 4015 1106 4068 ό
1141 4014 1269 4078 Υἱὸς
1308 4015 1405 4067 καὶ
1431 4014 1564 4079 Θεὸς
1599 4016 1674 4087 μὴ
1706 4015 1881 4069 λιπὼν

301 4103 389 4156 τὸν
422 4103 650 4173 Πατέρα
679 4102 771 4156 καὶ
803 4105 926 4167 τοὺς
952 4104 1212 4176 οὐρανοὺς
1235 4107 1501 4176 κατῆλθεν
1533 4108 1613 4171 εἰς
1634 4108 1758 4177 γῆν,
1791 4110 1885 4163 καὶ

303 4192 592 4265 ἀχὼρητος
624 4194 723 4260 ὢν,
778 4194 1030 4268 ἐχωρήθη
1064 4194 1206 4267 ψυχῇ
1244 4197 1341 4250 καὶ
1380 4196 1615 4266 σώματι.
1677 4199 1741 4253 Εἰ
1776 4201 1885 4270 γὰρ

304 4284 361 4338 τὸ
397 4286 609 4356 κτίσμα
656 4283 919 4351 τοιοῦτον,
945 4285 1186 4356 όκτίσης
1207 4286 1389 4351 ὁποῖος
1432 4288 1461 4340 ό
1506 4289 1583 4359 τῷ
1626 4290 1885 4362 κτίσματι

306 4374 460 4431 τοῦτο
486 4376 616 4439 δοὺς
647 4376 708 4431 τὸ
736 4374 1052 4448 θαυμαστὸν
1080 4394 1139 4432 τε
1178 4378 1276 4431 καὶ
1301 4379 1704 4452 ἀνερμήνευτον
1725 4399 1743 4449 ;

1978 3269 2102 3325 bilis
2133 3286 2359 3327 manens
2390 3283 2686 3343 assumpta:
2713 3272 2861 3327 carni
2894 3272 3221 3341 coniunctus
3247 3276 3353 3337 est,
3377 3278 3435 3324 ut
3462 3268 3555 3338 qui

1982 3372 2126 3419 totus
2154 3374 2272 3419 erat
2296 3367 2345 3418 in
2382 3367 2561 3429 Patre,
2600 3376 2746 3422 totus
2784 3366 2839 3421 in
2888 3366 2979 3421 illa
3023 3374 3170 3422 esset
3223 3364 3555 3434 assumptio-

1980 3472 2073 3512 ne.
2106 3456 2234 3522 Quae
2265 3457 2482 3528 quidem
2509 3460 2650 3513 ratio
2678 3459 2723 3513 si
2762 3468 2971 3514 natura:
3028 3459 3133 3513 vim
3181 3465 3425 3528 superat,
3479 3454 3554 3510 nil

1983 3548 2179 3604 mirum
2208 3560 2311 3617 est,
2346 3552 2566 3623 quando
2600 3549 2769 3608 Filius
2822 3562 2877 3609 et
2921 3552 3159 3608 Verbum
3193 3550 3311 3622 ipsa
3339 3557 3425 3607 est
3456 3563 3553 3605 na-

1981 3649 2106 3696 tura
2132 3646 2503 3712 praestantius.

2056 3756 2112 3811 Si
2145 3772 2300 3813 mens
2324 3759 2520 3814 animae
2552 3774 2754 3829 corpus
2796 3761 3055 3816 incolenti
3098 3760 3392 3830 conjuncta
3423 3772 3559 3826 quo-

1981 3850 2117 3907 libet
2146 3851 2495 3922 progreditur
2529 3852 2705 3921 ipsam
2733 3850 2970 3906 animam
3007 3865 3116 3906 non
3148 3850 3556 3919 derelinquens,

1981 3952 2038 3999 et
2088 3941 2522 4011 impenetrabilis
2560 3945 2646 4012 (ut
2672 3940 2748 3998 ita
2800 3941 3002 4011 dicam)
3040 3957 3136 4013 per
3186 3942 3370 3997 omnia
3411 3954 3561 3996 com-

1985 4044 2131 4092 meat
2157 4044 2215 4091 et
2237 4044 2509 4105 penetrat,
2523 4049 2991 4105 supervacaneum
3021 4044 3109 4091 est
3128 4034 3402 4103 dubitare,
3418 4046 3559 4103 quo-

1990 4127 2154 4184 modo
2176 4125 2369 4193 Filius,
2399 4136 2457 4183 et
2477 4126 2624 4182 Deus
2653 4140 2759 4182 nec
2811 4125 3029 4181 Patrem
3086 4126 3423 4196 relinquens,
3458 4143 3567 4183 nec

1989 4220 2189 4276 ctelum
2220 4220 2481 4276 deserens
2508 4219 2562 4275 in
2614 4230 2815 4276 terram
2889 4219 3257 4285 descenderit,
3324 4229 3384 4277 et
3435 4234 3560 4276 cum

1990 4321 2232 4383 nequeat
2272 4314 2688 4383 comprehendi,
2740 4311 2813 4367 sit
2867 4314 2935 4366 ab
2988 4311 3168 4366 anima
3225 4320 3280 4368 et
3332 4327 3563 4384 corpore

1991 4406 2446 4475 comprehensus.
2488 4406 2625 4460 Nam
2655 4405 2701 4461 si
2746 4418 2834 4459 res
2864 4416 3144 4474 procreata
3192 4405 3331 4461 hanc
3354 4408 3565 4463 obtinet

308 4504 663 4568 potestatem,
711 4496 893 4568 qualis
936 4496 1044 4554 erit
1096 4506 1413 4569 procreator
1471 4498 1611 4569 ipse,
1663 4501 2000 4560 aamirabilis
2048 4504 2234 4575 huius,
2291 4510 2417 4573 qua
2460 4502 2641 4556 verbis
2706 4502 2964 4569 explicari
3025 4515 3137 4556 non
3172 4511 3372 4572 potest,
3420 4502 3564 4556 clara

307 4588 446 4673 αἱτοι-
462 4589 487 4643 2

382 4712 443 4768 ὀ
493 4712 674 4780 Λόγος
722 4708 817 4766 καὶ
856 4710 990 4775 Θεὸς
1035 4708 1156 4775 ὅλος
1200 4713 1565 4783 πσάρκωται,
1628 4714 1721 4767 καὶ
1766 4714 1877 4778 δλος

2063 4712 2261 4767 Totum
2285 4712 2545 4777 Verbum,
2578 4711 2670 4781 qui
2706 4708 2849 4765 Deus
2868 4719 3220 4783 est,.carnem
3247 4711 3562 4782 assumpsit,

309 4806 457 4860 iet-iv
487 4805 929 4875 ἀπερίγραπτος.
962 4803 1062 4857 Διά
1080 4802 1241 4856 τοῦτο
1265 4803 1360 4857 καὶ
1384 4804 1445 4858 ὲν
1466 4804 1546 4875 τῷ
1577 4804 1763 4876 κόλπῳ
1791 4804 1884 4858 τοῦ

308 4898 441 4953 Θεοῦ
476 4898 573 4951 καὶ
610 4896 825 4968 Πατρὸς
854 4891 943 4967 ἦν,
977 4897 1070 4950 καὶ
1104 4896 1161 4949 ὲν
1198 4897 1264 4968 τῇ
1306 4895 1457 4968 νηδύϊ
1486 4897 1587 4968 τῆς
1615 4894 1889 4967 Θεομήτο-

318 5008 402 5059 ρος
424 5008 441 5025 ο
477 4992 662 5044 έκεῖνο
702 4990 800 5060 μὲν
834 4990 909 5054 ὡς
939 4989 1384 5060 ἀπερίγραπτος,
1418 4990 1578 5045 τοῦτο
1606 4990 1662 5043 δὲ
1697 4988 1771 5054 ὡς
1802 5006 1891 5041 σε-

321 5082 699 5156 σαρτιωμένος.
1131 5088 1157 5103 ‘

383 5192 768 5271 Σαρκοῦμενος
797 5198 825 5253 δ
858 5197 1029 5267 Λόγος
1067 5196 1163 5252 καὶ
1192 5196 1323 5263 Θεὸς
1358 5197 1454 5251 καὶ
1491 5196 1549 5250 ὲν
1582 5198 1693 5262 τοίς
1729 5196 1892 5251 πᾶσιν

322 5285 403 5362 ἦν,
422 5292 502 5356 ὡς
531 5290 711 5345 πάντα
741 5290 964 5360 πληρῶν
994 5292 1089 5345 καὶ
1118 5290 1256 5362 ὑπὲρ
1281 5290 1351 5343 τὰ
1374 5289 1572 5352 πάντα,
1605 5289 1680 5351 ὡς
1709 5288 1894 5359 ἀπερί-

326 5398 560 5453 τραπτος
590 5383 687 5437 καὶ
715 5385 882 5437 πᾶσιν
914 5382 1217 5454 ἀχὼρητος,
1250 5381 1346 5436 καὶ
1380 5380 1439 5434 ὲν
1473 5384 1539 5452 τῇ
1573 5380 1770 5449 γαστρὶ
1802 5380 1896 5449 τῆς

328 5472 662 5546 Θεομήτορος
705 5469 774 5545 ἦν
812 5475 1064 5545 ἐνεργείᾳ
1104 5471 1437 5544 σαρκώσεως
1475 5470 1567 5524 καὶ
1608 5469 1899 5540 ἀπεριγράο

333 5581 496 5633 πτως,
529 5569 625 5621 καὶ
654 5570 713 5621 ἐν
740 5567 820 5639 τῷ
851 5568 1238 5638 προσλήμματι
1261 5560 1327 5636 ἦν
1363 5563 1554 5617 ένώσει
1584 5563 1783 5632 σαρκὸς
1807 5562 1899 5616 καὶ

332 5654 523 5723 ὁμοίως
562 5660 1012 5731 ἀπεριγράτττως.
1065 5656 1483 5729 Ἐνηνθρώπησε
1521 5655 1576 5709 δὲ
1614 5654 1682 5707 δι’
1711 5655 1856 5724 ἡμᾶς
1878 5693 1892 5719 ι

341 5753 425 5806 καὶ
457 5753 575 5806 καθ’
610 5758 774 5827 ἡμᾶς,
813 5756 908 5809 καὶ
939 5756 1078 5824 ὑπὲρ
1116 5755 1285 5826 ἡμᾶς,
1325 5752 1404 5805 ὅτι
1442 5750 1527 5805 διὰ
1566 5749 1660 5820 τὴν
1690 5748 1893 5821 ἡμετέ-

1992 4813 2045 4860 et
2119 4814 2293 4860 totum
2360 4804 2549 4874 nequit
2601 4801 3016 4873 comprehendi.
3095 4801 3455 4869 Quamobrem
3511 4813 3564 4859 et

1995 4904 2168 4951 totum
2206 4896 2366 4950 simul
2402 4896 2457 4949 in
2491 4903 2649 4949 utero
2680 4892 2876 4947 divinae
2900 4891 3104 4957 Matris,
3141 4892 3268 4959 illic,
3330 4900 3387 4947 ut
3416 4889 3565 4945 nullo

1995 4988 2228 5043 termino
2287 4988 2778 5058 comprehensum,
2836 4987 2922 5041 hic
2978 4996 3156 5043 autem
3192 4997 3251 5042 ut
3314 4984 3563 5043 indutum

1994 5080 2230 5136 humana
2294 5094 2479 5136 carne.

2064 5194 2295 5251 Carnem
2324 5209 2608 5249 assumens
2653 5192 2895 5249 Verbum
2924 5202 2979 5249 et
3002 5192 3168 5257 Deus,
3222 5201 3281 5247 et
3303 5192 3356 5247 in
3388 5192 3569 5253 omni-

1995 5288 2097 5344 bus
2129 5296 2265 5352 erat,
2297 5298 2353 5342 ut
2382 5288 2563 5342 omnia
2595 5286 2909 5357 complens,
2943 5294 2997 5342 et
3020 5301 3182 5355 super
3212 5284 3417 5349 omnia,
3441 5283 3568 5353 quia

1997 5380 2146 5435 nullo
2199 5380 2437 5434 termino
2491 5388 2585 5435 aut
2647 5379 2764 5436 loco
2804 5376 3171 5433 circumscribi
3224 5386 3423 5446 potest,
3475 5383 3570 5429 aut

1998 5471 2429 5543 comprehendi,
2465 5473 2593 5527 etin
2638 5462 2796 5527 utero
2841 5470 3039 5526 divinae
3068 5466 3274 5530 Matris,
3309 5466 3568 5538 quoniam

2004 5565 2437 5633 assumptionem
2489 5565 2673 5619 carnis
2706 5564 2777 5617 ita
2832 5561 3144 5634 peragebat,
3209 5568 3403 5614 utnon
3460 5560 3572 5613 cir-

2002 5652 2468 5709 cumscribcrctur
2499 5664 2726 5718 tamen;
2792 5660 2848 5705 et
2901 5650 2956 5704 in
3016 5649 3136 5720 ipsa
3198 5650 3573 5719 assumptione

2004 5755 2229 5817 propter
2280 5744 2462 5804 carnis
2516 5743 2982 5818 coniunctionem,
3050 5758 3214 5816 quam
3268 5741 3415 5815 nullo
3442 5735 3576 5814 item
