3994 6204
452 293 558 356 247

1687 267 2073 356 ΕυΤΗΥιὶΙι
2116 295 2472 355 ZtGABENI

3584 279 3695 344 ειε

455 400 616 454 modo
647 399 1093 469 cFrcumscriptus
1149 400 1437 455 efﬁciebat.
1498 400 1695 454 Factus
1719 408 1903 454 autem
1946 409 2028 453 est

2144 419 2230 466 σαν
2285 401 2576 471 σωτηρίαν,
2629 398 2721 453 καὶ
2775 400 2854 452 ὅτι
2908 399 2971 449 ὲκ
3016 395 3289 465 γυναικὸς,
3341 392 3434 445 καὶ
3489 392 3572 445 ὅτι
3628 394 3693 443 ὲκ

453 492 617 543 homo
639 500 860 559 propter
901 506 1021 552 nos,
1053 501 1104 546 et
1131 507 1192 546 ex
1237 493 1412 556 nobis,
1453 503 1505 547 et
1535 508 1697 562 supra
1732 509 1850 554 nos,
1890 509 2023 563 quo-

454 581 598 633 niam
633 590 689 635 et
710 596 806 651 pro
833 580 1006 636 salute
1055 590 1257 640 nostra.
1327 593 1379 636 et
1421 599 1484 638 ex
1544 585 1795 650 muliere,
1851 597 1900 638 et
1956 604 2018 638 ex

454 673 684 743 virgine.

525 767 641 821 Jam
681 779 811 820 ante
839 766 1024 819 mundi
1083 769 1534 820 constitutionem
1571 777 1629 820 ut
1667 767 1810 822 Deus
1837 769 2021 822 huma-

459 875 582 911 nam
623 873 839 912 carnem
889 865 1211 918 assumeret,
1278 859 1602 926 praefinitum
1669 870 1805 913 erat.
1873 859 2022 912 Nun-

456 965 616 1017 quam
673 959 854 1002 autem
917 960 1044 1003 ante
1095 949 1490 1004 sanctissimam
1556 951 1773 1005 Mariam
1830 953 2024 1006 divinae

456 1041 635 1096 carnis
657 1043 1032 1108 assumptione
1059 1042 1278 1110 dignum
1318 1053 1597 1112 repertum
1658 1052 1740 1098 est
1799 1044 2028 1098 domici-

457 1128 609 1183 lium.
649 1129 753 1183 Ubi
799 1139 975 1182 artem
1021 1142 1293 1197 repertum
1347 1140 1451 1191 est,
1481 1131 1771 1185 humanam
1808 1145 2024 1185 carnem

457 1221 752 1289 assumpsit
781 1221 939 1275 Deus.
967 1221 1068 1285 Qui
1105 1220 1225 1274 ideo
1252 1221 1304 1274 in
1337 1221 1602 1291 desponsa
1647 1221 1866 1292 Virgine
1893 1237 2025 1276 con-

456 1309 564 1378 cipi
631 1308 820 1372 voluit,
889 1318 946 1363 ιιι
985 1320 1040 1364 et
1099 1312 1506 1366 matrimonium
1595 1315 1752 1383 cujus
1812 1313 2024 1368 initium

457 1401 727 1470 sponsalia
758 1409 903 1466 sunt,
964 1403 1390 1468 commendaret,
1459 1404 1592 1458 etei
1665 1405 2025 1476 virginitatem

456 1500 834 1560 anteponeret.

529 1580 851 1635 Humanitas
875 1597 990 1650 qua:
1017 1598 1112 1651 per
1138 1582 1642 1650 conjunct'onemin
1677 1600 1782 1637 una
1811 1583 2028 1640 eadem-

458 1689 564 1741 que
593 1688 824 1741 pcr'ona
875 1683 1146 1739 assumpta
1180 1683 1282 1737 est,
1311 1689 1374 1726 ex
1407 1673 1524 1740 ipsa
1563 1674 1945 1744 conjunctione
1975 1685 2030 1730 et

458 1765 845 1821 communione
869 1766 1057 1818 etTeeta
1086 1764 1265 1819 divina
1290 1775 1395 1827 est,
1431 1767 1719 1836 statimque
1747 1769 1815 1822 ab
1837 1767 2032 1822 huma-

458 1873 542 1912 nae
565 1866 767 1910 natura:
809 1855 1056 1911 terminis
1089 1871 1196 1912 non
1260 1857 1541 1921 recedens,
1593 1858 1919 1914 excellentes
1982 1868 2036 1913 ct

460 1951 774 2020 magniﬁcas
833 1948 1126 2004 divinitatis
1180 1949 1333 2005 dotes
1391 1951 1622 2021 accepit,
1667 1961 1725 2006 ut
1767 1960 1822 2007 et
1870 1951 2032 2006 vitam

460 2039 747 2106 tribueret,
794 2049 848 2094 et
876 2049 1018 2094 esset
1041 2039 1404 2108 omnipotens,
1433 2050 1487 2096 et
1521 2043 1703 2096 omnia
1763 2051 2031 2100 cerneret.

463 2133 669 2187 Dicitur
697 2141 876 2186 autem
905 2145 1081 2198 serva,
1139 2141 1196 2186 et
1252 2133 1455 2202 ignara,
1508 2144 1560 2188 et
1599 2134 1719 2188 aliis
1765 2135 2031 2204 ejusmodi

461 2223 781 2277 nominibus
813 2223 1144 2292 appellatur,
1176 2223 1219 2277 si
1242 2225 1364 2292 quis
1395 2224 1477 2294 (ut
1504 2224 1680 2292 inquit
1742 2224 2033 2296 Gregorius

461 2312 794 2382 Theologus)
818 2311 931 2367 sola
985 2312 1124 2367 nuda
1149 2313 1473 2384 cogitatione
1502 2325 1713 2384 separet
1764 2317 1836 2380 id,
1891 2319 2032 2388 quod

460 2403 700 2465 videtur,
734 2403 802 2458 ab
846 2418 932 2470 eo,
993 2404 1137 2474 quod
1187 2405 1520 2476 intelligitur.
1589 2408 1644 2461 In
1703 2411 1804 2464 hac
1855 2420 2032 2466 autem

460 2495 712 2554 Christus
727 2496 992 2552 obnoxius
1015 2495 1117 2551 fuit
1137 2499 1478 2554 naturalibus
1518 2509 1573 2555 et
1598 2501 1754 2567 culpa
1803 2502 2037 2556 carenti-

461 2585 565 2639 bus
583 2584 986 2651 affectionibus,
1017 2591 1077 2638 ut
1107 2598 1207 2638 nec
1236 2600 1266 2638 a
1299 2587 1516 2656 pr0pria
1545 2596 1741 2642 natura
1793 2589 2035 2643 discede-

467 2683 569 2740 ret,
592 2683 645 2729 et
673 2690 732 2730 se
762 2689 890 2730 vere
916 2688 1136 2729 carnem
1166 2675 1458 2730 humanam
1481 2678 1844 2748 assumpsisse
1901 2694 2030 2734 con-

465 2765 726 2829 ﬁrmaret,
759 2772 815 2819 et
835 2763 1116 2818 doloribus
1140 2763 1253 2819 suis
1283 2775 1499 2821 nostros
1519 2775 1757 2832 curaret,
1791 2777 1846 2823 et
1875 2778 2034 2826 natu-

464 2854 669 2922 ralibus
701 2854 1082 2911 affectionibus
1112 2870 1226 2918 eas,
1251 2871 1369 2926 quae
1394 2869 1522 2912 sunt
1555 2869 1753 2928 praeter
1778 2873 2032 2918 naturam

469 2946 735 3010 aboleret,
766 2955 821 3000 et
842 2945 1076 3015 denique
1109 2957 1170 3002 ut
1203 2963 1295 3005 eas
1326 2949 1554 3007 vincens
1603 2953 1718 3024 ipse
1778 2964 2031 3024 tanquam

467 3038 630 3101 homo
656 3036 811 3092 nobis
847 3034 1008 3091 simili
1040 3044 1231 3093 natura
1260 3054 1446 3095 secum
1479 3043 1786 3113 conjunctis
1830 3053 1886 3099 et
1939 3060 2031 3100 co-
2057 3069 2103 3130 ε

466 3129 634 3200 gnitis
666 3127 946 3182 victoriam
987 3127 1158 3197 ipsam
1190 3129 1497 3201 largiretur.
1535 3132 1821 3189 Peccatum
1882 3136 2028 3191 enim

471 3236 580 3274 non
606 3230 691 3275 est
711 3220 924 3276 aﬂ'ectio
941 3219 1226 3286 naturalis,
1245 3231 1650 3294 etquaecunque
1666 3226 1729 3281 ad
1754 3237 2031 3296 peccatum

467 3313 762 3386 pertinent.

539 3402 610 3457 Ut
637 3403 777 3472 ignis
811 3403 1013 3459 ferrum
1049 3407 1275 3476 ignitum
1303 3416 1358 3462 et
1408 3408 1619 3462 illustre
1645 3410 1877 3465 reddens
1935 3412 2030 3466 fri-

469 3494 710 3568 gulitatis
740 3503 793 3551 ct
823 3495 1124 3563 nigredinis
1151 3499 1268 3568 ejus
1295 3499 1564 3570 particeps
1594 3499 1708 3569 ipse
1736 3515 1844 3555 non
1867 3501 2032 3556 eﬂlei-

467 3592 579 3649 tur,
604 3587 674 3640 ita
710 3585 966 3641 divinitas
1009 3589 1258 3643 virtutem
1291 3605 1442 3645 suam
1507 3592 1828 3648 humanitati
1889 3608 2036 3648 eom-

472 3675 757 3730 municans
784 3676 903 3745 ejus
933 3691 1038 3732 non
1071 3679 1280 3748 accepit
1309 3679 1753 3737 imbecillitatem.

541 3846 757 3901 Puritas
785 3846 1004 3916 quidem
1036 3863 1159 3902 cum
1214 3850 1462 3906 sordibus
1521 3853 1723 3908 nostris
1769 3864 2035 3921 versatur,

467 3937 560 3991 sed
611 3938 742 4006 ipsa:
781 3947 960 3992 tamen
986 3939 1177 3994 sordes
1236 3941 1525 4009 puritatem
1592 3960 1700 3998 non
1767 3944 2034 3998 inﬁciunt.

471 4027 590 4080 Lua:
655 4026 800 4080 enim
826 4027 1048 4095 (inquit)
1083 4029 1136 4079 in
1163 4030 1384 4083 tenebris
1407 4031 1562 4093 lucet,
1589 4042 1640 4086 et
1675 4034 1901 4086 tenebra:
1922 4048 2038 4086 eam

469 4129 575 4167 non
629 4113 1124 4177 comprehenderunt
1155 4115 1194 4166 '.
1243 4113 1377 4169 Nam
1429 4131 1553 4170 cum
1621 4121 1856 4174 tenebrte
1903 4135 2042 4189 pra:-

469 4202 932 4270 scntiaradiorum
950 4202 1411 4272 expellanlur,'sol
1431 4215 1610 4261 tamen
1631 4223 1660 4263 a
1681 4210 2042 4280 tenebris‘non

471 4295 822 4351 obscuratur.

2128 493 2431 555 Παςοένου.

2199 757 2374 810 Πάλαι
2441 756 2539 824 μὲν
2603 753 2708 823 πρὸ
2768 750 3068 820 καταϐολῆς
3125 747 3330 818 κόσμου
3390 744 3698 814 προώριστο

2126 853 2157 918 ἡ
2195 848 2287 902 τοῦ
2327 847 2461 900 Θεοῦ
2497 846 2928 913 ὲνανθρώπησις,
2961 839 3115 894 οῦπω
3140 839 3196 891 δὲ
3236 838 3394 908 μέχρι
3428 836 3525 904 τῆς
3555 852 3698 886 παν-

2127 940 2284 1008 αγίας
2331 937 2546 1004 Μαρίας
2576 937 2722 1000 ἄξιον
2770 933 2967 1002 εὑρέθη
2991 930 3090 998 τῆς
3116 927 3580 996 ὲνανθρωπήσεως
3608 927 3702 992 ἐρ-

2134 1030 2453 1099 γαστήριον.
2483 1029 2611 1080 Ὅτε
2643 1022 2734 1079 οῦν
2759 1025 2978 1095 εὑρέθη.
3011 1022 3127 1074 τότε
3157 1020 3251 1073 καὶ
3278 1015 3698 1088 ἐνηνθρὼπησε.

2130 1119 2445 1192 Συνελήφθῃ
2490 1120 2544 1171 δὲ
2588 1119 2645 1169 ὲν
2679 1120 2744 1186 τῇ
2794 1112 3249 1185 μεμνηστευμένῃ
3283 1109 3585 1180 Παρθένον
3639 1107 3701 1158 ἐν

2132 1209 2588 1281 μεμνηστευμένη
2644 1209 2764 1277 μὲν,
2797 1209 2884 1260 ἵνα
2923 1206 3127 1274 τιμηθῇ
3175 1205 3203 1256 ὁ
3255 1202 3428 1269 γάμος
3457 1216 3470 1231 ·
3517 1198 3699 1268 γάμου

2129 1303 2238 1372 γὰρ
2274 1301 2417 1371 ἀρχὴ
2471 1302 2505 1370 ἡ
2549 1299 2850 1371 μνηστείαο
2903 1299 2960 1351 ὲν
3009 1295 3262 1364 παρθένῳ
3301 1293 3380 1356 δὲ,
3426 1292 3511 1344 ἵνα
3560 1307 3700 1360 προ-

2129 1390 2336 1463 τιμηθῇ
2369 1392 2401 1462 ἡ
2430 1389 2717 1460 παρθενία.

2203 1577 2277 1630 Τδ
2303 1576 2639 1648 πρόσλημμα
2663 1575 2751 1629 διὰ
2771 1573 2871 1644 τὴν
2894 1573 3016 1628 καθ’
3047 1573 3345 1627 ὑπόστασιν
3366 1569 3581 1630 ἕνωσιν,
3603 1565 3702 1619 καὶ

2131 1667 2230 1737 τὴν
2269 1667 2570 1735 ταυτότητα
2604 1665 2705 1735 τῆς
2751 1665 3135 1728 ὑποστάσεως,
3165 1662 3223 1729 ἐξ
3259 1661 3425 1730 αὐτῆς
3453 1657 3703 1718 ινὼσεως

2135 1759 2229 1811 καὶ
2275 1757 2558 1819 κοινωνίας
2600 1755 2821 1820 θεωθὲν,
2865 1755 3127 1826 μετέσχεν
3170 1753 3368 1808 αὐτίκα
3398 1750 3505 1805 τῶν
3539 1749 3702 1802 θείων

2136 1851 2622 1920 πλεονεκτημάτων
2653 1843 2747 1902 καὶ
2779 1846 3286 1918 μεγαλοπρεπειῶν.
3317 1843 3428 1899 Καὶ
3459 1842 3568 1896 τῶν
3601 1841 3704 1911 μὲν

2133 1943 2274 2013 ὅρων
2304 1942 2403 2011 τῆς
2432 1939 2781 2011 ἀνθρωπίνης
2808 1939 3024 2009 φύσεως
3047 1939 3145 1992 οὐκ
3174 1937 3390 2003 ἐξέστη,
3419 1934 3610 2003 γέγονε
3640 1931 3704 1984 δὲ

2136 2035 2397 2099 ζωοποιδν
2423 2035 2518 2086 καὶ
2547 2033 2980 2103 παντοδύναμον,
3013 2033 3107 2085 καὶ
3139 2029 3315 2085 πάντα
3339 2027 3497 2090 εἰδός.
3530 2025 3704 2092 Λέγε-

2133 2144 2223 2181 ται
2255 2127 2310 2179 δὲ
2348 2126 2556 2192 δοῦλον,
2591 2125 2687 2179 καὶ
2720 2123 2972 2190 ἀγνοοῦν,
3010 2123 3104 2177 καὶ
3131 2123 3198 2175 τὰ
3236 2118 3480 2183 τοιαῦτα,
3514 2116 3578 2171 ἄν
3614 2131 3706 2176 τις

2134 2219 2196 2272 τὺ
2233 2217 2557 2287 φαινόμενον
2581 2216 2806 2287 χωρήσῃ
2833 2213 2932 2268 τοῦ
2956 2212 3272 2282 νοουμένου,
3304 2209 3447 2263 καθά
3472 2223 3636 2277 φησιν
3677 2207 3708 2256 6

2134 2309 2394 2377 Θεολόγος
2434 2307 2753 2378 Γρηγόριος,
2778 2305 2989 2376 ἐπινοίᾳ
3043 2303 3283 2374 δηλονότι
3323 2299 3475 2372 ψιλῇ.
3530 2297 3707 2351 Ὑπέ-

2137 2420 2287 2456 κειτο
2324 2400 2381 2453 δὲ
2410 2401 2522 2462 τοῖς
2558 2398 2803 2467 φυσικοῖς
2853 2397 2947 2450 καί
2977 2394 3320 2464 ἀδιαϐλήτοις
3341 2392 3591 2451 πάθεσιν,
3625 2389 3707 2451 ὡς

2139 2495 2213 2563 μὴ
2245 2494 2443 2546 ὲκστὰν
2477 2491 2575 2558 τῆς
2601 2489 2811 2551 οἰκείας
2849 2487 3083 2556 φύσεως,
3119 2484 3212 2539 καὶ
3239 2484 3325 2537 ἵνα
3363 2483 3397 2552 ἡ
3431 2479 3708 2551 ὲνανθρώ-

2137 2601 2303 2653 πησις
2333 2581 2601 2651 πιστωθῇ,
2634 2579 2730 2632 καὶ
2756 2579 2842 2630 ἶνα
2867 2580 2977 2639 τοῖς
3003 2575 3196 2629 ἑαυτοῦ
3219 2574 3450 2627 πάθεσιν
3479 2572 3705 2640 ἰάσηται

2135 2675 2483 2749 ἰὰ-ἡμέτερα
2513 2672 2683 2746 πάθη,
2719 2673 2813 2727 καὶ
2837 2675 2950 2734 τοίς
2985 2665 3325 2739 φυσικοῖς“τὰ
3351 2662 3508 2737 παρὰ
3536 2661 3707 2733 φύσιν

2135 2769 2452 2838 ὲξαφανίση,
2486 2767 2578 2822 καὶ
2599 2764 2895 2834 ωλλήὸδην
2924 2764 3120 2828 εἰπεῖν,
3153 2762 3238 2814 ἵνα
3261 2757 3490 2828 νικήσας
3515 2754 3706 2819 αὐτὸς,

2135 2861 2210 2923 ὼς
2241 2857 2546 2928 ἄνθρωπος,
2577 2855 2672 2909 καὶ
2703 2856 2836 2924 ἡμῖν
2860 2854 2970 2913 τοῖς
2997 2850 3261 2922 ὁμοφυέσι
3289 2847 3384 2902 καὶ
3411 2843 3708 2913 συγγενέσι

2135 2950 2234 3018 τὴν
2271 2947 2392 3003 κατ’
2416 2947 2596 3001 αὐτῶν
2626 2945 2917 3015 χαρίσηται
2943 2941 3120 3012 νίκην.
3158 2941 3224 2992 Ἦ
3248 2939 3434 3010 μέντοι
3459 2934 3712 3005 ἁμαρτία

2133 3039 2194 3092 οὐ
2231 3039 2478 3108 φυσικὸν,
2513 3035 2649 3090 ἀλλά
2680 3033 2831 3104 παρά
2867 3032 3031 3102 φύσιν
3079 3029 3274 3096 πάθος,
3329 3027 3424 3083 καὶ
3473 3026 3576 3079 ὅσα
3609 3023 3710 3091 τῆς

2132 3132 2428 3202 ἁμαρτίας.

2211 3396 2425 3465 Ὠσπερ
2459 3393 2519 3446 τὸ
2555 3390 2668 3463 πῦρ
2701 3389 2976 3462 πυρακτοῖ
3008 3387 3106 3459 μὲν
3147 3385 3242 3440 καὶ
3276 3379 3585 3453 λαμπρύνει
3617 3378 3711 3432 τὸν

2141 3483 2379 3552 σὲδηρον,
2412 3480 2473 3534 οὐ
2504 3478 2907 3550 μεταλαμϐάνει
2935 3476 2991 3530 δὶ
3020 3475 3120 3546 τῆς
3150 3471 3314 3527 αὑτοῦ
3365 3470 3714 3540 ψυχρότητος

2139 3575 2171 3643 ἢ
2202 3573 2460 3642 μελανίας
2479 3588 2493 3603 ⁸
2527 3569 2669 3624 οὕτω
2696 3570 2790 3622 καὶ
2819 3569 2852 3636 ἡ
2877 3566 3070 3636 θεότης
3096 3563 3364 3633 μετέδωκε
3398 3561 3494 3629 μὲν
3526 3561 3592 3627 τῇ
3618 3559 3714 3609 ἀν·

2141 3663 2447 3734 θρωπότητι
2470 3662 2567 3732 τῆς
2597 3659 2804 3722 οἰκείας
2829 3657 3130 3728 δυνάμεως,
3157 3652 3218 3707 οὗ
3242 3650 3505 3722 μετέλαϐε
3531 3649 3588 3700 δὲ
3610 3647 3711 3715 τῆς

2142 3755 2430 3817 ἀσθενείας
2461 3752 2650 3820 αὐτῆς.

2221 3847 2286 3899 Ἦ
2321 3844 2418 3914 μὲν
2448 3842 2756 3912 καθαρότης
2785 3838 2963 3909 ὁμιλεῖ
2990 3836 3068 3906 τῷ
3098 3834 3351 3906 ἡμετέρῳ
3382 3833 3559 3903 ῥύπῳ,
3588 3831 3615 3881 ό
3651 3828 3710 3881 δὲ

2145 3938 2312 4007 ῥύπος
2357 3937 2455 4004 οὐχ
2508 3935 2738 3988 ἅπτεται
2794 3931 2894 4000 τῆς
2968 3927 3356 3998 καθαρότητος.
3439 3922 3508 3976 Τὸ
3572 3919 3703 3989 φῶς

2142 4029 2274 4096 γὰρ,
2317 4026 2501 4096 φησὶν,
2550 4023 2621 4078 ἐν
2665 4022 2740 4091 τῇ
2789 4021 3005 4087 σκοτίᾳ
3049 4017 3270 4089 φαίνει.
3305 4014 3398 4068 καὶ
3426 4014 3465 4080 ἡ
3495 4011 3713 4065 σκοτία

2142 4119 2289 4175 αὐτὸ
2325 4121 2395 4172 οὐ
2438 4116 2785 4170 κατέλαϐεν.
2838 4111 3183 4181 Ἀφανίζεται
3208 4107 3317 4177 γὰρ
3339 4108 3404 4174 τῇ
3435 4101 3713 4173 παρουσίᾳ

2141 4213 2243 4278 τῆς
2281 4211 2497 4270 ἀκτῖνος
2545 4209 2572 4260 ὁ
2621 4206 2802 4274 ζόφος,
2850 4203 2911 4258 οὐ
2958 4202 3036 4273 τῷ
3085 4200 3233 4270 ζόφῳ
3285 4194 3629 4268 ἀμαυροῦται
3686 4192 3716 4243 ό

2144 4304 2318 4375 ἣλιος.

537 4385 719 4443 Unum
746 4385 946 4441 dicitur
975 4387 1028 4441 in
1056 4386 1125 4442 iis
1152 4387 1394 4458 quidem,
1443 4403 1565 4458 quae
1620 4401 1746 4446 sunt
1797 4392 2034 4464 ejusdem

2214 4395 2287 4448 Τὸ
2314 4393 2371 4446 ἓν
2403 4395 2490 4444 ἐπὶ
2526 4389 2625 4461 μὲν
2652 4389 2758 4442 τῶν
2787 4387 3082 4458 ὁμοουσίων
3110 4383 3347 4453 λέγεται,
3365 4379 3493 4432 ἔνθα
3518 4375 3715 4478 ταυτδῖ

469 4477 743 4539 essentia,
775 4491 899 4531 cum
935 4475 1126 4532 eadem
1153 4486 1238 4533 est
1265 4489 1478 4544 natura,
1531 4487 1587 4534 et
1635 4480 1868 4536 diversae
1909 4497 2037 4551 per-

468 4581 639 4622 sonae.
673 4565 746 4620 Ex
779 4578 887 4635 quo
931 4565 1084 4632 illud,
1115 4566 1183 4621 Et
1220 4568 1325 4620 tria
1381 4585 1539 4622 unum
1602 4581 1722 4624 sunt
1777 4571 1820 4625 '.
1866 4571 1922 4626 In
1971 4572 2036 4628 iis

469 4667 679 4724 autem,
711 4673 832 4730 quae
857 4657 1086 4714 diversa:
1113 4668 1239 4714 sunt
1267 4661 1532 4715 essentiae.
1591 4677 1757 4716 unum
1816 4663 2035 4724 dicitur.

469 4767 594 4808 cum
626 4752 812 4807 eadem
839 4765 1067 4821 persona
1090 4761 1191 4818 est,
1221 4760 1275 4808 et
1297 4754 1525 4808 diversae
1556 4764 1783 4815 naturae.
1812 4771 1878 4810 ex
1931 4773 2038 4827 quo

2145 4505 2243 4559 της
2271 4488 2370 4556 μὲν
2400 4484 2635 4553 φύσεως,
2660 4481 2915 4552 ἑτερότης
2944 4479 2998 4532 δὲ
3027 4476 3396 4538 ὁποστάσεων,
3425 4473 3500 4534 ὡς
3526 4468 3588 4522 τὸ
3623 4466 3722 4521 καὶ

2143 4581 2214 4633 τὰ
2240 4577 2368 4646 τρία
2389 4576 2458 4630 ἓν
2479 4593 2494 4608 ο
2542 4574 2634 4627 ἐπὶ
2662 4574 2718 4627 δὲ
2746 4573 2853 4626 τῶν
2896 4568 3268 4642 ἑτεροουσίων,
3297 4564 3424 4618 ἔνθα
3444 4560 3719 4628 ταυτότης

2152 4671 2253 4742 μὶν
2285 4668 2658 4730 ὑποστάσεων,
2695 4666 2950 4735 ἑτερότης
2981 4663 3039 4716 δὲ
3072 4656 3411 4731 φύσεωνλὼς
3446 4653 3505 4708 τδ
3531 4653 3626 4705 καὶ
3654 4651 3722 4704 τδ

2153 4761 2559 4831 συναμφότερον
2590 4758 2670 4822 ἓν,
2715 4757 2832 4811 ἀλλ’
2865 4756 2924 4809 οὐ
2949 4757 3015 4826 τῇ
3043 4752 3222 4822 φύσει,
3246 4752 3312 4819 τῇ
3343 4748 3396 4802 δὲ
3429 4743 3653 4809 συνόδῳ.

467 4844 622 4908 illud,
650 4851 1016 4914 etutrumque
1049 4858 1240 4904 unum.
1275 4843 1453 4904 Unum
1489 4855 1672 4902 autem
1705 4861 1813 4902 non
1861 4855 2079 4915 natura,
2121 4851 2215 4908 sed
2265 4851 2648 4921 conjunctione
2692 4848 2920 4903 duarum
2970 4855 3288 4900 naturarum
3341 4841 3398 4894 in
3451 4852 3556 4892 una
3592 4848 3726 4904 per-

468 4952 626 4996 $003.

538 5035 1005 5102 Quemadmodum
1036 5051 1202 5089 unum
1227 5043 1394 5091 estex
1425 5053 1611 5095 eorum
1642 5053 1870 5096 numero
1920 5054 2040 5112 quae

467 5125 748 5195 multiplici
772 5124 980 5184 ratione
1003 5123 1291 5189 dicuntur;
1325 5125 1521 5180 dicitur
1550 5125 1692 5180 enim
1735 5143 1904 5184 unum
1957 5128 2040 5182 vel

468 5232 720 5282 numero,
757 5226 814 5271 ut
835 5215 1069 5290 exempli
1092 5216 1282 5286 gratia,
1325 5215 1552 5282 Petrus;
1608 5219 1692 5273 vel
1728 5219 1931 5290 specie,
1980 5230 2040 5276 ut

470 5312 670 5377 homo;
703 5312 787 5364 vel
819 5324 1036 5382 genere,
1071 5321 1129 5361 ut
1159 5307 1358 5360 animal
1385 5323 1398 5372 ;
1430 5308 1509 5362 sic
1529 5311 1691 5364 etiam
1719 5311 1846 5364 duo.
1911 5308 2043 5366 Nam

469 5411 525 5455 et
551 5416 781 5456 numero
804 5400 1208 5463 dicunturduo,
1243 5409 1298 5462 ω
1330 5399 1523 5453 Petrus
1587 5410 1641 5462 et
1707 5399 1932 5466 Paulus;
1991 5409 2047 5456 et

470 5493 674 5566 specie,
711 5503 769 5546 ut
795 5495 954 5548 homo
986 5502 1040 5547 et
1067 5506 1275 5562 equus;
1310 5499 1364 5545 et
1387 5505 1604 5562 genere,
1640 5501 1693 5547 ut
1722 5492 1955 5551 essentia
1983 5501 2036 5548 et

545 5673 734 5738 'Joan.
767 5693 804 5738 ι,
838 5676 889 5728 5.
967 5678 986 5708 '
1021 5675 1214 5732 Hoan.
1253 5693 1305 5744 ν,
1334 5681 1387 5735 7.

2213 5038 2423 5107 Ὥσπερ
2451 5036 2508 5088 τὸ
2536 5034 2595 5087 ἓν
2616 5035 2725 5086 τῶν
2751 5029 3034 5101 πολλαχῶς
3061 5026 3372 5097 λεγομένων
3400 5020 3539 5078 ἐστὶ.
3566 5019 3728 5086 λέγε-

2139 5146 2230 5184 ται
2254 5129 2360 5199 γὰρ
2388 5128 2445 5180 ’ἐν
2473 5128 2549 5196 τῷ
2576 5124 2817 5197 ἀριθμῷ,
2835 5124 2909 5187 ὡς
2937 5124 2965 5175 ὁ
2995 5122 3204 5187 Πέτρος
3227 5116 3409 5186 τυχὸν,
3436 5113 3532 5166 καὶ
3559 5110 3618 5162 ἒν
3645 5109 3730 5181 τῷ

2141 5221 2292 5286 εῖδει,
2318 5221 2391 5283 ὡς
2419 5222 2446 5273 ὁ
2477 5217 2784 5289 ἄνθρωπος,
2820 5216 2913 5269 καί
2943 5215 3000 5267 ἓν
3027 5211 3105 5282 τῷ
3135 5211 3307 5279 γένει,
3336 5207 3409 5269 ὼς
3440 5203 3498 5257 τὸ
3529 5203 3680 5266 ζῶον
3709 5219 3724 5233 °

2143 5311 2285 5367 οὕτω
2330 5312 2422 5364 καὶ
2470 5312 2537 5363 τὰ
2585 5307 2698 5362 δύο.
2753 5309 2984 5376 Λέγεται
3035 5303 3142 5373 γὰρ
3190 5302 3282 5355 δύο
3327 5299 3404 5370 τῷ
3459 5295 3727 5366 ἀριθμῷ,

2143 5405 2218 5468 ὡς
2252 5403 2453 5474 Πέτρος
2482 5402 2574 5455 καὶ
2604 5399 2836 5464 Παῦλος..
2869 5397 2963 5452 καὶ
2989 5395 3084 5449 δύο
3111 5393 3189 5463 τῷ
3220 5391 3371 5457 εἴδει,
3404 5389 3480 5450 ὡς
3504 5384 3729 5455 ἀνθρω-

2145 5513 2244 5559 πος
2292 5497 2385 5548 καὶ
2431 5493 2615 5561 ἵππος,
2659 5491 2752 5547 καί
2801 5489 2892 5544 δύο
2941 5487 3019 5560 τῷ
3071 5485 3240 5557 γένει,
3289 5481 3363 5545 ὡς
3412 5479 3567 5533 οὐσία
3626 5476 3729 5530 καὶ
