3994 6204
364 253 479 315 24)

1343 254 1714 314 PANOPLIA
1761 253 2220 319 DUCMATICA.
2254 283 2323 293 —
2360 259 2510 323 TlT.
2545 263 2681 329 VII.

3512 266 3618 328 250

364 365 596 439 χρῶμα.
614 365 789 419 Ὅταν
814 364 906 420 οὖν
929 363 1161 435 λέγομεν
1178 364 1247 418 τὰ
1265 365 1361 419 δύο
1386 366 1478 418 ἰπὶ
1496 364 1589 418 τοῦ
1613 364 1867 434 Χριστοῦ,
1882 365 1924 416 οἱ

2050 369 2219 423 color.
2253 369 2481 438 Quando
2502 375 2667 443 igitur
2697 378 2807 431 duo
2837 377 2890 431 in
2916 376 3134 432 Christo
3190 378 3441 438 dicimus.
3502 395 3611 432 non

364 458 465 512 δύο
502 457 585 527 τῷ
625 458 850 528 ἀριθμῷ
892 456 1083 511 τοῦτον
1132 457 1383 527 λέγομεν,
1426 459 1545 512 ἀλλ’
1582 458 1679 512 ἕνα
1722 459 1821 525 μὲν
1869 457 1924 525 τιξ

2047 476 2276 518 numero
2326 464 2676 535 intelligimus
2708 468 2835 529 duo,
2868 469 3122 536 quoniam
3172 477 3254 522 est
3288 469 3442 524 unica
3485 485 3612 538 per-

366 546 597 616 ἀριθμῷ
624 547 717 600 διὰ
777 548 879 616 τὴν
912 546 1114 614 μονάδα
1141 546 1239 615 τῆς
1270 545 1754 607 ὑποστάσεως,δὺο
1784 545 1841 597 δὲ
1866 544 1924 613 τι]

2046 563 2200 612 sona,
2225 552 2318 606 sed
2349 559 2527 622 specie
2553 556 2680 619 duo,
2720 556 2823 611 hoc
2852 567 2957 621 est,
2992 567 3206 618 natura,
3236 572 3356 626 qua:
3409 558 3605 627 duplex

357 638 519 700 ιεδιι,
553 638 805 690 τουτέστι
828 638 897 707 τῇ
925 634 1107 704 φύσει,
1136 634 1225 688 διὰ
1251 635 1354 703 τὴν
1378 632 1545 686 δυάδα
1572 633 1679 686 τῶν
1704 632 1940 701 φύσεων.

355 728 503 796 Φησὶ
531 729 649 796 γὰρ
682 727 778 780 καὶ
807 727 1107 797 Γρηγόριος
1133 729 1159 779 ὁ
1184 725 1440 793 θεολόγος
1468 726 1553 778 ὅτι
1575 726 1636 776 τδ
1665 723 1942 792 συναμφό-

355 834 528 885 τερον
581 818 643 869 ἓν
671 817 736 869 οὑ
762 819 834 887 τῇ
861 818 1049 884 φύσει,
1073 818 1140 884 τῇ
1166 815 1223 867 δὲ
1252 813 1473 883 συνόδῳ.
1491 813 1600 866 Καὶ
1629 812 1940 882 Ἀριστοτέ-

358 907 458 975 λης
480 906 545 958 δὲ
567 906 670 975 τὴν
696 904 826 975 ὓλην
850 903 1029 963 καὶτὸ
1056 900 1192 965 εἶδος
1216 901 1273 954 ἓν
1299 900 1400 969 μὲν
1419 900 1564 967 λέγει
1593 899 1670 968 τῷ
1696 898 1937 969 ἀριθμῷ,

2044 640 2100 695 in
2123 641 2218 697 illo
2253 654 2357 699 est.
2388 647 2525 701 Dicit
2552 647 2696 702 enim
2726 648 3020 718 Gregorius
3037 647 3364 719 Theologus,
3401 659 3612 703 utrum-

2043 748 2149 802 que
2180 750 2300 790 esse
2331 753 2496 792 unum
2524 755 2633 793 non
2660 750 2879 803 natura,
2932 741 3028 794 sed
3092 742 3500 811 conjunctione,
3558 752 3613 794 et

2041 826 2364 881 Aristoteles
2393 826 2672 881 materiam
2700 837 2754 883 et
2794 827 3028 882 formam
3064 844 3231 883 unum
3292 845 3414 884 esse
3477 830 3612 883 dicit

2043 932 2297 979 numero,
2326 918 2508 985 specie
2532 915 2712 972 autem
2756 919 2887 973 duo.
2922 920 3203 989 Duplicem
3243 921 3387 973 hunc
3448 935 3608 971 usum

354 996 451 1049 δύο
479 995 543 1048 δὲ
572 993 652 1063 τῷ
682 995 834 1048 εῖδει.
868 990 1086 1054 Ταύτας
1110 990 1209 1051 τὰς
1237 989 1331 1042 δύο
1357 990 1583 1059 χρήσεις
1609 988 1924 1058 προσλητέοι

2040 1018 2254 1075 Oportet
2274 1023 2579 1078 proponere
2606 1010 2868 1064 adversus
2894 1026 3007 1074 eos,
3038 1011 3131 1080 qui
3179 1011 3345 1065 unius
3388 1010 3607 1080 quidem

356 1088 505 1140 κατὰ
550 1085 664 1138 τῶν
692 1084 961 1151 λεγόντων
1005 1081 1087 1133 δτι
1127 1079 1243 1141 ἑνὸς
1286 1078 1386 1148 μὲν
1429 1078 1601 1140 είδους
1639 1078 1808 1131 πολλὰ
1842 1077 1938 1129 εὑ-

358 1178 633 1245 ρίσκομεν
658 1175 863 1241 ἄτομα,
889 1172 984 1226 δύο
1007 1171 1064 1224 δι
1090 1170 1203 1239 ειδη
1234 1168 1326 1222 ἐπὶ
1350 1168 1468 1232 ἑνὸς
1494 1167 1698 1238 ἀτόμου
1724 1168 1820 1222 καὶ
1848 1169 1938 1223 εὑ-

359 1269 479 1337 ρεῖν
506 1266 793 1328 ἀδύνατον,
826 1265 924 1317 καὶ
953 1263 1130 1329 λέγειν
1160 1261 1376 1327 ἄλογον.
1436 1305 1441 1314 .

430 1358 510 1410 Τὸ
532 1356 732 1409 ταὺτδν
761 1356 978 1422 λέγεται
1003 1353 1102 1423 μὲν
1124 1353 1191 1422 τῇ
1212 1352 1390 1422 οὐσίᾳ,
1415 1351 1491 1415 ὡς
1515 1352 1717 1420 Πέτρος
1741 1350 1936 1418 Παύλῳ

354 1453 423 1520 τῇ
468 1448 636 1518 οὐσία
672 1446 903 1509 ταυτὸν,
943 1444 1101 1497 τοῦτο
1139 1444 1198 1496 δὲ
1228 1444 1323 1497 καὶ
1352 1441 1517 1511 φύσει
1548 1442 1745 1495 ταυτὸν
1784 1440 1936 1508 λέγο-

2039 1102 2242 1169 speciei
2268 1101 2423 1154 multi
2468 1101 2696 1170 reperiri
2754 1102 3062 1156 concedunt
3108 1100 3422 1166 individua,
3472 1102 3609 1155 duas

2039 1199 2219 1246 autem
2239 1190 2449 1261 species
2467 1192 2521 1246 in
2539 1208 2648 1247 uno
2668 1192 2947 1247 individuo
2964 1207 3065 1245 nec
3084 1192 3309 1259 reperiri
3359 1207 3455 1246 nec
3501 1192 3608 1247 dici

2038 1296 2198 1351 posse
2224 1282 2581 1337 contendunt.

2108 1372 2251 1428 idem
2283 1372 2482 1428 dicitur
2510 1374 2593 1428 vel
2625 1375 2884 1437 essentia,
2946 1389 3066 1438 seu,
3125 1372 3269 1441 quod
3316 1373 3457 1427 idem
3500 1384 3607 1437 est,

2036 1472 2253 1525 natura,
2287 1472 2347 1515 ut
2375 1462 2569 1517 Petrus
2586 1470 2639 1516 ct
2671 1462 2870 1516 Paulus
2902 1463 3040 1516 idem
3066 1472 3258 1515 natura
3306 1470 3468 1515 sunt:
3523 1463 3608 1514 vel

358 1557 463 1610 μεν
489 1558 504 1570 ·
557 1538 779 1606 λέγεται
805 1538 865 1591 δὲ
910 1539 1006 1590 καὶ
1041 1536 1121 1605 τῷ
1161 1535 1332 1604 γένει,
1377 1534 1453 1597 ὡς
1502 1532 1625 1603 βοῦς
1663 1533 1814 1602 ἵππῳ
1856 1531 1924 1601 τῷ

2035 1568 2270 1623 genere;
2302 1554 2584 1621 utriusque
2610 1555 2754 1607 enim
2793 1568 2969 1620 genus
2993 1561 3077 1607 est
3134 1552 3334 1606 animal
3384 1552 3609 1605 rationis

354 1633 509 1699 γένει
538 1631 760 1696 ταυτὸν,
796 1629 952 1697 γένος
974 1629 1082 1699 γὰρ
1110 1628 1312 1697 ἀμφοῖν
1340 1626 1398 1679 τὸ
1423 1625 1614 1692 ἄλογον
1641 1624 1808 1687 ζῶον⁸
1842 1623 1931 1675 λέ-

347 1741 514 1795 τεται
549 1724 610 1777 δὲ
637 1720 836 1791 καὶτῷ
871 1720 1025 1781 εῖδει.
1055 1721 1129 1782 ὡς
1169 1719 1324 1781 Τῖτος
1372 1715 1622 1787 Τιμοθέῳ
1666 1715 1747 1785 τῷ
1798 1715 1929 1768 είδει

347 1816 577 1878 ταυτὸν,
637 1812 745 1865 ὑπὸ
809 1813 918 1883 γὰρ
975 1809 1066 1863 τὸν
1123 1808 1409 1879 ἄνθρωπον
1463 1808 1661 1878 ἄμφω·
1712 1806 1928 1873 λέγεται

346 1909 410 1963 δὲ
444 1909 549 1963 καὶ
573 1907 656 1976 τῷ
681 1903 901 1976 ἀριθμῷ
920 1941 935 1966 ,
966 1903 1040 1965 ὡς
1073 1901 1135 1954 τὸ
1168 1899 1520 1967 πολυώνυμον
1549 1898 1769 1969 ἀριθμῷ
1796 1916 1930 1952 ταυ-

345 2001 443 2053 τὸν
463 2040 481 2065 ,
516 1998 674 2066 ξίφος
711 1998 841 2065 γὰρ,
871 1994 965 2049 καὶ
990 1994 1126 2057 ἆορ,
1152 1993 1245 2046 καὶ
1274 1990 1455 2060 σπάθη
1482 1990 1541 2043 ἓν
1575 1990 1650 2058 τῷ
1675 1989 1891 2059 ἀριθμῷ
1909 2028 1925 2052 ,

350 2092 414 2143 ἓν
453 2088 569 2159 γὰρ
625 2085 859 2140 ὶνταῦθα
882 2086 944 2138 τὸ
980 2084 1334 2153 ὑποκείμενον
1359 2098 1373 2112 ·
1408 2083 1624 2149 λέγεται
1654 2081 1709 2133 δὲ
1743 2081 1835 2134 καὶ
1863 2083 1928 2151 τῇ

353 2179 648 2247 ἀναλογίᾳ,
680 2177 756 2239 ὡς
794 2176 824 2229 δ
852 2174 975 2237 νοῦς
1006 2173 1085 2242 τῷ
1112 2171 1377 2241 ὀφθαλμῷ
1404 2175 1471 2242 τῇ
1504 2172 1764 2243 ἀναλογίᾳ
1795 2188 1929 2224 ταυ-

352 2272 472 2333 τὸν,
499 2270 530 2322 δ
551 2268 662 2337 γὰρ
692 2265 965 2340 ὀφθαλμὸς
991 2266 1048 2317 ὲν
1071 2260 1305 2332 σώματι,
1332 2260 1490 2314 τοῦτο
1520 2260 1644 2325 νοῦς
1667 2261 1883 2333 ἐνψυχῇ
1911 2276 1926 2292 ⁸

348 2362 574 2430 λέγεται
602 2360 663 2413 δὲ
688 2359 785 2412 καὶ
806 2358 871 2428 τῇ
891 2355 1184 2410 ὑποστάσει
1206 2355 1424 2419 ταυτὸν,
1452 2354 1526 2417 ὡς
1547 2354 1643 2407 ἐπὶ
1668 2354 1927 2425 Χριστοῦ,

347 2456 406 2506 at
435 2452 692 2520 διάφοροι
722 2448 830 2518 γὰρ
866 2445 1054 2517 φύσεις
1085 2443 1250 2499 αὑτοῦ
1281 2446 1348 2516 τῇ
1381 2444 1680 2499 ὑποστάσει
1707 2445 1927 2511 ταυτὸν,

350 2547 528 2616 ἤγουν
557 2543 640 2596 ἓν.

434 2633 564 2689 Ἐπὶ
590 2632 830 2703 Χριστοῦ
855 2631 951 2695 τὰς
980 2630 1075 2684 δύο
1097 2630 1287 2701 φύσεις
1313 2628 1526 2700 ἐπινοίᾳ
1556 2628 1656 2697 μὲν
1684 2627 1777 2681 τοῦ
1806 2628 1931 2682 διω-

350 2728 618 2798 ρισμένου
653 2723 824 2777 ποσοῦ
854 2723 1084 2791 λέγομεν
1106 2760 1123 2786 ,
1161 2721 1234 2784 ὡς
1274 2721 1487 2791 ἐπινοίᾳ
1522 2719 1658 2789 μόνῃ
1687 2718 1930 2789 διαιρουο

353 2819 548 2888 μένα;,
594 2816 888 2889 πράγματι
910 2814 968 2869 δὲ
1020 2813 1113 2867 τοῦ
1163 2812 1440 2883 συνεχοῦς,
1486 2812 1562 2875 ὡς
1592 2810 1925 2881 ἁδιαιρέτους

356 2910 674 2981 trirem-

2034 1658 2268 1712 expers;
2301 1644 2384 1698 vel
2425 1645 2629 1711 specie.
2690 1652 2751 1697 ut
2794 1643 2949 1697 Titus
2995 1652 3047 1697 et
3102 1643 3419 1697 Timotheus
3464 1642 3607 1696 idem

2034 1745 2162 1791 sunt
2184 1736 2398 1805 specie:
2419 1751 2545 1790 nam
2570 1736 2671 1790 sub
2698 1736 2915 1789 homine
2932 1744 3060 1789 sunt
3080 1734 3272 1800 ambo;
3300 1732 3386 1787 vel
3413 1747 3609 1788 nume-

2032 1841 2115 1891 ro,
2139 1836 2199 1879 ut
2216 1825 2360 1893 quod
2384 1823 2552 1878 multa
2577 1824 2739 1879 habet
2755 1825 2971 1877 nomina
2991 1840 3004 1875 :
3023 1824 3232 1893 gladius
3256 1827 3424 1887 enim,
3441 1822 3610 1882 ensis.

2032 1932 2220 1971 mucro
2254 1916 2391 1971 idem
2424 1931 2673 1981 numero,
2736 1916 2819 1970 his
2852 1915 2998 1969 enim
3059 1930 3226 1969 unum
3284 1914 3606 1982 subjicitur;

2030 2008 2115 2063 vel
2139 2008 2407 2078 analogia,
2435 2022 2531 2062 seu
2553 2006 2960 2072 convenientia,
2986 2016 3080 2061 aut
3132 2006 3502 2077 proportione,
3550 2017 3611 2060 ut

2031 2114 2185 2154 mens
2230 2110 2286 2154 et
2317 2099 2509 2154 oculus
2553 2099 2694 2154 idem
2724 2109 2854 2153 sunt
2883 2099 3254 2167 proportione.
3284 2097 3438 2163 Quod
3458 2096 3604 2151 enim

2030 2199 2114 2244 est
2145 2191 2337 2245 oculus
2369 2190 2421 2242 in
2473 2204 2725 2257 corpore,
2767 2187 2907 2241 idem
2934 2196 3017 2241 est
3072 2202 3228 2240 mens
3280 2186 3333 2238 in
3390 2185 3607 2250 animo;

2027 2279 2114 2333 vel
2139 2292 2393 2348 persona,
2430 2287 2490 2333 ut
2512 2280 2568 2332 in
2598 2278 2835 2344 Christo;
2867 2278 2984 2345 ejus
3016 2276 3162 2331 enim
3190 2276 3417 2332 diversae
3446 2285 3607 2329 natu-

2029 2382 2102 2422 rae
2115 2382 2349 2438 persona
2366 2368 2512 2424 idem
2531 2377 2680 2433 sunt,
2709 2368 2824 2423 sive
2846 2382 3035 2420 unum.

2101 2645 2247 2700 Duas
2276 2646 2331 2699 in
2354 2643 2577 2700 Christo
2606 2652 2831 2699 naturas
2859 2640 3188 2712 cOgitatione
3218 2640 3438 2709 quidem
3462 2640 3600 2695 dici-

2029 2752 2154 2791 mus
2177 2751 2299 2792 esse
2328 2736 2577 2791 discreta:
2608 2734 2946 2805 quantitatis,
2978 2742 3038 2787 ut
3069 2749 3189 2802 quae
3234 2733 3349 2786 sola
3399 2732 3601 2800 cogita-

2029 2826 2177 2881 tione
2204 2826 2534 2892 dividantur,
2562 2841 2621 2881 re
2642 2834 2826 2880 autem
2851 2824 3083 2878 dicimus
3106 2839 3202 2878 eas
3249 2836 3370 2875 csse
3427 2835 3602 2888 quan-

2030 2917 2200 2972 titatis
2236 2917 2509 2972 continuae
2532 2957 2547 2981 ,
2589 2925 2647 2970 ut
2681 2929 2801 2985 qua!
2839 2930 2898 2969 re
2938 2914 3053 2982 ipsa
3094 2928 3203 2967 non
3267 2910 3599 2966 dividantur.

424 3000 661 3063 Ἐνωσίς
714 2998 831 3053 ἔστι
882 2994 1184 3051 διεστώτων
1231 2995 1576 3067 πραγμάτων
1631 2992 1924 3065 κοινωνικὴ

2102 3006 2237 3072 Quae
2266 3005 2482 3061 diversa
2510 3016 2658 3067 sunt,
2687 3003 2872 3058 multis
2903 3003 3079 3058 modis
3110 3015 3377 3056 concursu
3410 3008 3600 3054 mutuo

357 3091 652 3159 συνδρομή.
696 3087 909 3142 Γίνεται
953 3086 1009 3141 δὲ
1046 3086 1184 3140 κατά
1226 3085 1514 3158 διαφόρους
1550 3083 1806 3153 τρόπους.
1855 3084 1924 3138 Ἦ

2029 3109 2257 3170 possunt
2278 3098 2350 3153 ita
2379 3097 2662 3167 conjungi,
2695 3105 2754 3151 ut
2784 3110 2952 3149 unum
2983 3095 3111 3149 sint.
3131 3093 3224 3146 Vel
3242 3092 3523 3153 mistione,
3542 3100 3601 3146 ut

352 3186 464 3253 γὰρ
492 3182 638 3237 κατὰ
662 3181 861 3252 κρᾶσιν
880 3217 898 3243 ,
919 3178 994 3241 ὡς
1023 3180 1116 3232 ἐπὶ
1144 3177 1361 3248 ὑγρῶν,
1392 3177 1538 3230 οίνου
1565 3174 1659 3229 καὶ
1690 3174 1880 3237 ὓδατος
1902 3188 1921 3209 ο

354 3279 387 3348 ἢ
414 3277 561 3330 κατὰ
594 3272 851 3342 σωρείαν,
879 3271 953 3333 ὡς
984 3270 1073 3323 ἐπὶ
1095 3269 1295 3340 ξηρῶν,
1333 3268 1481 3322 σίτου
1508 3266 1601 3320 καὶ
1628 3266 1824 3338 κριθῆς
1845 3281 1861 3298 ’
1886 3264 1920 3337 ἢ

353 3367 497 3421 κατὰ
534 3364 767 3433 φύρσιν,
816 3360 892 3422 ὡς
939 3362 1032 3413 ἐπὶ
1081 3357 1247 3429 ξηροῦ
1294 3363 1389 3412 καὶ
1436 3356 1647 3428 ὑγροῦ,
1687 3357 1787 3427 γῆς
1829 3355 1922 3409 καὶ

353 3459 550 3521 ὓδατος
573 3472 589 3487 ⁸
614 3455 649 3526 ἢ
676 3453 816 3507 κατὰ
832 3450 1110 3521 ἀνάμιξιν,
1138 3451 1214 3514 ὼς
1242 3451 1335 3503 ὲπὶ
1354 3450 1627 3520 διαφόρων
1647 3448 1919 3520 ἀλεύρωνο

353 3552 386 3619 ἦ
412 3552 558 3602 κατὰ
598 3546 880 3614 σύγχυσιν,
911 3544 986 3607 ὡς
1029 3544 1119 3596 ἐπὶ
1143 3544 1379 3613 τηκτῶν,
1412 3539 1613 3613 χρυσοῦ
1637 3542 1732 3597 καὶ
1754 3539 1923 3611 ἀργύ-

356 3659 487 3714 ρτυ,
528 3637 703 3707 κηροῦ
733 3638 830 3691 καὶ
864 3636 1096 3704 πίσσης*
1133 3635 1165 3706 ἢ
1203 3634 1344 3689 κατὰ
1374 3633 1680 3706 ἁρμονίαν,
1715 3632 1790 3696 ὡς
1826 3634 1923 3686 ἐπὶ

354 3734 520 3785 λίθων
542 3747 559 3762 ο
601 3729 636 3798 ἢ
672 3730 812 3781 κατὰ
847 3726 1147 3797 παράθεσιν
1166 3767 1181 3790 ,
1207 3726 1281 3789 ὡς
1309 3726 1403 3778 tiri.
1432 3724 1645 3789 σανίδος
1665 3741 1681 3757 ο
1714 3724 1746 3795 ἢ
1781 3724 1921 3777 κατὰ

356 3819 707 3888 συναλοιφὴν,
736 3818 811 3881 ὡς
844 3819 935 3871 ὲπὶ
974 3818 1252 3887 λαμπάδος
1290 3820 1352 3870 ὲκ
1384 3818 1556 3886 πυρὸς
1583 3815 1920 3886 προερχομέ-

347 3932 461 3984 νης,
489 3916 587 3965 καὶ
613 3906 768 3972 αὖθις
797 3909 1087 3980 ἑνουμένης
1111 3926 1123 3938 ’
1148 3908 1321 3979 natat’
1351 3907 1645 3974 οὐσίαν,ὠς
1672 3908 1764 3959 ἐπὶ
1798 3906 1923 3960 ἀτό-

347 4026 487 4073 μων,
524 4006 734 4072 Πέτρου
763 4004 859 4057 καὶ
884 4001 1180 4071 Παύλου,ἢ
1212 3999 1372 4053 τινῶν
1399 4000 1602 4066 ἵππων,
1634 3996 1667 4071 ἦ
1698 3999 1856 4069 βοιῖιν,
1883 3998 1917 4069 ἢ

344 4099 550 4165 ἑτέρων
594 4094 789 4157 ζώων·
838 4095 870 4163 ἢ
920 4091 1062 4145 κατὰ
1113 4091 1319 4160 σχέσιν,
1362 4091 1437 4153 ὡς
1482 4091 1572 4143 sui.
1613 4090 1787 4157 φίλων
1826 4092 1923 4143 καὶ

345 4186 604 4257 γνωμῶν,
648 4187 724 4248 είς
754 4185 813 4237 ἓν
847 4185 1058 4253 θέλημα
1090 4184 1499 4255 συνερχομένων
1523 4196 1540 4213 ⁸
1565 4182 1600 4252 ἢ
1631 4183 1772 4237 κατὰ
1798 4181 1922 4235 σύν-

347 4281 519 4342 θεσιν,
553 4278 629 4341 ὡς
659 4279 752 4331 ἐπὶ
781 4276 962 4346 ψυχῆς
996 4276 1093 4330 καὶ
1122 4274 1392 4345 σώματος.
1434 4274 1500 4327 Ἦ
1532 4274 1590 4327 δὲ
1627 4273 1749 4326 καθ’
1788 4273 1918 4326 ὑπόο

2024 3190 2079 3245 in
2111 3189 2197 3253 iis,
2215 3206 2337 3258 qua».
2357 3188 2559 3260 liquida
2579 3196 2727 3249 sunt,
2752 3185 2933 3254 qualia
2981 3193 3111 3238 sunt
3153 3183 3334 3237 vinum
3357 3190 3413 3236 et
3436 3196 3599 3249 aqua.

2025 3278 2120 3335 Vel
2148 3295 2367 3341 acervo.
2403 3278 2540 3333 utin
2575 3277 2823 3344 iisrquze
2887 3285 3016 3328 sunt
3071 3271 3245 3339 arida,
3299 3272 3457 3341 quale
3517 3280 3602 3326 est

2022 3372 2259 3428 triticum
2286 3378 2341 3424 et
2375 3368 2658 3424 hordeum.
2699 3365 2790 3422 Vel
2838 3364 3204 3424 imbibitione,
3236 3374 3294 3419 ut
3317 3362 3375 3417 in
3407 3362 3602 3416 Immi-

2020 3464 2092 3520 do
2117 3472 2172 3517 et
2198 3463 2366 3527 sicco,
2388 3460 2560 3531 qualis
2588 3468 2672 3515 est
2707 3468 2847 3513 terra
2875 3466 2929 3512 et
2950 3473 3115 3527 aqua.
3144 3456 3237 3511 Vel
3284 3455 3600 3509 remistione

2022 3564 2085 3611 ut
2116 3554 2169 3609 in
2202 3554 2432 3611 diversis
2479 3552 2689 3607 farinis.
2753 3550 2852 3605 Vel
2902 3548 3247 3610 confusione,
3296 3556 3355 3601 ut
3408 3545 3464 3599 in
3510 3545 3598 3608 iis,

2022 3662 2140 3714 quae
2160 3644 2464 3713 liqueﬁunt,
2499 3643 2675 3713 qualia
2696 3650 2824 3696 sunt
2846 3656 3037 3696 aurum
3099 3647 3154 3693 et
3183 3645 3488 3706 argentum,
3543 3643 3600 3687 et

2021 3751 2145 3793 cera
2166 3744 2224 3799 et
2253 3736 2363 3804 pix.
2415 3734 2511 3790 Vel
2545 3730 2919 3802 congruentia.
2955 3739 3015 3783 ut
3041 3730 3093 3782 in
3141 3725 3438 3795 lapidibus.
3501 3721 3597 3775 Vel

2021 3828 2384 3896 appositione,
2405 3831 2465 3877 ut
2504 3823 2557 3877 in
2587 3819 2813 3874 tabulis.
2855 3817 2951 3872 Vel
2993 3815 3400 3885 conjunctione,
3447 3820 3505 3865 ut
3541 3811 3596 3863 in

2021 3917 2293 3987 lampade,
2318 3930 2438 3984 qua:
2467 3929 2534 3969 ex
2566 3913 2691 3981 igne
2723 3908 3105 3980 proﬁciscitur.
3144 3916 3198 3960 et
3222 3920 3439 3959 rursum
3462 3918 3596 3957 con-

2017 4008 2283 4080 jungitur.
2316 4005 2415 4060 Vel
2442 4002 2700 4065 essentia,
2724 4010 2783 4057 ut
2815 4001 2869 4055 in
2898 3999 3215 4057 individuis.
3246 3997 3440 4065 quales
3468 4002 3597 4050 sunt

2022 4100 2218 4155 Petrus
2246 4104 2303 4152 et
2324 4094 2544 4155 Paulus,
2572 4100 2668 4145 aut
2712 4088 2880 4159 aliqui
2928 4088 3013 4143 vel
3070 4085 3219 4156 equi,
3271 4085 3354 4139 vel
3406 4083 3595 4144 boves,

2023 4197 2118 4243 aut
2144 4188 2252 4243 alia
2283 4184 2561 4241 animalia.
2587 4181 2684 4236 Vel
2715 4180 2927 4243 habitu,
2969 4185 3030 4232 ut
3052 4177 3109 4232 in
3138 4173 3331 4230 amicis
3360 4183 3416 4227 et
3464 4187 3597 4227 sen-

2024 4277 2210 4333 tentiis
2264 4276 2321 4330 in
2369 4288 2532 4328 unam
2581 4271 2912 4326 voluntatem
2969 4264 3467 4341 convenientibus.‘
3500 4260 3597 4315 Vel

346 4387 539 4426 στασιν
593 4370 686 4423 ἐπὶ
732 4368 901 4436 μόνης
940 4368 1152 4432 λέγεται
1190 4368 1287 4438 τῆς
1324 4368 1382 4420 ιν
1403 4365 1623 4437 Χριστῷ
1670 4365 1922 4436 θεότητος

2029 4367 2439 4439 compositione,
2470 4375 2530 4420 ut
2550 4365 2609 4417 in
2637 4362 2839 4427 anima,
2865 4369 2920 4416 et
2939 4372 3190 4429 corpore.
3209 4357 3304 4412 Vel
3337 4370 3594 4426 persona,

343 4466 441 4519 καὶ
466 4461 912 4533 ἀειθρωπότητος.
953 4458 1305 4528 Ἐδογμάτισε
1328 4458 1386 4510 δὲ
1416 4458 1621 4528 ταύτην
1646 4458 1863 4528 πρῶτος
1892 4459 1920 4510 ὁ

338 4560 397 4610 ὲν
429 4555 615 4623 ἁγίοις
647 4550 936 4623 Κύριλλος.
967 4549 1266 4620 Νεστορίου
1296 4549 1405 4620 γὰρ
1440 4549 1585 4603 κατά
1618 4549 1803 4620 σχέσιν
1835 4566 1922 4619 γε·

337 4647 530 4701 νὲσθαι
568 4642 671 4715 τὴν
713 4642 909 4697 ἕνωσιν
937 4640 1047 4693 τῶν
1088 4641 1145 4694 ὲν
1187 4640 1411 4711 Χριστῷ
1447 4640 1542 4694 δύο
1585 4639 1801 4709 φύσεων
1839 4639 1920 4693 δι-

336 4739 675 4802 δάσκοντος,
739 4734 901 4796 αὑτὸς
971 4732 1495 4800 ἁντικαθιστάμενος
1559 4733 1629 4803 τῇ
1690 4733 1919 4802 τοιαύτῃ

341 4826 673 4901 βλασφημίᾳ
702 4825 800 4897 τὴν
831 4825 956 4880 καθ’
986 4825 1284 4878 ὑπόστασιν
1315 4825 1582 4894 είσήγαγε
1604 4863 1620 4889 ,
1649 4822 1919 4893 δηλοῦσαν

335 4926 419 4977 ὃτι
455 4921 605 4974 κατὰ
641 4918 772 4989 μίαν
807 4918 1105 4974 ὑπόστασιν
1126 4955 1142 4979 ,
1178 4915 1344 4987 ἧγςυν
1378 4917 1457 4978 είς
1492 4914 1551 4967 ἓν
1586 4914 1915 4985 πρόσωπον,

334 5015 651 5083 ηνώθησαν.
699 5010 796 5061 Ἐν
833 5008 1123 5072 πρόσωπον
1155 5005 1311 5075 ἔσχον
1339 5007 1395 5059 αί
1426 5004 1520 5058 δύο
1553 5003 1750 5075 φύσεις
1771 5042 1787 5062 .
1821 5005 1918 5057 καὶ

332 5108 397 5160 οὑ
433 5105 533 5157 δύο
573 5100 717 5155 κατὰ
761 5099 855 5151 τὸν
894 5098 1056 5166 λῆρον
1093 5098 1406 5165 Νεστόριον.
1449 5096 1680 5160 Λέγεται
1722 5095 1780 5148 δὲ
1823 5095 1918 5149 καὶ

329 5197 599 5265 οὑπιώδης
633 5196 667 5263 ἡ
703 5191 930 5261 τοιαύτη
972 5168 1187 5254 ἓνωσις,
1236 5189 1406 5260 ἡγουν
1448 5187 1677 5259 ἀληθὴς,
1714 5189 1811 5241 καὶ
1850 5188 1912 5240 οὐ

330 5292 478 5344 κατὰ
513 5283 846 5355 φαντασίαν.

402 5469 516 5521 Καὶ
543 5466 721 5527 άλλως
748 5463 805 5516 δὲ
841 5460 960 5515 καθ’
998 5456 1298 5515 ὑπόστασιν
1332 5457 1529 5519 ἓνωσις
1560 5458 1711 5512 ἐστιν
1739 5457 1772 5526 η
1804 5458 1913 5511 τῶν

329 5557 697 5627 ιτεροουσίων
723 5555 799 5616 τίς
833 5553 962 5622 μίαν
985 5551 1286 5605 ὑπόστασιν
1321 5547 1559 5613 σύνοδος,
1594 5549 1913 5620 σωζομένης

331 5653 550 5719 ἑκάστῳ
584 5649 676 5702 καὶ
710 5646 849 5716 μετὰ
880 5645 977 5717 τὴν
1009 5643 1207 5697 ἕνωσιν
1229 5644 1327 5709 τῆς
1353 5642 1589 5712 φυσικῆς
1627 5643 1907 5711 ἰδιότητος.

2020 4461 2099 4523 id,
2131 4458 2275 4529 quod
2299 4457 2367 4513 de
2408 4456 2521 4511 sola
2550 4452 2834 4509 divinitate
2861 4460 2917 4506 et
2945 4449 3285 4504 humanitate
3304 4448 3358 4502 in
3379 4446 3599 4503 Christo

2020 4552 2243 4607 dicitur.
2303 4548 2417 4605 Hoc
2471 4559 2650 4604 autem
2703 4542 3114 4616 conjunctionis
3170 4556 3344 4612 genus
3392 4539 3598 4608 primus

2020 4644 2243 4701 tradidit
2265 4653 2487 4700 sanctus
2513 4640 2762 4713 Cyrillus,
2793 4652 2916 4692 cum
2955 4644 3284 4706 repugnaret
3325 4629 3594 4692 Nestorio,
3619 4657 3624 4661 ι

2017 4739 2111 4809 qui
2167 4738 2396 4794 duarum
2445 4738 2499 4791 in
2547 4735 2767 4792 Christo
2811 4743 3133 4788 naturarum
3193 4723 3589 4796 copulationem

2019 4833 2209 4889 habitu
2246 4832 2362 4885 ﬁeri
2408 4829 2660 4892 docebat,
2706 4823 3065 4882 Exsecrandae
3098 4820 3242 4875 enim
3285 4817 3429 4871 illius
3457 4813 3592 4867 resi-

2017 4936 2173 4982 stens
2196 4924 2465 4996 opinioni,
2490 4920 2952 4991 conjunctionem,
2984 4930 3104 4984 quae
3130 4914 3190 4967 ﬁt
3214 4926 3308 4982 per
3334 4910 3591 4976 byposta-

2018 5016 2121 5070 sim
2151 5015 2269 5069 sive
2307 5026 2621 5083 personam,
2651 5004 2888 5071 induxit,
2948 5021 3052 5075 qua
3108 5004 3229 5059 dum
3284 5009 3491 5053 natura:
3540 4997 3594 5050 in

2018 5119 2127 5160 una
2169 5119 2425 5174 persona,
2447 5116 2557 5156 non
2589 5109 2771 5156 autem
2802 5100 2856 5153 in
2880 5098 3111 5160 duabus,
3170 5102 3228 5146 ut
3277 5090 3437 5158 nugis
3481 5088 3597 5143 suis

2014 5195 2294 5250 asserebat
2325 5193 2630 5256 Nestorius,
2660 5192 3006 5261 copulantur.
3034 5186 3241 5241 Dicitur
3272 5190 3451 5236 autem
3479 5182 3595 5233 haec

2014 5294 2072 5339 et
2111 5298 2209 5353 per
2228 5288 2522 5340 essentiam
2537 5283 2876 5354 conjunctio,
2906 5280 3051 5351 quod
3080 5292 3205 5333 vera
3245 5274 3339 5339 sit,
3361 5288 3471 5327 uon
3494 5287 3594 5326 au-

2017 5384 2124 5428 tem
2156 5374 2268 5429 sola
2286 5374 2545 5447 opinione
2574 5376 2832 5447 ﬁngatur.

2085 5467 2257 5521 Aliter
2278 5467 2446 5521 etiam
2475 5482 2561 5529 ea,
2588 5481 2713 5535 quae
2747 5465 2974 5520 diversae
3009 5468 3140 5516 sunt
3191 5455 3445 5513 essentia;
3491 5468 3589 5523 per

2016 5574 2180 5614 unam
2207 5573 2493 5628 personam
2508 5557 2586 5611 sic
2604 5557 3029 5626 conjunguntur,
3056 5560 3116 5605 ut
3139 5565 3308 5605 unum
3339 5549 3450 5602 sint
3468 5560 3596 5615 sua,

1978 5724 1997 5741 κ
2017 5652 2214 5721 cuique
2242 5648 2323 5701 vel
2354 5656 2476 5719 post
2504 5646 2951 5715 conjunctiouem
2981 5652 3195 5701 servata
3232 5639 3587 5713 proprietate.
