3994 6204
380 268 480 330 231

1627 278 2009 337 EU'l'lthllI
2050 278 2411 338 ZlGABENI

3522 288 3635 351 252

380 382 511 446 Quae
538 381 759 448 quidem
796 385 1114 453 conjunctio
1153 387 1387 455 quadrat
1442 387 1602 440 etiam
1660 387 1854 441 animae
1914 396 1959 439 et

2072 385 2240 438 Τοῦτο
2259 386 2315 438 δὲ
2347 386 2641 454 ἀρμόσειεν
2675 387 2741 440 ἂν
2785 389 2878 442 καὶ
2914 389 3008 442 ἑπὶ
3046 388 3226 461 ψυχῆς
3256 391 3351 445 καὶ
3379 392 3637 462 σώματος

382 479 622 548 corpori.
641 480 693 532 in
715 496 878 536 unam
898 484 1225 538 coeuntibus
1244 497 1559 553 personam,
1585 494 1646 538 ut
1664 485 1954 539 Damasce-

384 587 489 623 nus
507 571 747 626 edocuit.

454 661 707 729 Ejusdem
733 664 932 718 dicitur
960 682 1084 718 esse
1117 680 1360 733 persona:
1408 667 1487 728 id,
1545 669 1688 735 quod
1754 668 1804 721 in
1854 683 1957 721 una

384 753 686 821 eademque
749 770 980 823 persona
1028 770 1150 809 cum
1225 758 1334 809 alio
1383 772 1412 811 a
1471 774 1580 827 quo
1627 759 1846 813 differre
1874 775 1961 813 cs-

384 844 561 896 sentia
586 844 952 915 conjungitur,
988 855 1047 899 ut
1071 847 1127 899 in
1165 846 1346 900 anima
1367 862 1584 915 quoque
1618 849 1678 903 ιιι
1733 860 1789 903 et
1838 864 1962 903 cor-

382 948 534 1002 pore.
1342 922 1353 933 ”

454 1021 718 1075 Omnibus
742 1024 901 1077 rebus
930 1025 1203 1081 immistus
1229 1040 1312 1083 est
1341 1028 1483 1085 Deus
1511 1045 1608 1099 per
1637 1030 1959 1100 potentiam,

382 1121 635 1164 naturain
673 1115 938 1182 ciijusque
979 1127 1254 1185 regentem
1286 1130 1339 1172 et
1376 1131 1815 1187 conservantem,
1875 1123 1963 1177 Fi-

382 1202 487 1254 lius
528 1214 708 1255 autem
734 1205 952 1258 etDeus
985 1220 1110 1259 cum
1152 1207 1493 1264 humanitate
1535 1221 1810 1281 assumpta
1863 1217 1963 1267 mi-

381 1298 498 1343 SlUS
524 1300 606 1344 est
643 1306 738 1357 ροι·
778 1309 1085 1359 personam.
1853 1343 1856 1347 .

454 1380 567 1443 Qua
598 1383 805 1435 ratione
831 1382 972 1435 Patri
1008 1386 1333 1454 conjunctus
1351 1396 1434 1443 est
1464 1386 1739 1451 Christus,
1771 1389 1961 1443 eadem

385 1477 437 1522 et
460 1472 617 1525 nobis
643 1475 972 1542 conjunctus
998 1485 1102 1537 est,
1129 1491 1224 1545 per
1256 1488 1509 1532 naturam
1560 1481 1841 1536 nimirum.
1901 1482 1965 1536 Et

382 1576 488 1624 qua
514 1562 720 1616 ratione
754 1564 987 1619 diﬂ‘erta
1033 1567 1218 1630 Patre,
1269 1570 1458 1622 eadem
1508 1586 1537 1623 a
1593 1572 1754 1626 nobis
1797 1575 1961 1629 etiam

2059 479 2140 539 είς
2192 476 2322 545 μίαν
2356 478 2667 531 ἑνωθέντων
2699 480 3021 545 ὑπόστασιν,
3072 481 3151 545 ὡς
3199 484 3228 536 6
3272 485 3637 557 Δαμασκηνὸς

2060 565 2318 630 ἐδίδαξεν.

2145 657 2595 724 Ὀμοῡπόστατόν
2647 661 2762 714 ἑστι
2793 661 2856 715 τὸ
2903 663 2986 726 είς
3018 663 3152 733 μίαν
3196 665 3291 718 καὶ
3334 666 3436 736 τὴν
3466 668 3639 739 αὐτὴν

2060 745 2364 801 ὑπόστασιν
2386 749 2532 820 ἄλλῳ
2563 752 3000 822 συντεθειμένον,
3032 752 3288 826 διαφέρον
3315 756 3373 810 δὲ
3406 758 3542 827 πρὸς
3576 760 3639 812 τδ

2066 837 2199 890 αὑτὸ
2230 839 2373 893 κατὰ
2402 840 2501 909 τὴν
2538 842 2749 909 οὑσίαν,
2795 843 2872 908 ὡς
2896 845 2989 898 ἐπὶ
3010 844 3193 915 ψυχῆς
3231 847 3328 900 καὶ
3359 847 3635 913 σώματος.

2136 1013 2278 1066 [ἰᾶσι
2314 1014 2413 1083 μὲν
2459 1015 2795 1087 ἐγκέκραται
2833 1020 2862 1072 6
2895 1018 3030 1083 Θεὸς
3070 1021 3215 1073 κατὰ
3257 1022 3357 1091 τὴν
3388 1039 3641 1076 συνεκτι-

2061 1099 2166 1171 κὴν
2190 1104 2423 1172 δύναμιν
2451 1105 2553 1174 τῆς
2607 1109 2664 1159 ἑν
2717 1109 2931 1178 ἑκάστῳ
2962 1109 3197 1179 φύσεως,
3237 1112 3267 1164 6
3292 1112 3351 1168 δι
3385 1114 3511 1173 Υίὸς
3540 1117 3638 1168 καὶ

2060 1192 2197 1255 Θεὸς
2241 1195 2320 1264 τῷ
2351 1195 2746 1267 προσλήμματι
2772 1199 2899 1253 καθ’
2926 1200 3225 1255 ὑπόστασιν
3249 1204 3637 1278 ἐγκαταμέμιο

2065 1303 2216 1339 κται.
3494 1336 3503 1339 <

2135 1371 2205 1449 ’ᾫ
2237 1378 2379 1448 λόγῳ
2404 1381 2432 1433 6
2454 1381 2688 1452 Χριστὸς
2724 1386 2931 1455 ἥνωται
2978 1387 3059 1454 τῷ
3107 1388 3304 1458 Πατρὶ,
3331 1390 3509 1460 τούτῳ
3539 1394 3637 1447 καὶ

2062 1467 2198 1534 ἡμῖν
2219 1483 2235 1499 ο
2266 1470 2405 1520 κατὰ
2433 1470 2533 1540 τὴν
2565 1473 2726 1539 φύσιν
2762 1474 2867 1544 γάρ
2894 1474 2988 1528 καὶ
3012 1474 3057 1545 ᾣ
3088 1477 3232 1546 λόγῳ
3257 1479 3511 1550 διῄρηται
3538 1481 3635 1535 τοῦ

2065 1558 2301 1624 Πατρὸς,
2323 1560 2496 1631 τούτῳ
2525 1564 2619 1615 καὶ
2650 1564 2808 1634 ἡμῶν
2828 1582 2842 1597 ⁶
2882 1566 3022 1620 κατὰ
3039 1567 3140 1638 τὴν
3178 1570 3477 1626 ὑπόστασιν
3500 1572 3633 1641 γάρ’

384 1652 591 1717 diﬂ‘ert,
624 1669 825 1721 nempe
857 1672 953 1724 per
987 1672 1296 1725 personam,
1320 1660 1418 1713 sibi
1440 1670 1617 1715 autem
1650 1678 1749 1731 per
1778 1679 1959 1732 persoo

2066 1649 2247 1719 ἑαυτῷ
2289 1650 2346 1703 δὲ
2401 1653 2545 1706 κατὰ
2584 1655 2683 1722 μὲν
2721 1655 2819 1727 τὴν
2866 1659 3163 1715 ὑπόστασιν
3214 1663 3454 1731 ἥνωται,
3490 1664 3636 1719 κατά

2067 1737 2119 1764 ει
2146 1740 2243 1764 -.ι...
2470 1743 2601 1764 ,λη
2779 1744 2818 1764 ..
2864 1749 2878 1764 .
2923 1749 2945 1764 ..
3111 1751 3137 1764 ..
3219 1752 3233 1764 .
3305 1750 3399 1764 ..η
3460 1756 3472 1764 .
3611 1758 3624 1764 -

386 1760 505 1797 nam
537 1744 781 1797 inunum
805 1748 1108 1814 copulatur.
1144 1763 1239 1816 per
1279 1760 1528 1805 naturam
1584 1766 1714 1807 vero
1770 1754 1959 1809 dividi-

2066 1737 2121 1789 δὲ
2145 1740 2243 1808 τὴν
2274 1743 2438 1808 φύσιν
2465 1743 2738 1815 διῄρηται.
2779 1744 2886 1802 Καὶ
2921 1749 3036 1802 εστι
3068 1751 3147 1821 τῷ
3177 1752 3277 1821 μὲν
3305 1750 3483 1826 Πατρὶ
3532 1758 3636 1811 καὶ

386 1845 493 1887 tur.
527 1836 593 1888 Et
619 1851 741 1888 cum
783 1838 940 1890 Patre
979 1839 1195 1906 quidem
1232 1849 1287 1894 et
1335 1842 1619 1897 nobiscum
1678 1854 1762 1899 est
1819 1847 1964 1916 ejus-

385 1927 507 1979 dem
547 1935 771 1990 naturze,
808 1942 915 1981 non
945 1939 1127 1983 autem
1155 1931 1397 1999 ejusdem
1455 1949 1721 2002 personae,
1776 1951 1960 1990 secum

384 2022 563 2068 autem
596 2016 713 2085 ipse
736 2018 978 2085 ejusdem
1009 2032 1276 2087 personae,
1334 2036 1443 2075 non
1498 2032 1681 2076 autem
1717 2026 1959 2093 ejusdem

384 2114 614 2160 natura}.
637 2106 695 2160 In
723 2123 787 2161 eo
816 2123 1051 2178 namque
1080 2115 1289 2165 naturae
1309 2120 1437 2166 sunt
1462 2113 1604 2179 duae,
1626 2124 1681 2169 et
1697 2130 1804 2171 una
1825 2117 1965 2171 dun-

385 2206 531 2251 taxat
549 2212 801 2267 persona.

455 2289 683 2354 Quando
714 2291 786 2356 id,
812 2293 957 2360 quod
971 2293 1334 2361 compositum
1365 2304 1465 2357 est,
1485 2310 1671 2349 carum
1702 2296 1959 2365 partium.

384 2395 450 2435 ex
478 2380 674 2450 quibus
701 2392 936 2447 constat,
978 2386 1301 2439 nominibus
1320 2388 1593 2456 appellare
1623 2402 1733 2442 non
1766 2402 1961 2455 possu-

387 2487 527 2537 mus,
561 2481 693 2527 tunc
714 2474 889 2543 ipsam
942 2485 1193 2530 naturam
1247 2493 1411 2531 unam
1483 2479 1730 2534 absolute
1776 2480 1961 2536 dicere

384 2564 789 2630 consuevimus,
825 2575 883 2620 ut
928 2582 1146 2636 corpus,
1189 2571 1331 2637 quod
1362 2586 1426 2624 ex
1472 2582 1706 2639 quatuor
1748 2582 1962 2628 constat

382 2654 688 2719 elementis,
716 2665 883 2723 terra,
918 2674 1078 2727 aqua,
1101 2673 1249 2725 aere,
1275 2670 1331 2715 et
1368 2661 1512 2731 igne,
1545 2677 1669 2717 cum
1733 2665 1952 2734 proprie

382 2759 487 2799 nec
509 2752 737 2812 terram,
770 2763 874 2803 nec
895 2763 1112 2819 aquam,
1143 2765 1246 2805 nec
1285 2766 1490 2819 aerem,
1523 2768 1624 2808 nec
1648 2755 1823 2824 ignem
1865 2772 1960 2810 no-

382 2833 597 2888 minare
628 2838 922 2904 possimus,
961 2840 1109 2908 quod
1141 2841 1258 2897 haec
1303 2843 1570 2913 simplicia
1638 2846 1771 2909 sint,
1824 2846 1957 2901 illud

383 2926 771 2994 compositum,
806 2944 968 2981 unam
994 2931 1170 2999 ipsam
1192 2940 1444 2988 naturam
1472 2937 1723 3004 corporis
1769 2939 1958 3008 appel-

2065 1831 2201 1897 ἡμῖν
2263 1833 2533 1900 ὁμοφυὴς,
2588 1838 2649 1888 οὐ
2708 1840 2816 1909 μὴν
2862 1843 3302 1909 όμοῡπόστατος·
3356 1846 3537 1916 ἑαυτῷ
3574 1848 3636 1901 δὲ

2066 1922 2501 1989 όμοῦπόστατος,
2528 1928 2588 1979 οὑ
2617 1928 2724 1999 μὴν
2754 1932 3020 2000 ὁμοφυής.
3057 1934 3201 1988 Διότι
3224 1936 3282 1990 ai
3313 1937 3413 2006 μὲν
3441 1936 3636 2006 φύσεις

2066 2012 2124 2066 ἑν
2149 2013 2298 2084 αὑτῷ
2331 2015 2444 2083 δύο,
2481 2019 2578 2088 μία
2603 2019 2659 2072 δὲ
2684 2022 2717 2091 ἡ
2749 2021 3068 2089 ὑπόστασις.

2135 2302 2209 2354 Τδ
2229 2301 2285 2356 δὲ
2311 2302 2565 2358 σύνθετον
2586 2306 2781 2375 μηκέτι
2798 2308 3071 2380 δυνάμεθα
3092 2312 3295 2381 κυρίως
3313 2314 3496 2367 καλεῖν
3516 2330 3634 2377 τοις

2063 2396 2290 2465 ὀνόμασι
2331 2398 2441 2451 τῶν
2490 2402 2696 2470 μερῶν,
2748 2404 2808 2467 ἐξ
2864 2397 2938 2458 ὧν
2977 2408 3256 2479 συνετέθη.
3315 2407 3449 2462 Τότε
3499 2411 3635 2479 μίαν

2063 2487 2213 2557 αὑτῷ
2240 2488 2403 2554 φύσιν
2440 2489 2723 2556 ὰπολύτως
2766 2493 2948 2562 λέγειν
2987 2497 3278 2568 εἰώθαμεν*
3326 2495 3437 2553 οἷον
3473 2501 3535 2554 τὸ
3563 2502 3629 2556 ὲκ

2062 2580 2348 2650 τεσσάρων
2383 2584 2662 2654 στοιχείων
2703 2586 3061 2657 συγκείμενον
3098 2590 3407 2660 οίονδήποτε
3443 2590 3628 2661 σῶμα,

2061 2668 2186 2737 γῆς.
2239 2670 2453 2737 ὕδατος,
2505 2674 2685 2742 ἀέρος,
2728 2677 2921 2747 πυρὸς,
2959 2681 3033 2750 μὴ
3082 2681 3370 2751 δυνάμενοι
3423 2682 3633 2753 κυρίως

2063 2758 2245 2811 καλεῖν
2271 2760 2302 2830 ἢ
2337 2762 2461 2831 γῆν,
2488 2762 2520 2832 ἢ
2554 2765 2716 2836 ὓδωρ,
2742 2767 2774 2838 ἢ
2800 2769 2959 2839 ἀέρα,
2998 2770 3171 2843 ἢπῠρ,
3195 2772 3366 2827 ταῦτα
3398 2774 3498 2842 μὲν
3518 2775 3632 2844 γὰρ

2063 2848 2226 2914 ἁπλᾶ,
2254 2852 2433 2906 ἐκεῖνο
2467 2854 2524 2908 δὲ
2548 2855 2827 2929 σύνθετον,
2870 2860 3001 2929 μίαν
3026 2863 3155 2915 αὑτὸ
3188 2864 3351 2932 φύσιν
3374 2865 3630 2933 σώματος

2063 2942 2423 3014 ὀνομάζομεν.
2484 2947 2642 3001 Οὕτω
2693 2950 2750 3002 δὲ
2801 2951 2987 3005 λοιπὸν
3031 2956 3125 3007 καὶ
3166 2954 3255 3007 τὸν
3316 2950 3629 3023 ἄνθρωπον,

382 3008 580 3065 lamus.
614 3011 707 3067 Sic
732 3013 863 3068 item
894 3017 1194 3081 hominem,
1231 3035 1357 3076 cum
1419 3024 1640 3092 proprie
1690 3042 1794 3080 nec
1837 3030 1953 3083 ani-

2066 3008 2282 3105 ἐπείπερ
2303 3008 2368 3089 οὑ
2390 3036 2664 3108 ὼνάμεθα
2689 3042 2893 3110 κυρίως
2911 3044 3094 3097 καλεῖν
3116 3045 3147 3116 ἢ
3171 3008 3367 3117 ψυχὴν,
3447 3008 3628 3115 σῶμαζ

383 3114 551 3166 mam,
580 3117 682 3157 nec
706 3119 926 3174 corpus,
953 3122 1018 3161 ex
1036 3109 1235 3177 quibus
1260 3115 1599 3182 compositus
1626 3126 1727 3181 est,
1754 3133 1953 3176 vocare

381 3197 678 3258 valeamus,
711 3194 856 3262 quod
894 3196 996 3250 alia
1033 3198 1104 3252 sit
1129 3199 1342 3266 animae,
1371 3204 1474 3256 alia
1523 3208 1796 3273 corporis,
1850 3210 1952 3265 alia

382 3280 620 3337 hominis
642 3283 909 3349 deﬁnitio,
935 3302 1095 3343 unam
1118 3305 1185 3344 ex
1209 3301 1437 3361 utroque
1481 3305 1820 3352 constantem
1855 3315 1954 3354 na-

382 3380 557 3425 turain
579 3373 828 3431 dicimus.
848 3375 1169 3446 Quanquam
1220 3379 1516 3449 Scriptura:
1570 3400 1687 3440 mos
1732 3397 1838 3450 est,
1894 3397 1956 3444 ut

381 3460 635 3517 libertate
667 3462 906 3533 Spiritus
932 3476 1092 3522 utens
1126 3483 1188 3522 ex
1234 3478 1387 3540 parte
1415 3481 1586 3527 totum
1617 3476 1951 3535 denominct.

382 3551 444 3604 In
466 3553 685 3608 Christo
706 3566 887 3610 autem
913 3559 1227 3628 conjunctio
1261 3572 1342 3616 est
1369 3561 1660 3633 ejusmodi,
1688 3577 1745 3621 ut
1772 3571 1954 3626 verbis

381 3652 618 3712 nequeat
651 3647 935 3715 explicari,
964 3649 1071 3705 imo
1110 3664 1181 3706 ne
1212 3652 1445 3709 hominis
1502 3656 1720 3724 quidem
1771 3669 1954 3715 mente

382 3737 796 3803 comprehendi.
856 3738 1040 3809 Neque
1086 3744 1233 3797 enim
1283 3746 1443 3799 aliam
1500 3748 1605 3802 sibi
1665 3764 1953 3819 personam

382 3822 619 3879 Verbum
647 3827 916 3897 adiunxit,
952 3830 1047 3886 sed
1085 3839 1333 3887 naturam
1360 3836 1655 3892 humanam
1682 3853 1746 3894 ea
1782 3842 1955 3896 ratio-

384 3930 476 3981 ne,
511 3931 674 3986 quam
707 3920 825 3989 ipse
852 3921 1027 3985 novit,
1060 3927 1353 3995 assumpsit
1383 3941 1633 3996 personie
1659 3945 1787 3997 suae,
1825 3933 1953 3986 etin

381 4021 442 4061 se
462 4006 600 4076 ipso,
624 4018 684 4063 ut
704 4012 876 4080 magis
888 4015 1106 4083 proprie
1128 4014 1327 4081 dicam,
1348 4021 1658 4088 supposuit.
1682 4020 1953 4087 Quoniam

383 4106 565 4150 autem
602 4100 800 4167 ipsum,
826 4103 919 4170 qui
950 4117 1017 4156 ex
1053 4105 1343 4160 divinitate
1381 4119 1597 4164 constat
1647 4120 1703 4165 et
1756 4114 1956 4169 huma-

386 4184 585 4250 nitate,
618 4190 881 4255 partium,
913 4204 1035 4258 quas
1063 4192 1117 4244 in
1150 4193 1270 4262 ipso
1298 4197 1565 4263 copuiatat
1604 4209 1753 4267 sunt,
1782 4205 1953 4258 nomi-

384 4273 551 4330 nibus
580 4279 795 4347 proprie
822 4294 1117 4349 possumus
1167 4284 1483 4355 appellare;
1524 4291 1745 4360 proprie
1799 4295 1950 4349 enim

386 4365 537 4420 illum
568 4376 624 4421 et
653 4367 819 4423 Deum
850 4372 1100 4438 dicimus,
1120 4385 1174 4429 et
1203 4377 1479 4433 hominem
1539 4384 1757 4452 proprie
1784 4387 1958 4442 nomi-
1988 4374 2031 4431 ι)

383 4470 614 4525 namus;
666 4463 858 4519 merito
888 4475 1109 4534 propter
1160 4470 1485 4526 antedictam
1544 4488 1761 4530 causam
1816 4478 1954 4535 duas

386 4550 563 4620 ipsum
597 4563 839 4620 naturas,
875 4571 985 4609 non
1016 4567 1195 4613 autem
1229 4575 1417 4628 unam,
1446 4572 1507 4617 ut
1561 4576 1777 4631 uetera,
1837 4583 1957 4638 quae

383 4635 687 4713 composita
710 4656 861 4709 sunt,
890 4648 1141 4714 dicimus,
1163 4667 1265 4705 nec
1286 4661 1395 4707 tres
1426 4669 1441 4719 ;
1474 4669 1652 4726 neque
1672 4658 1820 4712 enim
1853 4635 1960 4715 ho-

385 4734 589 4789 minem
625 4735 761 4791 duas
792 4739 1024 4795 dicimus
1048 4751 1292 4804 naturas.
1321 4743 1450 4800 licet
1498 4745 1555 4799 in
1602 4747 1837 4817 duabus,
1900 4761 1960 4808 ut

385 4825 818 4882 demonstratum
844 4840 947 4896 est,
976 4835 1185 4889 naturis
1215 4846 1445 4892 constet.

454 4919 645 4980 Omnis
674 4925 996 4993 compositio
1024 4941 1089 4981 ex
1130 4929 1375 4995 partibus
1433 4931 1681 5001 proxime
1735 4948 1960 5005 compo-

385 5013 645 5067 nentibus
708 5024 1080 5083 nuncupatur.
1114 5012 1302 5085 Itaque
1355 5027 1415 5072 ut
1446 5018 1693 5084 domum,
1737 5036 1844 5077 non
1889 5039 1957 5078 ex

388 5111 533 5159 terra
586 5113 644 5160 et
671 5119 833 5175 aqua,
867 5106 964 5161 sed
997 5121 1064 5161 ex
1108 5107 1379 5176 lapidibus
1426 5116 1481 5163 et
1534 5109 1728 5180 lignis;
1777 5112 1956 5167 hinni-

389 5210 622 5266 nemque
650 5214 758 5254 non
784 5214 848 5255 es
874 5208 1109 5269 quatuor
1135 5201 1443 5269 elementis,
1474 5204 1568 5259 sed
1600 5218 1667 5259 ex
1687 5205 1885 5274 anima;
1901 5215 1957 5261 et

386 5297 614 5354 corpore
638 5290 891 5359 componi
932 5290 1200 5356 dicimus;
1249 5292 1328 5347 sic
1356 5292 1636 5348 Christum
1667 5310 1736 5349 ex
1759 5296 1956 5350 divini.

388 5381 497 5428 tate
522 5385 576 5431 et
600 5377 937 5436 humanitate
969 5398 982 5437 :
1013 5398 1118 5435 non
1139 5382 1288 5436 enim
1326 5384 1557 5452 partium
1591 5395 1775 5455 partes
1823 5402 1957 5442 con-

387 5462 707 5531 sideramus,
748 5471 845 5526 sed
880 5486 973 5528 eas
1003 5482 1182 5544 partes
1220 5473 1385 5540 solas,
1436 5491 1556 5545 quae
1602 5478 1861 5547 proximae
1901 5488 1956 5534 et

384 5562 614 5606 summa:
627 5568 772 5615 sunt.

2059 3124 2117 3192 ἑξ
2147 3120 2222 3180 ὧν
2254 3130 2536 3200 συνετέθη.
2584 3132 2713 3186 ἄλλο
2767 3134 2876 3205 γὰρ
2931 3137 3056 3208 ὅρος
3114 3137 3312 3207 ψυχῆς,
3358 3140 3451 3192 καὶ
3499 3141 3633 3194 ἄλλο

2061 3219 2332 3300 σωματος,
2370 3223 2462 3275 xa‘t
2511 3222 2637 3277 ἄλλο
2684 3224 2972 3295 ἀνθρώπου
3018 3228 3110 3281 τού
3160 3230 3219 3295 ἑξ
3244 3230 3466 3300 ἀμφοῖν,
3495 3232 3633 3299 μίαν

2060 3298 2222 3376 φύσιν
2274 3310 2462 3366 τοῦτον
2500 3318 2985 3388 προσαγορεύομεν
3013 3334 3027 3349 ⁸
3079 3321 3129 3372 εί
3170 3321 3260 3372 καὶ
3286 3298 3527 3390 σύνηθες
3562 3324 3631 3391 τῇ

2060 3401 2256 3473 Γραφῇ
2284 3404 2544 3467 πολλάκις
2570 3409 2638 3477 τῇ
2679 3406 2962 3478 ἐλευθερίᾳ
2988 3411 3303 3482 κεχρημένη
3333 3411 3426 3464 τοῦ
3460 3416 3635 3466 [Ινεὺ-

2063 3507 2232 3560 ματος
2294 3494 2355 3545 ἑκ
2400 3494 2494 3547 τοῦ
2542 3496 2743 3566 μέρους
2792 3497 2853 3551 τὸ
2899 3497 3019 3551 ὅλον
3066 3500 3373 3566 ὀνομάζειν.
3420 3498 3544 3555 Ἐπὶ
3572 3504 3636 3558 δὲ

2058 3582 2151 3635 τοῦ
2187 3584 2425 3654 Χριστοῦ
2457 3587 2732 3657 ἄφραστος
2789 3589 2887 3658 μὲν
2926 3591 2959 3662 ἡ
3012 3591 3243 3655 ἑνωσις’
3302 3594 3361 3646 οὑ
3396 3597 3504 3667 γὰρ
3561 3597 3633 3652 ἄν

2061 3674 2306 3742 ἐφίκοιτο
2344 3676 2545 3747 ταύτης
2580 3679 2919 3749 ἀνθρώπινος
2960 3682 3104 3746 νοῦς.
3141 3685 3280 3739 Οὑδὲ
3322 3687 3427 3756 γὰρ
3494 3689 3634 3741 ὑπό-

2060 3781 2251 3820 στασιν
2291 3760 2485 3842 ἑτέραν
2528 3772 2555 3823 6
2602 3771 2774 3840 Λόγος
2805 3773 3017 3844 ἥνωσεν
3059 3775 3258 3847 ἑαυτῷ,
3305 3779 3439 3833 ἀλλὰ
3465 3779 3634 3847 φύσιν

2059 3856 2433 3929 ἀνθρωπίνην,
2468 3860 2543 3925 ὡς
2588 3863 2747 3931 μόνος
2780 3864 2941 3928 αὑτὸς
2981 3864 3113 3930 οἵδε,
3152 3870 3217 3938 τῇ
3254 3870 3447 3923 ἑαυτοῦ
3496 3873 3634 3927 ὑπο.

2063 3944 2251 3998 στάσει
2300 3947 2500 4017 ῆνωσε,
2550 3951 2644 4001 καὶ
2695 3952 2754 4002 ἐν
2802 3952 3003 4023 ἑαυτῷ,
3059 3954 3394 4028 κυριώτερον
3422 3961 3632 4028 εἰπεῖν,

2059 4034 2387 4106 ὑπέστησεν.
2416 4038 2566 4091 Ἐπεὶ
2591 4040 2647 4094 δὲ
2681 4041 2841 4096 αὑτὸν
2866 4044 2931 4097 ἑκ
2954 4044 3206 4114 θεότητος
3226 4049 3317 4100 καὶ
3340 4048 3634 4118 ἀνθρωπό-

2063 4144 2225 4198 τητος
2281 4127 2411 4183 ὄντα
2446 4130 2727 4201 δυνάμεθα
2780 4135 2983 4206 κυρίως
3035 4136 3219 4193 λαλεῖν
3246 4141 3360 4203 τοῖς
3395 4142 3635 4211 ὀνόμασι

2057 4219 2166 4273 τῶν
2215 4220 2523 4275 ἑνωθέντων
2582 4224 2785 4293 μερῶν,
2840 4226 2976 4279 Θεὸν
3025 4228 3133 4299 γὰρ
3186 4231 3349 4284 αὑτὸν
3391 4232 3634 4303 λέγομεν

2058 4309 2282 4380 κυρίως,
2329 4313 2426 4366 καὶ
2471 4313 2755 4385 ἄνθρωπον
2791 4316 2954 4373 αὑτὸν
2988 4319 3331 4393 ὀνομάζομεν
3382 4326 3629 4395 κυρίως.
3698 4324 3701 4327 ·

2060 4401 2285 4463 εἰκότως
2321 4403 2427 4473 ἄρα
2457 4404 2550 4458 καὶ
2573 4403 2666 4459 δύο
2697 4405 2891 4475 φύσεις
2929 4411 3092 4466 αὑτὸν
3120 4416 3631 4487 προσαγορεύομεν,

2058 4492 2155 4544 καὶ
2189 4490 2312 4545 οὗτε
2343 4493 2494 4565 μίαν,
2522 4494 2599 4559 ὡς
2627 4496 2796 4551 τᾶλλα
2848 4501 3170 4556 συντεθέντα
3202 4505 3293 4558 διὰ
3323 4505 3419 4575 τὴν
3450 4524 3632 4578 προαο

2059 4582 2374 4637 ποδοθείσαν
2407 4586 2606 4650 αἰτίαν,
2636 4588 2758 4641 οὔτε
2787 4593 2957 4661 τρεῖς.
3006 4594 3081 4647 Οὑ
3108 4596 3217 4665 γὰρ
3254 4597 3347 4650 δύο
3376 4597 3573 4664 φύσεις
3600 4602 3633 4654 6

2059 4672 2344 4743 ἄνθρωπος
2372 4674 2612 4744 λέγεται,
2650 4682 2697 4733 εί
2737 4684 2827 4734 καὶ
2853 4684 2917 4735 ἑκ
2947 4683 3040 4736 δύο
3072 4685 3286 4755 φύσεων
3314 4689 3630 4759 σύγκειται,

2058 4763 2241 4829 καθὼς
2270 4763 2673 4826 ἀποδέδεικται.
3577 4783 3583 4788 ’

2130 4926 2286 4978 Πᾶσα
2338 4926 2589 4990 σύνθεσις
2639 4931 2705 4983 ἑκ
2761 4932 2872 4986 τῶν
2920 4936 3207 5005 «porrexi»;
3258 4939 3634 4995 συντεθέντων

2057 5017 2426 5072 συντεθεῖσθαι
2456 5021 2699 5090 λέγεται.
2724 5024 2933 5095 Ὠσπερ
2966 5026 3073 5096 γὰρ
3101 5028 3193 5080 τὸν
3209 5025 3357 5082 οἶκον
3378 5033 3438 5083 οὑ
3467 5033 3633 5100 λέγο-

2060 5125 2161 5177 μεν
2208 5110 2402 5179 ἑκγῆς
2444 5113 2539 5165 καὶ
2584 5114 2800 5179 ὓδατος,
2849 5117 2965 5170 ἀλλ’
3010 5120 3073 5171 ἑκ
3105 5118 3270 5174 λίθων
3315 5126 3406 5174 καὶ
3448 5122 3633 5187 ξύλων

2057 5201 2453 5269 συντεθεῖσθαι,
2488 5204 2690 5274 ὁμοίως
2740 5207 2798 5261 δὲ
2849 5208 2945 5260 καὶ
2980 5210 3073 5261 τὸν
3106 5210 3391 5282 ἄνθρωπον
3420 5214 3523 5267 οὑκ
3556 5217 3631 5271 ἑκ

2055 5292 2164 5347 τῶν
2194 5295 2477 5364 τεσσάρων
2508 5298 2807 5368 στοιχείων,
2846 5299 2961 5352 ἀλλ’
2986 5302 3052 5354 ἑκ
3088 5302 3343 5372 σώματος
3383 5306 3476 5358 καὶ
3512 5306 3629 5375 ψυ-

2056 5384 2156 5453 χῆς
2175 5400 2189 5413 ο
2227 5383 2371 5437 οὑτω
2398 5385 2491 5439 καὶ
2517 5387 2607 5439 τὸν
2636 5387 2872 5458 Χριστὸν
2895 5390 2958 5442 ἑκ
2996 5390 3250 5461 θεότητος
3286 5395 3378 5446 καὶ
3407 5394 3627 5464 ἀνθρω-

2053 5476 2307 5545 πότητος,
2346 5476 2408 5531 οὑ
2452 5478 2521 5531 τὰ
2555 5479 2697 5549 μέρη
2731 5478 2841 5535 τῶν
2878 5480 3071 5553 μερῶν·
3094 5484 3443 5551 σκοποῦντες,
3480 5488 3628 5543 ἀλλὰ

2056 5565 2194 5637 μόνα
2259 5566 2326 5621 τὰ
2395 5570 2802 5639 προσεχέστερα
2866 5572 3005 5643 μέρη
3082 5574 3176 5628 καὶ
3252 5576 3626 5644 κεφαλαιωδέ-

2056 5674 2244 5722 στερα.
