3994 6204
333 258 447 322 253

1302 258 1678 319 PANOPLIA
1706 259 2178 322 DOGMATICA.
2212 282 2281 299 ο-
2317 262 2465 324 Tl'l‘.
2506 262 2640 327 VII.

3486 267 3593 330 25‘.

404 384 469 438 Βί
524 383 557 436 δ
594 380 881 450 ἄνθρωπος
928 380 987 432 ὲν
1010 379 1132 433 δυσὶ
1159 380 1375 448 φύσεσι,
1427 383 1704 449 σώματος,
1749 377 1906 443 λέγω,

2096 374 2154 429 Si
2174 374 2337 433 homo
2364 382 2580 432 constat
2610 390 2676 430 ex
2715 388 2945 445 corpore
2965 385 3018 431 et
3043 376 3244 442 anima,
3293 388 3354 432 ut
3380 379 3595 434 duabus

334 477 431 530 καὶ
453 472 663 543 ψυχῆς,
691 474 720 526 ὁ
756 470 992 542 Χριστὸς
1026 470 1134 540 ἄρα
1160 471 1220 521 εν
1249 472 1428 540 τρισὶν
1472 469 1629 521 ἔσται
1668 466 1917 533 φύσεσιν.

344 565 507 621 Ἀλλὰ
539 564 672 635 μίαν
701 564 814 634 ἔχει
856 561 1022 631 φύσιν
1049 564 1079 615 δ
1119 561 1429 631 ἄνθρωπος.
1464 560 1634 628 ’Δλλη
1673 558 1772 629 μὲν
1810 558 1921 628 γὰρ

336 655 499 726 φύσις
535 655 817 725 σώματος,
843 653 941 706 καὶ
972 651 1112 722 ἄλλη
1140 652 1321 722 ψυχῆς
1340 651 1588 720 λογικῆς,
1620 642 1697 703 ὧν
1726 649 1759 718 ή
1793 647 1921 701 σῦν-

331 750 448 811 οδος
481 746 615 817 μίαν
647 743 902 799 ἀποτελεῖ
931 744 1095 813 φύσιν
1119 744 1213 798 τοῦ
1256 741 1575 810 ἀνθρώπου.
1615 741 1724 793 Καὶ
1754 738 1917 809 μέχρι

339 843 436 913 μὲν
462 839 533 895 ἂν
563 842 794 911 ἧνωται,
832 838 1053 907 λέγεται
1103 836 1411 906 ἄνθρωπος,
1448 833 1917 903 διαζευγνυμὲνων

331 934 406 995 δὲ,
439 933 547 987 οὐκ
578 933 684 997 ἔτι,
708 930 847 983 ἀλλὰ
882 931 945 983 τὸ
987 931 1086 1000 μὲν
1119 929 1302 999 σῶμα,
1340 928 1403 981 τὸ
1427 927 1483 980 δὲ
1518 926 1666 996 ψυχὴ
1697 924 1913 995 λογική.

330 1025 475 1080 Μίαν
507 1024 695 1077 τοίνυν
720 1022 835 1093 ἔχει
859 1022 1025 1092 φύσιν
1046 1024 1073 1074 ὁ
1105 1020 1392 1091 ἄνθρωπος
1423 1018 1699 1071 σύνθετον.

323 1182 338 1225 i

322 1228 331 1255 1

400 1289 575 1357 Εἴπερ
592 1287 730 1340 ἴδιον
763 1286 860 1339 τοῦ
882 1286 1060 1355 Λόγου
1090 1287 1151 1338 τὸ
1171 1284 1531 1355 πρόσλημμα,
1560 1283 1773 1346 πάντως
1804 1284 1915 1354 ἄρα

330 1379 425 1430 καὶ
454 1378 528 1430 τά
556 1377 655 1429 τοῦ
682 1376 815 1430 ἰδίου
842 1377 1278 1446 προσλήμματος
1311 1370 1465 1437 οὗτος
1494 1375 1910 1446 ίδιοποιήσεται,

326 1471 376 1522 εί
409 1472 507 1523 καὶ
552 1470 629 1538 μὴ
664 1469 953 1521 ὑπόκειται
993 1467 1224 1529 τούτοις·
1265 1467 1358 1519 καὶ
1408 1465 1709 1535 μεταδώσει
1737 1467 1913 1536 τούτῳ

325 1560 439 1612 τῶν
479 1560 704 1625 ἑαυτοῦ,
751 1561 800 1613 εί
852 1560 945 1613 καὶ
1008 1561 1084 1630 μὴ
1137 1558 1330 1622 οὕτως,
1389 1559 1467 1621 ὡς
1523 1559 1688 1621 αὐτὸς
1737 1559 1911 1612 ταῦτα

324 1653 619 1723 κέκτηται.
659 1653 836 1706 Τοῦτο
873 1654 932 1706 δι
974 1654 1179 1723 τρόπον
1229 1653 1554 1716 ἀντιδόσεως
1603 1651 1903 1721 καλοῦμεν,

322 1743 764 1813 περιχωρουσῶν
816 1746 898 1805 είς
948 1743 1186 1813 ἀλλήλας
1242 1743 1353 1795 τῶν
1414 1743 1651 1812 φύσεων,
1706 1743 1908 1797 καὶτὰ

322 1834 575 1904 ἀλλήλων
622 1834 1089 1903 ίδιοποιουμένων.
1120 1835 1180 1887 ΕΞ
1216 1834 1274 1887 δὲ
1320 1836 1415 1887 καὶ
1463 1838 1795 1904 περιχωρείν
1827 1836 1905 1897 εἰς

321 1929 586 1997 ἀλλήλας.
621 1929 722 1981 καὶ
752 1929 811 1979 ἐν
841 1928 1102 1996 ἀλλήλαις
1125 1926 1328 1989 ταύτας
1355 1926 1559 1995 φαμὲν,
1579 1925 1695 1979 ἀλλ’
1727 1926 1819 1979 οῦν
1844 1929 1910 1981 ἐκ

322 2020 425 2089 τῆς
464 2019 623 2079 θείας
652 2019 875 2087 φύσεως
906 2019 938 2087 ἡ
978 2016 1349 2087 περιχώρησις
1382 2017 1610 2085 >υρίως.
1635 2015 1782 2084 Αὕτη
1809 2016 1909 2085 μὲν

323 2113 435 2180 γὰρ
464 2111 557 2163 διὰ
584 2113 810 2164 πάντων
837 2111 947 2162 τῶν
978 2111 1292 2180 κτισμάτων
1313 2110 1389 2172 ὡς
1428 2109 1683 2179 βούλεται
1704 2108 1909 2179 διήκει,

325 2205 417 2257 διὰ
452 2204 511 2258 δὲ
538 2206 753 2273 ταύτης
781 2204 959 2257 οὐδέν.

397 2379 543 2448 Τρία
574 2377 834 2447 σημαίνει
883 2377 917 2446 ἡ
949 2374 1238 2437 ἀντίδοσις,
1279 2372 1339 2425 ἓν
1369 2372 1471 2443 μὲν
1515 2372 1615 2442 τὴν
1644 2371 1754 2427 τῶν
1786 2372 1909 2426 dvo-

329 2473 544 2539 μάτων,
575 2469 652 2531 ὡς
701 2470 831 2521 ὅταν
864 2468 957 2520 τὸν
994 2465 1284 2535 ἄνθρωπον
1326 2464 1578 2533 λέγωμεν
1619 2464 1774 2527 Θεὸν,
1811 2467 1906 2518 καὶ

325 2567 416 2617 τὸν
448 2562 590 2616 Θεὸν
620 2561 911 2632 ἄνθρωπον
930 2574 945 2589 ⁸
975 2559 1162 2629 ἓτερον
1184 2558 1243 2611 δὲ
1266 2558 1366 2628 τὴν
1389 2557 1500 2609 τῶν
1537 2558 1904 2627 πραγμάτων,

330 2656 455 2723 ἣτις
482 2652 605 2704 ἐστὶ
626 2651 804 2721 διττὴ,
844 2651 877 2720 ή
921 2649 1019 2719 μὲν
1051 2649 1137 2718 ῑση
1165 2649 1258 2701 καὶ
1287 2649 1562 2717 ἀνόμοιος.
1587 2648 1663 2710 ὡς
1688 2649 1782 2700 ἐπὶ
1809 2646 1905 2701 τοῦ

330 2746 805 2817 ἁνθρωπισθέντος
833 2742 995 2805 Θεοῦ,
1024 2744 1119 2795 καὶ
1146 2741 1243 2795 τοῦ
1268 2742 1565 2804 θεωθέντος
1589 2739 1904 2810 ἀνθρώπου.

332 2841 393 2893 Ei
426 2841 536 2908 γὰρ
558 2841 659 2891 καὶ
683 2837 940 2890 τοσοῦτον
959 2834 1167 2904 ὲθεὼθη
1207 2838 1236 2887 ὁ
1276 2833 1654 2905 προσληφθεὶς
1689 2832 1903 2903 ἀνθρω-

336 2947 456 2993 πος,
499 2931 625 2982 ὅσον
670 2927 1095 2997 ὲνηνθρώπησεν
1131 2927 1160 2978 ὁ
1200 2924 1521 2993 πωσλαὸὼν
1559 2924 1711 2988 Θεὸς,
1762 2923 1904 2978 κατὰ

2023 468 2255 531 naturis,
2284 467 2535 524 Christus
2567 468 2754 538 utique
2776 483 2841 522 ex
2870 469 3042 525 tribus
3094 471 3309 526 naturis
3369 480 3589 526 consta-

2028 556 2132 611 bit.
2163 559 2233 611 At
2257 556 2473 613 unicam
2530 558 2692 612 habet
2740 558 2902 612 homo
2947 569 3217 613 naturam.
3278 561 3409 614 Nam
3467 561 3593 615 licet

2019 649 2124 703 alia
2156 650 2404 719 corporis
2437 660 2632 704 natura
2667 649 2761 713 sit,
2791 649 2893 703 alia
2917 652 3114 705 anima:
3138 652 3356 706 ratione
3389 652 3591 720 praedi-

2020 745 2109 798 tae.
2137 737 2330 791 horum
2356 747 2536 791 tamen
2569 740 2886 808 congressio
2909 752 3160 795 naturam
3215 757 3379 794 uuam
3418 742 3593 795 homi-

2018 828 2364 882 nisconiicit.
2403 827 2466 882 Et
2495 830 2734 897 quandiu
2784 832 3075 902 conjuncta
3124 841 3367 897 manent,
3422 832 3589 885 homo

2017 921 2636 990 dicitur;posteaquam
2690 922 2930 990 sejuncta
2984 932 3132 986 sunt,
3190 940 3298 978 non
3354 926 3590 993 amplius

2017 1008 2205 1070 homo,
2236 1011 2332 1064 sed
2363 1026 2490 1080 pars
2513 1027 2621 1065 una
2650 1012 2902 1075 cadaver,
2931 1014 3101 1066 altera
3131 1014 3311 1068 anima
3375 1016 3589 1070 ratione

2016 1101 2265 1170 praedita.
2297 1102 2473 1157 Unam
2504 1102 2673 1170 igitur
2699 1103 2861 1155 habet
2891 1103 3057 1157 homo
3086 1114 3335 1159 naturam
3363 1121 3590 1175 compo-

2013 1191 2199 1245 sitam.

2082 1281 2139 1335 Si
2166 1294 2445 1353 assumpta
2492 1284 2806 1339 humanitas
2856 1297 2939 1340 est
2980 1286 3137 1341 Verbi
3184 1287 3421 1354 propria,
3468 1302 3588 1354 quae

2014 1374 2367 1431 humanitatis
2420 1389 2711 1446 assumpta:
2764 1380 2984 1448 propria
3025 1388 3174 1443 sunt,
3217 1388 3377 1433 erunt
3424 1380 3586 1433 etiam

2016 1465 2179 1520 Verbi
2218 1469 2457 1537 pr0pria,
2483 1470 2704 1524 liceteis
2723 1486 2780 1524 se
2805 1472 2978 1539 ipsum
3012 1487 3122 1525 non
3171 1472 3448 1540 subjiciat,
3492 1470 3591 1524 sed

2013 1557 2090 1611 illi
2124 1561 2510 1623 communicet,
2542 1577 2661 1629 qua:
2719 1578 2817 1616 sua
2857 1572 3005 1628 sunt,
3059 1564 3305 1633 quamvis
3356 1580 3462 1618 non
3523 1578 3591 1617 eo

2017 1650 2202 1711 modo,
2241 1666 2349 1719 quo
2387 1666 2451 1704 ea
2488 1667 2598 1706 ase
2625 1654 2997 1721 possidentur.
3041 1654 3193 1707 lianc
3238 1662 3419 1708 autem
3467 1670 3590 1708 mu-

2010 1740 2452 1795 tuaetributiouis
2481 1744 2746 1797 rationem
2776 1758 3066 1808 vocamus,
3118 1758 3223 1812 qua
3269 1752 3478 1798 natura:
3530 1760 3591 1799 se

2010 1832 2248 1887 vicissim
2276 1834 2521 1904 capiunt,
2552 1844 2607 1889 et
2634 1850 2754 1905 quae
2782 1838 2999 1905 utrique
3034 1839 3256 1905 propria
3283 1845 3432 1901 sunt,
3482 1837 3589 1892 sibi

2011 1934 2200 1980 mutuo
2226 1924 2494 1981 tribuunt.
2524 1928 2601 1981 Ac
2626 1929 2838 1983 tametsi
2863 1929 3101 1983 vicissim
3148 1943 3214 1981 ac
3247 1937 3437 1982 mutuo
3492 1929 3590 1982 has

2010 2019 2150 2072 inter
2183 2035 2241 2075 se
2274 2035 2583 2076 commeare
2607 2023 2859 2085 dicimus,
2894 2024 2998 2078 hoc
3057 2031 3239 2077 tamen
3290 2039 3356 2077 ex
3405 2023 3587 2078 divina

2011 2113 2225 2181 proprie
2258 2122 2447 2167 natura
2481 2114 2699 2182 pendet,
2742 2132 2860 2183 qua:
2890 2130 2985 2183 per
3014 2115 3195 2168 omnia
3238 2115 3459 2173 transit.
3531 2125 3586 2168 et

2008 2213 2277 2258 commeat
2330 2213 2386 2259 et
2435 2214 2704 2274 penetrat,
2763 2206 2838 2260 uti
2892 2206 3028 2271 vult,
3075 2221 3173 2275 per
3218 2205 3361 2258 illam
3402 2213 3585 2258 autem

2009 2293 2170 2347 nihil.

2079 2383 2204 2438 Hac
2226 2395 2413 2438 mutua
2453 2383 2679 2438 tributio
2708 2383 2791 2438 vel
2824 2383 2878 2437 in
2908 2383 3222 2439 nominibus
3269 2385 3588 2440 considera-

2007 2484 2114 2538 tur,
2150 2486 2209 2530 ut
2243 2491 2365 2531 cum
2405 2476 2682 2530 hominem
2722 2476 2957 2530 dicimus
3028 2475 3216 2542 Deum,
3304 2486 3359 2532 et
3415 2478 3583 2531 Deum

2009 2566 2306 2630 hominem,
2346 2569 2427 2619 vel
2474 2566 2529 2620 in
2563 2567 2748 2628 rebus,
2777 2574 2832 2620 et
2886 2567 3002 2621 haec
3036 2576 3122 2621 est
3181 2568 3399 2635 duplex.
3448 2566 3582 2622 Nam

2006 2665 2099 2709 aut
2139 2655 2363 2723 :equalis
2394 2665 2554 2710 estet
2617 2656 2919 2721 dissimilis,
2984 2667 3041 2711 ut
3091 2659 3144 2711 in
3205 2657 3316 2712 Deo
3364 2660 3584 2714 homine

2006 2746 2175 2807 facto,
2201 2756 2257 2800 et
2291 2746 2344 2798 in
2380 2746 2602 2801 homine
2624 2747 2767 2802 facto
2802 2748 2934 2802 Deo.
2990 2745 3141 2801 Licet
3168 2747 3311 2800 enim
3371 2756 3581 2805 tantum

2004 2846 2319 2907 assumptus
2358 2839 2521 2893 homo
2550 2838 2727 2893 lactus
2776 2839 2848 2893 sit
2910 2837 3074 2900 Deus,
3120 2848 3387 2907 quantum
3441 2840 3584 2894 Deus

2005 2926 2281 2984 hominem
2315 2943 2600 2983 assumens
2634 2929 2810 2984 lactus
2867 2937 2953 2984 est
3006 2928 3208 2992 homo;
3246 2942 3346 2998 per
3385 2944 3586 2998 corpus

336 3023 496 3090 σῶμα
529 3021 661 3089 γὰρ,
693 3020 787 3072 καὶ
833 3017 1037 3088 ψυχὴν,
1073 3018 1166 3070 καὶ
1208 3015 1336 3069 νοῦν
1363 3018 1456 3069 καὶ
1487 3018 1519 3087 ἡ
1551 3014 1898 3086 ινανθρὼπη-

2014 3020 2145 3072 enim
2174 3027 2228 3073 et
2256 3020 2517 3084 animam,
2552 3028 2608 3074 et
2638 3028 2876 3074 mentem
2905 3027 3141 3087 utroque
3191 3002 3395 3072 factum
3456 3029 3582 3086 est;

337 3130 440 3175 σ;ς,
482 3113 581 3165 καὶ
629 3113 664 3181 ἡ
714 3109 945 3172 θέωσις·
996 3109 1112 3162 ἀλλ’
1150 3110 1251 3178 οὐχ
1290 3108 1513 3177 ὁμοίως.
1571 3107 1629 3161 ὐ
1660 3108 1761 3179 μιν
1793 3109 1903 3178 γὰρ

336 3208 493 3273 φύσει
543 3206 771 3274 γέγονεν
811 3204 1118 3272 ἄνθρωπος,
1154 3202 1183 3255 δ
1229 3202 1286 3255 δὲ
1336 3201 1485 3254 θέσει
1524 3201 1680 3264 Θεός.
1728 3202 1793 3253 Ἥ
1846 3201 1903 3254 δδ

334 3297 493 3366 ὁμοία
551 3297 646 3349 καὶ
696 3295 905 3357 ἄνισος,
934 3293 1009 3354 ὡς
1051 3292 1146 3345 ἐπὶ
1195 3293 1298 3360 τῆς
1348 3292 1789 3361 ὲμπνευσθείσης
1826 3292 1904 3363 τῷ

338 3388 605 3459 ἀνθρώπῳ
645 3389 795 3456 παρὰ
840 3386 977 3439 Θεοῦ
1022 3385 1222 3455 ψυχῆς,
1256 3386 1347 3437 καὶ
1382 3388 1483 3454 τῆς
1526 3384 1905 3454 δανεισθείσης

337 3481 408 3549 τῷ
439 3479 561 3547 Θεῷ
593 3479 686 3531 καὶ
732 3478 893 3549 Λόγῳ
928 3478 1082 3547 παρὰ
1129 3477 1420 3545 ἀνθρώπου
1470 3477 1691 3544 σαρκός.
1723 3477 1904 3530 Είκὼν

341 3573 435 3639 μὲν
466 3573 580 3640 γὰρ
626 3571 765 3623 Θεοῦ
795 3572 887 3623 καὶ
929 3571 1092 3638 ὁμοία
1147 3569 1290 3623 κατά
1337 3569 1399 3622 τὸ
1435 3570 1665 3621 δυνατὸν
1693 3570 1724 3637 ἡ
1755 3568 1903 3639 ψυχὴ

336 3662 527 3729 λέγοιτ’
580 3663 669 3726 ἂν,
721 3663 814 3727 ίση
866 3661 924 3713 δὲ
974 3658 1250 3727 οὐδαμῶς.
1305 3661 1414 3710 Καὶ
1468 3658 1588 3711 τότε
1647 3658 1749 3727 μὲν
1804 3656 1902 3711 τοῦ

337 3756 639 3825 κρείττονος
669 3754 992 3824 μετέδωκεν,
1023 3752 1252 3821 ὕστερον
1274 3752 1331 3804 δὲ
1354 3750 1619 3821 μετέλαϐε
1651 3750 1746 3802 τοῦ
1779 3753 1902 3820 χεί-

340 3865 509 3918 ρονος.
547 3845 892 3917 Σημειωτίον
924 3845 981 3898 δὲ
1009 3846 1089 3897 i’m
1113 3844 1248 3896 ποτε
1286 3844 1384 3912 μὲν
1413 3843 1505 3895 τὸν
1531 3844 1663 3895 Θεὸν
1687 3843 1903 3911 ἀνθρωα

337 3957 435 3993 πον
464 3940 724 4008 λέγομεν,
758 3937 889 3990 ποτε
919 3937 976 3989 δὲ
1004 3937 1094 3989 τὸν
1118 3936 1410 4006 ἄνθρωπον
1449 3935 1613 3988 Θεόνυ
1657 3934 1757 4003 τὴν
1787 3936 1904 3989 θεό-

333 4051 467 4103 squ
494 4035 553 4087 δὲ
578 4032 891 4103 ἄνθρωπον,
923 4030 957 4101 ἢ
1000 4028 1100 4100 τὴν
1148 4027 1547 4100 ἀνθρωπύτητα
1579 4027 1713 4082 Θεὸν
1748 4028 1905 4082 οὐδα-

338 4144 472 4197 pug.

401 4222 515 4273 Οὐκ
545 4219 700 4271 ἔστιν
726 4218 909 4288 εὑρεῖν
941 4215 1125 4268 είκόνα
1170 4216 1596 4287 παραστατικὴν
1634 4216 1730 4270 τοῦ
1770 4232 1905 4288 προ-

333 4315 614 4381 κεμὲνου·
668 4306 1046 4377 πειρασόμεθα
1111 4306 1169 4359 δέ
1222 4323 1342 4360 τινα
1398 4308 1766 4376 παραγαγεῖν,
1806 4325 1904 4377 με-

2005 3124 2117 3163 non
2148 3109 2405 3165 similiter
2428 3122 2609 3165 tamen
2634 3126 2651 3164 :
2688 3111 2829 3164 Deus
2855 3110 3001 3164 enim
3027 3124 3126 3181 per
3170 3119 3423 3165 naturam
3468 3110 3587 3166 fac-

2009 3209 2096 3255 tus
2136 3211 2219 3256 est
2248 3201 2435 3267 homo,
2466 3207 2628 3257 homo
2646 3211 2827 3257 autem
2847 3216 2943 3270 per
2973 3201 3198 3271 gratiam
3241 3202 3408 3257 Deus.
3472 3203 3584 3258 Aut

2008 3291 2205 3345 similis
2264 3300 2320 3345 et
2368 3292 2672 3361 inaequalis,
2707 3292 2846 3347 utin
2883 3292 3065 3345 anima
3118 3307 3146 3345 a
3204 3292 3313 3347 Deo
3371 3292 3583 3347 homini

2004 3383 2151 3447 data,
2189 3394 2250 3438 ut
2283 3384 2337 3437 in
2363 3399 2531 3440 carne
2558 3386 2626 3441 ab
2655 3386 2878 3441 homine
2913 3387 3020 3441 Deo
3051 3395 3105 3440 et
3126 3384 3307 3441 Verbo
3354 3386 3582 3440 tributa.

2007 3479 2191 3547 Imago
2219 3477 2367 3533 enim
2408 3477 2502 3533 Dei
2527 3491 2630 3545 est,
2659 3489 2714 3534 et
2736 3480 2915 3549 quoad
2933 3479 3047 3534 ﬁeri
3101 3488 3299 3549 potest,
3353 3478 3463 3532 Deo
3506 3479 3585 3532 si-

2005 3569 2150 3625 milis
2179 3569 2380 3633 anima,
2410 3570 2640 3638 aequalis
2672 3579 2854 3624 autem
2892 3571 3043 3625 nullo
3094 3569 3279 3625 modo.
3340 3570 3409 3624 Et
3455 3578 3586 3623 tunc

2003 3662 2223 3731 quidem
2252 3661 2513 3725 id‘dedit,
2547 3662 2693 3730 quod
2722 3661 3077 3730 prastantius
3107 3672 3249 3723 erat,
3311 3669 3437 3730 post
3486 3676 3585 3714 auo

2009 3762 2117 3808 tem
2140 3754 2214 3816 id,
2242 3755 2387 3821 quod
2444 3763 2562 3807 erat
2610 3746 2874 3820 deterius,
2926 3755 3158 3821 accepit.
3216 3754 3414 3807 Verum
3465 3752 3584 3806 ani-

2010 3841 2462 3896 madvertendum
2521 3850 2625 3905 est,
2681 3843 2932 3909 quamvis
2985 3841 3276 3910 aliquando
3335 3841 3585 3897 dicamus

2005 3930 2175 3986 Deum
2200 3932 2497 3991 hominem.
2533 3931 2824 4000 aliquando
2854 3933 3127 3986 hominem
3149 3933 3341 3996 Deum,
3372 3933 3582 3986 divini-

2006 4030 2173 4077 tatem
2195 4032 2377 4077 tamen
2408 4021 2710 4088 hominem,
2741 4031 2837 4077 aut
2867 4024 3258 4078 humanitatem
3278 4023 3447 4079 Deum
3481 4040 3583 4079 nos

2005 4129 2287 4185 nunquam
2329 4116 2535 4170 dicere.

2078 4206 2191 4261 Etsi
2238 4207 2647 4277 nullumpotest
2701 4206 3012 4277 exemplum
3069 4206 3390 4278 excogitari,
3438 4206 3585 4278 quod

2009 4297 2171 4365 plane
2195 4311 2309 4350 rem
2342 4298 2677 4369 propositam
2701 4298 2989 4367 exprimat,
3026 4313 3129 4351 nos
3154 4306 3333 4354 tamen
3366 4297 3585 4367 aliquod

328 4371 487 4469 τρξᾷν
524 4398 626 4469 μὲν
655 4398 733 4460 ὡς
761 4371 988 4466 πρὸς-τὸ
1032 4394 1262 4466 μέγεθος
1302 4394 1398 4448 τοῦ
1433 4371 1502 4465 μῦ
1516 4371 1762 4465 σεηρίου,
1794 4371 1903 4452 έῶν

2014 4391 2206 4444 allerre
2235 4390 2581 4453 conabimur,
2611 4392 2753 4461 quod
2781 4392 3024 4462 quidem,
3052 4393 3097 4447 si
3118 4393 3194 4445 rei
3220 4394 3585 4464 magnitudini

328 4494 384 4544 δὲ
417 4489 621 4544 λοιπῶν
664 4486 1033 4558 ἀληθεστέραν
1072 4487 1155 4549 είς
1201 4488 1520 4557 ιμφίρειαν.
1560 4487 1772 4559 Ὠσπερ
1792 4490 1904 4559 γὰρ

329 4584 378 4634 εξ
416 4580 821 4651 semetisz
849 4578 948 4649 μὲν
967 4579 1090 4642 ὅλος
1128 4578 1258 4649 ἀὴρ,
1295 4579 1497 4649 μᾶλλον
1519 4580 1575 4633 δὲ
1601 4583 1651 4633 εί
1674 4581 1785 4651 πῦρ
1809 4577 1904 4654 ἦν,

331 4676 531 4736 κόκκος
554 4673 613 4725 δέ
646 4689 730 4734 τις
780 4671 1034 4740 σιδηροῦς
1068 4672 1288 4742 ἀνετέθη
1330 4671 1529 4742 τούτῳ,
1560 4672 1778 4740 ἀνάγκη
1809 4673 1906 4726 καὶ

330 4765 522 4816 τοῦτον
574 4764 713 4831 πρὸς
753 4763 814 4815 τὸ
859 4761 1192 4831 ἐπικρατοῦν
1235 4763 1577 4815 πεποιῶσθαι
1627 4763 1885 4816 τοσοῦτον

332 4858 407 4919 ὡς
441 4860 520 4928 μὴ
550 4857 728 4910 δοκεῖν
757 4855 945 4926 ἕτερον
975 4849 1113 4908 εῖναι
1145 4852 1233 4907 διὰ
1265 4855 1328 4908 τὸ
1360 4855 1493 4927 πῦρ,
1526 4858 1577 4910 ei
1622 4857 1719 4910 καὶ
1753 4859 1780 4910 ὀ
1801 4860 1907 4928 ’τῆς

333 4955 523 5015 cisia;
555 4951 707 5022 αὐτῷ
744 4952 903 5019 λόγος
951 4950 1247 5019 ὑφίστατοο
1293 4948 1468 5014 οὕτως
1502 4952 1534 5022 ή
1582 4952 1905 5023 ἀνθρωπίνη

333 5047 493 5116 φῦσις
529 5045 794 5099 ἑνωθεῖσα
826 5046 891 5113 τῇ
924 5043 1018 5096 τοῦ
1049 5042 1185 5096 Θεοῦ
1215 5044 1598 5115 κατεκρατήθη
1628 5045 1903 5112 τοσοῦτον,

334 5138 408 5199 ὡς
452 5136 528 5208 μὴ
555 5136 735 5189 δοκεῖν
771 5135 852 5188 ἔτι
883 5134 1047 5203 φύσιν
1070 5133 1361 5206 ἀνθρώπου
1389 5135 1593 5204 μένειν.
1626 5136 1726 5188 Διὰ
1748 5136 1907 5189 τοῦτο

335 5231 429 5282 καὶ
458 5229 511 5283 oi
535 5227 784 5299 Πατέρες
817 5224 1119 5280 τεθεῶσθαι
1150 5227 1359 5298 ταύτην
1388 5229 1651 5300 εἰρήκασι
1683 5226 1817 5293 πρὸς
1846 5226 1907 5280 τὸ

335 5321 667 5391 ἐπικρατοῦν
708 5320 1145 5390 ἀποϐλέψαντες.
1180 5320 1348 5374 Ὀθεν
1377 5321 1475 5375 καὶ
1510 5319 1608 5390 μία
1638 5320 1843 5373 τούτων
1872 5320 1905 5391 ἡ

336 5415 715 5485 προσκύνησις
744 5414 834 5468 διὰ
885 5415 986 5486 τὴν
1034 5414 1163 5485 μίαν
1204 5411 1409 5467 τούτων
1460 5413 1761 5467 ὑπόστασιν
1814 5413 1907 5465 καὶ

334 5507 639 5581 ἀδιαίρετον
668 5505 892 5561 ἕνωσιν.

2008 4481 2194 4535 minus
2230 4482 2598 4548 respondebit,
2638 4483 2886 4551 apposite
2927 4493 3108 4537 tamen
3156 4492 3432 4554 utcunque
3490 4500 3585 4539 voc

2007 4574 2222 4629 ritatem
2246 4574 2611 4629 adumbrabit.
2640 4573 3110 4640 Quemadmodum
3144 4576 3189 4629 si
3243 4585 3389 4630 totus
3426 4591 3584 4629 exar-

2005 4668 2196 4723 descat
2231 4678 2324 4722 aer
2348 4668 2430 4722 vel
2461 4670 2644 4736 potius
2675 4669 2747 4723 sit
2777 4678 2924 4724 totus
2955 4669 3117 4739 ignis,
3176 4669 3429 4738 exiguum
3483 4683 3585 4719 au-

2010 4769 2115 4815 tem
2150 4760 2278 4815 ferri
2299 4759 2591 4813 frustulum
2626 4760 2683 4812 in
2750 4760 2905 4815 illum
2958 4759 3307 4828 conjiciatur,
3364 4772 3587 4813 necesse

2007 4851 2225 4920 quidem
2251 4849 2358 4905 erit
2381 4850 2511 4904 illud
2540 4851 2620 4905 sic
2675 4849 2834 4913 aﬂlci,
2902 4860 2962 4903 ut
3010 4849 3149 4903 nihil
3196 4849 3362 4911 aliu-l,
3422 4862 3584 4916 quam

2010 4944 2153 5013 ignis
2210 4957 2333 4997 esse
2387 4942 2657 5005 videatur,
2709 4950 2949 4995 attamen
3010 4941 3086 4994 illi
3142 4940 3393 4996 essentia:
3448 4940 3585 4994 ratio

2006 5034 2354 5105 permanebit
2388 5034 2621 5089 :eodem
2666 5033 2830 5088 modo
2866 5042 3061 5087 natura
3109 5032 3346 5087 humana
3389 5032 3588 5086 divina:

2008 5125 2323 5195 conjuncta,
2359 5124 2437 5179 sic
2466 5124 2536 5178 ab
2563 5124 2650 5179 illa
2709 5125 3109 5195 comprehensa
3145 5133 3229 5177 est
3258 5131 3314 5175 et
3359 5135 3584 5191 supera-

2008 5229 2085 5283 ta,
2122 5225 2317 5270 utnon
2339 5215 2571 5285 amplius
2602 5226 2796 5271 natura
2848 5216 3086 5270 hominis
3141 5229 3261 5269 esse
3317 5214 3586 5269 videatur.

2009 5311 2077 5365 Et
2105 5310 2204 5363 hac
2225 5308 2293 5364 de
2323 5323 2486 5364 causa
2512 5311 2699 5366 Patres
2727 5309 2924 5375 nostri,
2982 5308 3135 5379 quod
3189 5316 3485 5377 exsuperat
3532 5317 3590 5363 et

2008 5403 2341 5465 dominatur,
2411 5401 2690 5458 intuentes
2718 5410 2753 5468 ,‘
2795 5401 2942 5456 illam
2998 5396 3168 5454 Deum
3226 5413 3349 5453 esse
3390 5397 3589 5453 factam

2010 5494 2266 5550 dixerunt
2313 5492 2544 5564 Ideoque
2570 5504 2793 5564 propter
2827 5508 2991 5548 unam
3033 5493 3230 5547 horum
3296 5505 3586 5561 personam

2010 5584 2507 5643 etindiasolubilem
2564 5585 3031 5655 conjunctionem,
3090 5599 3263 5641 unum
3310 5584 3443 5640 item
3502 5581 3590 5641 his

2015 5677 2348 5738 adorationis
2370 5676 2581 5734 cultum
2609 5677 2823 5735 deberi.
