4024 6208
420 276 528 337 255

1648 263 2027 325 EU'I‘HYMIl
2073 260 2437 321 ZIGABENI

3559 252 3669 317 256

493 389 855 441 Personarum
886 383 939 435 in
967 383 1183 437 Christo
1208 379 1571 437 dil'ferentiam
1607 392 1715 431 non
1744 377 1987 431 admitti—

2161 373 2437 446 Διαφοράν
2494 372 2595 441 μὲν
2636 370 2990 425 ὑποστάσεων
3042 370 3105 421 οὑ
3164 370 3395 437 λέγομεν
3446 370 3537 421 ἐπὶ
3571 373 3666 423 τοῦ

420 494 560 541 mus,
593 493 661 532 ne
680 485 926 546 quartam
955 490 1243 545 personam
1276 472 1331 526 in
1356 479 1546 527 sani-ta
1568 468 1842 523 Trinitate
1864 482 1994 522 con-

422 572 709 640 tingamus.
739 566 1061 621 Naturarum
1098 575 1277 618 autem
1334 560 1683 633 agnoscimus
1734 560 1995 615 diﬁeren-

425 661 576 723 tiam,
601 676 669 713 ne
689 672 907 712 carnem
927 656 1171 724 ejusdem
1192 670 1290 723 per
1311 663 1563 708 naturam
1580 651 1832 707 essentia:
1871 665 1995 705 cum

418 747 637 802 Christo
656 746 944 799 credamus
967 756 1108 795 esse.

493 838 548 892 Si
582 847 692 892 tres
751 844 934 887 essent
967 848 1121 887 mea:
1174 841 1388 896 statuae,
1432 845 1662 899 quarum
1720 844 1825 883 una
1865 841 2000 881 auro

422 937 516 980 aut
569 939 693 978 cera
723 923 963 991 undique
1017 922 1341 983 illineretur,
1394 917 1690 988 aliquodue
1737 918 1997 969 damnum

424 1018 537 1069 haec
568 1015 617 1067 iu
647 1012 861 1082 propria
917 1014 1153 1067 essentia
1203 1011 1426 1071 faceret,
1481 1025 1548 1063 an
1578 1010 1716 1063 duas
1772 1017 2000 1061 naturas

423 1121 578 1162 veras
599 1115 653 1159 et
679 1106 936 1173 integras,
970 1119 1122 1158 suam
1161 1102 1423 1156 nimirum
1481 1114 1672 1162 uuam,
1729 1108 1785 1153 et
1838 1098 1999 1151 aliam

424 1196 615 1251 illitam
668 1206 720 1248 et
755 1194 1065 1262 adjunctam
1095 1197 1471 1254 t'onservaret,
1505 1202 1631 1243 cum
1673 1196 1855 1241 tamen
1926 1186 1998 1238 ob

425 1286 476 1338 id
506 1300 614 1338 non
635 1292 868 1352 quatuor
896 1282 1195 1337 evaderent
1226 1288 1447 1338 statuae.
1479 1277 1575 1332 sed
1613 1287 1723 1331 tres
1777 1274 2003 1330 omnino

427 1387 483 1431 ut
521 1387 677 1429 antea
713 1372 1135 1444 permanerent?
1164 1371 1275 1426 Hoc
1333 1370 1517 1431 modo.
1568 1374 1643 1423 nt‘
1689 1383 1757 1421 cx
1822 1366 2004 1435 parvis

428 1482 618 1536 magna
643 1466 1021 1533 conjiciamus,
1055 1473 1112 1517 et
1139 1462 1390 1517 obscuris
1417 1458 1742 1527 quihusdam
1778 1457 2004 1511 simula-

427 1558 536 1613 cris
580 1558 867 1613 veritatem
898 1555 1349 1625 pervestigemus,
1384 1552 1519 1606 duas
1553 1552 1607 1605 in
1660 1550 1877 1604 Christo
1906 1564 2005 1602 na-

430 1661 581 1705 turas
604 1658 658 1705 et
679 1665 838 1702 unam
863 1662 1150 1717 personam
1173 1646 1483 1702 considera.
1511 1652 1573 1697 ut
1620 1642 1765 1695 nulla
1816 1639 2002 1693 Trini-

432 1742 528 1795 lati
556 1750 775 1810 propter
814 1713 1169 1792 humanitatis
1218 1745 1467 1789 naturam
1522 1741 1858 1800 assumptam
1914 1728 2006 1782 [iat
2040 1713 2077 1766 Β

431 1832 689 1887 accessio.
720 1831 922 1884 Natura
970 1828 1117 1883 enim
1163 1837 1248 1881 est
1304 1835 1605 1895 assumpta,
1660 1838 1769 1876 non
1820 1830 2002 1874 autem

430 1939 683 1995 persona.
713 1924 895 1989 Itaque
918 1930 1039 1991 post
1056 1920 1174 1988 ejus
1199 1920 1364 1973 etiam
1390 1916 1822 1983 assumptionem
1852 1926 2006 1964 man-

428 2015 500 2068 sit
527 2030 629 2068 una
665 2011 939 2074 divinitas,
976 2018 1030 2063 et
1066 2009 1282 2063 trinitas
1323 2020 1701 2076 personarum.

500 2188 617 2241 Non
648 2203 748 2258 per
781 2187 1132 2242 mutationem
1171 2224 1187 2247 .
1214 2194 1308 2239 aut
1346 2186 1729 2249 inversionem.
1753 2193 1845 2238 aut
1871 2199 2008 2238 con-

431 2280 696 2334 fusionem
728 2280 967 2333 animata
998 2279 1209 2332 Domini
1245 2293 1371 2331 caro
1401 2277 1583 2331 divina
1607 2278 1807 2330 dicitur
1845 2276 2007 2341 facta,

433 2380 490 2424 ct
513 2371 832 2424 nominatur
868 2369 1030 2431 Deus.
1060 2367 1153 2423 sed
1189 2378 1410 2437 propter
1437 2383 1703 2421 summam
1764 2381 2009 2436 personae

434 2462 895 2532 conjunctionem.
937 2458 1070 2514 Nam
1100 2466 1157 2513 et
1187 2458 1328 2513 Deus
1357 2458 1554 2513 dicitur
1588 2458 1761 2512 factus
1824 2463 2009 2521 homo,

434 2563 717 2623 propterea
746 2552 891 2621 quod
917 2551 1241 2607 humanitati
1267 2550 1589 2618 conjunctus
1616 2558 1721 2612 est,
1761 2559 1816 2603 et
1866 2549 2011 2603 Deus

433 2644 571 2712 ipse.
602 2653 658 2698 et
685 2644 803 2714 ejus
832 2644 1147 2697 humanitas
1200 2642 1382 2695 divina
1433 2641 1631 2697 dicitur
1662 2648 1879 2710 propter
1912 2654 2009 2694 ve-

436 2735 706 2788 rissimam
769 2733 896 2787 item
950 2732 1095 2787 illius
1166 2733 1219 2786 in
1286 2746 1523 2801 persona
1592 2731 2010 2800 copulationem.

440 2826 568 2877 Post
594 2823 733 2876 hanc
754 2832 935 2877 autem
959 2822 1359 2891 copulationem
1396 2830 1603 2876 natura:
1657 2837 1765 2875 non
1822 2820 2017 2876 confu-

438 2931 514 2972 sa:
536 2931 657 2969 eum
687 2915 800 2969 suis
829 2915 1249 2982 proprietatihus
1278 2921 1615 2967 manserunt.
1645 2913 1850 2967 Aurum
1868 2912 2014 2966 enim

437 3007 630 3061 illitum
660 2994 806 3077 ligno
836 3005 976 3058 idem
1008 3012 1313 3073 permanet.
1353 3004 1581 3073 Lignum
1601 3018 1729 3057 vero
1784 3012 1841 3057 et
1892 3002 2010 3055 auri

434 3098 749 3166 dignitatem
778 3095 1040 3155 lucratur.
1071 3108 1173 3148 nec
1202 3091 1403 3148 desinit
1456 3105 1582 3148 esse
1628 3091 1854 3162 lignum,
1916 3106 2030 3146 nee

438 3189 713 3260 prepriam
731 3196 985 3242 naturam
1014 3185 1367 3255 derelinquit.

513 3465 750 3521 Verbum
780 3475 836 3520 et
866 3464 1011 3519 Deus
1044 3474 1138 3519 aut
1166 3465 1504 3527 universum,
1533 3472 1627 3517 aut
1687 3463 2014 3534 singularem

440 3559 733 3627 assumpsit
763 3558 1058 3613 hominem.
1092 3558 1149 3611 Si
1182 3558 1520 3622 universum,
1546 3556 1720 3610 oculis
1742 3572 1851 3612 non
1885 3571 2009 3611 cer-

442 3658 686 3706 neretur.
716 3649 915 3704 Natura
940 3650 1087 3704 enim
1124 3649 1375 3705 universa
1396 3664 1509 3703 non
1560 3658 1646 3703 est
1692 3648 2012 3718 conspicua.

442 3744 710 3799 Praeterea
764 3742 962 3798 multas
998 3742 1222 3797 haberet
1274 3756 1582 3811 personas:
1634 3741 1818 3811 plures
1869 3741 2014 3794 enim

440 3851 613 3907 genus
643 3836 955 3891 universum
986 3834 1386 3904 complectitur.
1421 3834 1534 3889 Nec
1560 3834 1809 3904 ejusdem
1870 3842 2016 3887 esset

443 3928 722 3983 uobiscum
753 3928 1026 3983 essentia.
1053 3927 1163 3982 Nos
1191 3928 1336 3981 enim
1398 3942 1591 3981 sumus
1622 3923 1918 3979 individua.
1950 3922 2019 3977 Et

406 4090 413 4093 Α
441 4020 611 4073 multa
640 4018 906 4089 ejusmodi
939 4018 1276 4073 incommoda
1306 4026 1687 4085 sequerentur.
1756 4014 1855 4067 Sin
1915 4014 2013 4068 ho-

444 4112 644 4161 minem
669 4109 964 4176 assumpsit
987 4108 1337 4175 singularem,
1396 4106 1532 4160 duas
1580 4103 2017 4174 deprehendetur

443 4198 647 4252 habere
672 4212 954 4264 personas.
995 4196 1287 4265 Reliquum
1329 4195 1492 4264 igitur
1535 4205 1639 4261 est,
1672 4203 1731 4248 ut
1764 4203 2015 4247 neutrum

442 4288 822 4357 assumpserit,
857 4287 952 4342 sed
985 4287 1293 4358 singularis,
1327 4287 1432 4341 hoc
1459 4294 1563 4349 est,
1593 4284 1853 4339 individui
1915 4299 2013 4338 na-

2098 467 2360 536 Χριστοῦ,
2394 467 2481 519 ἴνα
2518 465 2591 535 μὴ
2612 465 2932 533 προσθήκην
2971 464 3236 533 τετάρτου
3268 464 3567 532 προσώπου
3598 467 3669 535 τῇ

2100 557 2231 624 ἀγία
2260 556 2453 627 Τριάδι
2479 557 2868 626 ἐπινοήσωμεν
2886 568 2901 586 ⁸
2938 553 3208 621 διαφορὰν
3231 554 3288 606 δὲ
3328 554 3548 621 φύσεων
3577 554 3673 606 xs-

2098 667 2290 719 γομεν,
2325 650 2412 702 ἴνα
2448 650 2523 719 μή
2554 650 2634 718 τῷ
2668 650 2827 720 Λόγῳ
2858 645 3003 699 κατά
3033 646 3135 717 τήν
3175 647 3341 715 φύσιν
3382 647 3675 718 όμοούσιον

2099 745 2199 807 τὴν
2230 742 2413 812 σάρκα
2447 741 2776 812 πρεσϐεύσω
2784 757 2903 809 μεν.

2175 836 2235 887 Εἰ
2286 836 2433 900 τρεῖς
2484 829 2625 902 ἦσαν
2672 834 2989 904 ἀνδριάντες
3025 835 3240 903 χαλκοῖ,
3275 831 3480 885 τούτων
3503 831 3559 885 δὲ
3590 827 3673 893 εἷς

2102 924 2402 994 ὲπεχρίσθη
2444 924 2635 995 χρυσῷ
2667 926 2700 991 ἢ
2753 925 2910 995 κηρῷ
2953 926 3156 989 διόλου,
3205 926 3438 993 πότερον
3470 924 3676 992 ἐϐλάϐη

2104 1017 2231 1083 περὶ
2266 1016 2367 1083 τὴν
2397 1016 2535 1069 ἰδίαν
2559 1015 2748 1067 οὐσίαν
2790 1011 2967 1078 οὗτος,
3017 1018 3048 1087 ἢ
3098 1016 3259 1081 σώζει
3297 1018 3398 1078 τὰς
3429 1017 3522 1069 δύο
3559 1015 3662 1084 φύ-

2104 1121 2221 1167 σεις
2252 1106 2549 1177 ἀκεραίους
2579 1106 2671 1159 καὶ
2694 1105 3033 1177 ἀλωῦήτουτ,
3074 1111 3166 1161 καὶ
3195 1109 3293 1176 τὴν
3320 1107 3540 1169 ἑαυτοῦ,
3578 1110 3675 1159 καὶ

2108 1197 2207 1263 τὴν
2238 1196 2657 1266 ἐπιχρισθεῖσαν
2696 1198 2864 1266 αὐτῷ.
2898 1200 2990 1253 καὶ
3014 1200 3135 1252 οὐδὲ
3160 1200 3427 1268 τέσσαρες
3455 1200 3677 1258 πάντως

2110 1287 2430 1356 ἀνδριάντες
2490 1289 2641 1358 παρὰ
2680 1288 2856 1358 τούτῳ
2886 1292 3210 1356 γεγόνασιν;
3243 1290 3454 1342 Οὐκοῦν
3481 1290 3559 1360 τῷ
3581 1291 3681 1342 αύ-

2104 1378 2201 1428 τοῦ
2232 1378 2665 1448 παραδείγματι,
2718 1379 2793 1442 ὼς
2840 1382 2904 1433 ὲκ
2949 1381 3058 1433 τῶν
3116 1382 3332 1452 μικρῶν
3362 1382 3429 1434 τά
3466 1382 3678 1451 μεγάλα

2111 1470 2507 1539 στοχάσασθαι,
2549 1472 2644 1525 καὶ
2694 1473 2961 1542 άμυδραῐς
3000 1490 3148 1527 τισιν
3185 1474 3360 1526 εἰκόσι
3395 1474 3495 1543 τὴν
3544 1473 3682 1540 ἀλή-

2108 1560 2261 1612 θειαν
2298 1561 2759 1631 ἐνοπτρίσασθαι,
2803 1564 2913 1615 νόει
2946 1563 3042 1615 καὶ
3069 1564 3161 1616 ἐπὶ
3192 1563 3287 1616 τοῦ
3317 1562 3559 1631 Χριστοῦ
3586 1562 3685 1614 δύο

2110 1652 2211 1722 μὲν
2240 1653 2338 1713 τὰς
2388 1653 2603 1721 φύσεις,
2638 1654 2770 1724 μίαν
2803 1655 2861 1708 δὲ
2904 1656 3007 1725 τήν
3060 1656 3376 1719 ὑπόστασιν,
3427 1656 3523 1708 καὶ
3558 1654 3687 1728 οὐδε

2108 1743 2399 1813 προσθήκη
2436 1746 2503 1815 τῇ
2534 1745 2728 1813 Τριάδι
2764 1746 3151 1817 ἐπιγενήσεται
3180 1746 3271 1799 διά
3297 1747 3395 1817 τὴν
3436 1746 3683 1816 προσλη-

2106 1836 2339 1905 φθεῖσαν
2394 1838 2559 1905 φύσιν
2603 1838 2702 1907 τῆς
2741 1840 3181 1908 ἀνθρωπότητος.
3211 1838 3323 1892 Καὶ
3368 1839 3545 1900 ἄλλως
3572 1839 3683 1907 γὰρ

2106 1926 2291 1996 φύσις,
2325 1926 2423 1997 οὐχ
2460 1926 2759 1988 ὑπόστασις
2790 1926 3170 1997 προσελήφθη.
3208 1928 3317 1981 Καὶ
3345 1928 3502 1995 τριάς
3541 1922 3681 1979 οὖσα

2107 2014 2480 2079 ὑποστάσεων,
2503 2014 2628 2085 οὐχὶ
2650 2014 2888 2084 φύσεων,
2911 2017 2945 2086 ή
2974 2015 3073 2085 μία
3097 2014 3293 2084 θεότης
3306 2015 3469 2068 πάλιν
3494 2016 3681 2083 ἔμεινε

2107 2106 2202 2157 καὶ
2230 2106 2369 2174 μετά
2393 2105 2490 2176 τὴν
2524 2105 2721 2160 ἕνωσιν
2748 2106 2909 2175 τριάς
2938 2105 3316 2159 ὑποστάσεων.

2179 2194 2257 2247 Οὐ
2289 2194 2430 2247 κατὰ
2469 2195 2775 2264 μεταϐολὴν
2801 2196 3042 2263 φύσεως,
3071 2195 3103 2265 ἢ
3130 2197 3361 2266 τροπὴν,
3391 2197 3426 2265 ή
3458 2196 3682 2249 ἀλλοίω-

2112 2300 2219 2347 σιν,
2273 2284 2307 2354 ἢ
2362 2283 2625 2355 σύγχυσιν
2656 2287 2690 2355 ή
2743 2285 2835 2338 τοῦ
2881 2285 3088 2355 Κυρίου
3129 2285 3371 2355 ἔμψυχος
3418 2286 3555 2354 σὰρξ
3594 2304 3683 2337 τε·

2110 2373 2347 2442 θεῷσθαι
2380 2374 2621 2442 λέγεται,
2670 2374 2766 2429 καὶ
2819 2375 2952 2438 Θεὸς
3004 2374 3358 2443 ὀνομάζεται,
3405 2374 3546 2428 ἀλλά
3596 2375 3686 2428 διὰ

2108 2462 2210 2533 τὴν
2259 2463 2384 2517 καθ’
2438 2464 2744 2517 ὑπόστασιν
2794 2464 2990 2516 ἕνωσιν
3036 2465 3136 2518 καὶ
3180 2463 3496 2533 ἀκροτάτην
3555 2481 3685 2516 συν-

2112 2558 2337 2625 ἀφειαν.
2372 2556 2483 2611 Καὶ
2511 2556 2802 2626 ἄνθρωπος
2830 2556 2931 2625 μὲν
2966 2556 3077 2627 γὰρ
3103 2556 3435 2625 γεγενῆσθαι
3465 2556 3686 2621 λέγεται

2116 2648 2145 2700 ό
2172 2647 2328 2710 Θεὸς,
2379 2646 2470 2700 διά
2500 2648 2561 2700 τὸ
2604 2648 2875 2717 ἑνωθίμαι
2923 2648 3341 2718 ἀνθρωιοότητι⁸
3386 2647 3483 2700 καὶ
3530 2646 3687 2710 Θεὸς,

2117 2739 2210 2790 καὶ
2234 2737 2461 2807 ὁμόθεος
2496 2739 2530 2808 ή
2562 2737 2926 2809 ἀνθρωπότης
2949 2738 3138 2802 αὑτοῦ,
3174 2738 3263 2792 διά
3292 2738 3392 2808 τὴν
3421 2738 3557 2808 πρὸς
3583 2736 3687 2789 αὑ-

2119 2830 2214 2882 τὸν
2257 2830 2462 2898 ὁμοίως
2494 2831 2977 2901 ἀκραιφνεστάτην
3016 2831 3113 2884 καὶ
3154 2831 3278 2884 καθ’
3308 2831 3607 2884 ὑπόστασιν
3631 2830 3678 2882 ἒς

2120 2938 2306 2974 νωσιν.
2337 2922 2699 2991 Μεμενήκασι
2751 2922 2810 2975 δὲ
2858 2923 2953 2975 καὶ
2993 2922 3131 2991 μετά
3182 2922 3283 2991 τήν
3328 2921 3591 2989 τοιαύτην
3642 2920 3673 2971 ἒ

2126 3029 2294 3064 νωσιν
2347 3014 2402 3064 αἱ
2448 3014 2640 3080 φύσεις
2674 3013 2995 3082 ἀσύγχυτοι,
3023 3014 3118 3066 καὶ
3162 3012 3300 3083 μετά
3323 3012 3434 3065 τῶν
3469 3011 3690 3065 οἰκείων

2126 3103 2431 3173 ἰδιοτήτων.
2480 3104 2554 3157 Τὸ
2594 3105 2704 3172 γάρ
2747 3122 2830 3157 τοι
2867 3104 3092 3173 χρυσίον
3137 3103 3584 3173 ἐπαληλιμμένον
3611 3104 3691 3171 τῷ

2121 3192 2273 3262 ξύλῳ
2319 3194 2630 3264 μεμένηκεν
2668 3196 2806 3264 ὅπερ
2837 3189 2960 3264 ἦν.⁵
2986 3196 3097 3248 Καὶ
3152 3193 3520 3247 καταπλουτεῖ
3585 3192 3690 3261 μὶν

2118 3287 2179 3341 τὸ
2210 3285 2366 3351 ξύλον
2392 3286 2489 3338 τοῦ
2519 3286 2747 3355 χρυσίου
2784 3285 2886 3354 τὴν
2911 3285 3095 3352 δόξαν,
3128 3286 3228 3339 οὐκ
3262 3287 3475 3354 ἀπέστη
3511 3285 3570 3339 δὲ
3596 3284 3692 3339 τοῦ

2117 3371 2265 3431 εἶναι
2296 3377 2478 3444 ξύλον,
2516 3378 2639 3430 οὐδὲ
2660 3377 2761 3446 τῆς
2786 3376 2994 3441 οἰκείας
3020 3377 3260 3446 φύσεως.

2190 3469 2295 3523 Τὸν
2329 3468 2560 3521 καθόλου
2592 3469 2904 3538 ἄνθρωπον,
2939 3468 2971 3537 ἢ
3005 3468 3099 3520 τὸν
3124 3470 3352 3537 μερικὸν
3379 3469 3410 3522 ό
3438 3468 3573 3530 Θεὸς
3600 3468 3692 3520 καὶ

2117 3562 2289 3628 Λόγος
2338 3560 2625 3615 ἀνέλαϐεν.
2685 3559 2749 3613 Εἰ
2802 3559 2902 3629 μιν
2944 3554 3040 3615 οὖν
3091 3560 3183 3613 τὸν
3213 3558 3466 3619 καθόλου,
3497 3560 3601 3611 οὐκ
3630 3560 3693 3615 ἀν

2115 3648 2187 3724 ἦν
2221 3651 2415 3721 όρατός
2438 3666 2453 3682 ⁸
2486 3652 2519 3721 ή
2546 3651 2655 3721 γὰρ
2680 3649 2911 3704 καθόλου
2944 3652 3107 3720 φύσις
3130 3652 3365 3722 ἀόρατος
3386 3665 3401 3680 ’
3435 3650 3577 3704 ἀλλά
3600 3652 3693 3704 καὶ

2122 3745 2450 3805 ὑποστάσεις
2487 3742 2554 3797 ἀν
2594 3739 2707 3813 εἰχε
2733 3744 2935 3807 πολλάς
2954 3760 2969 3776 ο
3012 3744 3153 3797 κατά
3196 3743 3464 3798 πλειόνων
3492 3744 3615 3812 γάρ.
3633 3742 3694 3796 τὸ

2124 3835 2388 3889 καθόλουο
2444 3834 2539 3887 καί
2579 3834 2693 3888 οὐδ’
2721 3836 2789 3888 ἂν
2852 3836 2986 3903 ήμίν
3027 3830 3097 3904 ἦν
3134 3834 3445 3904 όμοούσιος.
3482 3834 3694 3901 Ἀτομσ

2119 3925 2227 3994 γὰρ
2268 3925 2448 3993 ἡμεῖς,
2478 3924 2575 3975 καὶ
2613 3923 2789 3976 πολλά
2818 3923 2995 3975 ταῦτα
3033 3923 3354 3976 συνέϐαινεν
3391 3923 3594 3976 ἄτοπα.
3632 3923 3697 3974 Εἰ

2118 4016 2177 4069 δὲ
2205 4018 2297 4069 τὸν
2336 4015 2583 4085 μερικὸν,
2630 4015 2725 4067 δύο
2746 4014 3109 4083 εὑρεθήσεται
3152 4014 3295 4083 ἔχων
3343 4014 3696 4075 ὑποστάσεις.

2118 4109 2325 4161 Λοιπὸν
2360 4103 2455 4160 οὖν
2485 4105 2772 4174 οὐδέτερον
2822 4105 3108 4171 ἀνέλαϐεν,
3144 4105 3282 4160 ἀλλά
3325 4105 3493 4172 φύσιν
3542 4120 3695 4173 pepi-

2118 4197 2217 4250 κοῦ
2240 4197 2553 4268 ἀνθρώπου.
2597 4197 2880 4250 τουτέστιν
2908 4196 3116 4266 ἀτόμου
3139 4235 3156 4260 ,
3196 4196 3492 4265 γενόμενος
3528 4194 3698 4257 αὑτὸς

2119 4288 2417 4351 ὑπόστασις
2470 4287 2698 4357 ταύτης.
2742 4286 2803 4341 Ἦ
2852 4287 2911 4341 δὲ
2964 4286 3060 4340 τοῦ
3116 4286 3348 4357 μερικοῦ
3400 4287 3695 4355 ἀνθρώπου

445 4388 621 4433 turam
646 4378 904 4439 hominis.
942 4378 1099 4447 cujus
1129 4379 1246 4448 ipse
1268 4392 1498 4447 persona
1528 4378 1647 4432 fuit.
1712 4376 2011 4447 Singularis

2120 4380 2284 4449 φύσις
2320 4380 2474 4448 κοινὴ
2517 4381 2617 4448 μέν
2664 4380 2835 4439 ἐστιν.
2885 4380 2945 4431 ὲν
2995 4377 3183 4447 ἀτόμῳ
3213 4378 3294 4432 δέ.
3345 4377 3590 4447 Μερικδν
3634 4377 3693 4430 δὲ

444 4481 625 4525 autem
652 4469 884 4525 hominis
906 4480 1097 4525 natura
1122 4470 1428 4525 communis
1458 4469 1676 4540 quidem
1699 4477 1803 4536 est,
1833 4470 1929 4526 sed
1957 4471 2011 4523 in

446 4561 747 4616 individuo.
776 4559 1118 4632 Singularem
1157 4576 1289 4616 vero
1316 4560 1549 4617 dicimus
1600 4561 1901 4627 hominem,
1954 4571 2017 4617 ut

448 4652 791 4709 individuum
826 4652 1048 4721 speciei,
1085 4668 1192 4708 non
1219 4652 1455 4707 animam
1481 4652 1669 4717 solam,
1701 4661 1796 4707 aut
1818 4668 2017 4724 corpus

441 4745 642 4810 solum,
673 4744 766 4800 sed
791 4745 934 4814 quod
967 4760 1033 4799 ex
1069 4755 1299 4813 utroque
1321 4743 1625 4798 coniicitur.

516 4838 650 4903 Quae
675 4840 737 4891 ‘in
759 4846 952 4891 natura
977 4839 1211 4891 humana
1243 4845 1371 4891 sunt
1403 4852 1430 4888 a
1463 4835 1597 4889 vitio
1631 4833 2015 4904 reprehensio-

445 4943 621 4996 neque
650 4925 849 4990 aliena,
886 4941 947 4980 ea
999 4926 1251 4981 Christus
1303 4925 1500 4995 partim
1545 4938 1710 4993 supra
1767 4923 2017 4978 homines

445 5018 678 5087 accepit,
704 5017 900 5087 partim
933 5025 992 5071 ut
1022 5016 1293 5077 homines.
1326 5016 1523 5085 partim
1564 5014 1833 5084 abjectius
1852 5029 2014 5083 quam

449 5110 723 5167 homines.
757 5110 933 5181 Supra
971 5109 1221 5165 homines
1247 5108 1368 5172 fuit,
1420 5108 1566 5178 quod
1626 5108 1746 5162 sine
1806 5108 2016 5163 semine

450 5210 750 5272 conceptus
791 5211 896 5267 est,
925 5201 1073 5271 quod
1100 5216 1167 5255 ex
1223 5199 1440 5268 Virgine
1478 5206 1662 5263 natus,
1720 5210 1775 5253 et
1820 5208 2017 5254 extera

452 5294 647 5350 horum
674 5294 890 5349 similia.
921 5292 1211 5347 Hominum
1252 5307 1402 5345 more
1449 5291 1571 5355 fuit,
1628 5291 1773 5359 quod
1822 5290 2019 5347 divina

448 5384 742 5441 Genitricis
762 5395 972 5439 uterum
1005 5384 1301 5439 infantulus
1326 5382 1627 5444 tumefecit.
1648 5382 1791 5451 quod
1823 5396 2013 5436 novem

452 5477 722 5531 mensium
752 5477 927 5545 spatio
960 5485 1119 5530 natus
1141 5484 1243 5540 est,
1270 5474 1415 5543 quod
1467 5474 1650 5528 hausit
1704 5475 1805 5539 lac,
1874 5472 2019 5542 quod

455 5568 708 5638 ploravit,
738 5577 796 5623 et
815 5567 866 5622 id
886 5581 1058 5647 genus
1098 5566 1224 5622 alia.
1288 5565 1573 5634 Ahjectius
1621 5574 1679 5620 et
1734 5563 2017 5629 humilius,

459 5670 620 5725 quam
653 5672 751 5724 pro
786 5655 1065 5709 hominum
1102 5656 1495 5711 consuetudine
1529 5654 1647 5719 fuit,
1704 5652 1848 5723 quod
1900 5653 2020 5733 ejus

2114 4471 2407 4540 ἄνθρωπον
2438 4468 2695 4538 λέγομεν,
2734 4469 2811 4531 ώς
2860 4468 3063 4538 ἄτομον
3109 4467 3307 4532 εἴδους,
3349 4467 3449 4537 οὐχ
3475 4467 3552 4531 ώς
3588 4466 3693 4536 ψυ-

2115 4564 2217 4633 χὴν
2252 4562 2438 4630 μόνον,
2468 4561 2501 4630 ἢ
2537 4559 2699 4630 σῶμα
2736 4558 2923 4630 μόνον,
2961 4560 3022 4625 ἐξ
3042 4554 3119 4615 ὧν
3146 4560 3175 4611 ό
3202 4560 3510 4631 ἄνθρωπος.

2191 4823 2313 4876 Τῶν
2337 4821 2588 4892 φυσικῶν
2618 4822 2713 4877 καὶ
2741 4822 3084 4892 ἀδιαόλήτων
3109 4826 3449 4895 πραγμάτων
3470 4823 3568 4894 τῆς
3594 4825 3688 4875 ἀν-

2118 4913 2398 4985 θρωπίνης
2416 4914 2632 4982 φύσεως
2664 4913 2733 4966 τά
2765 4914 2866 4983 μὲν
2897 4914 3038 4985 ὑπὲρ
3059 4913 3350 4985 ἄνθρωπον
3402 4914 3529 4983 ἔσχε
3558 4914 3691 4983 Χρι-

2120 5005 2263 5068 στὸς,
2283 5005 2351 5057 τά
2371 5005 2427 5058 δὲ
2451 5003 2593 5059 κατά
2612 5004 2920 5073 ἄνθρωπον,
2947 5006 3016 5058 τά
3049 5004 3106 5058 δὲ
3133 5003 3421 5077 ἀνθρώπου
3440 5003 3691 5057 ταπεινά·

2118 5112 2293 5166 τερον.
2319 5094 2429 5148 Καὶ
2446 5095 2585 5163 ὑπὲρ
2606 5093 2894 5163 ἄνθρωπον
2912 5094 3013 5166 μὲν
3034 5094 3094 5147 τὸ
3119 5094 3248 5148 ἀνευ
3274 5094 3481 5162 σπορᾶς
3498 5091 3691 5162 συλλη-

2121 5187 2337 5257 φθῆναι,
2363 5185 2423 5239 τὸ
2440 5186 2505 5238 ἐκ
2530 5184 2813 5255 Παρθένου
2829 5183 3175 5255 γεννηθῆναι,
3206 5184 3298 5237 καὶ
3331 5183 3397 5237 τά
3426 5181 3654 5236 τοιαῦτα
3671 5197 3688 5212 °

2121 5276 2264 5357 κατά
2291 5276 2579 5347 ἄνθρωπον
2606 5276 2662 5329 δὲ
2694 5276 2772 5327 ’τὸ
2814 5276 2913 5347 τὴν
2948 5276 3045 5346 τῆς
3072 5275 3336 5328 Θεοτόκου
3375 5273 3585 5327 κοιλίαν
3615 5271 3692 5335 ὡς

2122 5358 2320 5438 βρέφος
2346 5368 2670 5437 ἐξογκῶσαι,
2694 5368 2755 5421 τὸ
2784 5367 3197 5439 ἐννεαμηνιαῖον
3216 5367 3603 5437 ἀποτεχθῆναι,
3635 5365 3695 5419 τὸ

2120 5462 2726 5532 γαλακτοτροφηθῆναι,
2776 5461 2838 5514 τὸ
2887 5460 3432 5533 κλαυθμυριεθῆναι,
3476 5458 3570 5511 καὶ
3626 5457 3695 5511 τὰ

2122 5555 2331 5620 τούτοις
2383 5557 2644 5624 ἑπόμενα.
2704 5553 3019 5625 Ἀνθρώπου
3078 5554 3136 5608 δὲ
3189 5552 3575 5619 ταπεινότερον
3618 5542 3693 5601 ¹τὸ

2126 5650 2361 5718 φανῆναι
2400 5646 2458 5701 τὸ
2490 5643 2629 5706 εἶδος
2664 5645 2829 5701 αὑτοῦ
2876 5649 2934 5701 ὲν
2966 5646 3043 5717 τῷ
3085 5644 3304 5717 σταυρῷ
3347 5644 3562 5713 ἄτιμον,
3602 5647 3693 5695 καὶ
