3994 6204
636 329 668 362 δ

390 376 499 437 23.9
1617 369 1931 431 EUTIIYM
1945 370 1966 428 l

2082 370 2413 431 LIGABENI
2606 404 2623 410 -
2676 378 2679 381 λ
3535 372 3645 435 200

389 485 671 540 videbimus
698 482 949 552 amplius.
981 498 1044 534 ne
1076 481 1386 535 moriamur.
1426 477 1491 531 Et
1524 476 1662 530 dixit
1696 477 1952 531 Dominus

2082 478 2272 545 ϊύριος
2301 481 2444 546 πρός
2478 497 2578 549 με,
2625 479 2795 550 φησιν
2824 480 2852 533 6
2910 478 3087 532 ταῦτα
3129 480 3345 550 γράψας
3391 481 3639 551 Μωσῆς

391 579 460 630 ad
487 594 567 631 me
594 577 733 649 (haec
765 586 893 629 sunt
923 575 1084 627 verba
1145 571 1340 640 Moysis
1380 570 1670 624 scribentis
1697 572 1738 638 ¹)
1777 584 1793 624 :
1824 569 1960 625 Bene

392 670 567 723 omnia
600 680 719 722 sunt
749 668 923 720 locuti.
970 665 1287 733 PrOphetam
1316 663 1579 717 suscitabo
1609 664 1681 716 eis
1708 664 1769 717 de
1794 665 1962 717 medio

394 764 615 828 fratrum
646 777 857 812 suorum
892 757 1116 811 similem
1174 755 1285 815 tibi,
1316 765 1365 809 et
1396 771 1589 822 ponam
1624 755 1778 807 verba
1846 772 1962 807 mea

396 852 446 903 in
493 870 579 903 ore
615 852 747 918 ejus,
804 861 847 902 et
889 848 1126 918 loquetur
1165 848 1239 899 eis
1267 848 1466 908 omnia,
1500 862 1614 915 qua:
1671 861 1963 913 pra'cepcro

396 943 540 996 illi".
584 942 705 994 llzec
735 940 951 1009 quidem
1001 930 1075 991 iia
1108 954 1164 991 se
1194 937 1413 991 habent.
1451 937 1747 991 Verborum
1783 946 1964 989 autem

398 1032 510 1082 hare
571 1042 650 1081 est
715 1026 1037 1080 sententia:
1080 1024 1347 1087 Quoniam
1381 1022 1482 1092 ipsi
1532 1038 1619 1077 me
1685 1034 1967 1091 nequeunt

396 1118 603 1181 audire,
640 1117 949 1185 prophetam
1004 1115 1265 1168 suscitabo
1309 1115 1403 1176 eis,
1440 1117 1511 1182 (et
1558 1128 1677 1181 quze
1724 1129 1965 1181 sequun-

398 1209 498 1279 tur)
548 1211 639 1279 qui
686 1210 956 1262 nuntiahil
996 1208 1102 1261 illis
1132 1223 1218 1269 ea;
1269 1221 1411 1275 qum,
1468 1213 1525 1257 ut
1554 1219 1699 1257 nunc
1746 1206 1965 1274 quidem

397 1315 480 1354 res
524 1310 628 1367 est,
656 1301 957 1370 intelligere
990 1316 1097 1353 non
1130 1307 1375 1369 possunt.
1411 1294 1540 1360 Quae
1591 1295 1845 1348 nimirum
1902 1296 1969 1350 ad

399 1389 630 1453 Patrem,
659 1398 714 1443 et
746 1388 957 1453 Filium,
990 1399 1045 1443 et
1078 1388 1339 1457 Spiritum
1375 1392 1643 1447 sanctum,
1681 1393 1737 1437 et
1770 1384 1837 1439 ad
1889 1384 1972 1439 di-

399 1484 572 1535 vinam
622 1481 870 1535 humanae
922 1491 1131 1535 natura:
1187 1478 1467 1549 pertinent
1515 1480 1968 1549 assumptionem,

399 1584 452 1628 et
509 1575 611 1628 alia
688 1590 806 1644 qua!
848 1592 943 1643 per
993 1574 1342 1643 Evangelium
1418 1578 1753 1644 promulgata
1824 1582 1970 1630 sunt.

400 1669 530 1724 Illud
571 1672 736 1735 enim,
772 1670 994 1723 similem
1026 1671 1139 1734 tibi,
1201 1669 1610 1725 similitudinem
1662 1670 1714 1723 in
1766 1668 1973 1739 legibus

402 1763 704 1815 sanciendis
733 1763 1076 1830 potissimum
1118 1760 1343 1816 indicat.
1380 1763 1447 1816 At
1484 1762 1645 1817 Jesus
1697 1760 1844 1815 Nave
1874 1774 1972 1814 ne-

402 1869 502 1921 que
553 1854 618 1905 ad
651 1853 776 1906 talia
801 1854 916 1907 visa
970 1861 1025 1907 et
1059 1856 1297 1912 oracula.
1331 1863 1390 1907 ut
1439 1853 1670 1924 Moyses,
1705 1852 1973 1907 admissus

338 1968 345 1973 λ
402 1953 502 2005 est,
536 1959 711 2013 neque
749 1944 1044 2014 legislator,
1078 1954 1139 1999 ut
1185 1944 1295 2011 ille,
1352 1944 1472 2009 fuit,
1539 1959 1715 2015 neque
1766 1952 1974 1997 tantam

401 2033 519 2086 iniit
548 2034 801 2104 gratiam,
836 2045 1095 2104 quantam
1132 2035 1242 2090 ille.

468 2124 719 2179 Christus
783 2142 914 2179 vero
967 2142 1091 2180 cum
1140 2127 1184 2181 is
1239 2126 1424 2191 fuerit,
1486 2127 1540 2181 in
1591 2126 1854 2196 reliquis,
1895 2126 1972 2181 uti

402 2212 682 2280 Dominus,
734 2215 1067 2270 antecelluit.
1114 2215 1266 2282 Quod
1300 2227 1479 2271 autem
1518 2218 1660 2272 ﬁlius
1688 2217 1834 2272 Nare
1863 2234 1973 2272 non

402 2303 467 2357 sit
529 2303 616 2358 ille
678 2305 960 2375 prepheta,
1017 2322 1180 2375 quem
1238 2308 1380 2361 Deus
1432 2308 1708 2377 pollicitus
1738 2317 1844 2375 est,
1902 2308 1975 2363 ita

402 2393 636 2463 collige:
694 2393 835 2449 Dixit
902 2392 1112 2466 Moyses
1158 2397 1223 2450 ad
1284 2399 1540 2466 pupulum
1598 2398 1651 2451 in
1710 2397 1977 2454 Deutero-

404 2485 634 2537 nomio:
685 2484 1004 2553 Prophetam
1044 2504 1071 2541 e
1114 2489 1368 2557 fratribus
1438 2490 1627 2543 nostris
1693 2490 1973 2544 suscitabit

402 2573 497 2625 tibi
559 2573 810 2627 Dominus
864 2575 1004 2629 Deus
1066 2588 1211 2632 tuus.
1272 2581 1341 2631 At
1389 2578 1531 2632 ﬁlius
1588 2580 1732 2634 Nave
1804 2582 1975 2635 multo

403 2674 530 2718 ante
593 2680 689 2733 per
738 2682 932 2721 manus
956 2666 1153 2736 Moysis
1191 2670 1358 2725 aDeo
1415 2670 1592 2725 fuerat
1646 2672 1973 2739 declaratus,

405 2763 466 2808 ut
522 2755 577 2809 in
638 2756 882 2811 Levitico
945 2758 1194 2826 legimus.
1250 2762 1406 2816 Alius
1453 2778 1581 2832 ergo
1608 2774 1800 2832 praeter
1833 2764 1976 2819 hunc

404 2855 522 2901 erat
549 2847 915 2903 suscitandas.
947 2848 1119 2903 Judaei
1165 2867 1295 2907 vero
1336 2868 1456 2920 quae
1485 2855 1540 2908 in
1570 2856 1973 2910 Deuteronomii

407 2935 517 2990 line
572 2946 693 3005 post
740 2945 971 2992 mortem
1006 2939 1208 3011 Moysis
1263 2942 1465 3011 scripta
1525 2955 1675 3009 sunt,
1718 2946 1977 3001 videntur

407 3028 679 3099 ignorare.
738 3028 829 3083 Sic
894 3040 1073 3084 autem
1135 3032 1391 3087 habent:
1438 3033 1691 3088 Nondum
1746 3039 1978 3092 surrexit

2076 570 2291 637 Ὀρθῶς
2307 570 2503 623 πάντα
2526 571 2645 624 ὅσα
2658 571 2936 638 ἐλάλησα
2976 570 3300 639 Προφήτην
3315 572 3645 638 ἀναστήσω

2063 677 2100 713 α
2110 661 2270 725 ὐτοῖς
2284 663 2350 713 ἐκ
2369 661 2487 714 τῶν
2498 661 2781 731 ἀδελφῶν
2795 662 3015 725 αὐτῶν,
3033 661 3236 729 ὥσπερ
3249 662 3343 725 σὲ,
3356 662 3645 717 καιδωσω

2064 754 2132 805 τὸ
2147 754 2310 822 ρημά
2326 771 2447 822 μου
2464 755 2533 806 ἐν
2551 753 2629 817 τῷ
2648 754 2900 822 στόματι
2917 755 3126 820 αὑτοῦ,
3146 756 3243 808 καὶ
3255 756 3523 825 λαλήσει
3539 757 3644 811 αὺ-

2067 842 2211 907 τοῖς,
2235 846 2437 898 καθότι
2460 844 2538 899 ἂν
2553 844 2903 913 ἐντείλωμαί
2924 846 3106 909 αὐτῷ.
3126 846 3311 899 Ταῦτα
3333 848 3431 916 μιν
3446 847 3644 908 οῦτωςο

2068 935 2095 986 6
2130 934 2186 986 δὲ
2212 934 2333 997 νοῦς
2366 935 2475 986 τῶν
2512 936 2791 1007 ῥημάτων,
2820 938 2902 989 ὅτι
2932 937 3264 1008 Ἐπειδήπερ
3296 939 3355 990 οὐ
3387 938 3644 992 δύνανται

2066 1022 2162 1075 νῦν
2208 1024 2446 1088 ἀκούειν,
2478 1042 2540 1093 πέ
2561 1028 2797 1094 ορῄτην
2833 1027 3163 1092 ἀναστήσω
3192 1028 3422 1094 αὐτοῖς,
3449 1032 3541 1083 καὶ
3572 1032 3645 1083 τὰ

2070 1116 2216 1185 ἑξῆς,
2245 1116 2303 1178 ὃς
2347 1117 2641 1184 ἀναγγελεῖ
2668 1119 2854 1180 αὐτοῖς
2882 1120 2982 1170 ὅσα
3036 1120 3165 1187 τόγε
3207 1121 3303 1172 νῦν
3359 1123 3483 1190 ἔχον
3541 1123 3643 1175 οὐκ

2075 1208 2319 1278 ἰσχύουσι
2349 1208 2778 1279 παραδέξασθαι.
2817 1209 2910 1261 Ἕκ
2937 1208 3143 1263 τούτων
3172 1210 3265 1262 οὖν
3286 1212 3391 1263 εἰσι
3417 1212 3483 1265 τὰ
3511 1214 3642 1283 περὶ

2076 1298 2291 1367 Πατρὸς
2318 1300 2411 1352 καὶ
2440 1300 2571 1353 Υῐοῦ
2592 1302 2682 1354 καὶ
2710 1302 2870 1367 ἁγίου
2902 1302 3239 1371 Πνεύματος,
3265 1304 3359 1358 καὶ
3392 1305 3462 1357 τὰ
3512 1305 3643 1374 περὶ

2077 1392 2176 1459 τῆς
2219 1391 2370 1454 θείας
2403 1392 2891 1463 ὲνανθρωπήσεως,
2922 1395 3017 1447 καὶ
3050 1395 3236 1456 ἁπλῶς
3280 1396 3380 1448 ὅσα
3407 1397 3497 1448 διὰ
3544 1397 3643 1449 τοῦ

2075 1481 2410 1551 Εὐαγγελίου
2444 1483 2885 1555 νενομοθέτηται.
2926 1486 3000 1538 T6
3031 1487 3138 1556 γὰρ
3170 1486 3373 1556 ὥσπερ
3397 1488 3491 1553 σὲ,
3545 1489 3645 1559 τῆν

2074 1572 2333 1643 ὁμοίωσιν
2365 1576 2505 1627 κατὰ
2536 1576 2595 1628 τὸ
2626 1576 2937 1645 νομοθετεῖν
2967 1578 3221 1646 ἐμφαίνει
3256 1579 3475 1646 μᾶλλον.
3502 1580 3645 1632 Ἀλλ’

2086 1666 2291 1736 Ἰησοῦς
2323 1669 2420 1736 μὲν
2446 1668 2475 1719 6
2497 1668 2587 1720 τοῦ
2621 1668 2774 1737 Ναυῆ
2802 1667 2925 1722 οὔτε
2945 1670 3205 1739 τοιαύτης
3219 1672 3338 1733 οἵας
3354 1673 3381 1723 6
3403 1673 3647 1740 Μωυσῆς

2074 1758 2279 1829 ἠξιώθη
2309 1759 2650 1827 Θεοφανείας,
2676 1759 2800 1827 obs;
2815 1760 3138 1829 νομοθέτης,
3160 1760 3237 1824 ὡς
3268 1763 3501 1830 ἐκεῖνος,
3518 1763 3647 1831 ἑτέ.

2074 1870 2214 1919 νετο,
2240 1851 2362 1907 οὔτε
2399 1853 2561 1924 χάριν
2590 1847 2749 1921 εὗρεν
2776 1853 2908 1920 ὅσην
2938 1855 3169 1917 ἐκεῖνος.

2157 2112 2216 2166 Ὀ
2249 2112 2306 2166 δὲ
2335 2112 2573 2182 Χριστὸς
2615 2111 2763 2167 κατὰ
2785 2111 2849 2166 1:6
2892 2114 3203 2183 νομοθετεῑν
3242 2116 3428 2187 ὅμοιος
3455 2116 3650 2186 ἐκείνῳ

2075 2206 2390 2274 γενόμενος,
2436 2204 2605 2259 τᾶλλα
2658 2207 2838 2259 πάντα
2874 2205 3244 2277 διαφερόντως
3269 2208 3344 2269 ὡς
3371 2208 3649 2274 Δεσπότης

2077 2298 2422 2369 ὑπέρκειται.
2456 2299 2579 2353 Ὀτι
2616 2299 2674 2352 δὲ
2707 2300 2805 2369 οὐχ
2830 2301 2859 2353 6
2887 2297 2985 2352 τοῦ
3029 2299 3183 2369 Ναυῆ
3224 2299 3340 2363 υἱὸς
3366 2295 3432 2369 ῆν
3461 2300 3491 2352 6
3514 2301 3651 2352 ἁνα-

2080 2392 2414 2461 στησόμενος
2441 2394 2752 2461 προφήτης,
2784 2392 3038 2445 ἄκουσον.
3075 2390 3279 2460 Εῐρηκι
3326 2392 3568 2458 Μωῠσῆς
3589 2394 3651 2444 ιν

2076 2481 2153 2550 τῷ
2173 2486 2335 2533 Δευτε
2346 2483 2582 2553 ρονομίῳ
2611 2482 2746 2549 πρὸς
2768 2484 2860 2534 τὸν
2884 2482 3030 2545 λαὸν,
3054 2484 3138 2535 ὃτι
3160 2484 3481 2551 Προφήτην
3498 2484 3619 2536 ἀνα
3634 2513 3649 2522 ο

2077 2575 2294 2640 στήσει
2326 2574 2543 2640 Κύριος
2565 2577 2598 2626 ό
2623 2574 2767 2638 Bede
2798 2587 2915 2627 σου
2942 2573 3013 2625 ἐκ
3028 2572 3146 2631 τῶν
3158 2572 3437 2641 ἀδελφῶν
3454 2573 3645 2642 ἡμῶν,

2077 2667 2172 2719 καὶ
2200 2665 2272 2719 τὰ
2297 2664 2445 2734 ἑξῆς.
2488 2664 2552 2718 '0
2580 2664 2637 2718 δὲ
2666 2664 2762 2716 τοῦ
2794 2663 2953 2733 Ναυῆ
2980 2662 3089 2733 πρὸ
3115 2663 3314 2717 πολλοῦ
3359 2660 3433 2734 ῆν
3457 2681 3647 2733 κεχει-

2078 2758 2436 2829 ρητονημένο,
2475 2758 2581 2809 ὑπὸ
2612 2755 2707 2809 τοῦ
2726 2755 2859 2809 Θεοῦ
2876 2756 2963 2809 διὰ
2991 2756 3101 2809 τῶν
3121 2756 3319 2826 χειρῶν
3343 2756 3643 2819 Μωῦσέως.

2077 2851 2152 2913 ὡς
2192 2851 2251 2902 τὸ
2284 2850 2568 2903 Λευῖτικὸν
2608 2851 2834 2919 ἱστορεῖ.
2880 2848 3085 2902 Λοιπὸν
3115 2845 3211 2901 οῦν
3242 2849 3429 2919 ἕτερος
3460 2849 3644 2901 Μνα-

2080 2942 2415 3010 στησόμενος
2447 2940 2598 3010 παρὰ
2635 2938 2728 2993 τὸν
2760 2939 3090 2994 ἀναστάντα.
3136 2938 3299 3003 Ἀλλ’,
3335 2939 3410 3000 ὡς
3439 2936 3642 3003 ιοικεν,

2078 3033 2367 3100 ἀγνοοῦσιν
2403 3034 2453 3085 οι
2514 3031 2761 3086 Ἰουδαῖοι
2818 3032 2881 3084 τὸ
2933 3031 3326 3101 γεγραμμένον
3388 3031 3532 3085 κατὰ
3582 3032 3651 3083 τὸ

408 3121 661 3189 propheta
682 3121 734 3173 in
756 3119 959 3174 lsraele
987 3122 1119 3175 sicut
1147 3121 1377 3193 Moyses,
1402 3141 1553 3194 quem
1567 3130 1708 3179 norit
1729 3128 1975 3183 Dominus

2082 3122 2461 3191 συμπέρασμα
2490 3120 2584 3176 τοῦ
2610 3121 3035 3190 Δεύτερονομίου
3094 3121 3233 3190 μετὰ
3271 3118 3364 3173 τὸν
3413 3118 3647 3172 θάνατον

408 3210 543 3278 facie
570 3211 638 3263 ad
666 3211 856 3280 faciem
890 3211 931 3263 ⁸.
960 3211 1402 3267 Consentaneum
1457 3214 1678 3283 quidem
1723 3226 1861 3282 erat,
1918 3226 1977 3272 ut

408 3315 530 3353 cum
561 3300 702 3356 Deus
744 3303 907 3374 Moysi
945 3304 1193 3370 dixisset,
1224 3320 1281 3361 se
1324 3307 1645 3376 prophetam
1669 3311 1972 3364 suscitatu-

408 3403 528 3444 rum
558 3390 657 3454 eis,
691 3401 819 3447 tunc
846 3393 965 3463 ipse
1006 3394 1214 3466 Moyses
1241 3397 1443 3466 populo
1490 3398 1857 3454 denuntiaret.
1911 3401 1978 3456 At

408 3496 530 3535 cum
568 3482 618 3536 id
646 3482 699 3536 in
735 3484 913 3539 Horeb
940 3488 1262 3555 accepisset,
1304 3497 1492 3557 postea
1542 3490 1595 3542 in
1642 3490 1983 3545 Deuterono-

410 3575 520 3629 mio
547 3574 612 3629 ad
666 3578 921 3646 populum
982 3579 1150 3632 refert
1209 3580 1389 3633 dedita
1437 3594 1603 3649 opera
1661 3591 1982 3652 exspectans

408 3663 537 3719 Jesu
569 3665 661 3720 lllii
694 3665 841 3723 Nave
886 3669 1333 3735 declarationem,
1386 3684 1455 3723 ne
1500 3672 1645 3725 hunc
1689 3687 1810 3726 esse
1854 3688 1982 3743 pro-

411 3756 629 3826 phetam
684 3759 832 3814 illum
883 3760 1116 3816 similem
1148 3760 1253 3817 sibi
1289 3763 1719 3832 suspicarentur.
1755 3762 1974 3818 Postea-

408 3861 568 3913 quam
602 3865 731 3905 vero
751 3851 1055 3907 declaratus
1101 3862 1183 3906 est
1228 3853 1373 3908 Nave
1420 3854 1584 3919 ﬁlius,
1608 3863 1721 3907 tum
1762 3855 1980 3910 demum

412 3937 545 3993 illud
570 3940 768 4008 p0pulo
798 3939 1071 3994 exhibuit.
1101 3942 1166 3994 Et
1192 3941 1260 3995 de
1292 3944 1394 3996 hoc
1420 3942 1639 4010 quidem
1691 3943 1985 3999 hactenus.

409 4030 545 4085 Cum
573 4041 750 4085 autem
774 4032 1189 4087 innumerabilia
1228 4048 1399 4103 prope
1432 4035 1545 4088 loca
1576 4034 1687 4088 sint
1727 4036 1781 4088 in
1826 4052 1981 4092 sacra

414 4122 718 4192 Scriptura,
762 4124 990 4192 quaeret
1039 4134 1167 4181 ante
1216 4126 1548 4180 denuntiant
1607 4141 1692 4189 ea,
1746 4143 1866 4195 quat
1913 4128 1979 4185 ad

413 4213 693 4267 Christum
743 4214 1038 4281 pertinent,
1076 4216 1162 4270 vel
1194 4216 1438 4270 indicant
1471 4216 1583 4278 illa,
1612 4232 1733 4284 qua:
1767 4218 1832 4271 ad
1865 4232 1986 4272 san-

414 4311 555 4356 ctam
590 4312 837 4372 spectant
893 4304 1237 4372 Trinitatem,
1266 4324 1367 4363 nos
1416 4310 1732 4363 omittemus
1791 4310 1982 4377 multa,

417 4401 473 4445 et
510 4406 572 4446 ea
598 4394 892 4463 przrcipue,
921 4411 1038 4463 quae
1068 4397 1155 4451 isti
1186 4398 1420 4469 maligne
1454 4398 1840 4467 detorquentes
1888 4416 1983 4455 co-

2077 3214 2172 3269 τοῦ
2191 3214 2501 3276 Μωϋσὲως,
2517 3214 2601 3265 ὅτι
2622 3214 2719 3265 καὶ
2739 3212 2861 3265 Οὐκ
2882 3211 3111 3278 ἀνέστη
3130 3211 3220 3265 ἔτι
3244 3211 3558 3278 προφήτης
3576 3210 3650 3262 ἐν

2093 3304 2343 3373 Ἰσραὴλ
2381 3304 2463 3370 ὡς
2498 3302 2782 3369 Μωῢσῆς,
2805 3303 2878 3357 ὃν
2899 3304 3053 3373 ἔγνω
3072 3303 3288 3370 Κὺριος
3322 3301 3652 3370 πρόσωπον

2080 3398 2232 3452 κατὰ
2250 3397 2600 3467 πρόσωπον.
2625 3395 2770 3449 Ἶίὶδει
2792 3394 2892 3465 μιν
2915 3390 3013 3450 οὖν
3030 3396 3118 3447 ὅτι
3137 3396 3272 3465 πρὸς
3286 3393 3381 3446 τὺν
3405 3393 3651 3460 Μωῦσῆν

2083 3481 2132 3540 cl
2144 3504 2240 3540 πεν
2267 3488 2296 3539 6
2318 3486 2473 3551 Θεὸς,
2505 3486 2587 3538 ὅτι
2614 3485 2915 3555 Προφήτην
2968 3487 3259 3552 ἀναστήσω
3290 3485 3501 3549 αὐτοῖς,
3524 3484 3651 3535 τότε

2082 3578 2244 3631 τοῦτο
2273 3578 2370 3631 καὶ
2401 3578 2493 3631 τὸν
2525 3575 2765 3644 Μωῡσῆν
2788 3577 2964 3629 εἰπεῖν
2995 3577 3131 3646 πρὸς
3170 3576 3263 3629 τὸν
3313 3576 3464 3629 λαόν.
3505 3573 3653 3627 Ἀλλ’

2083 3670 2244 3732 αὐτὸς
2273 3671 2330 3722 ιν
2352 3669 2555 3740 Χωρὴσ
2582 3668 2740 3722 τοῦτο
2775 3668 2988 3736 μαθὼν,
3038 3668 3267 3738 ὕστερον
3310 3664 3465 3721 εἶπεν
3515 3666 3654 3722 αὐτὸ

2085 3762 2220 3832 πρὸς
2247 3761 2339 3815 τὸν
2368 3762 2498 3816 λαδιν
2521 3761 2662 3814 κατὰ
2687 3762 2748 3813 τὸ
2786 3759 3232 3829 Δευτερονόμιον,
3282 3758 3651 3826 οἰκονομικῶς

2084 3853 2373 3921 ἀναμένων
2395 3854 2493 3920 τὴν
2529 3849 2705 3919 Ἰησοῦ
2732 3850 2825 3903 τοῦ
2857 3849 3013 3917 Ναυῆ
3037 3849 3401 3919 προχειρισιν,
3431 3850 3519 3901 ἴνα
3573 3850 3651 3919 μὴ

2085 3941 2273 3995 τοῦτον
2300 3936 2441 3995 εἶναι
2470 3942 2558 3993 τὸν
2608 3941 2825 3993 ιιοίκότα
2871 3939 3160 4009 προφήτην
3183 3938 3611 4009 ὑπολαμεάνωσι
3637 3956 3652 3971 ·

2091 4035 2227 4103 μετὰ
2257 4034 2442 4103 μέντοι
2466 4033 2565 4103 τὴν
2592 4031 2758 4085 αὐτοῦ
2785 4030 3123 4101 χειροθεσίαν
3148 4030 3270 4082 τότε
3302 4028 3459 4082 τοῦτο
3492 4046 3656 4081 κατε-

2090 4124 2383 4193 μήνυσετῷ
2399 4124 2534 4191 λαῷ.
2562 4123 2604 4173 Τ
2608 4123 2747 4175 αῦτα
2776 4123 2875 4191 μὶν
2898 4120 2989 4174 οὖν
3016 4122 3108 4174 ἐπὶ
3126 4118 3406 4173 τοσοῦτον.
3422 4121 3655 4185 Μυρέων

2086 4216 2141 4268 δδ
2176 4218 2425 4286 χρήσεων
2447 4215 2594 4267 οὐσῶ
2608 4233 2624 4265 δ
2646 4214 2755 4265 τῶν
2772 4230 2833 4266 τι
2857 4212 3419 4285 προκαταγγελουσῶν
3435 4212 3506 4265 τὰ
3522 4216 3655 4283 περὶ

2090 4307 2349 4379 Χριστοῦ,
2381 4306 2613 4359 καὶτῶν
2641 4305 3067 4373 ἁπαγγελουσῶν
3134 4305 3263 4372 περὶ
3319 4304 3421 4368 τῆς
3474 4305 3650 4370 ἁγίας

2090 4397 2340 4469 Τριάδος,
2383 4396 2451 4449 τὰ
2487 4395 2659 4449 πολλὰ
2721 4396 2819 4463 μὲν
2875 4396 3129 4465 ἐάσομεν,
3166 4398 3259 4447 καὶ
3311 4392 3512 4463 μᾶλλον
3551 4394 3658 4444 ὅσα

418 4494 619 4536 nautur
663 4483 823 4538 aliter
880 4482 1249 4556 interpretari,
1283 4504 1351 4542 ne
1412 4488 1658 4558 improbe
1714 4493 1975 4546 contradi-

2092 4490 2533 4563 παρερμηνεύειν
2594 4484 2739 4543 οὗτοι
2795 4490 3080 4556 κακοήθως
3132 4487 3523 4559 ἐπιχειροῦσιν,
3568 4489 3658 4540 ἵνα

414 4573 573 4629 cendi
604 4576 946 4631 occasionem
994 4580 1332 4648 praebeamus
1368 4599 1381 4634 :
1414 4581 1602 4636 Omnes
1624 4584 1763 4638 enim
1810 4585 1988 4639 Israe-

415 4663 545 4729 litaz,
584 4675 643 4720 ut
680 4665 854 4736 inquit
898 4669 1221 4735 Ezechiel‘,
1249 4683 1370 4726 sunt
1424 4678 1727 4731 contentiosi
1783 4686 1830 4731 et
1869 4679 1989 4731 duri

411 4757 591 4823 corde,
658 4772 829 4827 pauca
886 4764 1097 4815 tantum
1156 4778 1327 4833 eaque
1367 4766 1505 4821 adeo
1567 4770 1875 4838 perspicua,
1928 4778 1987 4824 ut

413 4849 650 4903 refutari
684 4860 983 4921 nequeant,
1037 4867 1428 4923 proponemus,
1464 4873 1583 4927 quae
1618 4860 1703 4914 vel
1757 4875 1983 4929 persua-

414 4939 603 5004 deant,
661 4944 745 4998 vel
794 4958 891 4999 eos
946 4948 1277 5015 pertinaces,
1326 4955 1383 5002 et
1437 4949 1760 5016 obstinatos,
1816 4961 1981 5021 atque

413 5031 697 5089 dementes
734 5050 852 5091 esse
880 5037 1229 5093 convincam.

992 5149 1138 5205 Libri
1164 5152 1436 5210 Geneseos.

488 5261 556 5316 Et
584 5263 713 5317 dixit
751 5265 886 5319 Deus
918 5281 936 5320 :
974 5264 1262 5321 Faciamus
1290 5267 1548 5321 hominem
1590 5268 1659 5322 ad
1705 5271 1984 5341 imaginem

416 5358 468 5404 et
530 5354 923 5410 similitudinem
987 5365 1218 5411 nostram
1248 5359 1291 5411 ⁸.
1348 5358 1506 5412 Pater
1568 5359 1825 5413 nimirum
1889 5374 1983 5415 eos

415 5440 733 5512 alloquitur,
779 5446 867 5515 qui
924 5462 988 5501 ex
1040 5446 1211 5517 ipsius
1254 5457 1381 5502 sunt
1430 5448 1683 5512 essentia,
1739 5463 1875 5519 quos
1929 5451 1978 5503 in

414 5547 626 5587 summa
654 5537 1044 5603 procreationis
1075 5537 1261 5592 mundi
1297 5538 1558 5609 dignitate
1584 5542 1761 5595 socios
1795 5541 1978 5595 habet.

414 5624 599 5696 Neque
632 5642 761 5682 vero
792 5628 1074 5685 referenda
1110 5639 1240 5686 sunt
1278 5631 1391 5687 hazc
1438 5630 1505 5685 ad
1534 5629 1743 5687 Hebraei
1771 5646 1984 5686 sermo-

480 5788 496 5819 ¹
533 5786 697 5843 Exod.
751 5802 903 5842 xvm.
982 5789 1002 5818 ’
1035 5789 1187 5844 Deut.
1244 5804 1379 5855 xv",
1418 5788 1503 5843 18.

2095 4587 2171 4655 μὴ
2200 4585 2380 4654 δῶμεν
2404 4582 2575 4651 θύραν
2605 4581 2699 4634 καὶ
2723 4582 3004 4651 διατριὸὴν
3034 4584 3152 4643 ταῖς
3183 4584 3443 4651 πονηραῖς
3469 4582 3655 4650 ἀντιρ-

2092 4678 2333 4745 ρήσεσιν·
2363 4672 2489 4738 Πᾶς
2524 4672 2636 4741 γὰρ
2663 4668 2828 4736 οἶκος
2865 4671 3112 4738 Ἰσραὴλ
3145 4669 3479 4739 φιλόνεικοι
3511 4671 3656 4732 εισι,

2089 4770 2187 4821 καὶ
2214 4763 2699 4833 σκληροκάρδιοι,
2720 4764 2885 4833 φησὶν
2913 4762 3189 4829 Ἰεζεκιήλ·
3227 4762 3411 4827 Ὀλίγα
3436 4760 3492 4812 δὲ
3520 4775 3659 4827 προ-

2088 4856 2441 4928 χειρισόμεθα
2485 4855 2633 4924 σαφῆ
2686 4871 2746 4906 τε
2793 4853 2888 4906 καὶ
2947 4853 3340 4924 ἁναντίρῥητα,
3399 4853 3494 4904 καὶ
3550 4853 3658 4903 ὅσα

2088 4953 2308 5012 τούτους
2331 4950 2365 5019 ἢ
2401 4949 2615 5010 πάντως
2648 4946 3143 5013 ὲθελοκωιροῦντας,
3178 4944 3655 5015 ῆάνοηταίνοντας

2088 5040 2473 5111 ἁπελέγξουσι.

2579 5153 2620 5205 Β
2627 5154 2796 5206 ι’ὄλου
2837 5151 3164 5213 Γενέσεως.

2162 5266 2269 5320 Καὶ
2293 5265 2460 5318 εἶπεν
2481 5267 2512 5317 ό
2535 5265 2698 5330 Θεὸς,
2718 5264 3067 5330 Ποιήσωμεν
3084 5261 3399 5328 ἄνθρωπον
3421 5261 3549 5314 κατ’
3578 5264 3663 5314 εὶ-

2090 5364 2240 5412 κόνα
2260 5358 2576 5427 ἡμετέραν,
2601 5357 2697 5409 καὶ
2724 5356 2853 5410 καθ’
2872 5356 3175 5423 ὁμοίωσιν.
3213 5355 3273 5407 '0
3300 5355 3488 5423 Πατὴρ
3502 5354 3663 5423 δηλο-

2090 5449 2203 5502 νότι
2226 5451 2362 5518 πρὸς
2378 5450 2502 5512 τοὺς
2526 5451 2589 5501 ἐκ
2608 5450 2705 5519 τῆς
2721 5449 2906 5511 οὐσίας
2929 5446 3093 5500 αὐτοῦ
3113 5447 3237 5510 τοὺς
3260 5446 3659 5509 κοινωνοῦντας

2094 5540 2241 5610 αὐτῷ
2308 5539 2403 5593 τοῦ
2436 5538 2827 5609 δημιουργικοῦ
2860 5541 2954 5592 καὶ
2970 5536 3294 5591 δεσποτικοῦ
3318 5538 3654 5607 ἀξιώματος.

2096 5632 2209 5684 Ούκ
2248 5631 2359 5701 ἔχει
2384 5629 2493 5699 γὰρ
2520 5629 2753 5683 ἐνταῦθα
2783 5629 2965 5697 χώραν
2997 5628 3058 5680 τὸ
3084 5630 3181 5697 τῆς
3223 5627 3506 5698 Ἐῧραῖὀος
3534 5628 3657 5681 δια-

1600 5786 1803 5841 'Dcut.
1856 5804 2036 5853 χχχιιι,
2072 5790 2155 5843 10.
2234 5790 2252 5821 ⁸
2304 5789 2497 5844 Ezeeh.
2553 5805 2711 5853 xxxv,
2743 5790 2791 5842 7.
2869 5788 2890 5818 '
2923 5786 3054 5841 Gen.
3118 5785 3269 5852 t,26.

3838 5546 3877 5563 κ
