3994 6204
336 378 440 439 263

1554 356 1935 417 EllTllYMll
1983 352 2347 413 ZIGABENI

3469 349 3577 411 264

338 495 589 543 steterunt
620 500 772 553 super
810 498 948 536 eum.
979 479 1042 533 Et
1062 478 1235 533 videns
1265 476 1492 530 cucurrit
1537 476 1589 528 ia
1630 484 1899 527 occursum

2024 467 2335 535 ιοῑςαύτοῦ
2354 462 2495 531 οἵδε,
2520 464 2620 519 καὶ
2648 465 2779 519 ιδοὺ
2802 464 2956 533 τρεῖς
2971 461 3360 531 είστήκεισαν
3378 461 3582 516 ἐπάνω

338 582 431 645 eis,
462 594 508 634 et
550 576 789 631 adoravit
819 590 974 639 super
1022 583 1237 633 terram,
1284 578 1331 621 et
1367 567 1499 619 dixit
1531 583 1544 619 :
1578 565 1818 630 Domine,
1858 566 1904 619 si

2024 560 2212 615 mmo.
2233 559 2340 614 Kal
2361 558 2525 625 ίόὼν,
2543 556 2962 626 προσέδραμεν
2975 559 3063 621 είς
3080 556 3462 621 συνάντησιν
3476 554 3582 606 αὺ-

338 674 516 741 utique
560 668 729 722 inveni
774 665 1005 734 gratiam
1045 677 1222 713 coram
1264 668 1333 721 te,
1385 672 1447 709 ne
1497 663 1734 709 transeas
1791 670 1905 708 ser-

340 780 457 815 vum
498 770 644 813 tuum
678 759 715 810 ⁸.
745 757 811 810 Et
838 753 995 824 paulo
1025 759 1149 821 post
1178 764 1192 802 :
1236 750 1379 803 Dixit
1407 759 1582 802 autem
1620 747 1689 801 ad
1739 762 1856 799 eum
1884 759 1903 798 :

346 853 442 905 Ubi
492 852 629 905 Sara
672 864 803 901 uxor
865 856 957 899 tua
1001 844 1151 900 7llle
1191 846 1371 895 aulem
1434 839 1773 909 respondens
1820 837 1905 891 di.

341 943 415 996 xit
450 961 460 995 :
509 942 639 994 Ecce
670 940 723 991 in
761 935 1120 991 tabernaculo.
1152 933 1216 987 Et
1245 934 1358 986 ait:
1398 931 1672 986 Revertens
1701 930 1906 983 veniant

342 1036 412 1088 ad
465 1044 554 1095 te,
605 1041 661 1085 et
711 1047 831 1100 quae
890 1037 1209 1097 sequuntur.
1266 1026 1404 1081 Ecce
1473 1021 1735 1092 scriptum
1802 1030 1905 1087 est,

343 1127 505 1177 Deum
562 1123 877 1192 apparuisse
930 1120 1224 1180 Abraham,
1302 1127 1413 1172 tres
1482 1126 1663 1169 autem
1716 1112 1904 1176 fuisse,

339 1214 431 1283 qui
463 1220 851 1281 apparuerunt.
886 1211 947 1263 Et
981 1224 1104 1263 cum
1132 1208 1241 1262 sint
1272 1217 1402 1270 tres,
1435 1219 1616 1258 sermo
1641 1218 1764 1257 cum
1793 1215 1905 1255 uno

343 1314 554 1358 tantum
592 1302 916 1365 instituitur,
952 1310 1009 1353 ut
1037 1307 1249 1353 constet
1275 1298 1517 1358 omnino,
1570 1307 1728 1346 unam
1786 1306 1909 1345 esse

342 1398 506 1449 trium
579 1406 932 1462 personarum
1007 1388 1363 1440 divinitatem.
1424 1382 1579 1448 Quod
1638 1382 1682 1435 si
1740 1393 1910 1433 unum

341 1489 561 1558 quidem
594 1500 715 1540 csse
757 1480 958 1536 dixeris
1017 1478 1208 1541 Deum,
1257 1476 1477 1546 angelos
1507 1481 1688 1527 autem
1748 1471 1907 1536 duos,

341 1576 615 1648 quomodo
638 1582 934 1644 potuerunt
982 1584 1104 1622 cum
1145 1567 1375 1620 Domino
1407 1564 1696 1619 considere
1722 1562 1746 1615 2

891 1659 974 1713 Ea:
1008 1660 1181 1711 eodem
1228 1657 1384 1709 libro.

418 1757 667 1811 Dominus
718 1753 848 1823 pluit
906 1765 1062 1815 super
1108 1748 1413 1808 Sodomam,
1451 1755 1500 1798 et
1566 1742 1910 1800 Gomorrham

2005 653 2151 717 τοῖς,
2186 652 2284 705 καὶ
2332 652 2801 718 προσεκύνησεν
2831 649 2929 702 ἐπὶ
2962 647 3077 716 τὴν
3115 645 3249 718 γῆν,
3294 645 3391 700 καὶ
3425 642 3579 708 εἶπε,

2006 746 2204 810 Κύριε,
2239 744 2291 796 εὶ
2320 742 2433 811 ἄρα
2457 737 2639 809 εὖρον
2660 741 2840 809 χάριν
2858 739 3141 792 ἐναντίον
3189 754 3330 804 σου,
3355 737 3442 806 μὴ
3466 752 3583 789 πα·
3638 809 3643 812 ⁴

2000 838 2228 905 ρέλθῃς
2251 834 2357 887 τὸν
2380 832 2563 886 παῖδά
2590 847 2728 887 σου.
2766 826 2919 885 hinc
2944 829 3014 882 es
3041 830 3191 897 πρὸς
3213 830 3424 890 αὐτὸν,
3457 827 3581 881 Ποῦ

2008 922 2206 992 Σάρῤα
2226 924 2264 991 ἡ
2283 921 2435 991 γυνή
2455 936 2604 987 σου;
2628 917 2690 975 '0
2709 919 2765 974 δὲ
2784 917 3101 990 ἀποκριθεὶς
3120 911 3291 980 εἷπεν,
3323 913 3493 975 Ἰδοὺ,
3511 931 3529 965 ρ
3542 930 3582 966 ν

2008 1012 2083 1082 τῇ
2125 1011 2351 1081 σκηνῇ.
2386 1012 2494 1064 Kal
2536 1006 3232 1075 εἷπεν,⁹Επαναστρέφων
3261 1005 3386 1072 ἥξω
3429 1004 3583 1071 πρὸς

2009 1107 2105 1170 σὲ,
2154 1105 2341 1158 καὶτὰ
2376 1103 2522 1170 ἑξῆς.
2558 1101 2687 1154 Ἰδοὺ
2734 1102 3064 1171 γέγραπται,
3108 1097 3338 1167 ὀφθῆναι
3376 1097 3474 1164 μιν
3503 1093 3583 1164 τῷ

2024 1196 2280 1264 Ἀϐραὰμ
2311 1195 2405 1249 τὸν
2428 1194 2582 1261 Θε“ν,
2616 1188 2755 1246 εἶναι
2785 1192 2842 1245 δὶ
2871 1192 3021 1261 τρεῖς
3048 1187 3461 1257 τοὺ.ὸφθέντας,
3489 1186 3585 1237 καὶ

2010 1290 2178 1361 τριῶν
2210 1290 2378 1342 ὅντων
2410 1287 2547 1359 πρὸς
2578 1288 2671 1339 ἕνα
2694 1286 2793 1356 τὴν
2818 1284 3051 1347 διάλεξιν
3072 1282 3339 1350 γίνεσθαι,
3372 1281 3451 1342 εἰς
3483 1280 3583 1347 ἔμ-

2010 1397 2177 1450 φασιν
2207 1379 2419 1440 πάντω,
2444 1378 2539 1431 τοῦ
2562 1378 3003 1445 τρισυποστάτου
3028 1374 3125 1443 τῆς
3156 1376 3284 1443 μιᾶς
3306 1375 3584 1443 θεότητος.

2011 1473 2073 1525 Ei
2102 1472 2158 1523 δὲ
2185 1471 2272 1523 τὸν
2309 1470 2404 1522 ἕνα
2455 1470 2551 1532 μὲν
2581 1471 2724 1539 ἐρεῖς
2768 1464 2909 1522 εἶναι
2952 1468 3105 1531 Θεὸν,
3142 1465 3268 1528 τοὺς
3308 1464 3495 1523 ἄλλους
3526 1464 3585 1516 δὲ

2011 1563 2299 1632 ἀγγέλους,
2341 1562 2456 1625 πῶς
2501 1562 2789 1632 ἠνέσχοντο
2824 1560 3152 1629 συγκαθίσαι
3178 1558 3256 1629 τῷ
3306 1558 3585 1628 Δεσπότης

2566 1654 2668 1707 Ἐκ
2697 1652 2807 1721 τῆς
2848 1653 3063 1717 αὐτῆς.

2088 1749 2301 1816 Κύριος
2331 1745 2577 1815 ἔϐρεξεν
2602 1745 2701 1799 ἐπὶ
2733 1744 2967 1811 Σόδομα
2998 1744 3092 1796 και
3126 1743 3401 1811 Γόμορρα
3425 1740 3591 1793 θεῖον

345 1844 563 1913 sulphur
617 1852 663 1894 et
693 1812 861 1909 ignem
898 1854 929 1890 a
970 1812 1194 1889 Domino
1253 1836 1318 1888 de
1354 1833 1479 1887 cmlo
1520 1833 1562 1892 ³.
1619 1832 1753 1899 Quae
1791 1833 1911 1903 qui-

2024 1839 2119 1891 καὶ
2150 1812 2448 1907 πῦρῗπαρὰ
2469 1837 2687 1904 Κυρίου
2711 1837 2778 1889 ἐκ
2798 1836 2904 1890 τοῦ
2934 1834 3214 1903 οὐρανοῦ.
3239 1833 3358 1886 Τῶν
3371 1832 3465 1887 δύο
3490 1832 3591 1902 μὶν

346 1933 469 1984 dem
535 1928 698 1981 verba
742 1935 796 1979 et
851 1926 986 1978 duas
1043 1923 1285 1977 indicant
1329 1935 1610 1992 personas,
1668 1930 1724 1976 et
1772 1922 1913 1976 idem

347 2014 638 2072 transiliam
732 2011 1102 2080 aaqualemque
1194 2010 1471 2065 declarant
1553 2019 1912 2079 potestatem.

352 2106 495 2162 Duas
552 2114 731 2160 autem
780 2104 1134 2172 consequitur
1185 2111 1365 2167 tertia,
1420 2103 1675 2172 quoniam
1722 2114 1916 2158 mutuo

348 2201 490 2254 inter
540 2213 600 2252 se
651 2197 866 2250 vinculo
893 2196 965 2250 ita
1012 2196 1318 2267 conjunctae
1355 2203 1505 2259 sunt,
1557 2204 1617 2251 ut
1671 2196 1915 2266 separari

352 2306 462 2346 non
526 2287 762 2359 possint.

1015 2374 1190 2431 Exodi
1221 2376 1261 2430 ³.

423 2475 584 2539 Audi,
618 2471 812 2535 Israel,
848 2470 1102 2524 Dominus
1134 2469 1271 2523 Deus
1302 2480 1446 2535 tuus,
1490 2469 1742 2524 Dominus
1780 2486 1916 2524 unus

351 2575 451 2623 est.
505 2563 641 2618 Illud
682 2580 697 2617 :
737 2564 1031 2627 Dominus,
1077 2572 1132 2616 et
1193 2562 1354 2624 Deus,
1389 2574 1441 2615 et
1490 2561 1752 2615 Dominus
1808 2571 1918 2617 tres

360 2671 617 2728 personas
661 2655 919 2719 ostendit,
948 2653 1079 2708 illud
1109 2662 1287 2707 autem
1321 2669 1335 2706 :
1377 2652 1519 2708 Unus
1569 2662 1669 2718 est,
1718 2652 1918 2708 divini-

355 2758 519 2804 tatem
564 2760 618 2803 CI.
652 2760 897 2801 naturam
946 2761 1133 2800 unam.

635 2838 847 2893 Doridis
883 2836 956 2909 [et
978 2837 1275 2901 Zacltariw,
1301 2847 1347 2890 et
1382 2834 1543 2890 Isaia:
1582 2834 1626 2909 ].

424 2928 490 2982 In
532 2927 635 2981 Deo
666 2927 893 2981 laudabo
932 2925 1089 2979 verba
1111 2945 1139 2976 ιι
1160 2944 1181 2991 ;
1208 2926 1262 2977 in
1289 2924 1510 2978 Domino
1534 2921 1765 2977 laudabo
1805 2936 1917 2976 ser-

355 3036 579 3077 monem.
627 3020 690 3075 In
748 3021 852 3074 Deo
882 3019 1110 3087 speravi,
1164 3034 1265 3071 non
1322 3018 1532 3081 timebo,
1580 3017 1705 3088 quid
1752 3016 1915 3085 [ac'at

358 3115 483 3170 mihi
534 3116 686 3169 homo
714 3113 760 3164 ⁸.
804 3115 867 3166 Et
892 3126 1106 3165 rursum
1151 3127 1167 3164 :
1197 3109 1424 3163 Immola
1457 3108 1565 3163 Deo
1598 3107 1915 3176 sacriﬁcium

356 3207 553 3269 laudis,
583 3216 632 3260 et
684 3206 839 3259 redde
890 3203 1157 3257 Altissimo
1200 3212 1319 3256 vota
1356 3211 1471 3266 tua,
1527 3210 1577 3254 et
1613 3201 1796 3253 invoca
1839 3215 1919 3253 me

360 3298 417 3350 in
466 3296 551 3348 die
597 3293 952 3347 tribulationis
982 3301 1088 3346 tutu
1123 3293 1162 3345 '.
1203 3290 1267 3345 Et
1314 3305 1580 3344 rursum:
1630 3288 1765 3343 Vivit
1812 3286 1917 3341 Do-

356 3388 548 3450 minus,
579 3394 628 3439 et
664 3385 964 3439 benedictus
995 3382 1155 3445 Deus,
1185 3391 1234 3435 et
1264 3380 1529 3435 exaltetur
1560 3380 1695 3435 Deus
1722 3376 1919 3437 salutis

356 3496 486 3533 mea
516 3479 557 3530 '.
587 3477 717 3531 Item
748 3492 764 3529 :
795 3474 859 3529 In
892 3475 1089 3528 lumine
1113 3483 1201 3527 tuo
1232 3474 1511 3528 videbimus
1541 3473 1717 3528 lumen
1739 3478 1781 3541 ⁷,
1817 3477 1921 3531 hoc

354 3578 462 3633 est,
491 3570 544 3623 in
589 3567 726 3622 Filio
761 3576 854 3622 tuo
887 3566 1188 3622 videbimus
1225 3567 1488 3635 Spiritum
1521 3580 1789 3621 sanctum.
1821 3567 1920 3622 Per

354 3662 532 3730 ipsum
605 3660 751 3713 enim
803 3660 976 3713 multo
1037 3657 1239 3712 clarius
1295 3655 1509 3711 Patrem
1553 3666 1606 3712 et
1656 3658 1917 3727 Spiritum

354 3760 601 3808 sanctum
633 3752 1009 3823 cognovimus.
1040 3749 1202 3805 Multa
1236 3760 1497 3820 praeterea
1547 3754 1907 3820 reperiemus,

353 3845 554 3914 quibus
602 3856 788 3899 sancta
850 3844 1089 3896 Trinitas
1116 3841 1408 3897 indicatur.
1456 3843 1699 3913 Hymnus
1757 3846 1918 3897 etiam

358 3937 635 4007 angelicus
695 3936 782 3989 ille
815 3934 1109 3998 :Sanctus,
1172 3947 1409 3999 sam-tus,
1458 3944 1672 3986 sanctus
1741 3933 1923 3987 Domi-

357 4044 454 4080 ruis
485 4028 528 4088 ⁸,
578 4037 744 4079 terna:
792 4025 1095 4079 sanctitatis
1118 4024 1486 4078 celebratione
1515 4033 1624 4078 tres
1662 4039 1921 4093 personas

354 4122 712 4180 demonstrat,
768 4116 935 4169 semel
1006 4125 1187 4167 autem
1250 4113 1541 4166 Dominum
1607 4116 1917 4179 nominans,

356 4204 573 4259 unicam
603 4202 842 4256 declarat
876 4198 1237 4254 divinitatem.
1271 4197 1469 4253 Verum
1501 4200 1674 4254 multo
1717 4201 1923 4272 signiﬁ-

354 4298 568 4350 cantius
600 4292 768 4347 David
795 4292 862 4346 de
908 4289 1067 4345 Patre
1101 4297 1155 4344 et
1184 4289 1319 4344 Filio
1362 4290 1624 4359 loquitur,
1676 4306 1741 4346 ex
1790 4308 1918 4362 per-

353 4402 483 4442 sona
514 4386 688 4440 Patris
714 4384 779 4438 ad
810 4383 1006 4437 Filium
1049 4398 1063 4435 :
1108 4381 1193 4435 Ex
1220 4392 1389 4445 utero,
1422 4383 1695 4452 inquiens,
1742 4385 1911 4453 genui

2020 1931 2179 1985 τοῦτο
2213 1930 2520 2002 προσώπων
2557 1929 2914 1999 ἐμφαντικὸν,
2944 1930 3036 1980 καὶ
3081 1928 3181 1997 τῆς
3211 1924 3588 1990 αὑτοόουλίας,

2028 2025 2381 2095 ἰσοδυνσμίας
2410 2021 2731 2093 δηλωτικὸν,
2779 2022 2889 2084 τοῖς
2924 2019 3046 2073 δυσὶ
3081 2020 3135 2073 δὲ
3169 2019 3263 2073 καὶ
3294 2019 3354 2071 τὸ
3403 2018 3593 2087 τρίτον

2025 2115 2430 2185 συνεισάγεται,
2459 2115 2546 2168 διὰ
2578 2114 2639 2167 τὸ
2664 2112 2969 2184 ἀχώριστον
3003 2113 3099 2166 καὶ
3126 2111 3477 2182 φεράλὶηλον.

2608 2374 2725 2444 Τῆς
2760 2374 3031 2437 Ὲξόδου.

2096 2470 2328 2537 Ἄκουε,
2361 2465 2631 2536 Ἰσραὴλ,
2656 2466 2871 2534 Κύριος
2892 2469 2925 2521 d
2947 2466 3091 2531 Θεὸς
3111 2481 3248 2531 σου,
3267 2467 3483 2534 Κύριος
3501 2462 3594 2532 εἷς

2020 2560 2173 2616 ἐστι.
2203 2559 2277 2613 Τὸ
2312 2560 2413 2629 μὲν
2444 2560 2554 2629 γὰρ
2586 2556 2811 2625 Κύριος,
2846 2557 2939 2610 καὶ
2964 2556 3120 2621 Θεὸς,
3151 2556 3248 2610 καὶ
3273 2559 3472 2628 Κύριος
3490 2562 3543 2612 τέ
3563 2575 3593 2621 ς

2021 2656 2171 2725 τρεῖς
2204 2652 2534 2715 ὑποστάσεις
2560 2651 2918 2722 ὑπεμφαίνει,
2940 2651 3002 2703 τὸ
3025 2650 3082 2704 δὲ
3113 2650 3204 2717 εἷς
3229 2650 3365 2704 ἐστι
3402 2652 3501 2722 τὴν
3532 2653 3592 2702 ἐν

2021 2745 2172 2817 τρισὶ
2204 2745 2337 2816 μίαν
2367 2743 2600 2815 θεότητα
2634 2744 2729 2797 καὶ
2752 2744 2939 2813 φύσιν.

2630 2834 2743 2891 Τοῦ
2780 2835 2979 2890 Δαϐίδ.

2103 2928 2235 2985 Ἐπί
2255 2927 2336 2995 τῷ
2357 2927 2479 2995 Θεῷ
2497 2927 2721 2983 αίνέσω
2733 2929 2922 2999 ῥῆμα,
2946 2927 3044 2983 ἐπὶ
3067 2926 3149 2993 τῷ
3164 2928 3360 2997 Κυρίῳ
3374 2928 3596 2983 σινέσω

2019 3023 2226 3093 λόγον.
2262 3020 2394 3076 Ἐπὶ
2418 3021 2497 3086 τῷ
2524 3019 2647 3086 Θεῷ
2671 3019 2928 3088 ἤλπισα,
2965 3021 3039 3074 οὺ
3070 3018 3495 3089 φοϐηθήσομαι
3536 3020 3597 3072 τι

2022 3113 2261 3180 ποιήσει
2283 3130 2387 3180 μοι
2413 3112 2745 3178 ἄνθρωπος.
2780 3111 2889 3163 Kal
2921 3111 3112 3165 πάλιν·
3143 3109 3343 3165 Θῦσον
3362 3108 3443 3174 τῷ
3474 3108 3597 3175 Θεῷ

2020 3207 2242 3259 θυσίαν
2264 3204 2573 3267 αἰνέσεως,
2603 3202 2701 3255 καὶ
2723 3201 2955 3268 ἀπόδος
2983 3200 3063 3267 τῷ
3095 3202 3352 3272 Ὑψίστφ
3376 3203 3483 3268 τὰς
3498 3203 3599 3255 εὐ-

2019 3296 2131 3367 χάς
2160 3311 2298 3360 σου,
2325 3295 2424 3348 καὶ
2460 3294 2824 3347 ἐπικάλεσαί
2850 3310 2927 3362 με
2950 3294 3142 3363 ἡμέρᾳ
3167 3294 3428 3362 θλίψεως
3455 3311 3596 3348 σου.

2022 3390 2131 3442 Καὶ
2159 3383 2338 3450 αὖθις,
2362 3385 2447 3455 Ζῇ
2490 3386 2725 3454 Κύριος,
2751 3386 2853 3439 καὶ
2886 3385 3217 3454 εὐλογητὸς
3245 3389 3279 3440 ό
3305 3385 3468 3451 Θεὸς,
3498 3384 3602 3438 καὶ

2023 3478 2314 3548 ὑψωοήτω
2352 3480 2385 3531 ό
2415 3476 2560 3543 Θεὸς
2588 3476 2699 3544 τῆς
2722 3479 3023 3543 σωτηρίας
3037 3494 3176 3546 μου.
3209 3478 3318 3535 Καὶ
3346 3479 3599 3547 προσέτι,

2033 3573 2134 3624 Ἐν
2153 3568 2234 3634 τῷ
2251 3570 2399 3638 φωτί
2415 3584 2533 3622 σου
2546 3569 2813 3637 ὀψόμεθα
2824 3567 2974 3638 φῶς,
2990 3570 3287 3632 τουτέστιν,
3312 3571 3368 3622 ιν
3391 3571 3467 3638 τῷ
3486 3569 3602 3639 Υἱῷ

2023 3678 2115 3713 σου
2151 3660 2474 3731 γνωσόμεθα
2516 3660 2577 3713 τὸ
2605 3660 2826 3730 Πνεῦμα
2866 3662 2926 3713 τὸ
2971 3662 3147 3729 ἅγιον.
3175 3660 3253 3713 Δι’
3278 3661 3443 3714 αὐτοῦ
3488 3661 3603 3730 γὰρ

2022 3750 2171 3804 ὥσπε
2178 3769 2210 3822 ρ
2225 3752 2293 3805 τὰ
2314 3750 2444 3822 περὶ
2458 3751 2551 3806 τοῦ
2566 3751 2799 3821 Πατρὸς,
2816 3750 2959 3805 οὕτω
2974 3754 3068 3805 καὶ
3087 3753 3158 3805 τὰ
3174 3754 3302 3822 περὶ
3320 3750 3414 3804 τοῦ
3438 3752 3599 3819 ἁγίου

2023 3842 2340 3913 ιινεύματος
2404 3842 2790 3913 ἀριδηλότερον
2858 3843 3424 3914 ἑμυσταγωγήθημεν.
3487 3844 3601 3897 Καὶ

2023 3934 2193 3987 πολλὰ
2226 3932 2452 3988 τοιαῦτα
2472 3937 2570 4004 τῆς
2592 3932 2753 4001 ἁγίας
2776 3934 3003 4003 Τριάδος
3028 3935 3357 4004 εὑρίσκομεν
3386 3950 3596 4002 καταγ-

2024 4028 2267 4095 γελτικά.
2305 4029 2414 4081 Καὶ
2446 4030 2475 4081 ὁ
2520 4028 2809 4097 ἀγγελικὸς
2847 4028 2903 4081 δὲ
2943 4028 3133 4098 ὓμνο;,
3164 4028 3389 4098 Ἄγιος,
3407 4028 3600 4097 ἅγιος,

2022 4120 2191 4188 ἅγιος
2213 4122 2447 4186 Κύριος,
2466 4119 2555 4172 διὰ
2581 4121 2681 4189 μὲν
2704 4118 2799 4172 τοῦ
2829 4121 3141 4189 τρισαγίου
3163 4119 3224 4173 τὸ
3242 4122 3605 4190 τρισυπόστι-

2024 4226 2137 4273 τον,
2160 4210 2247 4262 διὰ
2269 4208 2326 4263 δὲ
2353 4208 2446 4262 τοῦ
2469 4211 2679 4278 Κύριος
2706 4210 2904 4263 ἑνιαῐον
2941 4210 3177 4281 ἐδήλωσε
3198 4211 3294 4279 τῆς
3323 4210 3598 4280 Θεότητος.

2039 4299 2539 4371 Ἐκφαντικώτερον
2565 4300 2623 4352 δὲ
2654 4302 2784 4371 περὶ
2837 4300 3050 4371 Πατρδς
3082 4302 3176 4354 καὶ
3203 4301 3331 4354 Υἱοῦ
3367 4318 3536 4369 φησιν
3566 4304 3595 4355 ὸ

2024 4391 2187 4443 Διδὶδ
2208 4391 2273 4442 ἐκ
2306 4390 2597 4459 προσώπου
2646 4392 2741 4443 τοῦ
2774 4392 2989 4461 Πατρδς
3022 4391 3158 4462 πρὸς
3193 4394 3281 4445 τὸν
3308 4392 3453 4457 Υιδν,
3502 4395 3601 4446 Ἐκ

353 4491 401 4532 te
429 4480 470 4533 '.
506 4478 609 4531 Per
664 4486 881 4531 uterum
936 4482 1216 4543 paternam
1276 4473 1435 4528 docet
1488 4475 1779 4528 essentiam
1864 4484 1915 4530 et

2026 4481 2289 4549 γαστρὸς
2316 4482 2429 4547 πρὸ
2450 4482 2763 4550 ἑωσφόρον
2783 4482 3085 4551 ἐγέννησά
3104 4499 3199 4548 σε,
3222 4483 3457 4553 γαστρὸς
3483 4483 3603 4537 θεο-

355 4579 603 4624 naturam
635 4567 879 4638 intelligi.
923 4564 1096 4632 Quem
1128 4574 1309 4619 autem
1340 4566 1545 4634 poteris
1599 4568 1765 4619 alium
1797 4566 1915 4621 sine

2028 4570 2253 4640 πρεπῶς
2282 4570 2575 4639 νοουμένης
2604 4571 2702 4640 τῆς
2723 4571 2998 4642 πατρικῆς
3013 4572 3202 4635 οὐσίας
3234 4576 3328 4626 καὶ
3348 4570 3594 4639 φύσεως.

355 4672 597 4732 tempore
623 4662 863 4731 genitum
891 4657 1177 4715 invenire?
1201 4657 1274 4711 Ex
1298 4672 1525 4725 persona
1550 4668 1733 4712 autem
1759 4657 1875 4713 Fih‘i
1902 4669 1915 4717 :

2028 4662 2164 4715 Τίνα
2196 4664 2303 4730 γὰρ
2333 4661 2494 4714 ἄλλον
2526 4665 2673 4733 ἐρεῖν
2714 4664 2957 4733 ἰσχύσεις
2993 4664 3235 4734 ἁχρόνω;
3268 4668 3605 4732 γεγεννημέ-

355 4755 629 4815 Dominus,
665 4752 938 4822 inquiens,
993 4751 1132 4804 dixit
1175 4752 1245 4803 ad
1276 4766 1357 4804 me
1401 4762 1419 4805 :
1457 4748 1627 4803 Filius
1676 4766 1820 4804 meus
1866 4768 1915 4804 es

2028 4769 2152 4818 vov;
2195 4755 2259 4805 ἐκ
2281 4753 2338 4805 δὲ
2377 4754 2674 4824 προσώπου
2698 4754 2792 4806 τοῦ
2826 4753 2955 4807 Υἱοῦ
2979 4768 2997 4787 ⁸
3030 4756 3247 4823 Κύριος
3270 4752 3401 4808 εἷπε
3446 4756 3603 4822 πρός

354 4857 431 4911 tu,
462 4861 555 4916 ego
586 4845 738 4898 hodie
781 4845 935 4913 genui
960 4851 1008 4897 te
1039 4844 1102 4897 ⁸⁸.
1145 4841 1278 4897 Illud
1317 4843 1461 4897 enim
1506 4861 1519 4898 :
1554 4841 1726 4896 Hodie
1764 4845 1915 4914 genui

2024 4861 2123 4913 με,
2151 4846 2283 4909 Υἱός
2298 4861 2417 4912 μου
2435 4841 2489 4899 ει
2510 4844 2612 4909 σὺ,
2629 4845 2745 4915 ἐγὼ
2756 4846 3026 4915 σήμερον
3040 4846 3368 4917 γεγέννηκά
3385 4863 3479 4909 σε,
3500 4850 3601 4917 τὴν

354 4954 420 5006 te,
480 4952 660 4995 ortum
693 4941 812 5009 ejus
861 4940 916 4993 in
972 4947 1214 5008 tempore
1248 4953 1316 4992 ex
1357 4938 1578 5009 Virgine
1634 4939 1921 5009 signiﬁcat.

354 5032 551 5097 Genui,
600 5048 696 5101 pro
741 5048 826 5095 eo,
864 5032 1009 5100 quod
1070 5040 1173 5097 est,
1227 5040 1277 5085 te
1326 5029 1469 5100 gigni
1527 5030 1659 5084 mihi
1696 5030 1922 5100 placuit,

356 5126 439 5178 vel
468 5124 765 5193 procreavi.
805 5122 941 5178 Huic
986 5134 1165 5177 autem
1216 5138 1460 5191 persona:
1492 5120 1616 5176 Filii
1664 5125 1924 5194 congruit

356 5215 518 5267 etiam
554 5214 684 5267 illud
713 5214 1021 5270 Solomonis
1057 5230 1071 5265 :
1104 5212 1357 5265 Dominus
1381 5216 1573 5265 creavit
1601 5229 1701 5275 me,
1728 5223 1783 5267 et
1803 5230 1923 5283 qua:

358 5315 680 5375 sequuntur.
715 5307 921 5361 Deinde
944 5306 1165 5374 subjicit
1189 5321 1202 5368 ;
1228 5306 1360 5358 Ante
1388 5321 1561 5357 omnes
1583 5306 1737 5359 colles
1768 5323 1925 5376 gene-

359 5405 442 5447 rat
476 5413 554 5449 me
594 5397 659 5451 ".
689 5397 821 5452 Illud
861 5398 1028 5461 enim,
1074 5396 1290 5450 Creavit
1319 5411 1425 5455 me.
1460 5405 1637 5449 ortum
1689 5397 1834 5450 illius
1870 5398 1924 5450 in

2033 4937 2289 5006 χρονικὴν
2319 4936 2486 4991 αὐτοῦ
2506 4936 2658 5006 δηλοῖ
2674 4939 2949 5008 γέννησιε,
2968 4939 3068 5008 τὴν
3086 4942 3149 4991 tu
3170 4939 3267 5007 τῆ,
3297 4939 3600 5009 Παρθένου.

2032 5028 2342 5097 [εγέννηκα
2370 5027 2499 5098 γὰρ,
2563 5029 2685 5081 ἀντὶ
2732 5028 2829 5081 τοῦ
2861 5031 3190 5100 γεννηθῆναι
3238 5030 3531 5100 εὐδόκησα,
3566 5032 3599 5101 ἢ

2028 5120 2243 5172 suum.
2272 5120 2478 5189 Εῐρηκε
2523 5118 2579 5172 δὲ
2612 5120 2917 5190 συμφώνως
2953 5121 3129 5191 τούτῳ
3190 5122 3286 5173 καὶ
3343 5122 3601 5189 Σολομὼν

2028 5210 2310 5281 προσώπῳ
2335 5211 2429 5263 τοῦ
2462 5212 2603 5277 υἱοῦ,
2636 5214 2851 5281 Κύριος
2872 5214 3077 5267 ἐκτισέ
3101 5231 3201 5282 με,
3230 5215 3323 5268 καὶ
3349 5216 3415 5268 τὰ
3446 5214 3603 5284 ἑξῆς.

2030 5300 2162 5353 Εἶτα
2192 5305 2471 5370 ἐπήγαγε·
2499 5305 2619 5371 ΙΙρὸ
2645 5302 2713 5355 δὲ
2736 5304 2977 5358 πάντων
3013 5304 3261 5368 βουνών
3293 5304 3472 5374 γεννᾷ
3504 5324 3600 5373 με.

2030 5392 2102 5443 Τὸ
2122 5393 2221 5461 μὲν
2240 5394 2347 5461 γὰρ
2370 5392 2573 5444 ἔκτισε
2600 5391 2698 5459 τῆς
2729 5395 2880 5445 κάτω
2906 5394 2997 5445 καὶ
3014 5394 3270 5462 χρονικῆς
3294 5395 3457 5457 αὑτοῦ
3485 5410 3607 5461 γεν-

368 5498 609 5555 tempore
636 5490 931 5543 humanum
962 5487 1248 5557 signiﬁcat.
1288 5488 1355 5539 At
1405 5487 1532 5540 illud
1560 5496 1686 5540 ante
1739 5501 1915 5541 omne:

2036 5492 2264 5554 νησεως,
2304 5486 2365 5536 τὸ
2405 5484 2462 5536 δὲ
2491 5483 2607 5554 πρὸ
2634 5482 2878 5537 πάντων
2898 5484 3149 5548 βουνών
3185 5482 3366 5553 γεννᾷ
3392 5502 3469 5553 με
3502 5486 3603 5555 τῆς

435 5670 607 5725 ‘Gen.
633 5687 787 5734 XVIII,
826 5673 846 5724 1
885 5685 1005 5739 sqq.
1084 5674 1103 5705 ³
1141 5670 1276 5724 Gen.
1312 5686 1421 5735 χιχ,
1452 5668 1542 5721 24.

1649 5666 1670 5699 ⁸
1701 5667 1815 5721 lmo
1846 5666 2000 5721 Deut.
2037 5684 2111 5732 γι,
2138 5666 2190 5719 Δ.

358 5759 485 5797 xvn.
518 5741 605 5795 47.
691 5744 708 5772 ⁷
737 5741 879 5796 Psal.
926 5736 1085 5803 is“,
1126 5741 1207 5793 10.
1290 5741 1311 5771 ⁸
1341 5741 1441 5792 lsa.
1496 5756 1568 5803 vn,
1596 5740 1650 5792 3.
1730 5741 1749 5771 '
1775 5737 1913 5794 Psal.

2024 5752 2070 5803 κ,
2120 5737 2172 5790 5.
2252 5736 2295 5767 ⁸⁸
2330 5736 2471 5793 l’sal.
2504 5752 2568 5802 ιι,
2628 5740 2680 5792 7.

2297 5665 2484 5737 ‘Psal.
2514 5682 2598 5732 ιιι,
2624 5666 2708 5720 ll-
2825 5670 2844 5699 ⁸
2866 5667 3009 5724 Psal.
3037 5685 3185 5737 ms,
3214 5670 3298 5725 Η.
3409 5671 3430 5702 ⁸
3453 5668 3617 5727 Ρεε1.“

2760 5740 2800 5771 ³¹
2832 5739 2993 5797 Prov.
3050 5757 3170 5800 vin.
3211 5743 3301 5796 25.
