4024 6208
488 344 593 407 ΞῧἹ

1720 342 2107 404 ΕΠΤΗῩΜῙΙ
2146 344 2537 417 ΖΙϐΑΒΕΝῐ⁸

3636 343 3747 407 268

483 459 638 522 dum,
666 472 791 512 eum
827 456 921 527 qui
950 455 1276 527 simpliciter
1307 454 1450 511 ﬁlius
1482 446 1575 521 sit,
1610 469 1839 526 puerum
1870 457 2068 512 nasci?

2186 458 2332 511 ιὺτοῢ
2399 458 2676 531 θεότητος,
2739 458 2835 514 καὶ
2886 456 3183 530 διαστολὴν
3241 456 3344 527 τῆς
3390 456 3585 524 ἁπλῶς
3631 458 3747 512 uio—

481 552 846 623 Quamobrem
879 562 934 606 et
970 550 1201 606 clariora
1231 551 1489 620 deinceps
1521 549 1772 619 subjecit,
1814 558 1873 603 ut
1917 549 2058 603 divi-

482 648 711 700 nitatem
763 646 909 698 illius
973 659 1029 698 et
1060 642 1425 698 differentiam
1482 642 1626 697 inter
1683 649 1885 698 cumet
1931 639 2059 695 reli-

482 754 643 808 quos.
668 736 759 806 qui
796 733 1114 804 simpliciter
1155 731 1249 785 ﬁlii
1284 740 1436 798 sunt,
1481 730 1770 787 indicaret.

785 825 1027 880 Ieremia:
1056 824 1185 896 {imo
1220 821 1430 877 Baruch
1459 837 1508 878 et
1540 823 1750 896 Isaia'].

562 923 660 975 llic
690 929 763 974 est
795 918 934 971 Deus
983 924 1156 970 noster
1186 932 1205 970 :
1232 927 1284 970 et
1348 932 1451 969 non
1513 917 1864 971 wstimabitur
1922 914 2064 969 alius

486 1016 734 1067 adversus
783 1026 901 1064 eum
960 1046 976 1061 .
1014 1007 1221 1063 Deinde
1250 1007 1441 1063 addit:
1487 1004 1613 1061 Post
1663 1008 1773 1061 haec
1810 1008 1863 1060 in
1910 1006 2066 1059 terris

486 1106 623 1157 uisus
666 1110 764 1165 est,
820 1110 869 1153 et
918 1116 1034 1153 cum
1081 1099 1376 1153 hominibus
1435 1108 1769 1153 conuersatus
1805 1109 1879 1151 est
1922 1099 1963 1150 ¹.
2001 1096 2066 1151 Et

485 1195 651 1248 Isaias
684 1210 699 1248 :
736 1190 886 1256 Ecce,
923 1191 1119 1261 inquit,
1148 1191 1287 1244 Deus
1315 1200 1507 1245 noster.
1535 1189 1657 1260 Ipse
1685 1190 1926 1256 veniet,et
1953 1187 2065 1242 sal-

487 1287 628 1339 vabit
665 1301 757 1337 nos
797 1285 842 1337 ’.
873 1281 1121 1338 Allercns
1152 1290 1332 1337 autem
1378 1282 1593 1351 signum
1645 1280 1912 1334 adventus
1944 1280 2064 1349 ejus

488 1380 542 1431 in
578 1393 742 1433 carne
772 1375 1052 1446 subjungit
1096 1391 1109 1427 :
1164 1374 1303 1427 Tunc
1355 1373 1660 1442 aperientur
1707 1371 1849 1424 oculi
1892 1386 2062 1424 ca'co-

486 1485 629 1530 rum,
668 1476 715 1520 et
773 1483 927 1519 aures
961 1470 1238 1519 surdorum
1289 1464 1526 1517 audient.
1566 1462 1706 1518 Tunc
1761 1461 1936 1523 saliet,
2003 1468 2063 1513 ut

489 1577 690 1623 cervus,
728 1559 969 1623 claudus,
999 1567 1047 1611 et
1078 1558 1277 1610 diserta
1306 1556 1405 1609 erit
1463 1554 1647 1625 lingua
1697 1554 1969 1609 bulborum
2016 1552 2058 1607 ³.

491 1657 623 1715 Quae
676 1649 894 1719 quidem
948 1647 1126 1701 omnia
1176 1662 1234 1700 re
1290 1646 1405 1714 ipsa
1466 1644 1703 1716 perfecta
1766 1647 2060 1700 humanam

491 1750 713 1788 carnem
743 1734 811 1788 ab
848 1733 939 1787 illo
977 1743 1317 1802 assumptam
1368 1732 1569 1788 indicio
1603 1734 1910 1789 certissimo
1979 1744 2063 1788 te-

492 1835 725 1879 stuntur.
771 1822 1028 1893 Idemque
1071 1839 1264 1879 rursus
1314 1823 1392 1877 ait
1443 1841 1456 1877 :
1501 1822 1622 1876 Non
1675 1824 1905 1894 legatus,
1962 1842 2064 1881 non

493 1918 731 1988 angelus,
780 1920 870 1971 sed
921 1917 1030 1986 ipse
1074 1915 1331 1969 Dominus
1385 1918 1613 1969 servavit
1660 1933 1769 1971 eos.
1838 1916 2073 1989 Legatus

495 2012 638 2066 cnim
671 2009 1140 2074 est.intercessor,
1182 2006 1355 2077 qualis
1388 2005 1489 2060 t'nit
1522 2006 1748 2078 Moyses,
1784 2016 1839 2062 et
1867 2009 1911 2063 si
1951 2009 2073 2079 quis

493 2104 632 2157 alius
667 2112 789 2171 post
813 2100 1072 2172 Moysem.
1104 2099 1182 2153 Ac
1233 2112 1331 2167 per
1388 2096 1591 2167 legatos
1638 2098 1857 2167 quidem
1912 2109 2073 2170 atque

494 2195 716 2263 angelos
759 2193 915 2247 multi
954 2204 1336 2262 saepenumero
1386 2189 1595 2247 servati
1661 2202 1813 2259 sunt,
1854 2202 1915 2247 ut
1973 2192 2072 2258 illi,

493 2303 632 2356 quos
669 2287 750 2340 vel
782 2285 989 2356 Moyses
1021 2285 1104 2340 vel
1133 2284 1292 2340 .lesus
1334 2286 1481 2342 Navc
1513 2287 1676 2352 filius,
1708 2296 1763 2341 et
1803 2286 1891 2339 alii
1934 2286 2076 2354 ejus-

497 2377 646 2432 modi
707 2384 964 2431 rexerunt
1012 2385 1069 2430 et
1118 2377 1512 2447 gubernatum.
1581 2378 1649 2432 Et
1699 2376 1791 2447 qui
1853 2376 2075 2431 fuerunt

502 2472 603 2524 sub
637 2469 889 2533 Ezechia,
961 2484 1070 2539 quo
1123 2468 1341 2539 quidem
1398 2479 1639 2541 tempore
1670 2470 1896 2541 angelus
1955 2485 2065 2524 una

495 2572 655 2619 nocte
681 2571 898 2616 centum
930 2561 1201 2632 octoginta
1239 2561 1480 2632 quinque
1513 2561 1680 2615 millia
1715 2561 2071 2632 Assyriorum

495 2654 712 2710 delevit.
768 2652 890 2707 llaec
940 2650 1185 2723 profecto
1247 2650 1342 2706 Dei
1397 2650 1892 2722 peregrinationem
1950 2650 2073 2705 cla-

498 2744 714 2799 rissime
744 2742 1105 2813 patefaciunt.

1192 2832 1373 2889 lsaiw.

571 2928 723 2981 Dabit
774 2926 1025 2980 Dominus
1076 2927 1186 2995 ipse
1243 2926 1382 2980 vobis
1428 2926 1686 2996 signant:
1726 2924 1863 2981 Ecce
1927 2928 2075 2997 uirgo

499 3020 769 3086 concipiet,
800 3029 848 3071 et
875 3020 1045 3085 pariet
1074 3018 1243 3086 ﬁlium
1276 3018 1313 3072 ⁸.
1353 3016 1545 3074 Omnis
1595 3018 1764 3083 enim,
1811 3036 1932 3090 qua:
1992 3019 2077 3075 ie-

499 3127 614 3165 tum
677 3109 733 3163 in
790 3119 946 3164 utero
980 3112 1137 3178 gerit,
1184 3125 1293 3164 non
1348 3120 1431 3166 est
1479 3111 1653 3182 virgo.
1704 3111 1831 3169 Haec
1891 3123 2144 3199 autemc

496 3202 664 3256 fetum
697 3201 749 3255 in
790 3210 941 3255 utero
972 3215 1165 3271 gerens
1204 3201 1307 3253 crit
1363 3201 1534 3271 virgo.
1565 3202 1719 3268 Quod
1752 3203 1970 3273 quidem
2005 3214 2066 3259 ut

496 3292 817 3348 admirabile
846 3294 1219 3348 testimonium
1243 3303 1405 3364 atque
1426 3294 1687 3351 indicium
1719 3298 2064 3367 praponitur.

1106 3383 1376 3453 Ejusdem.

568 3483 858 3548 Antequam
886 3477 1017 3531 sciat
1064 3494 1193 3547 puer
1244 3476 1458 3541 bonum,
1489 3487 1581 3532 aut
1617 3495 1841 3544 mantnt,
1890 3495 2059 3549 repro-

502 3571 591 3625 bat
617 3571 877 3623 malitiam
926 3580 981 3622 ut
1012 3568 1171 3638 eligat
1206 3555 1455 3624 bonum".
1492 3570 1721 3625 Cuinam
1758 3587 1929 3642 puero
1961 3572 2073 3627 haec

501 3666 647 3719 dices
674 3662 1007 3718 convenire?
1042 3660 1199 3716 Solus
1228 3662 1480 3717 Christus
1520 3671 1803 3733 peccatum
1851 3664 2070 3734 (inquit)

500 3773 607 3811 non
641 3757 792 3824 fecit,
816 3772 917 3811 nec
947 3756 1203 3810 inventus
1237 3763 1320 3810 est
1341 3755 1501 3811 dolus
1532 3755 1587 3810 in
1609 3771 1705 3811 ore
1726 3756 1866 3826 ejus,
1893 3755 1945 3811 id
1967 3766 2073 3821 est,

502 3865 680 3920 neque
697 3864 779 3915 re,
824 3863 1001 3919 neque
1046 3848 1231 3903 verbis
1282 3849 1548 3918 peccavit.
1594 3848 1840 3904 Aliorum
1894 3859 2077 3905 autem

498 3944 741 3999 omnium
768 3941 950 3997 nullus
978 3941 1197 4012 (inquit)
1229 3956 1398 4013 purus
1424 3957 1454 3996 a
1486 3941 1720 3997 macula.

1179 4118 1410 4177 Micltew.
1519 4140 1522 4144 '

577 4215 642 4267 Et
686 4223 764 4277 tu,
796 4211 1060 4265 Bethleem
1089 4221 1227 4265 terra
1263 4211 1422 4275 Iuda,
1473 4228 1801 4282 nequaquam
1856 4214 2073 4267 miniata

504 4324 555 4359 es
596 4305 647 4357 in
681 4303 1000 4373 principibus
1032 4301 1191 4355 Juda.
1220 4301 1299 4356 Ea;
1328 4312 1377 4355 te
1407 4302 1544 4355 enim
1580 4304 1702 4357 mihi
1753 4303 1912 4357 exibit
1945 4306 2072 4370 dum,

507 4396 594 4463 qui
624 4402 766 4464 regat
792 4391 1041 4463 populum
1069 4408 1234 4448 meum
1265 4391 1517 4447 [arae/em
1583 4432 1597 4445 .
1632 4392 1829 4449 Verum
1868 4402 1926 4449 ut
1973 4412 2062 4453 os-

2168 568 2353 619 τητος.

2808 811 3115 882 Ἰερεμίου.

2244 900 2431 970 Οὗτος
2456 906 2488 958 ό
2515 903 2663 967 Θεὸς
2705 903 2897 973 ἡμῶν,
2945 906 3018 958 οὐ
3055 901 3499 972 λογισθήσεται
3543 901 3760 970 ἔτερος

2173 998 2323 1065 πρὸς
2341 997 2546 1050 αὐτόν.
2566 990 2697 1047 Εἶτα
2712 996 2982 1064 ἐπήγαγε,
3000 995 3163 1048 Μετὰ
3187 993 3373 1047 ταῦτα
3394 993 3492 1045 ἐπὶ
3513 992 3625 1060 τῆς
3642 994 3761 1062 γῆς

2172 1088 2360 1157 ὤφθη,
2387 1088 2484 1140 καὶ
2512 1087 2637 1150 τοῖς
2654 1085 2985 1154 ἀνθρώποις
3001 1086 3498 1155 συνανεστράςρη.
3521 1088 3629 1137 Καὶ
3650 1087 3761 1137 πά-

2175 1186 2257 1232 λιν
2289 1183 2348 1232 ὲν
2372 1180 2546 1249 ἑτέρῳ
2574 1179 2740 1249 λόγῳο
2788 1178 2946 1233 Ἰδοὺ
2972 1181 3006 1232 ό
3034 1179 3180 1244 Θεὸς
3208 1178 3380 1247 ἡμῶν
3400 1180 3586 1243 αὐτὸς
3618 1177 3761 1243 ἣξει

2172 1270 2272 1325 καί
2303 1271 2490 1324 σώσει
2518 1262 2699 1340 ἡμᾶς.
2719 1271 2918 1334 Διδοὺς
2955 1270 3013 1322 δὲ
3037 1272 3131 1323 καὶ
3154 1272 3385 1340 σημεῖον
3423 1273 3523 1341 τῆς
3553 1265 3761 1337 ὲνᾶάρ-

2181 1382 2280 1418 κου
2301 1362 2607 1434 παρουσίας
2628 1362 2792 1415 αὐτοῦ
2812 1362 3143 1433 προσέθηκε,
3180 1365 3320 1417 Τότε
3341 1361 3762 1431 ἀναχθήσον-

2171 1473 2265 1511 ται
2286 1456 2579 1525 ὀφθαλμοὶ
2612 1453 2882 1523 τυφλῶν,
2902 1453 3001 1506 καὶ
3028 1448 3151 1508 ὦτα
3180 1451 3399 1522 κωφῶν
3435 1452 3757 1507 ἀκούσον⁶

2176 1567 2288 1603 ται.
2321 1551 2459 1603 Τότε
2477 1546 2707 1602 ὀλεῖται
2732 1546 2813 1612 ὡς
2849 1545 3079 1615 ἔλαφος
3105 1548 3138 1599 ό
3169 1546 3390 1615 χωλὸς,
3418 1544 3518 1598 καί
3557 1543 3761 1611 τρανῆ

2172 1641 2343 1696 ἕσται
2376 1638 2629 1709 γλῶσσα
2655 1637 3013 1706 μογιλάλον·
3055 1637 3202 1707 ἅπερ
3234 1638 3452 1691 ἅπαντα
3483 1637 3764 1705 γεγονότα

2175 1732 2479 1803 μαρτύριον
2499 1730 2729 1800 ἀψευδὲς
2752 1730 2853 1798 τῆς
2870 1730 3031 1783 ἑνανθ
3043 1731 3199 1799 ρωπή
3210 1746 3348 1792 seu);
3365 1727 3551 1782 αὑτοῦ.
3568 1729 3629 1780 '0
3654 1728 3767 1781 αὑ-

2172 1830 2259 1892 τὸς
2294 1829 2349 1882 δὲ
2379 1830 2473 1880 καὶ
2494 1823 2651 1888 αὖίιις
2675 1827 2916 1896 εῐρηκενο
2947 1826 3029 1877 Οὐ
3050 1823 3323 1892 πρέσσις,
3339 1824 3454 1878 οὐκ
3473 1823 3764 1893 ἅγγελος,

2172 1920 2311 1975 ἀλλ’
2340 1922 2523 1985 αὐτὸς
2549 1922 2581 1972 ὀ
2601 1919 2815 1987 Κύριος
2844 1918 3083 1971 ἔσωσεν
3100 1915 3363 1981 αὐτούς.ῖ
3385 1915 3618 1984 Πρέσὸι,
3644 1914 3767 1983 γὰρ

2173 2015 2201 2066 ὁ
2226 2013 2477 2083 μεσίτης,
2505 2005 2617 2073 οἶος
2648 2006 2715 2082 ἦν
2738 2011 2766 2062 ὁ
2788 2010 3051 2078 Μωῦσῆς,
3081 2009 3177 2061 καὶ
3198 2008 3351 2069 εἴτις
3376 2004 3498 2059 κατ’
3519 2007 3764 2058 ἐκεῖνον⁸

2175 2105 2271 2160 καί
2307 2122 2390 2158 τοι
2418 2104 2513 2158 καὶ
2545 2103 2635 2157 διὰ
2691 2103 2942 2172 μεσίτου,
3005 2102 3101 2154 καὶ
3168 2098 3237 2154 δι’
3288 2098 3525 2167 ἀγγέλου
3560 2097 3766 2151 πολλοὶ

2174 2197 2437 2260 πολλάκις
2464 2196 2772 2266 ἐσώθησαν,
2795 2193 2873 2258 ὡς
2911 2195 2962 2247 οἱ
2985 2194 3072 2247 διὰ
3095 2194 3344 2258 Μωσέως
3387 2188 3763 2261 δημαεεωγού-

2179 2309 2357 2363 μενοι,
2382 2295 2476 2343 καὶ
2531 2290 2621 2344 διὰ
2657 2287 2832 2359 Ἰησοῦ
2861 2287 2955 2341 τοῦ
2978 2287 3159 2355 Ναυῆ,
3194 2288 3293 2339 καὶ
3328 2284 3437 2338 τῶν
3467 2282 3765 2338 τοιούτων.

2174 2385 2284 2436 Καὶ
2317 2381 2497 2443 αὖθις,
2525 2380 2576 2432 οἱ
2606 2380 2737 2451 περὶ
2765 2378 2857 2431 τὸν
2898 2377 3169 2442 Ἐζεκίαν,
3227 2376 3315 2446 ἐφ’
3349 2372 3413 2430 οὗ
3468 2377 3568 2440 τὰς
3632 2393 3766 2447 ρπεο

2176 2473 2423 2544 χιλιάδας
2456 2472 2567 2525 τῶν
2611 2471 2911 2543 Ἀσσυρίων
2942 2472 2971 2524 ὁ
3001 2469 3231 2538 ἄγγελος
3252 2468 3426 2522 ἀνεῖλε
3452 2469 3552 2539 μιᾷ
3572 2469 3764 2523 νυκτί.

2177 2566 2451 2637 Πρόδηλον
2484 2560 2602 2627 οὖν,
2631 2564 2715 2617 ὅτι
2747 2563 2991 2632 φανερὰν
3030 2561 3331 2632 ἐπιδημίαν
3366 2560 3505 2614 Θεοῦ
3537 2560 3607 2613 τὰ
3645 2560 3763 2631 ρή-

2178 2673 2325 2726 ματα
2362 2654 2653 2726 μηνύουσι.

2806 2832 3078 2891 Ἡσαΐου.

2256 2925 2443 2982 Δώσει
2466 2928 2684 2995 Κύριος
2697 2925 2880 2992 αὐτὸς
2897 2926 3041 2995 ἡμῖν
3060 2925 3339 2995 σημεῖον.
3369 2925 3527 2984 Ἰδοὺ
3546 2926 3589 2995 ἡ
3602 2929 3770 2997 Πιθο-

2179 3019 2352 3086 θένος
2372 3020 2441 3074 ἐν
2461 3020 2673 3089 γαστρὶ
2694 3020 2841 3086 ἔξει,
2872 3019 2973 3073 καί
3008 3018 3241 3083 τέξεται
3262 3021 3422 3076 υἱόν.
3458 3020 3622 3072 Πᾶσα
3652 3022 3766 3091 μὲν

2186 3112 2244 3164 ἐν
2269 3111 2468 3179 γαστρὶ
2487 3110 2706 3180 ἔχουσα,
2732 3110 2832 3162 οὐκ
2863 3108 2980 3163 ἐστι
3029 3107 3323 3181 παρθένος.
3361 3108 3511 3180 Αὕτη
3565 3108 3625 3162 δὲ
3694 3112 3764 3163 ἐν

2177 3202 2378 3270 γαστρὶ
2413 3201 2635 3272 ἔχουσα,
2672 3200 2944 3272 παρθένος
2976 3197 3066 3273 ἦν.
3092 3204 3184 3255 Διδ
3208 3202 3305 3255 καὶ
3365 3201 3440 3266 ὡς
3498 3201 3753 3271 παράδο-

2179 3293 2269 3358 ξον
2310 3296 2392 3358 είς
2422 3298 2650 3365 σημεῖον
2674 3294 2907 3348 δέδοται.

2814 3387 2925 3440 Τοῦ
2961 3385 3177 3443 αὐτοῦ.

2252 3475 2398 3546 Πρὶν
2414 3476 2452 3545 ἣ
2476 3473 2696 3545 γνῶναι
2714 3477 2780 3531 τὸ
2797 3477 3039 3531 παιδίον
3052 3478 3281 3549 ἀγαθὸν
3298 3479 3337 3549 ἢ
3356 3482 3570 3546 κακὸν,
3586 3482 3766 3537 ἀπεεο
3786 3469 3801 3474 ’

2188 3568 2281 3625 θεῖ
2301 3573 2558 3637 πονηρίᾳ
2587 3564 2694 3624 τοῦ
2720 3569 3088 3633 ἐκλέξασθαι
3116 3571 3183 3625 τὸ
3208 3570 3457 3640 ἀγαθόν.
3513 3575 3660 3644 Ποίῳ
3701 3576 3764 3629 δὲ

2185 3660 2339 3714 παιδὶ
2378 3660 2553 3715 ταῦτα
2578 3662 2990 3731 προσαρμόσεις
3025 3664 3244 3730 ;Μόνος
3268 3665 3375 3735 γὰρ
3436 3668 3464 3719 ὁ
3512 3667 3764 3735 Χριστὸς

2183 3750 2484 3821 ἁμαρτίαν,
2516 3754 2706 3820 φησιν,
2735 3754 2836 3805 οὐκ
2863 3754 3141 3824 ἐποίησεν,
3207 3755 3333 3809 οὐδὲ
3376 3756 3578 3826 εὑρέθη
3601 3758 3763 3819 δόλος

2182 3840 2240 3891 ὲν
2276 3840 2355 3909 τῷ
2395 3840 2629 3909 στόματι
2670 3841 2857 3907 αὑτοῦ,
2905 3843 3183 3897 τουτέστιν
3216 3843 3342 3899 οὕτε
3405 3846 3571 3917 λόγῳ,
3625 3848 3762 3902 οὔτε

2182 3928 2329 4001 ἔργῳ
2360 3930 2672 4002 ⁴ἡμάρτηκε.
2705 3930 2827 3987 Τῶν
2849 3932 3026 3988 ἄλλων
3045 3934 3102 3987 δὲ
3128 3934 3344 3990 πάντων
3368 3936 3562 4003 οὐδεῖς,
3594 3939 3763 4009 φησι,

2184 4022 2422 4093 καθαρὸς
2451 4022 2561 4076 ἀπὸ
2591 4024 2789 4094 ῥύπου.

2854 4118 3134 4187 Μιχαίου.

2253 4204 2363 4259 Καὶ
2392 4205 2784 4278 σὺ,Βηθλεὲμ
2806 4208 2882 4279 γῆ
2914 4209 3134 4277 Ἰούδα,
3160 4211 3438 4282 οὐδαμῶς
3453 4213 3764 4286 ἐλαχίστη

2183 4293 2320 4353 εἷέν
2342 4300 2466 4366 τοῖς
2510 4300 2808 4371 ἡγεμόσιν
2842 4303 3049 4359 Ἰούδα.
3082 4304 3183 4359 Ἐκ
3205 4306 3326 4361 σοῦ
3370 4307 3481 4377 γάρ
3505 4309 3767 4378 posses-

2182 4391 2464 4444 λεύσεται
2486 4393 2838 4463 ἡγούμενος,
2857 4394 3026 4462 ὅστις
3049 4397 3330 4460 ποιμανεῖ
3344 4400 3449 4453 τὸν
3468 4402 3623 4454 λαόν
3635 4420 3766 4470 μου

506 4487 754 4541 tenderet
779 4486 920 4539 inme
954 4500 1060 4539 non
1089 4500 1210 4540 esse
1243 4484 1518 4539 hominem
1553 4486 1756 4541 nudum
1793 4499 1847 4541 et
1874 4490 2071 4551 solum,

2186 4484 2284 4532 τζν
2313 4480 2581 4548 Ἰσραήλ.
2619 4483 2737 4536 Ἵνα
2768 4484 2824 4537 δὲ
2849 4484 3060 4555 διδάξῃ,
3083 4487 3277 4541 ὅτιούκ
3300 4488 3446 4541 ἐστιν
3468 4490 3767 4561 ἄνθρωπος

503 4578 598 4632 sed
632 4593 753 4631 cum
788 4575 897 4630 Deo
932 4578 1307 4645 conjunctum,
1330 4576 1528 4647 adjecit
1559 4593 1573 4631 :
1609 4578 1799 4632 Emittis
1853 4580 1968 4648 ejus
2013 4581 2079 4633 ab

502 4671 676 4734 initio,
712 4686 744 4722 a
796 4668 977 4722 diebus
1006 4669 1190 4723 swculi
1220 4670 1260 4722 “.
1291 4669 1567 4734 Actiones,
1619 4669 1816 4736 inquit,
1845 4670 1963 4739 ejus
2010 4670 2077 4725 ad

504 4762 841 4817 divinitatem
892 4762 1249 4831 pertinentes,
1302 4760 1382 4815 vel
1416 4770 1569 4814 ortus
1607 4761 1745 4831 ejus,
1795 4760 1862 4815 ab
1902 4762 2078 4825 initio,

503 4870 566 4910 ex
600 4855 781 4910 saeculi
830 4854 1136 4917 intervallo,
1176 4855 1277 4908 hoc
1304 4862 1409 4913 est.
1452 4854 1521 4907 ab
1570 4856 1719 4907 omni
1747 4854 2073 4907 mtcrnitate.

507 4947 807 5004 Zorobabel
844 4956 1024 5001 autem
1058 4946 1327 5017 Babylone
1378 4955 1538 5000 natus
1581 4956 1684 5002 est.
1714 4945 1873 5001 Vides
1898 4945 2084 5016 exqui-

505 5042 763 5096 sitissime
783 5041 1105 5095 subductam
1143 5042 1406 5094 rationem
1439 5040 1506 5093 ad
1542 5040 1720 5094 locum
1757 5041 1960 5110 usque,
2027 5041 2080 5092 in

511 5147 617 5199 quo
649 5142 807 5185 natus
836 5138 919 5183 est
948 5128 1219 5183 Christus.

1210 5305 1420 5362 Daniel.

581 5396 819 5450 Videbam
863 5398 917 5450 in
946 5397 1145 5451 visione
1199 5400 1384 5459 noctis,
1438 5409 1485 5453 et
1519 5416 1632 5455 ecce
1690 5417 1806 5454 cum
1858 5400 2077 5455 nubibus

506 5489 617 5540 ειειὶ
651 5488 805 5556 quasi
831 5487 974 5557 ﬁlius
1004 5488 1232 5542 hominis
1265 5490 1519 5554 veniebat,
1570 5502 1617 5545 et
1681 5493 1749 5545 ad
1788 5492 2074 5561 Antiquam

508 5578 710 5631 nierum
752 5581 992 5646 accessit,
1048 5589 1098 5633 et
1153 5581 1222 5633 ad
1287 5580 1398 5648 ejus
1451 5593 1774 5651 conspectum
1822 5587 2076 5637 adductus

580 5762 599 5791 ⁶
633 5762 751 5812 Bar.
795 5774 875 5821 tn,
911 5761 965 5822 6,
1012 5763 1097 5817 '58.
1177 5767 1195 5796 '
1228 5765 1329 5819 lsa.
1368 5783 1526 5840 xxxv,
1558 5768 1606 5820 ί.
1692 5769 1707 5796 ³
1739 5769 1868 5822 ibid.
1903 5770 1956 5833 5,
1995 5770 2043 5823 6.

2182 4573 2338 4639 ψιλὸς
2364 4590 2543 4640 οοτος,
2612 4575 2728 4628 ἀλλ’
2768 4578 3044 4647 ἡνωμένος
3092 4579 3235 4649 Θεῷ,
3292 4582 3661 4653 προσέθηκεν,
3693 4588 3767 4639 Al

2186 4664 2390 4729 ἔξοδοι
2415 4666 2605 4721 αὑτοῦ
2635 4666 2738 4723 ἀπ’
2758 4669 2953 4737 ἀρχῆς
2980 4670 3082 4739 ἀφ’
3108 4670 3347 4741 ἡμερῶν
3391 4672 3611 4739 αἰῶνος
3639 4692 3655 4707 ·
3701 4678 3766 4727 αἱ

2186 4757 2329 4811 κατὰ
2356 4757 2457 4830 τὴν
2476 4759 2730 4829 δεότητα,
2768 4765 2956 4832 φησιν,
2984 4764 3259 4832 ἐνέργειαι
3293 4764 3485 4830 αὐτοῦ,
3513 4765 3547 4835 ἢ
3570 4767 3604 4835 ἡ
3628 4766 3765 4834 γέν-

2187 4867 2341 4919 νησις
2369 4852 2535 4906 αὐτοῦ
2565 4854 2662 4907 ἀπ’
2702 4856 2876 4925 ἀρχῆς
2906 4858 2996 4927 ⁷ὲκ
3054 4857 3446 4927 διαστημάτων
3534 4860 3765 4923 αἰῶνος,

2188 4943 2355 5011 ἤγουν
2390 4945 2623 5004 αίώνιοι.
2662 4948 2720 5001 Ὀ
2737 4948 2793 5000 δὲ
2821 4948 3129 5019 Ζοροϐάϐελ
3157 4952 3214 5001 ὲν
3241 4950 3526 5004 Βαϐυλῶνι
3566 4954 3766 5020 γεγέν-

2188 5052 2371 5102 νηται.
2418 5036 2581 5107 Ὁρᾷς
2612 5036 2999 5106 ἀκριϐολογίαν
3021 5040 3187 5109 μέχρι
3213 5039 3309 5093 καὶ
3361 5039 3457 5094 τοῦ
3481 5041 3674 5108 τόπου,
3692 5033 3765 5093 οὗ

2188 5126 2216 5176 ὁ
2239 5124 2471 5195 Χριστὸς
2529 5128 2852 5196 γεγέννηται
2879 5144 2895 5193 ;

2840 5315 3082 5367 Δανιὴλ.

2840 5315 2980 5366 Δανι
3022 5315 3082 5367 .l.

2270 5400 2592 5469 Ἐθεώρουν
2608 5403 2677 5456 ἐν
2694 5403 2942 5473 ὁράματι
2962 5312 3060 5474 ττέἷς
3085 5407 3333 5473 νυκτὸς,
3345 5408 3450 5463 καὶ
3470 5408 3600 5463 ιδοὺ
3606 5411 3766 5479 μετὰ

2184 5491 2302 5545 τῶν
2332 5493 2605 5562 νεφελῶν
2644 5495 2753 5550 τοῦ
2788 5498 3069 5566 οὐρανοῦ,
3098 5500 3241 5554 ὡσεὶ
3276 5502 3409 5569 υἱὸς
3440 5504 3764 5571 ἀνθρώπου

2187 5589 2511 5657 ἐρχόμενος
2536 5586 2634 5660 ἦν.
2664 5592 2771 5647 Kal
2800 5593 2910 5659 ἕως
2942 5595 3046 5650 τοῦ
3078 5598 3349 5654 Παλαιοῦ
3377 5599 3497 5655 τῶν
3520 5601 3766 5671 ἡμείῶν

2162 5776 2179 5800 ⁸
2212 5770 2310 5825 lsu.
2354 5790 2450 5837 \‘tt,
2486 5775 2566 5829 li.
2646 5779 2664 5809 ³
2722 5777 2851 5833 ibid.
2893 5780 2972 5835 i3.
3057 5783 3075 5814 ⁸
3106 5784 3265 5841 Nich.
3311 5805 3358 5846 v.
3416 5788 3471 5843 2.
