3994 6204
440 246 550 307 9.79

1683 264 2069 321 EUTHYMH
2116 266 2288 325 ZIGA
2304 270 2484 328 BENI

3596 285 3712 349 '23?)

434 357 582 426 quod
610 357 726 427 ipse
754 358 993 416 victimis
1037 363 1372 431 placaretur,
1418 367 1515 420 sed
1563 369 1687 436 quia
1721 368 2012 423 Judaeorun

2141 371 2354 437 Oétnae,
2372 379 2495 448 περὶ
2514 379 2754 445 τούτων,
2784 382 2917 436 ἀλλὰ
2944 385 3063 446 ταῖς
3087 384 3402 451 ἀσθενείαις
3432 388 3539 442 τῶν
3580 390 3717 444 Ἰουο

435 456 697 521 tanquam
746 453 1039 510 infantium
1106 458 1415 527 indulgeret
1474 461 1861 529 imbecillitati,
1929 480 2026 532 per

436 542 626 598 Isaiam
665 547 906 601 ostendit
956 564 970 601 :
1025 548 1144 602 Non
1190 561 1286 610 est,
1329 550 1528 619 inquit,
1588 555 1716 609 mihi
1781 556 2024 611 voluntas

433 638 489 689 in
514 639 681 694 vobis.
712 638 908 693 Plenus
934 657 1072 695 sum.
1102 640 1428 697 Ilolocausta
1456 646 1711 713 arietum,
1739 658 1785 702 et
1817 650 2025 717 adipem

434 742 787 799 agnorum,et
823 733 1135 802 sanguinem
1168 744 1468 805 taurorum,
1495 749 1545 793 et
1583 740 1849 795 hircorum
1880 742 2022 795 nolo.

433 822 563 885 Quis
618 826 756 877 enim
813 825 1096 892 exquisivit
1153 828 1317 884 [tace
1379 834 1625 888 manibus
1701 834 2023 890 vestris?Si

432 917 731 972 obtuleritis
782 919 1070 990 siliginem,
1115 924 1275 978 inane
1326 928 1696 995 suﬁimentum,
1746 931 2020 999 fastidium

430 1008 562 1062 mihi
590 1019 664 1063 est
696 1010 733 1067 ⁸.
776 1011 845 1066 Ει
878 1027 1102 1069 rursum
1139 1032 1152 1067 :
1193 1016 1313 1071 Non
1341 1019 1612 1074 honorasti
1663 1038 1767 1087 me,
1824 1023 2020 1093 inquit,

429 1100 660 1154 victimis
697 1118 790 1156 nec
818 1105 971 1159 donis
1000 1109 1209 1161 serviin
1240 1111 1368 1164 mihi
1402 1152 1415 1165 .
1453 1111 1517 1166 Et
1548 1127 1649 1182 per
1678 1114 1969 1171 Jeremiam
2004 1133 2017 1167 :

430 1189 560 1256 Cur,
622 1194 820 1263 inquit,
867 1199 986 1252 thus
1040 1218 1067 1253 e
1129 1199 1274 1255 Saba
1323 1202 1599 1271 fertis‘let
1627 1207 2020 1260 cinnamomum

428 1300 493 1337 ex.
532 1293 675 1340 terra
712 1288 999 1359 longinqua
1026 1292 1090 1359 'j?
1130 1290 1197 1347 Et
1237 1309 1456 1348 rursum
1490 1313 1502 1348 :
1560 1294 1889 1351 llolocausta
1935 1316 2020 1353 ve-

426 1387 559 1441 stra,
600 1378 797 1448 inquit.
866 1399 969 1436 non
1008 1385 1320 1451 placuerunt
1372 1388 1498 1440 milii
1556 1428 1569 1441 .
1616 1389 1685 1444 Et
1752 1406 2016 1446 rursum:

428 1468 751 1525 llolocausta
789 1486 959 1527 vestra
1020 1493 1139 1530 cum
1196 1478 1418 1533 victimis
1458 1482 1643 1534 vestris
1677 1482 1788 1536 odit
1836 1483 2019 1536 anima

427 1579 565 1615 mea.
617 1564 698 1619 Ad
752 1564 915 1620 haec:
964 1563 1086 1620 Non
1135 1569 1339 1622 loculus
1393 1586 1538 1638 sum,
1599 1571 1798 1641 inquit,
1852 1574 2019 1641 patri—

425 1658 519 1709 bus
550 1658 733 1709 restria
759 1658 823 1711 de
854 1659 1100 1725 victimis,
1136 1663 1321 1730 'neque
1376 1663 1440 1716 de
1492 1664 1820 1719 Italacaustis
1865 1682 2018 1721 man-

424 1749 547 1801 davi
586 1750 715 1802 illis.
750 1749 885 1803 Nam
919 1751 963 1805 si
996 1752 1113 1807 haec
1168 1754 1582 1824 exquisivisset,
1629 1768 1872 1824 veteres,
1918 1763 2012 1830 qui

428 1846 559 1891 ante
601 1839 724 1893 illos
782 1840 1005 1896 fuerunt
1048 1843 1315 1910 illustres,
1364 1847 1573 1915 primos
1620 1848 1685 1904 ad
1744 1849 1833 1904 illa
1866 1866 2016 1905 com-

424 1930 680 1997 pulisset.
726 1930 883 1987 Nunc
925 1943 1109 1989 autem
1151 1952 1274 2007 qua:
1322 1940 1389 1993 ad
1445 1950 1663 2009 tempus
1717 1948 2013 2012 concessit,

421 2037 618 2076 rursus
667 2023 916 2093 abrogat.
962 2025 1070 2081 Per
1122 2028 1384 2085 Davidem
1428 2033 1596 2098 enim,
1656 2032 1781 2088 Non
1848 2041 2017 2094 susci-

420 2116 593 2182 piam,
656 2116 858 2187 inquit,
910 2120 975 2173 de
1024 2121 1182 2176 domo
1255 2132 1347 2177 tua
1427 2127 1642 2190 vitulos,
1725 2146 1885 2200 neque
1956 2135 2017 2187 de

425 2207 670 2277 gregibus
705 2210 810 2261 tuis
833 2210 1033 2273 hircos;
1050 2223 1127 2271 et,
1165 2211 1442 2285 Numquid
1480 2222 1809 2274 manducabo
1837 2239 2017 2277 carnes

421 2308 723 2363 taurorum,
798 2310 892 2354 aut
935 2306 1249 2373 sanguinem
1292 2308 1562 2363 hircorum
1622 2314 1814 2379 potabo
1846 2316 1917 2368 '1’
1961 2329 2018 2372 et

419 2391 593 2446 multa
625 2393 921 2462 ejusmodi.
990 2398 1201 2453 Deinde
1242 2402 1574 2460 sacrificium
1620 2411 1819 2464 rationi
1884 2428 2017 2466 crn-

420 2498 629 2553 gruens
670 2485 979 2544 introducit
1007 2507 1019 2542 :
1049 2491 1777 2568 Misericordiam,inquiens.
1802 2502 1937 2567 υοίο,
1970 2516 2016 2557 et

421 2591 529 2629 non
577 2580 923 2647 sacriﬁcium.
972 2583 1028 2634 Et
1077 2584 1263 2640 :Ecce
1317 2592 1797 2656 prastat‘obedire,
1858 2614 2019 2663 quam

420 2670 723 2726 immolare.
763 2671 829 2725 Et
863 2690 876 2727 :
910 2675 1241 2745 Sacriﬁcium
1277 2680 1457 2734 laudis
1507 2683 1874 2753 honori/icabit
1916 2706 2013 2743 me.

428 2758 499 2813 Et
532 2778 543 2812 :
596 2760 957 2833 Magniﬁcabo
996 2781 1187 2822 nomen
1219 2769 1315 2824 Dei
1352 2774 1455 2826 mei
1507 2790 1623 2828 cum
1654 2776 1834 2831 laude“
1862 2818 1874 2830 .
1913 2781 2013 2838 Et:

426 2853 673 2910 Placebit
699 2857 805 2911 Deo
835 2877 993 2931 super
1030 2861 1250 2917 vitulum
1315 2883 1507 2920 novum
1530 2869 1550 2900 ⁴
1588 2908 1599 2921 .
1646 2870 1708 2923 Ει
1743 2888 1757 2923 :
1796 2872 2016 2944 Sacriﬁ-

422 2948 563 3001 cium
592 2949 697 3004 Deo
722 2954 940 3021 spiritus
971 2959 1357 3011 contribulatus
1382 2960 1423 3013 ⁸.
1452 2958 1517 3014 Et
1554 2978 1569 3017 :
1603 2960 1936 3032 Sacri/icium
1970 2978 2017 3021 et

2131 467 2296 522 δαίων
2321 472 2396 531 ὡς
2420 470 2631 540 νηπίων
2656 474 2735 527 ἔτι
2758 477 3210 541 συγκαταϐαίνων
3233 479 3473 548 ἐδήλωσε
3497 483 3594 551 μὲν
3618 485 3729 536 καῖ

2129 559 2217 612 διὰ
2253 562 2478 614 Ἡσαΐου
2504 564 2702 631 λέγων,
2749 568 2871 620 Οὐκ
2902 570 3035 621 ἐστι
3070 587 3173 637 μοι
3195 568 3428 639 θέλημα
3448 573 3520 625 ἐν
3540 574 3714 642 ὑμῖν.

2128 653 2375 721 Πλήρης
2394 656 2531 723 είμί,
2567 660 3039 726 ὁλοκαυτώματα
3055 662 3260 729 κριῶν,
3282 664 3378 716 καί
3403 664 3590 731 στέαρ
3613 667 3719 732 ἀρ-

2126 745 2269 810 νῶν,
2286 748 2383 800 καί
2401 744 2547 818 αᾶια
2566 752 2800 819 ταύρων
2820 752 2918 805 καί
2938 752 3170 822 τράγων
3190 755 3261 807 οὺ
3275 755 3603 824 βούλομαι.
3618 760 3719 823 Τίς

2126 840 2238 905 γὰρ
2273 839 2467 894 ταῦτα
2486 840 2850 911 ἐξεζήτησεν
2872 848 2941 897 ἐκ
2973 845 3089 899 τῶν
3122 846 3336 915 χειρῶν
3374 846 3576 916 optim;
3604 851 3714 903 Kal

2125 930 2235 984 ἐὰν
2257 934 2640 1003 προσφέρητέ
2651 954 2753 1005 μοι
2771 937 3120 1008 σεμίδαλιν,
3141 939 3404 1008 μάταιον
3419 943 3717 1011 θυμίαμα,

2119 1022 2445 1092 ,βδέλυγμὰ
2464 1026 2569 1094 μοί
2601 1026 2754 1082 ἐστι.
2803 1029 2913 1081 Kal
2964 1028 3144 1091 αὖθις,
3173 1031 3296 1083 Οὐκ
3319 1028 3720 1098 ἐδόξασὰςμε

2122 1116 2192 1168 ἐν
2209 1117 2472 1181 θυσίαις,
2489 1117 2634 1171 οὐδὲ
2647 1118 3023 1185 ἐδούλευσάς
3036 1138 3136 1188 μοι
3156 1120 3476 1189 ἐνὸὠροις.
3497 1124 3606 1176 Kal
3621 1124 3719 1177 διὰ

2134 1204 2422 1277 Ἰερεμίου’
2458 1207 2585 1260 Ἵνα
2611 1209 2667 1260 τί
2680 1225 2784 1277 μοι
2804 1210 3064 1262 λίϐανον
3085 1210 3152 1262 ἐκ
3174 1210 3333 1265 Σαϐᾶ
3346 1213 3579 1299 ἐφέρετε,
3610 1213 3719 1267 καὶ

2123 1296 2470 1367 κινάμωμον
2493 1299 2562 1352 ἐκ
2597 1298 2712 1367 γῆς
2744 1303 3057 1369 μακρόθεν
3069 1317 3091 1365 ;
3122 1302 3198 1354 Τὰ
3234 1296 3721 1374 ὁλοκαυτώματα

2120 1388 2291 1458 ὑμῶν
2309 1392 2422 1458 οὐχ
2440 1389 2682 1457 ἧδυναν
2695 1408 2792 1460 με.
2816 1393 2925 1446 Kal
2936 1392 3122 1455 πάλιν,
3145 1393 3221 1448 Τὰ
3239 1395 3723 1464 ὁλοκαυτώματα

2121 1481 2290 1552 ὑμῶν
2308 1485 2461 1551 μετὰ
2484 1481 2606 1537 τῶν
2634 1484 2866 1540 θυσιῶν
2888 1485 3059 1554 ὑμῶν
3089 1487 3436 1556 μεμίσηκεν
3470 1489 3506 1554 ἠ
3534 1492 3721 1557 ψυχή

2116 1594 2257 1645 μου.
2275 1577 2387 1629 Kal
2407 1576 2547 1645 πρὸς
2564 1576 2799 1640 τούτοις.
2816 1578 2941 1632 οὐκ
2956 1577 3241 1645 ἐλάλησα
3261 1581 3414 1647 πρὸς
3436 1581 3581 1648 τοὺς
3600 1596 3723 1635 πα-

2050 1713 2094 1771 B
2121 1668 2299 1739 τέρας
2328 1668 2499 1739 ὑμῶν
2511 1669 2646 1738 περὶ
2665 1668 2915 1736 θυσιῶν,
2955 1670 3100 1724 οὐδέ
3122 1672 3260 1740 περὶ
3281 1675 3723 1743 ὁλοκαυτωμά-

2123 1777 2242 1813 των
2261 1761 2662 1831 ἐνετειλάμην
2676 1761 2907 1829 αὺτοῒς.
2932 1762 2994 1815 Ei
3017 1763 3128 1834 γὰρ
3161 1763 3337 1818 ταῦτα
3358 1763 3563 1835 ἐζήτει.
3580 1768 3724 1831 τοὺς

2118 1853 2385 1918 παλαιοὺς
2412 1854 2478 1909 ἂν
2498 1855 2626 1919 τοὺς
2658 1856 2765 1926 πρὸ
2798 1856 2981 1908 αὐτῶν
3029 1857 3355 1926 λάμψαντας
3379 1898 3393 1919 ,
3450 1861 3721 1924 πρώτους

2116 1947 2329 2017 ἤγαγεν
2371 1948 2466 2000 ἐπὶ
2500 1946 2695 2001 ταῦτα.
2743 1946 2858 2001 Νῦν
2889 1948 2948 2001 δὲ
2994 1949 3138 2002 κατὰ
3176 1949 3368 2019 καιρὸν
3400 1952 3540 2004 αὐτὰ
3576 1968 3720 2017 συγ-

2116 2039 2377 2108 χωρήσας
2409 2037 2565 2101 abiit;
2602 2038 2926 2093 ἀπελαύνει.
2961 2041 3104 2109 Φησὶ
3129 2040 3237 2111 γὰρ
3264 2043 3363 2093 καὶ
3394 2042 3483 2094 διὰ
3518 2041 3717 2103 Δαϐιδ,

2121 2134 2202 2186 Οὐ
2216 2131 2464 2199 δέξομαι
2481 2132 2548 2185 ἐκ
2564 2132 2674 2185 τοῦ
2693 2133 2865 2187 οἴκου
2887 2147 3005 2186 σου
3020 2134 3316 2202 μόσχους,
3338 2135 3481 2189 οὐδὲ
3497 2135 3567 2188 ὲκ
3586 2134 3722 2188 τῶν·

2118 2224 2411 2293 ποιμνίων
2432 2240 2549 2278 σου
2577 2224 2931 2293 χιμὰρῤους.
2966 2226 3111 2288 Καὶ,
3144 2227 3240 2292 Μὴ
3266 2226 3537 2294 primum:
3562 2227 3720 2293 χρέα

2117 2315 2376 2382 ταύρων,
2400 2316 2439 2382 ἢ
2463 2316 2606 2384 αἷμα
2625 2315 2859 2385 τράγων
2877 2316 3130 2384 πίωμοι;
3154 2317 3436 2370 καὶπολλὰ
3459 2317 3717 2374 τοιαῦτα.

2117 2398 2252 2459 Εἶτα
2272 2404 2373 2475 τὴν
2397 2404 2625 2475 λογικὴν
2645 2405 2961 2473 ἀντεισάγει
2978 2406 3260 2476 λατρείαν,
3277 2406 3721 2473 λέγων,Ἕλεον

2118 2497 2291 2561 θέλω,
2308 2498 2406 2551 καί
2423 2500 2497 2552 οὺ
2511 2498 2759 2552 θυσίαν.
2780 2498 2914 2561 Kal,
2936 2499 3132 2552 Θυσία
3146 2498 3437 2564 αίνέσεως
3453 2498 3720 2562 δοξάσει

2117 2606 2210 2660 με.
2233 2590 2362 2654 Kal,
2378 2589 2611 2643 Αίνέσω
2637 2588 2705 2642 τὸ
2727 2589 2916 2657 ὄνομα
2939 2589 3045 2643 τοῦ
3068 2589 3217 2644 θεοῦ
3232 2606 3352 2658 μου
3370 2589 3501 2658 μετ’
3518 2589 3715 2656 ᾠδῆς,

2113 2678 2438 2749 μεγαλυνῶ
2452 2680 2644 2734 αὐτὸν
2676 2680 2748 2733 ἐν
2778 2682 3028 2735 αίνέσει.
3068 2682 3201 2746 Kal,
3239 2680 3457 2749 Ἆρέσει
3477 2680 3556 2744 τῷ
3580 2680 3719 2744 Θεῷ

2119 2774 2273 2841 ὑπὲρ
2291 2774 2535 2843 μόσχον
2564 2772 2729 2828 νέον.
2772 2775 2901 2835 Kal,
2933 2777 3169 2829 Θυσίαν
3212 2776 3311 2828 καί
3350 2774 3722 2843 προσφορὰν

2120 2876 2232 2927 οὐκ
2248 2871 2585 2939 ἠθέλησας,
2611 2868 2784 2939 σῶμα
2809 2870 2877 2923 δὲ
2904 2872 3245 2937 κατηρτίσω
3263 2887 3385 2937 μοι,
3415 2868 3621 2938 δηλαδὴ
3653 2871 3721 2922 τὸ

2124 2964 2480 3028 Δεσποτικὸν,
2519 2965 2581 3017 τὸ
2637 2965 2787 3033 παρὰ
2822 2965 2932 3017 τῶν
2967 2966 3162 3035 ἱερέων
3209 2967 3471 3020 ἑκάστοτε
3502 2964 3718 3031 θυόμε-

421 3039 739 3099 oblationem
788 3048 1030 3113 noluisti,
1058 3068 1244 3119 corpus
1268 3061 1445 3105 autem
1486 3056 1790 3124 compegisti
1826 3059 1950 3111 mihi
1977 3060 2012 3122 ‘,

2129 3076 2239 3123 νον,
2272 3060 2367 3111 καὶ
2394 3059 2509 3120 τοῖς
2542 3057 2714 3123 ἀξίοις
2737 3056 3130 3128 διανεμόμενον
3161 3060 3240 3122 εἰς
3270 3046 3594 3129 μετάληψν

417 3153 622 3208 corpus
661 3141 880 3200 Domini
930 3147 1138 3217 utique,
1179 3148 1323 3217 quod
1376 3164 1404 3201 a
1455 3151 1842 3207 sacerdotibus
1897 3157 2145 3223 quotidie
2202 3155 2447 3216 oﬂ‘ertur,
2486 3164 2543 3206 et
2604 3151 2781 3224 dignis
2822 3152 3194 3219 distribuitur,
3259 3162 3316 3207 ut
3369 3152 3489 3221 ejus
3536 3150 3720 3220 parti-

418 3232 572 3302 cipes
603 3234 757 3290 fiant.

1099 3333 1373 3402 Ejusdem.

490 3418 904 3491 lnterrogentnr
966 3425 1204 3490 Hebraei,
1264 3428 1541 3496 quomodo
1630 3429 1801 3484 festos
1890 3430 2007 3485 dies

419 3512 724 3571 celebrent.
766 3517 957 3573 Nonne
997 3520 1350 3590 perSpicuum
1380 3529 1483 3585 est,
1524 3536 1638 3587 eos,
1681 3536 1805 3576 cum
1865 3523 2009 3577 cele«

420 3605 800 3675 britatisloco
851 3620 1098 3676 careant,
1147 3611 1190 3665 si
1239 3610 1567 3678 saariﬁcent,
1610 3629 1640 3666 a
1680 3613 1816 3684 legis
1865 3630 2005 3683 prae-

424 3700 633 3771 srripto
686 3703 1016 3760 discedere?
1051 3705 1185 3759 Nam
1230 3705 1275 3760 si
1334 3707 1631 3775 prephetae,
1676 3707 1767 3777 qui
1810 3708 2007 3776 captivi

428 3794 557 3849 olim
604 3793 827 3851 abducti
881 3796 1117 3865 luerent,
1179 3797 1379 3853 amissa
1446 3798 1751 3854 Jerusalem
1808 3800 2017 3853 sacriﬁ-

420 3902 551 3943 care
583 3903 692 3943 non
736 3891 1012 3947 audebant
1056 3910 1069 3945 :
1114 3892 1232 3947 Non
1296 3901 1379 3947 est
1431 3894 1601 3961 enim,
1631 3894 1907 3960 dicebant,
1955 3893 2007 3947 in

424 3983 532 4037 hoc
588 3991 837 4053 tempore
885 3984 1290 4049 holocaustum,
1345 4001 1446 4040 nec
1499 3987 1854 4046 saerilicium.
1908 4001 2009 4040 nec.

424 4075 645 4139 oblatio,
691 4092 797 4129 non
828 4077 1001 4140 locus,
1046 4088 1105 4132 ut
1132 4078 1369 4132 fructum
1420 4079 1678 4146 feramus}
1720 4094 1905 4132 coram
1932 4087 2007 4140 te,

425 4174 483 4219 et
546 4167 897 4221 inveniamus
965 4170 1423 4225 miscricordiam.
1476 4170 1619 4234 Quin
1674 4172 1838 4225 etiam
1880 4188 2002 4225 cum

423 4272 623 4311 canere
690 4271 1040 4329 cogerentur.
1076 4263 1143 4317 ab
1176 4262 1263 4326 iis,
1327 4278 1355 4316 a
1406 4262 1604 4330 quibus
1647 4266 1701 4317 in
1746 4264 2007 4318 servitute

423 4349 835 4414 detinebantur,
873 4353 1107 4423 aliquem
1144 4369 1173 4407 e
1210 4355 1439 4410 canticis
1462 4354 1618 4423 Sion,
1659 4358 2004 4424 recusabant,

2722 3332 2832 3385 Τοῦ
2858 3332 3068 3385 αὐτοῦ.

2186 3426 2624 3497 Ἐρωτάσθωσαν
2657 3425 2901 3478 Ἰουδαῖοι
2934 3426 3051 3488 πῶς
3088 3426 3410 3495 ἑορτάζουσι
3442 3428 3515 3498 μὴ
3548 3428 3711 3499 ἔχον-

2114 3537 2206 3583 τες
2239 3519 2405 3572 τόπον
2455 3519 2688 3589 ἐορτῆς;
2730 3514 2855 3588 ’Ἆρ’
2900 3517 2962 3570 οὐ
3016 3518 3306 3588 προδήλως
3344 3522 3712 3588 παρανομοῦ-

2117 3625 2238 3678 etv;
2277 3609 2338 3661 Ei
2372 3611 2480 3677 γὰρ
2512 3610 2561 3661 οί
2597 3606 3136 3678 αἰχμαλωτισθέντες
3193 3608 3363 3663 παλαι
3417 3614 3713 3679 προφῆται

2113 3702 2237 3756 οὔτε
2263 3702 2413 3757 θύειν
2438 3701 2706 3772 ἐτόλμων,
2727 3703 3148 3766 ἐκπεπτωκότες
3173 3703 3275 3772 τῆς
3309 3702 3702 3775 Ἰερουσαλήμ·

2115 3795 2230 3847 Οὐκ
2274 3794 2394 3847 ἐστι
2445 3791 2577 3862 γὰρ,
2636 3795 2825 3863 φησὶν,
2880 3795 2938 3845 ὲν
2986 3793 3065 3863 τῷ
3120 3795 3299 3862 καιρῷ
3344 3794 3522 3864 τούτῳ
3573 3797 3707 3849 οὐδὲ

2114 3882 2511 3953 ὁλοκαύτωμα,
2568 3883 2691 3936 οὐδὲ
2748 3883 2949 3945 θυσία,
3012 3883 3135 3937 οὐδὲ
3196 3884 3525 3955 προσφορὰ,
3576 3886 3711 3940 οὐδὲ

2116 3974 2408 4048 θυμίαμα.
2464 3978 2526 4030 οὐ
2572 3977 2739 4041 τόπος
2786 3975 2880 4029 τοῦ
2944 3976 3523 4045 καρπῶσαι.ὲνώπιόν
3580 3996 3707 4042 σου,

2118 4072 2211 4125 καὶ
2269 4071 2454 4139 εὑρεῖν
2514 4069 2682 4132 ἔλεος.
2736 4068 2895 4124 Ἀλλὰ
2944 4070 3036 4123 καὶ
3094 4070 3242 4141 ᾄδειν
3284 4072 3347 4125 ἐκ
3391 4072 3499 4124 τῶν
3546 4071 3709 4142 ᾠδῶν

2116 4161 2254 4216 Σιὼν
2300 4160 2739 4229 ἀναγκαζόμενοι
2790 4163 2942 4232 παρὰ
2992 4164 3102 4215 τῶν
3164 4166 3706 4235 αίχμαλωτισάντων

2115 4257 2215 4308 οὐκ
2242 4254 2547 4324 ἠνείχοντο,
2581 4252 2855 4322 λέγοντες,
2956 4256 3089 4322 Πῶς
3112 4257 3357 4326 ζὶσωμεν
3386 4259 3501 4324 τὴν
3532 4258 3712 4326 ᾠδὴν

2118 4350 2339 4417 Κυρίου
2381 4347 2479 4401 ἐπὶ
2512 4347 2623 4417 τῆς
2656 4348 3022 4418 ἀλλοτρίας;
3055 4350 3162 4402 Nal
3204 4349 3311 4420 μὴν
3341 4351 3432 4403 καὶ
3472 4350 3561 4402 διὰ
3594 4354 3713 4403 Ζα-

421 4441 671 4497 tlicentes
717 4441 1039 4508 :Quomodo
1097 4445 1430 4500 cantabimus
1472 4450 1739 4501 canticum
1798 4449 2009 4502 Domini

2121 4446 2312 4512 χορίου
2356 4446 2384 4496 ὁ
2425 4444 2558 4507 Θεὸς
2603 4443 2812 4512 ἑτέροις
2862 4441 3035 4508 ἔλεγε,
3068 4441 3165 4509 Μὴ
3207 4443 3501 4509 νηστείαν
3527 4458 3717 4509 rem-

420 4533 477 4584 in
508 4539 645 4585 terra
671 4532 845 4586 aliena
862 4535 881 4563 "
898 4534 1113 4602 ?,Atque
1134 4549 1227 4603 per
1258 4535 1580 4589 Zachariam
1607 4537 1864 4591 Dominus
1887 4538 2005 4590 aliis

422 4625 555 4680 dicit
588 4641 603 4679 :
633 4625 973 4695 Jejuniumne
1004 4628 1289 4697 jejunastis
1352 4630 1688 4699 septuaginta
1751 4620 1907 4683 a'unis
1937 4631 2005 4685 5?

422 4720 623 4788 quibus
680 4720 944 4776 nimirum
993 4721 1194 4790 captivi
1256 4723 1644 4791 premebantur
1711 4723 1999 4777 servitute.

420 4812 709 4880 Quomodo
743 4813 905 4885 igitur
952 4829 1076 4869 eum
1134 4814 1462 4870 sacriﬁcium
1540 4831 1648 4868 non
1694 4816 1784 4880 sit,
1822 4832 2000 4885 neque

418 4907 720 4969 canticum,
768 4921 946 4976 neque
972 4908 1267 4978 jejunium,
1315 4920 1368 4963 et
1400 4909 1547 4961 nulla
1606 4908 1809 4963 idcirco
1851 4911 2000 4963 cele-

416 5000 611 5065 britas,
679 4999 949 5068 siquidem
1004 5002 1184 5056 omnis
1233 5001 1472 5069 legitima
1516 5001 1804 5055 celebritas
1843 5004 2007 5057 sarrio

418 5092 544 5147 licio
571 5093 956 5163 peragebatur,
1004 5095 1209 5148 audent
1256 5095 1363 5159 isti,
1402 5094 1668 5163 jejunium
1728 5104 1821 5149 aut
1864 5095 2008 5149 diem

418 5181 620 5237 festum
689 5198 872 5254 agere,
934 5194 1029 5236 aut
1087 5177 1258 5237 ulluin
1328 5184 1553 5239 omnino
1612 5187 1817 5241 cultum
1883 5186 2002 5253 lege

401 5266 810 5342 f'praescriptum
898 5273 1181 5343 exsequi?
1250 5273 1410 5339 Quod
1468 5285 1651 5329 autem
1721 5276 2005 5346 propheta:

402 5346 601 5441 ineque
633 5362 983 5419 immolarent
1026 5364 1254 5428 Pascha,
1297 5380 1476 5434 neque
1531 5366 1676 5420 diem
1710 5366 1874 5419 alium
1929 5366 2006 5417 fe—

403 5457 567 5505 'stum
606 5453 778 5511 ullum
810 5466 1154 5529 peragerent,
1189 5471 1253 5511 ex
1292 5455 1532 5513 Danielis
1583 5459 1796 5531 jejunio
1843 5457 2004 5511 intel-

500 5634 513 5663 '
550 5634 654 5687 lsa.
698 5653 734 5696 ι.
784 5639 1003 5704 passim.

425 5705 605 5762 ‘Psal.
640 5722 823 5771 XXXIX,
878 5709 928 5760 7.

1120 5640 1283 5694 'Jer.
1342 5656 1413 5704 \‘l,
1471 5640 1555 5693 20.

1007 5712 1024 5740 ⁷
1060 5711 1200 5765 l‘sal.
1239 5727 1458 5777 cum,
1498 5711 1551 5765 4.

1667 5642 1684 5672 ³
1742 5640 1886 5694 Psal.
1956 5657 2100 5704 κως,
2155 5641 2203 5702 ἵ),
2278 5639 2354 5691 l5.

1631 5712 1648 5742 ⁸
1682 5711 1853 5766 Zach.
1890 5727 1983 5775 vn,

2119 4537 2413 4590 στεύκατέ
2437 4555 2537 4606 μοι
2564 4536 2669 4603 ἔτη
2712 4533 3153 4603 ἐϐδομήκοντα;
3200 4534 3441 4603 δηλονότι
3490 4533 3556 4585 τὰ
3605 4535 3716 4600 τῆς

2120 4631 2518 4699 αἰχμαλωσίας.
2545 4631 2719 4683 Ὅπου
2752 4629 2807 4681 δὲ
2843 4627 3004 4681 ουσία
3030 4630 3131 4680 οὐκ
3162 4623 3250 4699 ἧν,
3280 4627 3398 4681 οὐδὲ
3423 4627 3551 4697 ᾠδὴ,
3574 4628 3708 4679 οὐδὲ

2118 4723 2341 4791 νηστεία
2385 4724 2625 4785 πάντως,
2672 4721 2790 4773 οὐδὲ
2826 4721 3027 4788 ἑορτήο
3070 4721 3225 4772 πᾶσαν
3265 4720 3373 4790 γὰρ
3418 4720 3581 4790 ἑορτὴ
3615 4738 3712 4771 νο-

2120 4814 2255 4883 μικὴ
2307 4814 2396 4867 διὰ
2442 4812 2632 4877 θυσίας
2682 4814 3029 4866 ὲπετεὶεῖτο·
3068 4813 3184 4876 πῶς
3233 4813 3505 4882 τολμῶσιν
3554 4805 3716 4864 οὗτοι

2115 4906 2491 4977 vna-ratis:qu
2542 4906 2844 4976 ἑορτάζειν,
2890 4905 2921 4974 ἢ
2977 4905 3114 4967 ὅλως
3150 4906 3383 4975 νομικὴν
3440 4923 3558 4955 τινα
3615 4906 3716 4954 λα-

2112 4998 2302 5067 τρείαν
2355 4998 2657 5057 ἐπιτελεῖνε
2706 5000 2829 5051 ’Ότι
2895 4999 2951 5051 δὲ
3006 4998 3056 5049 οἱ
3121 4998 3403 5068 προφῆται
3464 4996 3588 5048 οὐδὲ
3649 5000 3715 5047 τὸ

2119 5090 2310 5161 Πάσχα
2354 5092 2530 5153 ἔθυον,
2592 5092 2701 5144 036'
2743 5090 2910 5159 ἄλλην
2970 5089 3161 5160 ἑορτὴν
3200 5091 3259 5141 ἐν
3314 5088 3573 5157 ἀλλοτρίᾳ
3608 5091 3711 5156 γῇ,

2114 5184 2272 5254 δῆλον
2301 5188 2392 5236 ml
2417 5186 2524 5237 ἀπὸ
2554 5185 2656 5253 τῆς
2685 5186 2945 5254 νηστείας
2976 5184 3069 5235 τοῦ
3107 5183 3328 5252 Δανιήλ.
3366 5180 3714 5249 Ἀρξάμενος

2117 5277 2226 5345 γὰρ
2264 5277 2374 5327 ἀπὸ
2432 5276 2533 5343 τῆς
2572 5278 2763 5344 τρίτης
2827 5277 3041 5345 ἡμέρας
3099 5275 3194 5328 τοῦ
3256 5275 3475 5345 πρώτου
3508 5274 3709 5343 μηνὸς,

2117 5369 2411 5439 ὲνήστευσε
2471 5370 2622 5439 τρεῖς
2669 5368 2971 5435 ἑϐδομάδας
3014 5369 3142 5437 ἄχρι
3190 5366 3292 5436 τῆς
3321 5368 3576 5436 εἰκοστῆς
3614 5385 3712 5418 τε-

2115 5460 2317 5529 τάρτης
2361 5458 2529 5513 αὑτοῦ
2564 5476 2576 5489 ο
2634 5461 2692 5510 ὲν
2729 5459 2905 5528 τούτῳ
2955 5459 3011 5511 δὲ
3053 5458 3129 5528 τῷ
3168 5458 3302 5528 μηνὶ
3346 5457 3440 5512 ναὶ
3468 5458 3503 5527 ἡ
3534 5457 3706 5529 ἑορτὴ

2468 5641 2486 5671 ⁸
2532 5640 2672 5695 l‘sal.
2714 5656 2899 5707 vam,
2940 5639 3148 5705 51,52.
3358 5640 3579 5707 Psalt,
3617 5640 3703 5693 19.
