4024 6208
470 220 579 286 283

1693 214 2080 278 EUTHYMII
2118 212 2487 277 ZIGABENI

3610 202 3721 275 284

469 348 577 394 vos,
614 339 664 386 et
681 340 914 387 statuam
945 346 1097 400 super
1116 346 1205 384 vos
1233 329 1386 385 verba
1408 344 1523 382 mea
1553 327 1708 393 bona,
1735 337 1791 381 ut
1813 337 2048 382 reverta-

2164 329 2296 382 τίαν
2323 327 2512 397 ὑμῶν,
2557 324 2655 380 καὶ
2712 322 2973 392 ἀθροίσω
3016 319 3174 390 ὑμᾶς
3219 319 3290 374 ἐκ
3335 316 3580 373 πάντων
3603 320 3728 372 τῶν

472 424 603 476 mini
648 421 706 478 in
775 422 945 476 locum
1017 422 1177 485 hunc,
1228 430 1277 475 et
1320 429 1619 474 convertam
1679 419 2041 480 captivitatem

470 521 721 576 vestram,
751 520 799 564 et
825 511 1148 581 congregabo
1170 525 1256 563 vos
1304 525 1369 563 ea:
1398 509 1639 562 omnibus
1688 506 1948 577 gentibus,
1984 508 2043 560 in

471 620 603 671 quas
626 603 843 671 dispersi
892 618 998 666 vos,
1029 601 1195 668 inquit
1230 601 1506 664 Dominus,
1535 608 1583 653 et
1610 610 1908 655 convertam
1955 614 2043 651 vos

475 694 529 746 tn
564 696 733 747 locum
760 698 896 747 unde
940 693 1236 763 demigrare
1277 708 1366 748 vos
1406 694 1502 763 feci
1566 694 1606 747 ⁸.
1643 691 1806 747 Vides
1862 690 2045 745 omnia

475 800 604 838 vere
634 792 952 838 enumerata
990 783 1229 853 iltaque
1266 783 1456 839 Daniel
1507 799 1616 838 non
1634 794 1761 838 ante
1801 797 1899 852 pro
1938 781 2047 835 illis

474 870 820 940 supplicavit,
845 885 1006 939 quam
1034 871 1376 942 septuaginta
1437 871 1590 937 anni,
1657 880 1715 924 ut
1777 871 1853 924 ait
1902 870 2045 939 ipse,

474 960 727 1028 completi
752 968 901 1025 sunt,
927 977 995 1016 ne
1028 961 1143 1032 ipse
1167 976 1384 1032 quoque
1405 962 1639 1025 audiret,
1664 962 1811 1030 quod
1855 960 2046 1014 audie-

474 1055 559 1100 rat
579 1045 843 1103 Jeremias
868 1064 883 1102 :
933 1047 1015 1102 Ne
1045 1051 1274 1104 oraveris
1295 1065 1388 1117 pro
1414 1051 1603 1117 populo
1628 1051 1723 1103 hoc
1748 1064 1910 1119 neque
1959 1064 2054 1117 po.-

473 1141 752 1195 stulaveris
800 1159 897 1211 pro
936 1144 1062 1207 illis,
1105 1145 1354 1213 quoniam
1406 1161 1512 1198 non
1563 1145 1780 1197 audiam
1814 1152 1862 1195 te
1889 1142 1933 1195 ⁸.
1962 1140 2054 1197 ,Λα

478 1229 659 1297 justus
708 1230 927 1299 quidem
977 1248 1141 1285 orans
1164 1234 1558 1290 condemnabat
1590 1248 1674 1295 se,
1708 1231 2053 1286 Peccavimus

489 1318 764 1387 inquiens,
808 1320 1003 1389 injuste
1061 1324 1283 1391 egimus,
1333 1323 1666 1392 iniquitatem
1710 1323 1947 1392 fecimus.
1984 1325 2054 1376 At

481 1410 561 1464 illi
586 1413 678 1481 qui
713 1413 979 1467 malorum
1008 1424 1167 1469 erant
1216 1416 1384 1485 pleni,
1425 1425 1617 1471 contra
1674 1430 1733 1469 se
1758 1416 2051 1486 gerebant.

479 1501 850 1568 Servavimus,
885 1507 1125 1573 aiebant,
1159 1508 1415 1561 mandata
1467 1517 1579 1560 tua.
1626 1504 1691 1561 Et
1716 1521 1862 1561 nunc
1925 1508 2053 1561 beao

483 1604 567 1647 tos
599 1594 830 1649 dicimus
848 1596 1075 1661 alienos,
1109 1606 1163 1651 ot
1184 1613 1328 1653 nunc
1367 1598 1719 1664 reaédilicant,
1756 1599 1847 1667 qui
1903 1598 2054 1653 fece-

2145 419 2354 484 ἐθνῶν,
2386 413 2457 474 οὗ
2498 416 2809 485 διέσπειρα
2850 412 3074 478 αὐτοὺς
3102 410 3248 476 ἐκεῖ,
3290 409 3448 480 φησι
3486 411 3727 477 Κύριος,

2146 514 2246 567 καὶ
2275 509 2619 577 ἐπιστρέψω
2636 507 2793 575 ὑμᾶς
2815 507 2903 571 εις
2931 506 3039 558 τὸν
3064 504 3253 575 τόπον
3280 502 3426 555 ὅθεν
3443 498 3733 565 ἁπῷκισα

2146 605 2303 674 ὑμᾶς
2339 602 2589 658 ἐκεῖθεν.
2635 596 2787 675 Εἶδες
2817 598 2996 652 πάντα
3048 594 3191 664 μετὰ
3220 591 3483 661 ἀληθείας
3523 590 3736 661 προδη-

2146 696 2386 749 λωθέντα
2411 711 2425 760 ;
2458 692 2557 745 Διὰ
2583 690 2745 744 τοῦτο
2776 688 2869 741 καὶ
2907 689 2936 740 ὁ
2969 684 3167 755 Δανιὴλ
3197 684 3260 737 οὐ
3290 685 3561 753 πρότερον
3595 682 3735 751 περὶ

2148 785 2325 840 αὐτῶν
2366 786 2663 847 ἱκέτευσεν,
2693 781 2798 843 ἕως
2835 774 2898 833 οὗ
2943 779 3014 833 τά
3060 777 3437 846 ἑϐδομήκοντα
3461 774 3557 845 ἐτη
3594 790 3733 827 συν-

2150 879 2538 948 ετελέσθησαν,
2569 876 2644 939 ῶς
2692 875 2853 937 αὐτός
2918 888 3107 943 φησιν,
3144 870 3231 923 ἵνα
3280 868 3356 937 μὴ
3388 866 3597 935 ἀκούσῃ
3633 863 3742 919 καὶ

2152 971 2335 1033 αὐτὸς,
2395 970 2530 1038 ὅπερ
2582 968 2818 1037 ηκουσεν
2882 962 3179 1033 Ἱερεμίας,
3232 960 3329 1026 Μὴ
3379 958 3742 1026 προσεύχου

2152 1059 2285 1128 ,περὶ
2315 1058 2422 1113 τοῦ
2442 1057 2596 1113 λαοῦ
2629 1057 2870 1118 τούτου,
2896 1054 2996 1107 καὶ
3028 1052 3111 1123 μὴ
3142 1052 3320 1115 ἀξίου
3344 1048 3479 1115 περὶ
3504 1046 3740 1101 αὐτῶν·

2154 1152 2244 1205 ὅτι
2301 1153 2415 1205 οὐκ
2463 1148 2903 1216 εἰσακούσομαί
2950 1162 3087 1200 σου.
3122 1144 3230 1196 Καὶ
3276 1144 3305 1195 ό
3353 1142 3455 1211 μὲν
3521 1140 3745 1200 δίκαιος

2159 1244 2600 1314 προσευχόμενος
2631 1238 2821 1292 ἑαυτὸν
2848 1235 3174 1298 κατεδίκαζε
3203 1232 3402 1299 λέγων,
3444 1230 3748 1297 Ἥμαρτο-

2152 1353 2288 1407 per,
2345 1331 2758 1402 ὴνομήσαμεν,
2817 1326 3213 1397 ἠδικήσαμεν.
3272 1325 3335 1376 Οἱ
3397 1322 3454 1375 δὲ
3515 1321 3743 1390 μυρίων

2156 1427 2420 1495 γέμοντες
2478 1422 2665 1477 κακῶν
2727 1417 3042 1473 τούναντίον
3101 1415 3321 1468 ἐποίουν
3377 1415 3691 1481 φάσκοντες
3720 1427 3737 1443 ⁸

2169 1515 2547 1585 Ἐφυλάξαμεν
2613 1513 2683 1566 τά
2764 1507 3169 1579 προστάγματα
3242 1523 3337 1559 σου
3365 1544 3380 1569 ,
3459 1503 3556 1557 καὶ
3639 1500 3751 1556 νῦν

2162 1606 2540 1677 μακαρίζομεν
2629 1603 2947 1673 ἀλλοτρίους
2973 1642 2989 1668 ,
3082 1602 3176 1654 κα)⁸
3253 1593 3747 1665 ἀνοικοδομοῦνται

481 1695 611 1739 runt
651 1687 857 1755 iniqua.
890 1686 1024 1741 Nam
1056 1698 1112 1741 ut
1140 1689 1262 1742 boui
1328 1690 1503 1743 solent
1558 1699 1678 1758 post
1717 1699 1864 1746 recte
1915 1691 2054 1744 facta

2164 1699 2206 1750 at
2268 1696 2547 1759 ποιοῦντες
2596 1696 2945 1766 ἀνομήματα.
3012 1693 3227 1761 Ὠσπερ
3272 1690 3384 1761 γάρ
3431 1692 3546 1750 τοῖς
3592 1688 3747 1755 ἀγα-

487 1779 736 1833 modeste
766 1780 835 1833 de
859 1794 917 1833 se
944 1780 1175 1839 sentire.
1212 1781 1293 1834 sic
1353 1781 1723 1850 improborum
1776 1796 1894 1835 mos
1946 1793 2053 1846 est,

485 1878 543 1923 ut
577 1880 696 1938 post
722 1870 954 1924 admissa
996 1882 1214 1939 peccata
1268 1887 1328 1926 se
1366 1872 1641 1941 jactitent.
1668 1872 1743 1927 De
1784 1873 1870 1926 illa
1929 1889 2056 1927 vero

481 1976 604 2028 qua:
639 1959 738 2013 fuit
767 1959 869 2013 sub
894 1961 1164 2014 Antiocho
1196 1961 1393 2014 lllustri
1416 1962 1649 2016 dilucide
1701 1963 1914 2016 locutus
1972 1974 2057 2017 est

488 2049 694 2109 Daniel.
723 2051 815 2119 qui
846 2052 1077 2105 arietem
1112 2052 1329 2121 quidem
1362 2054 1599 2123 appellat
1663 2054 1882 2109 Darium
1924 2055 2059 2111 Per-

485 2157 674 2194 sarum
706 2156 911 2212 regem,
947 2142 1159 2196 hircum
1216 2153 1397 2197 autem
1460 2161 1637 2213 regem
1695 2146 2054 2201 Macedonum

484 2231 882 2297 Alexandrum;
920 2246 1149 2303 quatuor
1180 2251 1305 2290 vero
1345 2236 1487 2291 illius
1527 2252 1755 2303 cornua,
1778 2253 1930 2307 reges
1966 2239 2059 2308 qui

484 2322 794 2379 Alexandro
848 2326 1108 2381 defuncto
1163 2327 1449 2397 imperium
1508 2330 1682 2397 ipsius
1736 2329 2057 2396 diviserunt,

487 2415 766 2482 posterius
806 2427 989 2471 autem
1013 2434 1186 2473 cornu
1222 2419 1394 2483 illum,
1423 2435 1585 2489 quem
1618 2421 1878 2487 diximus,
1940 2429 2050 2477 An-

491 2508 757 2564 tiochum.
786 2508 926 2563 Tum
963 2510 1249 2566 declarans
1281 2512 1772 2569 administrationis
1818 2515 2059 2573 iudaice

486 2599 846 2665 eversionem,
878 2616 1035 2670 quam
1074 2603 1163 2658 hic
1210 2602 1390 2658 intulit
1420 2620 1436 2659 :
1472 2604 1574 2658 Per
1603 2605 1794 2672 ipsum,
1861 2607 2059 2677 inquit.

486 2685 848 2745 conturbatum
882 2701 959 2746 est
988 2694 1332 2763 sacriﬁcium,
1368 2704 1417 2749 et
1472 2706 1715 2750 sanctum
1748 2698 2060 2752 vastabitur.

488 2778 560 2833 Et
583 2782 767 2836 datum
806 2793 881 2839 est
919 2796 1191 2855 peccatum
1251 2790 1304 2841 in
1357 2790 1677 2858 sacrificium
1714 2791 1757 2844 ³.
1827 2791 2063 2846 Simula-

489 2888 643 2928 crum
675 2873 820 2928 enim
869 2877 923 2929 in
948 2878 1150 2947 templo
1194 2880 1497 2946 constituit,
1528 2882 1615 2937 cui
1658 2881 1915 2937 scelestas
1964 2884 2063 2938 ho-

490 2963 627 3017 stias
657 2963 977 3021 immolavit.
1016 2966 1081 3019 Et
1107 2968 1254 3022 humi
1289 2967 1489 3036 dejecta
1546 2981 1621 3024 est
1642 2972 1874 3039 justitia.
1957 2971 2061 3027 Le-
2091 2997 2131 3052 ρ

489 3054 806 3124 gisjudicia
839 3057 1111 3128 intelligit.
1159 3060 1222 3115 Et
1271 3060 1378 3115 alio
1417 3064 1715 3133 prophetiae
1777 3079 1890 3119 suae
1946 3067 2067 3120 loco

490 3145 699 3216 longius
753 3148 868 3203 haec
898 3159 1149 3219 repetens
1177 3152 1447 3221 latiusque
1488 3155 1766 3210 declarans
1826 3172 1948 3212 cum
2001 3158 2070 3213 ad

488 3238 815 3294 Antiochum
841 3243 1198 3311 pervenisset,
1223 3244 1464 3301 addidit:
1499 3245 1722 3302 Brachia
1749 3250 2068 3319 exorientur,

490 3345 540 3383 et
599 3330 960 3399 profanabant
1001 3344 1263 3398 sanctum,
1318 3344 1365 3389 et
1400 3339 1715 3407 trans-ferent
1758 3341 2073 3395 continuati-

489 3436 661 3485 onem,
711 3423 813 3478 hoc
861 3433 945 3478 est
988 3425 1261 3482 solemnes
1307 3436 1363 3481 et
1404 3429 1747 3495 quotidianas
1798 3432 2069 3489 victimas.

493 3512 559 3565 Et
588 3514 810 3584 inferant
838 3516 890 3568 in
918 3516 1090 3584 ipsum
1134 3518 1597 3586 abominationem,
1651 3537 1845 3591 nempe
1896 3527 2069 3579 simu-

491 3604 717 3669 lacrum,
753 3614 803 3659 et
853 3606 1030 3676 gladio
1076 3618 1233 3678 atque
1276 3609 1382 3679 igni
1420 3609 1832 3667 debilitabuntur
1863 3615 2071 3685 (civita-

492 3697 562 3751 tis
584 3696 891 3752 incendium
925 3697 1194 3770 intelligit)
1228 3709 1276 3754 et
1307 3702 1634 3767 captivitate,
1671 3713 1719 3756 et
1756 3706 2068 3776 direptione.

492 3783 561 3836 Et
593 3786 824 3852 interim,
849 3786 975 3840 dum
1002 3787 1439 3857 inﬁrmabuntur,
1474 3791 1675 3847 auxilia
1717 3811 1879 3862 parvo
1915 3798 2071 3866 adju-

489 3876 749 3929 vabuutur
816 3877 1089 3944 (inducias
1150 3879 1471 3951 signiﬁcat),
1554 3883 1752 3938 deinde
1824 3902 2069 3955 causam,

486 3964 858 4019 calamitatum
881 3967 1105 4036 snbjicit
1144 3968 1237 4024 :Ut
1260 3970 1379 4038 igne
1399 3971 1453 4022 in
1488 3971 1615 4040 ipsis
1653 3973 1940 4039 probentur
1974 4017 1986 4036 ,
2022 3988 2070 4031 rt

488 4056 758 4123 eIigantur
799 4055 1009 4121 albique
1045 4057 1207 4121 ﬁant,
1244 4074 1401 4127 usque
1433 4064 1503 4114 ad
1555 4066 1799 4132 temporis
1841 4066 1997 4133 ﬁnem
2025 4068 2067 4133 ⁸,

492 4145 598 4198 hoc
632 4155 733 4209 est,
761 4152 821 4197 ut
847 4147 1145 4213 probentur
1170 4146 1348 4214 electi,
1375 4159 1431 4203 et
1484 4162 1781 4220 purgentur
1836 4156 1913 4210 illi
1974 4161 2068 4226 qui

489 4242 871 4303 peccaverunt.
910 4233 1049 4289 Tum
1085 4236 1153 4290 de
1184 4237 1469 4293 maledicto
1501 4242 1754 4298 Antiochi
1800 4248 1853 4300 in
1887 4246 2060 4303 Deum

2159 1788 2271 1850 θοῖς
2329 1786 2452 1850 ἔθος
2505 1786 2644 1856 μετά
2704 1785 2773 1838 τὰ
2828 1782 3237 1854 κατορθώματα
3291 1779 3745 1849 μετριοφρονεῖν,

2158 1877 2302 1931 οὕτω
2378 1879 2475 1931 καὶ
2546 1880 2660 1938 τοῖς
2716 1876 2979 1946 πονηροῖς
3040 1874 3179 1943 μετὰ
3234 1872 3305 1924 τὰ
3356 1871 3750 1939 ἁμαρτήματα

2160 1968 2501 2038 ἐπαίρεσθαι.
2537 1968 2672 2037 Περὶ
2699 1967 2755 2019 δὲ
2786 1968 2886 2036 τῆς
2922 1964 3201 2033 Ἀντιόχου
3249 1961 3344 2015 τοῦ
3400 1957 3750 2027 Ἐπιφανοῦς

2160 2054 2533 2123 προηγόρευσε
2567 2053 2753 2121 σαφῶς
2788 2056 2816 2105 ό
2838 2052 3061 2121 Δανιήλ.
3100 2049 3270 2120 Κριὸν
3324 2050 3428 2118 μὲν
3460 2048 3574 2118 γὰρ
3604 2048 3751 2101 ἑκά-

2158 2144 2283 2195 λεσε
2315 2143 2405 2195 τὸν
2458 2142 2679 2212 βασιλέα
2730 2142 2839 2195 τῶν
2880 2140 3110 2209 Περσῶν
3162 2141 3409 2207 Δαρεῖον,
3439 2138 3654 2207 τράγον
3688 2137 3750 2189 δὲ

2160 2238 2251 2288 τὸν
2284 2236 2509 2302 βασιλέα
2554 2234 2665 2288 τῶν
2707 2234 3035 2288 Μακεδόνων
3092 2231 3462 2298 Ἀλέξανδρον,
3493 2231 3750 2298 τέσσαρα

2160 2327 2217 2379 δὲ
2246 2325 2438 2379 τούτου
2495 2325 2726 2393 κέρατα,
2767 2323 2895 2386 τοὺς
2947 2322 3069 2392 μετ’
3124 2323 3336 2374 ἐκεῖνον
3389 2319 3749 2388 διελομένους

2160 2419 2261 2488 τὴν
2304 2418 2479 2487 ἀρχὴν
2521 2415 2689 2470 αὐτοῦ
2750 2413 3011 2485 βασιλεῖς,
3049 2413 3279 2479 ὕστερον
3328 2412 3385 2464 δὲ
3433 2410 3603 2475 κέρας
3647 2411 3751 2463 τδν

2168 2507 2456 2578 εἰρημένον
2496 2504 2791 2574 Ἀντίοχον.
2822 2505 2951 2557 Είτα
2989 2503 3169 2573 δηλῶν
3199 2502 3299 2573 τὴν
3328 2500 3396 2555 δι’
3436 2500 3608 2554 αὐτοῦ
3641 2519 3747 2555 κα-

2162 2597 2405 2667 θαίρεσιν
2432 2598 2534 2666 τῆς
2576 2595 2875 2664 Ἰουδαϊκῆς
2906 2594 3184 2654 πολιτείας
3218 2592 3353 2661 φησί
3381 2608 3394 2624 ο
3432 2591 3513 2644 Δι’
3549 2593 3752 2645 αὑτὸν

2163 2690 2347 2745 θυσία
2392 2687 2725 2756 ἐταράχθη,
2788 2685 2887 2741 καὶ
2933 2687 2999 2738 τὸ
3045 2685 3218 2753 ᾶγιον
3268 2683 3751 2752 ἐρημωθήσεται,

2163 2780 2261 2832 καὶ
2293 2778 2471 2845 ἐδόθη
2502 2778 2601 2831 ἐπὶ
2634 2779 2748 2843 τὴν
2772 2779 2998 2831 θυσίαν
3041 2775 3317 2844 ἁμαρτία.
3368 2772 3603 2826 Εἴδωλον
3637 2774 3754 2842 γὰρ

2164 2871 2221 2923 ὲν
2254 2871 2331 2941 τῷ
2359 2870 2474 2940 ναῷ
2506 2871 2736 2938 στήσας,
2770 2866 2961 2930 θυσίας
3007 2866 3213 2936 μιαρᾶς
3243 2863 3495 2916 ἐπετέλει
3522 2863 3709 2932 τούτῳ
3732 2879 3746 2892 ·

2164 2964 2275 3018 Kai
2300 2963 2509 3032 ἐρρίφη
2540 2961 2721 3031 χαμαὶ
2749 2960 3126 3025 δικαιοσύνη,
3154 2958 3222 3010 τά
3270 2953 3618 3024 δικαιώματα
3649 2955 3751 3008 τοῦ

2172 3058 2336 3125 νόμου
2389 3055 2587 3122 λέγων.
2624 3052 2735 3107 Καὶ
2785 3048 2941 3114 αὖθις
3001 3050 3130 3118 περὶ
3188 3048 3396 3101 τούτων
3438 3050 3509 3119 ¹ὲν
3566 3050 3753 3120 ἑτέρῳ

2172 3148 2322 3216 τόπῳ
2354 3151 2452 3215 τῆς
2492 3144 2828 3215 προφητείας
2870 3140 3035 3195 αὐτοῦ
3077 3141 3485 3210 διηγησάμενος
3531 3126 3753 3195 ἄνωθεν

2173 3239 2529 3308 πλατύτερον,
2562 3237 2657 3290 καλ⁹
2688 3237 2769 3297 είς
2800 3234 2894 3287 τὸν
2940 3232 3211 3303 Ἀντίοχον
3246 3220 3528 3285 κατελθὼν
3566 3248 3752 3304 προσ-

2172 3330 2386 3400 τίθησιο
2438 3330 2765 3397 Βραχίονες
2812 3323 3294 3393 ἀναστήσονται,
3325 3325 3423 3377 καὶ
3461 3325 3752 3393 βεϐηλώ-

2173 3439 2357 3478 σουσι
2379 3422 2444 3474 τὸ
2470 3421 2757 3491 ἁγιασμα,
2797 3419 2893 3472 καὶ
2916 3419 3377 3487 μεταστήσουσι
3419 3417 3529 3469 τὸν
3576 3417 3751 3471 ἑνδε-

2173 3514 2503 3583 λεχισμόν,
2558 3511 2679 3582 ἦτοι
2721 3510 2823 3573 τὰς
2869 3511 3164 3581 ὲνδελεχεῖς
3219 3517 3311 3567 καὶ
3363 3513 3751 3585 καθημερινὰς

2172 3586 2393 3669 θυσίας’
2428 3605 2527 3659 καὶ
2574 3604 2883 3659 δώσουσιν
2925 3607 3012 3669 είς
3042 3604 3234 3658 αὑτὸν
3278 3604 3620 3676 βδέλυγμα,
3648 3607 3750 3676 δη-

2172 3700 2305 3769 λαδὴ
2338 3698 2577 3761 εἴδωλον,
2604 3696 2704 3751 καὶ
2739 3696 3198 3763 ἁσθενήσουσιν
3226 3698 3296 3750 ἐν
3322 3699 3611 3767 ῥομφαίᾳ,
3645 3702 3750 3753 και

2170 3787 2240 3841 ἐν
2263 3786 2462 3855 φλογὶ,
2496 3786 2584 3839 τὸν
2618 3786 2944 3856 ἐμπρησμὸν
2968 3785 3068 3853 τῆς
3099 3785 3309 3847 πόλεως
3343 3787 3743 3855 αἰνιττόμενος

2171 3876 2271 3929 καὶ
2297 3876 2366 3929 ἐν
2396 3875 2794 3944 αἰχμαλωσίᾳ,
2827 3875 2924 3929 καὶ
2960 3876 3031 3928 ἐν
3058 3874 3383 3945 διαρπαγῇ,
3420 3878 3518 3935 καὶ
3552 3877 3624 3930 ὲν
3664 3878 3744 3944 τῷ

2170 3964 2508 4034 ἀσθενῆσαι
2552 3966 2793 4033 αὐτοὺς,
2823 3965 3240 4034 ,βοηθήσονται
3300 3968 3600 4034 ,βοήθειαν
3644 3988 3748 4039 μι-

2170 4060 2341 4126 κρὰν,
2385 4058 2483 4129 τὴν
2523 4058 2726 4125 μεταξὺ
2768 4058 2877 4112 τῶν
2931 4055 3122 4110 κακῶν
3175 4058 3400 4112 ἐκείνων
3451 4060 3749 4132 ἀνακωχὴν

2171 4150 2472 4221 ἐμφαίνων.
2509 4148 2624 4202 Εἶθ’
2678 4148 2824 4202 οὕτω
2881 4149 2978 4201 καὶ
3032 4148 3130 4219 τὴν
3186 4149 3367 4205 αἰτίαν
3417 4151 3748 4221 προστίθησι

2171 4244 2280 4296 τῶν
2308 4241 2607 4311 συμφορῶν
2634 4257 2648 4270 ·
2694 4239 2809 4295 Τοῦ
2834 4240 3105 4310 πυρῶσαι
3142 4243 3274 4312 γὰρ,
3307 4243 3500 4312 φησὶν,
3536 4243 3607 4297 ἐν
3643 4247 3749 4299 αὺ-

490 4322 722 4387 locutus,
744 4324 815 4378 ita
834 4325 1210 4395 prosequitur;
1234 4326 1301 4381 Et
1320 4343 1563 4398 prospere
1585 4343 1703 4401 aget
1725 4340 1886 4389 donec
1905 4338 2061 4405 ﬁniu-

2170 4334 2317 4401 τοῖς,
2341 4334 2439 4388 καὶ
2468 4334 2570 4387 τοῦ
2609 4333 2994 4399 ἐκλέξασθαι,
3037 4334 3135 4387 καὶ
3165 4333 3271 4387 τοῦ
3305 4335 3601 4391 λευκᾶναι
3634 4337 3747 4403 ἕως

496 4425 586 4467 tur
631 4416 741 4480 ira,
778 4416 954 4480 idest,
991 4418 1169 4472 donec
1197 4418 1486 4488 impleatur
1536 4422 1615 4477 ira
1652 4423 1746 4480 Dei
1800 4428 2064 4486 adversus

488 4504 728 4561 Judieos.
750 4505 996 4575 Cumque
1024 4507 1405 4564 denuntiasset
1432 4518 1489 4565 et
1517 4513 1624 4567 alia
1674 4517 1865 4584 multa,
1910 4528 1964 4573 et
1998 4519 2064 4573 ad

491 4596 687 4649 horum
720 4597 1200 4652 commutationem
1242 4602 1585 4668 pervenisset
1619 4620 1632 4658 :
1673 4605 1740 4658 Et
1764 4619 2061 4678 consurget,

491 4686 691 4756 inquit,
726 4686 954 4742 {ilic/tae!
983 4691 1222 4759 princeps
1248 4708 1492 4761 maqnus,
1531 4697 1621 4764 qui
1652 4706 1757 4750 stat
1802 4715 1898 4767 pro
1937 4700 2066 4768 ﬁliis

489 4784 669 4849 populi
692 4784 787 4838 tui.
822 4783 889 4837 Et
919 4787 1017 4838 erit
1042 4795 1243 4854 tempus
1274 4788 1596 4859 aﬂ‘lictionis,
1619 4793 1779 4864 quale
1812 4812 1915 4849 non
1941 4798 2065 4866 fuit,

492 4890 557 4927 ea:
580 4890 681 4943 quo
707 4892 831 4945 gens
875 4878 1072 4931 exstitit
1102 4895 1259 4948 super
1305 4891 1504 4936 terram
1536 4900 1696 4954 usque
1741 4886 1811 4938 ad
1863 4897 2065 4956 tempus

493 4966 646 5020 illud.
685 4967 825 5021 Tunc
854 4970 1024 5022 omnis
1052 4971 1274 5040 populus
1326 4975 1638 5037 servabitur,
1691 4977 1781 5045 qui
1831 4978 2066 5032 inventus

492 5059 648 5125 fuerit
679 5062 965 5129 descriptus
993 5063 1036 5127 ',
1062 5065 1320 5118 nimirum
1353 5066 1408 5118 in
1432 5065 1572 5121 libro
1606 5066 1924 5135 viventium,
1961 5069 2066 5126 hoc

491 5158 598 5215 est,
637 5150 694 5213 ii,
725 5153 815 5221 qui
863 5167 1025 5208 erunt
1066 5156 1244 5210 salute
1284 5155 1451 5227 digni.
1491 5158 1534 5213 Α
1581 5169 1809 5229 tempore
1862 5173 2064 5227 autem,

494 5239 692 5310 inquit,
718 5246 1022 5300 mutationis
1050 5244 1454 5313 Endelechismi,
1490 5251 1591 5305 hoc
1635 5262 1738 5315 est.
1780 5254 2067 5310 solutionis

494 5332 770 5400 sacriﬁcii,
800 5337 907 5389 dies
938 5347 1087 5391 erunt
1118 5338 1261 5393 mille
1307 5340 1515 5396 ducenti
1550 5345 1863 5415 nonaginta.
1910 5344 2068 5412 Quod

497 5423 717 5491 quidem
747 5427 979 5495 spatium
1012 5437 1119 5485 tres
1152 5445 1343 5498 annos,
1366 5442 1422 5488 et
1476 5434 1777 5498 dimidium,
1809 5446 1863 5493 et
1910 5436 2070 5507 paulo

604 5544 621 5573 ‘
680 5542 791 5596 ,1οτ.
824 5561 967 5607 χχιχ,
1018 5545 1080 5600 10
1113 5561 1231 5615 5:;q.

494 5609 514 5638 ³
541 5607 674 5663 Dan.
710 5629 807 5676 xu,
849 5616 893 5668 l.

1381 5547 1537 5603 ’Jcr.
1584 5565 1677 5612 vn,
1722 5548 1831 5612 l6;
1888 5565 1961 5615 xl,
2017 5549 2111 5614 li;

2173 4427 2379 4495 καιροῦ
2402 4424 2679 4495 πέρατος,
2701 4426 3002 4491 τουτέστιν,
3019 4426 3161 4479 ὥστε
3189 4426 3586 4495 δοκιμασθῆναι
3620 4432 3749 4493 τοὺς

2173 4518 2487 4582 ἐκλεκτοὺς,
2547 4519 2641 4571 καὶ
2701 4517 3100 4588 καθαρισθῆναι
3128 4519 3257 4583 τοὺς
3288 4520 3747 4593 ἁμαρτήσαντας.

2173 4609 2330 4667 Μετὰ
2364 4608 2535 4662 ταῦτα
2559 4608 2615 4661 δὲ
2646 4608 2776 4679 περὶ
2802 4608 2902 4677 τῆς
2926 4608 3071 4662 κατὰ
3099 4609 3192 4663 τοῦ
3219 4611 3354 4663 Θεοῦ
3387 4611 3745 4681 βλασφημίας

2172 4701 2268 4755 τοῦ
2311 4701 2584 4770 Ἀντιόχου
2614 4699 2832 4766 διδάξας
2860 4701 3080 4770 ἐπάγει,
3121 4703 3202 4756 ὅτι
3239 4704 3347 4759 Καὶ
3390 4702 3749 4758 κατευθυνεῖ

2168 4791 2345 4864 μέχρι
2372 4792 2476 4847 τοῦ
2521 4790 3010 4859 συντελεσθῆναι
3048 4792 3163 4862 τὴν
3195 4793 3416 4863 ἀρχὴν,
3452 4793 3619 4863 μέχρι
3656 4794 3747 4865 δη-

2173 4886 2351 4939 λονότι
2388 4883 2483 4937 τοῦ
2532 4883 2890 4955 πληρωθῆναι
2948 4882 3048 4953 τὴν
3108 4886 3249 4937 κατὰ
3300 4886 3409 4937 τῶν
3473 4884 3746 4963 Ἰουδαίων

2173 4975 2342 5046 ὀργὴν
2375 4973 2469 5027 τοῦ
2509 4974 2668 5028 Θεοῦ.
2712 4972 3077 5042 ’Δπαγγείλας
3114 4973 3173 5026 δὲ
3216 4974 3313 5028 καὶ
3349 4973 3517 5029 τᾶλλα
3546 4974 3742 5037 πάντα,

2176 5070 2270 5122 καὶ
2309 5068 2403 5121 ἐπὶ
2426 5067 2525 5137 τήν
2583 5064 2908 5135 ἀπαλλαγὴν
2954 5066 3161 5119 τούτων
3187 5065 3379 5132 ἐλθὼν,
3434 5066 3606 5136 φησί·
3639 5066 3743 5122 Καὶ

2173 5158 2583 5225 ἀναστήσεται
2631 5154 2876 5225 Μιχαὴλ
2918 5157 2952 5210 ό
3000 5156 3204 5225 ἄρχων
3231 5159 3265 5210 ό
3301 5155 3514 5226 μέγας,
3546 5160 3582 5212 δ
3617 5157 3744 5227 ἐφε-

2173 5249 2415 5317 στηκὼς
2462 5250 2561 5303 ἐπὶ
2625 5248 2769 5313 τοὺς
2823 5248 2997 5315 υἱοὺς
3052 5248 3161 5303 τοῦ
3218 5248 3377 5303 λαοῦ
3436 5264 3591 5303 σου·
3648 5249 3739 5303 και

2173 5341 2343 5396 ἔσται
2371 5342 2573 5409 καιρός
2606 5340 2886 5408 θλίψεως,
2926 5335 3051 5406 οἷος
3091 5341 3163 5395 οὑ
3216 5341 3468 5410 γέγονεν
3519 5340 3625 5410 ἀφ’
3676 5334 3742 5395 οὗ

2178 5436 2486 5504 γεγένηται
2515 5433 2683 5495 ἔθνος
2727 5430 2826 5484 ἐπὶ
2875 5428 3010 5500 γῆς,
3038 5430 3149 5497 ἕως
3185 5430 3292 5486 τοῦ
3348 5432 3559 5501 καιροῦ
3595 5432 3741 5485 ἐκεί-

2163 5564 2273 5614 xtv,
2323 5546 2408 5600 ll.
2514 5542 2695 5599 ’Dau.
2742 5558 2859 5608 vm,
2895 5544 2981 5609 ll,
3022 5545 3107 5599 1‘2.
3184 5543 3363 5600 ‘Dan.
3399 5547 3561 5608 xt.5|
3623 5565 3734 5621 sqq.
