4024 6208
487 312 583 378 291

1720 316 2035 383 EUTHYM
2046 322 2102 381 1ῐ
2141 322 2498 387 ZIGABENI

3619 336 3716 400 292

484 425 541 480 id
596 435 777 480 autem
817 427 1033 481 steriles
1086 435 1436 497 pepererunt.
1482 434 1540 481 ut
1590 428 1850 497 virginem
1904 446 2057 501 pepe-

2183 437 2508 507 Ἰεῗγέννησαν
2536 436 2630 491 οὖν
2652 443 2708 493 οι
2742 442 2971 511 στεῖραι,
3003 441 3091 495 ἵνα
3114 444 3377 515 πιστευθῇ
3404 445 3499 499 καὶ
3530 448 3710 517 ἠπορ-

486 514 623 569 risse
653 530 762 569 non
798 526 945 571 esset
975 517 1313 572 incredibile.
1351 519 1416 570 Et
1473 518 1598 572 ideo
1644 520 1961 589 mySteriutn
1994 521 2059 574 il-

486 606 578 661 lud
602 606 859 678 mysterio
891 607 1015 661 huic
1066 617 1309 675 tempore
1361 608 1654 664 antecessit

1146 721 1278 790 Ejus
1300 723 1331 773 lt
1347 737 1421 774 m.

557 810 842 865 Librorum
886 807 1271 862 Hebraicorutn
1307 810 1447 878 apud
1508 812 1763 867 Hebrmos
1793 823 1919 866 sunt
1977 813 2064 868 lit—

484 911 635 968 ιρι-ιιι,
668 901 811 969 apud
876 900 1217 956 Christianos
1244 915 1424 958 autem
1446 906 1635 974 gratia.

1152 1082 1427 1151 Ejusdem.

556 1172 771 1236 Facies,
800 1173 997 1242 inquit,
1024 1175 1313 1227 meretricis
1339 1175 1481 1242 facta
1511 1182 1586 1227 est
1637 1174 1751 1237 tibi,
1784 1182 1833 1227 et
1899 1175 2061 1227 nemi-

486 1281 600 1319 nem
626 1266 878 1318 erubuisti
914 1267 953 1317 ‘.
1004 1265 1071 1318 Et
1103 1280 1354 1317 rursum:
1405 1264 1660 1333 Agnosco,
1691 1263 1889 1333 inquit,
1924 1266 2060 1333 quod

481 1357 649 1410 durus
672 1357 766 1419 sis,
787 1365 833 1408 et
864 1370 1049 1406 neruus
1075 1353 1275 1422 ferreus
1298 1355 1472 1407 cervix
1501 1363 1615 1416 tua,
1640 1367 1761 1422 quae
1802 1354 2058 1408 nimirum

483 1446 626 1502 ﬂecti
660 1463 767 1500 non
803 1454 1000 1515 potest,
1028 1456 1073 1498 et
1107 1446 1253 1514 frons
1288 1453 1379 1498 tua
1424 1459 1562 1499 cerea
1606 1444 1650 1505 ’,
1682 1442 1736 1498 id
1765 1451 1849 1499 est
1884 1444 2061 1514 impu-

482 1540 721 1593 dens.Et
748 1552 965 1591 rursum
1000 1554 1013 1589 :
1049 1537 1090 1589 Α
1121 1535 1310 1589 δαιεαιο
1344 1535 1638 1589 contrivisti
1658 1535 1851 1605 jugum
1882 1543 2055 1601 tuum,

483 1631 688 1701 fregisti
718 1629 984 1682 vinculum
1025 1639 1172 1681 tuum
1201 1628 1242 1679 ³.
1293 1625 1425 1681 Nam
1467 1642 1592 1681 cum
1656 1627 1868 1682 cervice
1926 1628 2060 1681 dura

482 1724 670 1792 iugum
722 1720 1100 1785 detrectarint,
1151 1726 1208 1772 et
1243 1718 1570 1787 evangelica:
1618 1718 1879 1773 doctrinae
1932 1733 2059 1772 ara-

2166 533 2316 594 θένος
2342 533 2674 602 γεννήσασα,
2711 534 2887 587 καὶτὸ
2922 535 3041 588 κατ’
3082 537 3302 599 ὲκείνας
3342 540 3715 615 μυστήριοντῷ

2166 623 2450 694 μυστηρίῳ
2482 624 2657 694 τούτῳ
2688 627 2885 693 προοδο
2894 629 3052 682 ποῖεῖ.

2763 717 2872 770 Τοῦ
2907 720 3119 775 αὑτοῦ.

2236 805 2361 859 Τῶν
2405 807 2717 877 Ἑϐραϊκῶν
2767 810 2964 877 βίὸλων
3012 812 3080 863 τὰ
3114 813 3215 882 μὲν
3264 814 3569 884 γράμματα
3605 823 3716 891 παρ’

2174 895 2471 967 Ἑϐραίοις,
2500 901 2568 953 τὰ
2596 901 2653 953 δὲ
2677 902 2928 971 νοήματα
2961 904 3093 973 παρ’
3130 906 3261 975 ἡμῖν
3317 910 3431 970 τοῖς
3470 909 3718 977 Χριστια-

2164 991 2297 1052 νοῖς.
3343 994 3353 1004 ”

2764 1084 2879 1139 Τοῦ
2909 1089 3057 1142 αὐτο
3066 1088 3120 1143 ῦ.

2236 1174 2431 1243 "Od-cc,
2460 1176 2614 1245 φησὶ,
2645 1179 2874 1244 πόρνης
2897 1180 3137 1247 ἐγένετο
3160 1197 3285 1246 σοι,
3314 1182 3724 1254 ἀπηναισχύν-

2161 1282 2248 1319 τει
2280 1268 2431 1333 πρὸς
2453 1267 2708 1334 πάντας.
2744 1272 2853 1323 Καὶ
2874 1271 3051 1335 αὖθιςο
3085 1275 3374 1329 Γινώσκω
3408 1276 3498 1330 ὅτι
3539 1281 3727 1346 σκλη-

2155 1356 2357 1427 ρὸςεῖ,
2397 1362 2496 1414 καί
2536 1363 2757 1430 νεῦρον
2804 1363 3101 1431 σιδηροῦν
3152 1368 3186 1419 ό
3235 1366 3541 1435 τράχηλός
3597 1382 3726 1437 σου⁹

2161 1451 2446 1504 τουτέστιν
2476 1453 2768 1523 ἀκαμπὴς,
2800 1454 2899 1507 καὶ
2923 1453 2989 1508 τὸ
2996 1454 3280 1524 μέτωπόν
3299 1473 3418 1511 σου
3437 1458 3725 1526 χαλκοῦν,

2161 1544 2343 1597 show
2369 1544 2748 1619 ἀναίσχυντον.
2800 1548 2908 1601 Καὶ
2938 1549 3121 1615 πάλιν,
3182 1549 3307 1604 Ἀπ’
3338 1550 3556 1617 αιῶνος
3589 1567 3728 1606 συν·
3840 1608 3843 1611 .

2161 1634 2413 1706 ἐτριψας
2445 1637 2554 1691 τὸν
2575 1638 2749 1709 ζυγόν
2778 1656 2923 1707 σου,
2975 1643 3291 1713 ὄιέρῤηεας
3345 1645 3454 1699 τὸν
3506 1646 3731 1716 δεσμόν

2162 1743 2302 1782 σου.
2333 1728 2814 1800 Σκληροτράχηλοι
2845 1735 2956 1803 γὰρ
2986 1735 3140 1797 ὅντες
3160 1737 3391 1802 ἄνωθεν,
3435 1739 3535 1791 καὶ
3556 1738 3729 1807 τὸτῆς

482 1789 629 1867 trum
684 1812 1027 1868 excusserint
1075 1821 1131 1865 et
1173 1811 1238 1865 ad
1295 1810 1644 1865 excolendam
1699 1811 1950 1865 virtutem
1998 1824 2057 1864 se

2162 1789 2523 1891 εὐαγγελικῆς
2582 1789 2936 1889 sidat-ntali“.
2998 1789 3231 1897 ἆροσρον
3286 1789 3729 1900 ἀπέσέωὲψάυέξ

492 1903 720 1957 inutiles
753 1903 1123 1966 exliihuerint,
1179 1902 1446 1972 reliquum
1505 1913 1609 1969 est,
1647 1912 1705 1957 ut
1749 1903 1816 1957 ad
1856 1902 2056 1957 caedem

486 1991 667 2044 idonei
699 1991 1009 2045 videantur.

561 2218 696 2273 Item
736 2218 981 2271 adversus
1012 2216 1253 2271 Heln-(ros
1286 2217 1489 2271 Leontii
1521 2216 1679 2287 Cypr.
1706 2218 1985 2287 pontiﬁcis.

553 2394 798 2451 Ostende
856 2394 991 2449 mihi
1042 2393 1283 2455 (Judaeus
1333 2392 1531 2464 inquit)
1586 2394 1738 2465 signa
1791 2396 2059 2452 adventus

486 2491 717 2555 Christi,
750 2500 811 2545 ut
840 2490 993 2552 illud,
1026 2490 1167 2559 quod
1203 2498 1288 2545 est
1340 2490 1483 2561 apud
1519 2490 1798 2546 Liichaiam
1836 2511 1850 2547 :
1917 2492 2057 2557 Quia

483 2581 845 2654 gens,inquit.
877 2590 1057 2634 contra
1084 2591 1283 2651 gentem
1323 2598 1427 2634 non
1468 2582 1609 2635 tollet
1648 2584 1875 2652 amplius
1939 2584 2059 2653 gla-

484 2675 633 2727 dium
664 2679 706 2725 ⁵.
780 2671 845 2725 Et
894 2670 1049 2736 illud,
1083 2673 1224 2740 quod
1257 2671 1411 2726 atl‘ert
1438 2672 1706 2728 Jeremias
1736 2692 1749 2727 :
1788 2673 1909 2727 Non
1964 2677 2059 2728 do-

484 2766 641 2830 cebit,
725 2764 1001 2830 inquiens,
1076 2763 1306 2828 amplius
1349 2766 1706 2835 unusquisque
1763 2764 2056 2834 proximum

485 2873 663 2917 suum,
698 2858 873 2909 dicens
906 2870 925 2908 :
956 2854 1224 2925 Cognosce
1259 2855 1563 2920 Dominum,
1603 2859 1851 2927 quoniam
1885 2874 2060 2911 omnes

489 2956 793 3018 cognoscent
819 2963 935 3000 eum
967 2965 997 2999 α
1027 2964 1190 3014 parvo
1240 2962 1422 2999 eorum
1458 2964 1621 3018 usque
1647 2948 1717 3001 ad
1740 2965 1985 3019 magnum
2014 2950 2056 3004 ³.

484 3041 554 3095 Et
590 3040 741 3106 illud,
769 3040 912 3109 quod
935 3049 1018 3094 est
1048 3040 1190 3109 apud
1227 3039 1420 3093 Isaiam
1454 3056 1466 3093 :
1503 3040 1641 3106 Quia
1665 3056 1928 3108 pascetur,
1961 3041 2060 3095 in-

2161 1914 2256 1966 καὶ
2288 1914 2425 1983 πρὸς
2488 1916 2754 1985 ἐργασίαν
2789 1919 2991 1988 ἀρετῆς
3022 1920 3334 1991 ἀχρήστους
3370 1923 3609 1988 ἑαυτοὺς
3638 1942 3731 1978 κα-

2160 2008 2561 2077 ταστήσαντες,
2590 2010 2727 2079 πρὸς
2750 2012 2967 2080 σφαγὴν
2995 2010 3184 2065 λοιπὸν
3228 2013 3527 2084 ἐπιτήδειοι
3580 2018 3735 2086 γιγό-

2160 2117 2339 2154 νασιν.

2165 2213 2295 2271 Ἔτι
2355 2215 2506 2267 κατὰ
2573 2214 2858 2283 Ἑϐραίων
2904 2219 3195 2271 Λεοντίου
3238 2218 3588 2277 ἐπισκόπου
3628 2222 3734 2279 Κύ-

2831 2302 3008 2355 πρου.

2231 2377 2415 2441 Δεῖξῦν
2467 2396 2581 2446 μοι,
2631 2379 2790 2449 φησὶ,
2832 2381 2899 2434 τὰ
2952 2385 3155 2450 σημεῖα
3206 2383 3306 2451 τῆς
3360 2383 3457 2437 τοῦ
3496 2385 3733 2455 Χριστοῦ

2165 2471 2501 2536 παρουσίας*
2537 2469 2598 2521 τὸ
2633 2472 2785 2539 παρὰ
2806 2470 2883 2539 τῷ
2923 2472 3155 2542 Μιχαίᾳ.
3190 2475 3313 2527 οὐκ
3335 2473 3425 2528 ἔτι
3465 2476 3607 2545 γὰρ,
3640 2494 3737 2545 φη·

2164 2561 2268 2624 σὶν,
2300 2563 2373 2614 οὐ
2390 2560 2477 2629 μὴ
2507 2562 2621 2630 ἄρῃ
2649 2561 2828 2628 ἔθνος
2847 2562 2945 2616 ἐπὶ
2978 2564 3160 2629 ἔθνος
3174 2566 3503 2635 ῥομφαίαν.
3543 2570 3653 2622 Καὶ
3678 2568 3735 2622 τὸ

2163 2652 2316 2721 παρὰ
2338 2652 2414 2721 τῷ
2454 2650 2718 2723 Ἱερεμίᾳ,
2756 2656 2839 2706 Οὺ
2883 2654 3001 2722 μὲν
3028 2656 3161 2724 γὰρ,
3191 2656 3347 2725 φησὶ,
3407 2656 3737 2723 διδάξωσιν

2161 2746 2249 2797 ἔτι
2288 2744 2465 2797 Euam
2479 2762 2548 2808 ος
2580 2746 2693 2797 τὸν
2738 2748 3009 2811 πλησίον
3042 2748 3251 2811 αὑτοῦ.
3284 2749 3499 2819 λέγων.
3544 2751 3735 2808 Γνῶθι

2163 2837 2270 2888 τὸν
2298 2838 2536 2902 Κύριον.
2567 2836 2657 2889 ὅτι
2690 2839 2917 2902 πάντες
2968 2838 3299 2905 είδήσουσί
3350 2859 3428 2910 με
3479 2843 3609 2898 ἀπὸ
3646 2863 3734 2914 μι-

2162 2926 2307 2993 κροῦ
2337 2924 2539 2979 αὐτῶν
2571 2926 2683 2993 ἕως
2715 2928 2989 2996 μεγάλου
3046 2930 3251 2984 αὐτῶν
3278 2948 3294 2964 ·
3336 2934 3431 2985 καὶ
3462 2934 3531 2987 τὸ
3593 2936 3737 3005 παρὰ

2162 3019 2239 3085 τῷ
2282 3018 2504 3088 Ἠσαῖξι·
2540 3021 3112 3091 Συμϐοσκηθήσσται
3159 3025 3292 3091 γὰρ,
3326 3027 3480 3095 φησὶ,
3553 3030 3741 3094 λύκος

484 3134 625 3203 quit,
648 3132 806 3186 simul
839 3132 989 3196 lupus
1007 3147 1123 3185 cum
1149 3148 1308 3200 agno,
1331 3141 1377 3184 et
1401 3136 1598 3200 pardus
1627 3133 1785 3185 simul
1837 3134 2057 3189 accuba-

2162 3110 2313 3177 μετὰ
2341 3110 2403 3177 ἀί
2420 3110 2551 3191 νὸς,
2584 3112 2683 3165 καὶ
2708 3111 3006 3179 πάρδαλις
3036 3119 3588 3172 συναναπαύσεται
3623 3121 3740 3187 ἐρί-

486 3223 557 3275 bit
602 3237 718 3275 cum
749 3221 918 3282 lia’do,
951 3228 1000 3273 et
1061 3221 1278 3283 vitulus,
1332 3231 1380 3273 et
1425 3219 1525 3283 leo,
1573 3229 1621 3273 et
1673 3229 1856 3274 taurus
1903 3222 2062 3275 simul

486 3323 791 3383 pascentur,
828 3322 876 3364 et
899 3326 1027 3381 puer
1072 3325 1265 3377 parvus
1317 3318 1467 3364 ducet
1508 3327 1609 3364 eos.
1640 3310 1723 3376 Et,
1749 3312 1836 3364 bos
1866 3320 1914 3364 et
1967 3329 2061 3365 ur-

484 3422 574 3459 sus
615 3416 896 3473 pascentur
927 3402 1110 3464 simul,
1135 3413 1183 3455 et
1211 3404 1541 3456 simularunt
1572 3419 1750 3457 eorum
1772 3403 1957 3456 catuli.
1994 3405 2058 3458 Et

487 3497 564 3550 leo
609 3498 745 3550 sicut
780 3496 869 3549 bos
889 3496 1121 3548 comedet
1151 3493 1350 3563 paleas.
1399 3494 1467 3547 Et
1495 3495 1743 3559 puerulus
1792 3495 1966 3563 infans
2005 3497 2058 3549 in

487 3589 837 3660 foraminibus
896 3587 1159 3657 aspidum,
1196 3586 1330 3640 etin
1361 3585 1527 3639 cubile
1574 3587 1773 3657 fetuum
1821 3588 2059 3654 aspidum

485 3679 731 3731 immittet
773 3693 1010 3740 manum,
1070 3685 1117 3729 et
1149 3692 1249 3729 non
1310 3676 1497 3730 laedent
1526 3676 1568 3730 ⁸.
1624 3675 1749 3732 Haec
1796 3676 1941 3732 enim
1978 3686 2061 3731 est

489 3770 722 3825 celebris
770 3780 826 3823 et
869 3769 1082 3839 vulgato
1112 3769 1199 3822 illa
1226 3770 1456 3838 quaestio
1482 3767 1817 3825 Judaorum.
1860 3768 2061 3824 Intelli-

490 3872 621 3931 μοι
648 3859 811 3931 igitur
844 3859 958 3914 haec
985 3859 1165 3913 omnia
1192 3859 1507 3928 contigisse.
1569 3858 1710 3914 Nam
1763 3873 1888 3913 cum
1945 3859 2056 3927 jam

486 3946 742 4001 Christus
768 3955 919 4000 esset
970 3947 1239 4010 oriturus,
1302 3948 1485 4000 statim
1545 3947 1679 4002 exiit
1738 3948 1979 4003 edictum
2026 3963 2057 4001 a

485 4035 700 4093 Ca-sare
730 4038 995 4105 Augusto,
1049 4047 1109 4090 ut
1138 4037 1544 4092 describeretur
1562 4040 1856 4093 universus
1883 4040 2055 4095 orbis.

486 4128 850 4192 Quamobrem
881 4142 1005 4181 cum
1051 4136 1200 4181 totus
1231 4128 1380 4181 orbis
1404 4136 1549 4182 esset
1577 4130 1631 4182 in
1693 4129 1897 4185 ditione
1950 4130 2059 4184 Ro-

489 4233 802 4280 manorum,
840 4231 1034 4272 omnes
1063 4217 1116 4270 in
1135 4232 1267 4287 pace
1297 4218 1585 4285 degebant,
1647 4228 1702 4273 et
1762 4235 1885 4274 cum
1939 4236 2057 4274 mu-

490 4318 581 4363 tua
616 4309 757 4362 inter
783 4323 842 4363 se
882 4308 1025 4363 bella
1055 4308 1291 4378 amplius
1354 4324 1463 4362 non
1510 4320 1784 4379 gererent,
1851 4313 2054 4383 quippe

485 4403 579 4469 qui
611 4401 713 4454 sub
736 4416 844 4455 uno
866 4415 1058 4455 omnes
1080 4402 1309 4470 imperio
1353 4403 1790 4465 continerentur,
1817 4405 1884 4459 ad
1912 4407 2056 4476 agri-

483 4492 712 4547 culturae
742 4493 922 4546 studia
955 4507 1075 4546 sese
1125 4502 1529 4548 converterant.
1566 4493 1721 4559 Quod
1777 4496 1820 4550 si
1869 4507 2057 4566 gentes

485 4586 693 4656 aliquas
719 4587 887 4641 fuisse
915 4587 1154 4657 reliquas
1184 4588 1410 4653 dixeris,
1441 4604 1562 4656 quae
1592 4590 1760 4644 armis
1791 4590 1934 4646 inter
1996 4607 2055 4647 se

486 4680 834 4742 dimicarent,
872 4680 1215 4749 respondebo
1240 4680 1368 4735 illud
1402 4695 1523 4736 esse
1575 4680 1869 4752 Scriptum
1928 4699 2056 4753 pro-

488 4774 686 4839 prium,
726 4778 785 4823 ut
813 4778 986 4824 totum
1015 4780 1182 4839 ponat
1234 4785 1334 4840 pro
1398 4771 1588 4839 majori
1658 4783 1830 4841 parte.
1886 4773 2056 4837 Quale

482 4869 570 4915 est
598 4862 763 4916 etiam
798 4862 932 4916 illud
964 4864 1127 4916 trium
1159 4877 1456 4932 puerorum
1492 4879 1507 4915 :
1545 4861 1669 4917 Non
1688 4873 1762 4917 est
1794 4866 1889 4918 hoc
1921 4875 2056 4918 tem-

485 4968 611 5021 pore
651 4954 911 5020 princeps,
951 4969 1044 5007 nec
1098 4953 1419 5022 propheta",
1451 4968 1574 5006 cum
1623 4963 1802 5007 tamen
1840 4964 1894 5008 ct
1953 4953 2056 5007 Da-

485 5044 593 5097 niel
617 5054 671 5097 et
705 5044 959 5097 Ezechiel
1013 5058 1138 5097 cum
1192 5043 1297 5096 illis
1351 5052 1561 5106 essent,
1592 5051 1647 5096 et
1679 5040 1943 5096 Jeretnias
2004 5045 2057 5097 in

483 5137 808 5191 Jerusalem.
861 5136 929 5190 Et
964 5136 1068 5189 alia
1121 5136 1290 5189 multa
1322 5134 1592 5204 ejusmodi
1638 5144 1860 5204 possent
1892 5136 2058 5190 adduc

485 5228 558 5283 ei.
598 5227 688 5283 Vel
714 5212 775 5283 id
809 5227 1131 5299 praedictum
1168 5238 1253 5283 est
1281 5228 1349 5282 de
1378 5228 1656 5299 gentibus,
1701 5242 1824 5296 qua).
1871 5228 2056 5281 credi-

486 5321 707 5376 derunt.
771 5319 1146 5375 Sensuautetn
1212 5319 1385 5388 magis
1444 5333 1645 5373 arcano
1687 5326 1744 5372 et
1813 5318 2054 5379 sublimi,

486 5412 639 5474 Gens,
674 5412 871 5482 inquit,
898 5412 1194 5465 damonum
1230 5413 1476 5464 adversus
1511 5410 1779 5464 hominum
1834 5419 2055 5479 gentem.

486 5504 808 5558 idololatria:
857 5506 1096 5575 gladium
1154 5503 1358 5557 animos
1412 5503 1820 5568 interimentem,
1861 5513 1910 5555 et
1961 5500 2056 5555 Dei

490 5596 795 5661 cognitionis
841 5596 1148 5649 oblivionem
1205 5595 1503 5664 a/ferentem
1551 5609 1654 5647 non
1708 5592 1874 5647 tollet.
1921 5592 2054 5646 Natu

571 5708 583 5734 ‘
618 5705 729 5757 Jcr.
773 5722 855 5768 ιιι,
897 5709 951 5765 5.
1052 5707 1070 5734 ²
1112 5706 1238 5760 lsai.
1314 5723 1474 5761 xxxx.
1510 5708 1564 5771 4,

495 5776 528 5826 ὕ
554 5790 666 5840 sqq.
747 5775 763 5798 ’⁷
798 5776 928 5825 Dan.
964 5788 1019 5826 ιιι
1042 5812 1055 5836 ,
1086 5774 1175 5826 58.

1658 5707 1678 5737 ⁸
1731 5705 1930 5760 Jerem.
1996 5720 2071 5771 ιι,
2128 5708 2218 5762 ‘20.

2162 3217 2275 3269 φφ,
2328 3202 2428 3256 καὶ
2467 3203 2825 3271 μοσχάριον,
2857 3206 2954 3258 καὶ
2983 3205 3162 3271 λέων,
3210 3208 3308 3260 καὶ
3343 3209 3575 3277 ταῦρος
3626 3212 3744 3281 ἅμα

2157 3295 2690 3361 βοσκηιθήσονται,
2720 3298 2820 3350 καὶ
2839 3298 2960 3367 ἅμα
2985 3300 3057 3353 τὰ
3085 3300 3296 3353 παιδία
3324 3303 3533 3355 αὐτῶν
3566 3304 3744 3357 ἔσον-

2162 3406 2277 3443 ται.
2320 3390 2428 3444 Καὶ
2468 3391 2627 3444 λέων
2683 3391 2781 3444 καὶ
2808 3392 2967 3458 ,βοῦς
3027 3393 3149 3463 ἃμα
3182 3395 3478 3463 φάγονται
3522 3398 3741 3467 ἇχιφα,

2164 3479 2264 3533 καὶ
2297 3479 2545 3533 παιδίον
2564 3482 2789 3547 νήπιον
2830 3484 2929 3536 ἐπὶ
2967 3484 3243 3554 τρώγλην
3290 3486 3605 3550 ἀσπίδων,
3643 3487 3743 3541 και

2163 3572 2264 3626 ἐπὶ
2293 3572 2506 3642 κοιτὴν
2539 3574 2810 3642 ἐκγόνων
2850 3577 3129 3631 ἀσπίδων
3171 3578 3286 3646 τὴν
3309 3581 3479 3649 χεῖρα
3536 3583 3745 3636 ἐπισα-

2161 3663 2279 3727 λεῖ,
2309 3665 2411 3717 και
2453 3666 2525 3718 οὐ
2559 3665 2645 3734 μὴ
2680 3668 3164 3735 κακοποιήσωσι.
3198 3669 3378 3724 Τοῦτο
3400 3672 3514 3743 γὰρ
3544 3674 3609 3725 τὸ
3652 3688 3747 3724 πο-

2162 3756 2532 3827 λυθρὺλλητον
2563 3760 2788 3829 ζήτημα
2817 3759 2926 3813 τῶν
2962 3760 3262 3814 Ἰουδαίων.
3312 3762 3647 3834 Ὀράτωσαν
3692 3764 3748 3816 δὲ

2162 3848 2342 3899 πάντα
2395 3847 2689 3917 γενόμενα.
2753 3847 2862 3900 Τοῦ
2932 3849 3172 3919 Χριστοῦ
3234 3851 3347 3922 γὰρ
3407 3855 3746 3925 γεννηθῆναι

2166 3940 2475 4010 μέλλοντος,
2539 3940 2706 4004 εὐθὺς
2770 3940 2964 4010 ἐξῆλθε
3020 3941 3201 4012 δόγμα
3249 3944 3401 4014 παρὰ
3458 3948 3750 4018 Καίσαρος

2162 4032 2479 4095 Αὐγούστου
2520 4033 2957 4102 ἀπογράψασθαι
2992 4036 3171 4088 πᾶσαν
3231 4037 3329 4107 τὴν
3382 4038 3746 4107 οἰκουμένην.

2168 4125 2275 4177 Καὶ
2300 4125 2485 4177 λοιπὸν
2505 4126 2869 4193 ὑποταγέντος
2890 4127 3092 4190 παντὸς
3114 4127 3303 4190 ἔθνους
3336 4132 3402 4199 τῇ
3445 4130 3753 4199 Ῥωμαὶων

2162 4217 2326 4287 ἀρχῇ,
2358 4218 2558 4279 πάντες
2597 4219 2946 4287 εἰρήνευσαν,
2974 4220 3068 4270 καὶ
3116 4221 3313 4289 μηκέτι
3372 4220 3755 4291 πολεμοῦντες

2163 4309 2437 4378 ἀλλήλοις,
2464 4310 2539 4371 ὡς
2572 4309 2676 4361 ὑπὸ
2718 4310 2849 4378 μίαν
2881 4310 3034 4374 ὄντες
3056 4311 3322 4382 κεφαλὴν,
3358 4315 3441 4375 είς
3457 4314 3757 4385 γεωργίαν

2164 4401 2507 4469 ἐτράπησαν.
2552 4400 2613 4452 Ei
2644 4400 2699 4453 δέ
2732 4418 2838 4453 που
2871 4401 2965 4453 καί
2994 4419 3115 4456 τινα
3134 4403 3263 4467 ἔθνη
3296 4404 3616 4475 ὑπελείφθη
3649 4424 3759 4476 μα-

2164 4492 2391 4562 χόμενα,
2415 4492 2512 4561 τῆς
2538 4492 2762 4561 Γροιρῆς
2788 4496 2937 4547 ἔστιν
2975 4495 3177 4564 ἰδίωμα
3216 4496 3532 4561 καθολικῶς
3564 4499 3757 4567 λέγειν

2162 4583 2272 4635 ἀπὸ
2305 4582 2398 4636 τοῦ
2434 4583 2677 4646 πλείονος
2711 4586 2934 4653 μέρους.
2967 4585 3222 4639 Τοιοῦτόν
3256 4589 3375 4640 ἐστι
3410 4590 3509 4642 καὶ
3544 4590 3611 4642 τὸ
3645 4592 3760 4641 τῶν

2157 4676 2330 4745 τριῶν
2361 4676 2567 4729 παίδων
2597 4675 2680 4741 τὺ,
2706 4679 2827 4731 Οὐκ
2878 4680 2942 4732 ἕο
2958 4696 3050 4731 τιν
3079 4679 3161 4743 τῷ
3193 4677 3377 4747 καιρῷ
3411 4682 3617 4746 τούτῳ
3648 4682 3757 4749 ἆρ-

2160 4784 2286 4837 χων
2342 4766 2443 4820 καὶ
2495 4770 2830 4836 προφήτης.
2865 4764 2974 4822 Ἷιν
3025 4770 3135 4841 γὰρ
3167 4770 3561 4837 καὶόΔανιὴλ,
3602 4776 3705 4825 καὶ
3735 4776 3762 4824 ὁ

2173 4858 2439 4928 Ἰεζεκιὴλ
2476 4860 2596 4927 μετ’
2624 4862 2829 4924 αὐτῶν,
2858 4863 2955 4914 καὶ
2989 4864 3016 4914 ὁ
3056 4862 3333 4931 Ἱερεμίας
3364 4865 3424 4915 ὲν
3462 4863 3761 4933 Ἰερουσα-

2164 4952 2295 5021 λὴμ,
2328 4952 2423 5003 καὶ
2455 4952 2628 5005 πολλὰ
2653 4953 2900 5006 τοιαῦτα.
2941 4956 3012 5006 ’Ἡ
3044 4956 3139 5005 καὶ
3168 4956 3300 5024 περὶ
3346 4954 3457 5007 τῶν
3512 4972 3764 5008 πιστευ-

2166 5044 2376 5094 σάντων
2406 5042 2629 5112 ὲΘνῶνή
2656 5045 2985 5112 πρόρῤησις.
3045 5043 3181 5095 Κατ’
3214 5045 3517 5112 ἀναγωγὴν
3555 5046 3646 5104 δὲ.
3696 5046 3762 5097 Ὀ

2158 5132 2242 5201 μὴ
2273 5131 2408 5204 ἄρῃ,
2465 5135 2623 5204 φησὶ,
2673 5136 2740 5188 τὸ
2793 5135 2969 5202 ἔθνος
3004 5134 3125 5188 τῶν
3152 5135 3453 5206 δαιμόνων
3527 5138 3643 5190 ἐπὶ
3696 5137 3766 5190 τὸ

2162 5226 2340 5293 ἔθνος
2372 5225 2493 5280 τῶν
2536 5227 2868 5293 ἀνθρώπων
2920 5227 3227 5297 μάχαιραν
3277 5229 3390 5298 τῆς
3422 5229 3768 5283 ειδωλολα-

2163 5321 2359 5386 τρείας
2434 5319 2812 5388 ἀναιροῦσαν
2878 5321 3105 5388 ψυχὰς,
3164 5321 3267 5373 καὶ
3328 5322 3772 5386 ἀναισθησίαν

2167 5412 2535 5480 θεογνωσίας
2563 5411 2940 5481 ἐπάγουσαν.
2972 5414 3143 5467 Ἔνθα
3171 5416 3281 5484 γὰρ
3302 5415 3363 5467 τὸ
3397 5414 3768 5481 Εὐαγγέλιον

2164 5502 2466 5573 ἐκηρύχθη,
2528 5504 2727 5566 πάντες
2768 5503 2826 5556 ἓν
2885 5504 3048 5574 σῶμα
3107 5506 3388 5573 γεγόνασι,
3447 5508 3558 5558 καὶ
3628 5507 3769 5576 μίαν

2165 5595 2320 5664 ἔσχον
2348 5593 2591 5665 κεφαλὴν
2629 5596 2721 5649 τὸν
2757 5596 3017 5666 Χριστὸν,
3054 5597 3150 5651 καὶ
3183 5600 3411 5668 φοϐεροὶ
3460 5602 3595 5661 τοῖς
3652 5600 3771 5651 64i-

2322 5707 2343 5739 δ
2384 5706 2543 5761 Mieh.
2577 5723 2647 5772 tv,
2680 5709 2731 5763 5.
2873 5710 2893 5739 ⁸
2927 5706 3038 5763 Jer.
3098 5726 3246 5775 xxxv,
3277 5711 3347 5766 54
3464 5711 3488 5741 ⁸
3530 5713 3651 5765 lsa.
3687 5728 3771 5777 st,
